  <div class='ocr_page' id='page_1' title='image "/cluster/home/n/w/nwhite01/storage/ocr_20150623/2/hvd.32044096580329/157.png"; bbox 0 0 3980 6144; ppageno 0'>
   <div class='ocr_carea' id='block_1_1' title="bbox 495 492 1568 557">
    <p class='ocr_par' dir='ltr' id='par_1_1' title="bbox 495 492 1568 557">
     <span class='ocr_line' id='line_1_1' title="bbox 495 492 1568 557; baseline -0.007 -7"><span class='ocrx_word' id='word_1_1' title='bbox 495 498 825 550; x_wconf 85' lang='lat' dir='ltr'>ministratur</span> <span class='ocrx_word' id='word_1_2' title='bbox 874 492 1137 547; x_wconf 85' lang='lat' dir='ltr'>adversus</span> <span class='ocrx_word' id='word_1_3' title='bbox 1204 492 1568 557; x_wconf 74' lang='lat' dir='ltr'>Creatorem;</span> 
     </span>
    </p>
   </div>
   <div class='ocr_carea' id='block_1_2' title="bbox 492 577 2084 653">
    <p class='ocr_par' dir='ltr' id='par_1_2' title="bbox 492 577 2084 653">
     <span class='ocr_line' id='line_1_2' title="bbox 492 577 2084 653; baseline -0.005 -14"><span class='ocrx_word' id='word_1_4' title='bbox 492 584 825 639; x_wconf 72' lang='lat' dir='ltr'>inrationalis</span> <span class='ocrx_word' id='word_1_5' title='bbox 870 581 1261 653; x_wconf 88' lang='lat' dir='ltr'>proscribatur,</span> <span class='ocrx_word' id='word_1_6' title='bbox 1313 580 1358 633; x_wconf 87' lang='lat' dir='ltr'>si</span> <span class='ocrx_word' id='word_1_7' title='bbox 1419 589 1598 635; x_wconf 86' lang='lat' dir='ltr'>careat</span> <span class='ocrx_word' id='word_1_8' title='bbox 1644 587 1694 633; x_wconf 92' lang='lat' dir='ltr'>et</span> <span class='ocrx_word' id='word_1_9' title='bbox 1742 577 1988 633; x_wconf 88' lang='lat' dir='ltr'>sensibus</span> <span class='ocrx_word' id='word_1_10' title='bbox 2032 586 2084 632; x_wconf 90' lang='lat' dir='ltr'>et</span> 
     </span>
    </p>
   </div>
   <div class='ocr_carea' id='block_1_3' title="bbox 491 666 2090 737">
    <p class='ocr_par' dir='ltr' id='par_1_3' title="bbox 491 666 2090 737">
     <span class='ocr_line' id='line_1_3' title="bbox 491 666 2090 737; baseline -0.006 -9"><span class='ocrx_word' id='word_1_11' title='bbox 491 666 774 729; x_wconf 80' lang='lat' dir='ltr'>affectibus</span> <span class='ocrx_word' id='word_1_12' title='bbox 831 672 1046 727; x_wconf 79' lang='lat' dir='ltr'>debitis.</span> <span class='ocrx_word' id='word_1_13' title='bbox 1089 671 1215 724; x_wconf 81' lang='lat' dir='ltr'>Haec</span> <span class='ocrx_word' id='word_1_14' title='bbox 1254 669 1420 724; x_wconf 90' lang='lat' dir='ltr'>multo</span> <span class='ocrx_word' id='word_1_15' title='bbox 1476 668 1688 737; x_wconf 77' lang='lat' dir='ltr'>plenius</span> <span class='ocrx_word' id='word_1_16' title='bbox 1741 666 2090 722; x_wconf 88' lang='lat' dir='ltr'>defendemus</span> 
     </span>
    </p>
   </div>
   <div class='ocr_carea' id='block_1_4' title="bbox 491 755 1810 827">
    <p class='ocr_par' dir='ltr' id='par_1_4' title="bbox 491 755 1810 827">
     <span class='ocr_line' id='line_1_4' title="bbox 491 755 1810 827; baseline -0.002 -15"><span class='ocrx_word' id='word_1_17' title='bbox 491 760 543 815; x_wconf 92' lang='lat' dir='ltr'>in</span> <span class='ocrx_word' id='word_1_18' title='bbox 572 775 739 817; x_wconf 88' lang='lat' dir='ltr'>causa</span> <span class='ocrx_word' id='word_1_19' title='bbox 761 758 1051 823; x_wconf 76' lang='lat' dir='ltr'>Creatoris,</span> <span class='ocrx_word' id='word_1_20' title='bbox 1088 756 1141 810; x_wconf 93' lang='lat' dir='ltr'>in</span> <span class='ocrx_word' id='word_1_21' title='bbox 1171 771 1277 827; x_wconf 87' lang='lat' dir='ltr'>qua</span> <span class='ocrx_word' id='word_1_22' title='bbox 1308 764 1361 809; x_wconf 92' lang='lat' dir='ltr'>et</span> <span class='ocrx_word' id='word_1_23' title='bbox 1390 755 1810 825; x_wconf 87' lang='lat' dir='ltr'>exprobrantur.</span> 
     </span>
    </p>
   </div>
   <div class='ocr_carea' id='block_1_5' title="bbox 1047 897 1528 954">
    <p class='ocr_par' dir='ltr' id='par_1_5' title="bbox 1047 897 1528 954">
     <span class='ocr_line' id='line_1_5' title="bbox 1047 897 1528 954; baseline -0.008 0"><span class='ocrx_word' id='word_1_24' title='bbox 1047 899 1268 954; x_wconf 86' lang='lat' dir='ltr'>CAPUT</span> <span class='ocrx_word' id='word_1_25' title='bbox 1328 897 1528 953; x_wconf 82' lang='lat' dir='ltr'>XXVI.</span> 
     </span>
    </p>
   </div>
   <div class='ocr_carea' id='block_1_6' title="bbox 563 1020 2085 1094">
    <p class='ocr_par' dir='ltr' id='par_1_6' title="bbox 563 1020 2085 1094">
     <span class='ocr_line' id='line_1_6' title="bbox 563 1020 2085 1094; baseline -0.004 -13"><span class='ocrx_word' id='word_1_26' title='bbox 563 1029 629 1082; x_wconf 79' lang='lat' dir='ltr'>At</span> <span class='ocrx_word' id='word_1_27' title='bbox 656 1025 745 1081; x_wconf 90' lang='lat' dir='ltr'>hic</span> <span class='ocrx_word' id='word_1_28' title='bbox 789 1022 988 1079; x_wconf 79' lang='lat' dir='ltr'>sufficit</span> <span class='ocrx_word' id='word_1_29' title='bbox 1040 1021 1508 1094; x_wconf 80' lang='lat' dir='ltr'>perversissimam</span> <span class='ocrx_word' id='word_1_30' title='bbox 1553 1021 1714 1076; x_wconf 88' lang='lat' dir='ltr'>deum</span> <span class='ocrx_word' id='word_1_31' title='bbox 1762 1020 1977 1077; x_wconf 87' lang='lat' dir='ltr'>ostendi</span> <span class='ocrx_word' id='word_1_32' title='bbox 2032 1022 2085 1076; x_wconf 93' lang='lat' dir='ltr'>in</span> 
     </span>
    </p>
   </div>
   <div class='ocr_carea' id='block_1_7' title="bbox 490 1110 2087 1187">
    <p class='ocr_par' dir='ltr' id='par_1_7' title="bbox 490 1110 2087 1187">
     <span class='ocr_line' id='line_1_7' title="bbox 490 1110 2087 1187; baseline -0.002 -18"><span class='ocrx_word' id='word_1_33' title='bbox 490 1116 606 1187; x_wconf 88' lang='lat' dir='ltr'>ipso</span> <span class='ocrx_word' id='word_1_34' title='bbox 659 1115 931 1186; x_wconf 63' lang='lat' dir='ltr'>praeconio</span> <span class='ocrx_word' id='word_1_35' title='bbox 982 1111 1234 1167; x_wconf 81' lang='lat' dir='ltr'>solitariae</span> <span class='ocrx_word' id='word_1_36' title='bbox 1295 1110 1544 1166; x_wconf 78' lang='lat' dir='ltr'>bonitatis</span> <span class='ocrx_word' id='word_1_37' title='bbox 1579 1152 1591 1175; x_wconf 92' lang='lat'>,</span> <span class='ocrx_word' id='word_1_38' title='bbox 1642 1127 1763 1179; x_wconf 73' lang='lat' dir='ltr'>quae</span> <span class='ocrx_word' id='word_1_39' title='bbox 1802 1113 1990 1166; x_wconf 88' lang='lat' dir='ltr'>nolunt</span> <span class='ocrx_word' id='word_1_40' title='bbox 2037 1112 2087 1166; x_wconf 92' lang='lat' dir='ltr'>ei</span> 
     </span>
    </p>
   </div>
   <div class='ocr_carea' id='block_1_8' title="bbox 491 1198 2085 1275">
    <p class='ocr_par' dir='ltr' id='par_1_8' title="bbox 491 1198 2085 1275">
     <span class='ocr_line' id='line_1_8' title="bbox 491 1198 2085 1275; baseline -0.004 -15"><span class='ocrx_word' id='word_1_41' title='bbox 491 1205 798 1275; x_wconf 77' lang='lat' dir='ltr'>adscribere</span> <span class='ocrx_word' id='word_1_42' title='bbox 830 1202 1098 1272; x_wconf 82' lang='lat' dir='ltr'>ejusmodi</span> <span class='ocrx_word' id='word_1_43' title='bbox 1135 1210 1315 1256; x_wconf 91' lang='lat' dir='ltr'>motus</span> <span class='ocrx_word' id='word_1_44' title='bbox 1339 1198 1503 1254; x_wconf 90' lang='lat' dir='ltr'>animi</span> <span class='ocrx_word' id='word_1_45' title='bbox 1540 1242 1551 1263; x_wconf 95' lang='lat'>,</span> <span class='ocrx_word' id='word_1_46' title='bbox 1586 1214 1722 1269; x_wconf 91' lang='lat' dir='ltr'>quos</span> <span class='ocrx_word' id='word_1_47' title='bbox 1753 1198 1805 1251; x_wconf 92' lang='lat' dir='ltr'>in</span> <span class='ocrx_word' id='word_1_48' title='bbox 1834 1198 2085 1254; x_wconf 89' lang='lat' dir='ltr'>Creatore</span> 
     </span>
    </p>
   </div>
   <div class='ocr_carea' id='block_1_9' title="bbox 489 1288 2084 1365">
    <p class='ocr_par' dir='ltr' id='par_1_9' title="bbox 489 1288 2084 1365">
     <span class='ocr_line' id='line_1_9' title="bbox 489 1288 2084 1365; baseline -0.004 -15"><span class='ocrx_word' id='word_1_49' title='bbox 489 1292 912 1365; x_wconf 89' lang='lat' dir='ltr'>reprehendunt.</span> <span class='ocrx_word' id='word_1_50' title='bbox 954 1290 1011 1344; x_wconf 93' lang='lat' dir='ltr'>Si</span> <span class='ocrx_word' id='word_1_51' title='bbox 1032 1290 1174 1345; x_wconf 89' lang='lat' dir='ltr'>enim</span> <span class='ocrx_word' id='word_1_52' title='bbox 1213 1303 1392 1360; x_wconf 89' lang='lat' dir='ltr'>neque</span> <span class='ocrx_word' id='word_1_53' title='bbox 1422 1288 1727 1359; x_wconf 77' lang='lat' dir='ltr'>aemulatur,</span> <span class='ocrx_word' id='word_1_54' title='bbox 1768 1304 1944 1360; x_wconf 90' lang='lat' dir='ltr'>neque</span> <span class='ocrx_word' id='word_1_55' title='bbox 1972 1289 2084 1343; x_wconf 86' lang='lat' dir='ltr'>ira-</span> 
     </span>
    </p>
   </div>
   <div class='ocr_carea' id='block_1_10' title="bbox 489 1379 2087 1451">
    <p class='ocr_par' dir='ltr' id='par_1_10' title="bbox 489 1379 2087 1451">
     <span class='ocr_line' id='line_1_10' title="bbox 489 1379 2087 1451; baseline -0.003 -13"><span class='ocrx_word' id='word_1_56' title='bbox 489 1384 680 1449; x_wconf 86' lang='lat' dir='ltr'>scitur,</span> <span class='ocrx_word' id='word_1_57' title='bbox 715 1397 891 1451; x_wconf 89' lang='lat' dir='ltr'>neque</span> <span class='ocrx_word' id='word_1_58' title='bbox 921 1381 1156 1444; x_wconf 86' lang='lat' dir='ltr'>damnat,</span> <span class='ocrx_word' id='word_1_59' title='bbox 1206 1394 1380 1447; x_wconf 90' lang='lat' dir='ltr'>neque</span> <span class='ocrx_word' id='word_1_60' title='bbox 1410 1385 1587 1442; x_wconf 83' lang='lat' dir='ltr'>vexat,</span> <span class='ocrx_word' id='word_1_61' title='bbox 1622 1384 1807 1447; x_wconf 88' lang='lat' dir='ltr'>utpote</span> <span class='ocrx_word' id='word_1_62' title='bbox 1838 1379 1931 1448; x_wconf 89' lang='lat' dir='ltr'>qui</span> <span class='ocrx_word' id='word_1_63' title='bbox 1987 1393 2087 1433; x_wconf 91' lang='lat' dir='ltr'>nec</span> 
     </span>
    </p>
   </div>
   <div class='ocr_carea' id='block_1_11' title="bbox 484 1463 2082 1538">
    <p class='ocr_par' dir='ltr' id='par_1_11' title="bbox 484 1463 2082 1538">
     <span class='ocr_line' id='line_1_11' title="bbox 484 1463 2082 1538; baseline -0.002 -13"><span class='ocrx_word' id='word_1_64' title='bbox 484 1470 725 1538; x_wconf 89' lang='lat' dir='ltr'>judicem</span> <span class='ocrx_word' id='word_1_65' title='bbox 756 1473 994 1537; x_wconf 65' lang='lat' dir='ltr'>praestat,</span> <span class='ocrx_word' id='word_1_66' title='bbox 1057 1481 1165 1520; x_wconf 93' lang='lat' dir='ltr'>non</span> <span class='ocrx_word' id='word_1_67' title='bbox 1222 1463 1438 1520; x_wconf 80' lang='lat' dir='ltr'>invenio</span> <span class='ocrx_word' id='word_1_68' title='bbox 1486 1467 1760 1535; x_wconf 84' lang='lat' dir='ltr'>quomodo</span> <span class='ocrx_word' id='word_1_69' title='bbox 1791 1466 1868 1519; x_wconf 90' lang='lat' dir='ltr'>illi</span> <span class='ocrx_word' id='word_1_70' title='bbox 1913 1467 2082 1522; x_wconf 91' lang='lat' dir='ltr'>disci-</span> 
     </span>
    </p>
   </div>
   <div class='ocr_carea' id='block_1_12' title="bbox 488 1554 2082 1629">
    <p class='ocr_par' dir='ltr' id='par_1_12' title="bbox 488 1554 2082 1629">
     <span class='ocr_line' id='line_1_12' title="bbox 488 1554 2082 1629; baseline -0.001 -18"><span class='ocrx_word' id='word_1_71' title='bbox 488 1559 757 1629; x_wconf 89' lang='lat' dir='ltr'>plinarum</span> <span class='ocrx_word' id='word_1_72' title='bbox 800 1556 934 1610; x_wconf 88' lang='lat' dir='ltr'>ratio</span> <span class='ocrx_word' id='word_1_73' title='bbox 981 1555 1263 1619; x_wconf 88' lang='lat' dir='ltr'>consistat,</span> <span class='ocrx_word' id='word_1_74' title='bbox 1297 1565 1350 1609; x_wconf 91' lang='lat' dir='ltr'>et</span> <span class='ocrx_word' id='word_1_75' title='bbox 1377 1554 1591 1624; x_wconf 90' lang='lat' dir='ltr'>quidem</span> <span class='ocrx_word' id='word_1_76' title='bbox 1626 1554 1851 1624; x_wconf 90' lang='lat' dir='ltr'>plenior.</span> <span class='ocrx_word' id='word_1_77' title='bbox 1912 1554 2082 1623; x_wconf 87' lang='lat' dir='ltr'>Quale</span> 
     </span>
    </p>
   </div>
   <div class='ocr_carea' id='block_1_13' title="bbox 489 1642 2084 1715">
    <p class='ocr_par' dir='ltr' id='par_1_13' title="bbox 489 1642 2084 1715">
     <span class='ocr_line' id='line_1_13' title="bbox 489 1642 2084 1715; baseline -0.002 -13"><span class='ocrx_word' id='word_1_78' title='bbox 489 1654 573 1703; x_wconf 86' lang='lat' dir='ltr'>est</span> <span class='ocrx_word' id='word_1_79' title='bbox 606 1647 772 1715; x_wconf 89' lang='lat' dir='ltr'>enim,</span> <span class='ocrx_word' id='word_1_80' title='bbox 805 1654 862 1699; x_wconf 89' lang='lat' dir='ltr'>ut</span> <span class='ocrx_word' id='word_1_81' title='bbox 894 1650 1166 1714; x_wconf 62' lang='lat' dir='ltr'>praecepta</span> <span class='ocrx_word' id='word_1_82' title='bbox 1193 1642 1486 1697; x_wconf 89' lang='lat' dir='ltr'>constituat</span> <span class='ocrx_word' id='word_1_83' title='bbox 1526 1659 1631 1697; x_wconf 91' lang='lat' dir='ltr'>non</span> <span class='ocrx_word' id='word_1_84' title='bbox 1679 1652 2029 1698; x_wconf 88' lang='lat' dir='ltr'>exsecuturus</span> <span class='ocrx_word' id='word_1_85' title='bbox 2056 1646 2084 1699; x_wconf 77' lang='lat'><strong>?</strong></span> 
     </span>
    </p>
   </div>
   <div class='ocr_carea' id='block_1_14' title="bbox 487 1729 2086 1802">
    <p class='ocr_par' dir='ltr' id='par_1_14' title="bbox 487 1729 2086 1802">
     <span class='ocr_line' id='line_1_14' title="bbox 487 1729 2086 1802; baseline -0.003 -10"><span class='ocrx_word' id='word_1_86' title='bbox 487 1744 547 1793; x_wconf 87' lang='lat' dir='ltr'>ut</span> <span class='ocrx_word' id='word_1_87' title='bbox 604 1734 798 1790; x_wconf 90' lang='lat' dir='ltr'>delicta</span> <span class='ocrx_word' id='word_1_88' title='bbox 852 1732 1134 1802; x_wconf 91' lang='lat' dir='ltr'>prohibeat</span> <span class='ocrx_word' id='word_1_89' title='bbox 1190 1745 1297 1784; x_wconf 90' lang='lat' dir='ltr'>non</span> <span class='ocrx_word' id='word_1_90' title='bbox 1346 1729 1747 1799; x_wconf 73' lang='lat' dir='ltr'>vindicaturus,</span> <span class='ocrx_word' id='word_1_91' title='bbox 1806 1733 1931 1802; x_wconf 85' lang='lat' dir='ltr'>quia</span> <span class='ocrx_word' id='word_1_92' title='bbox 1978 1748 2086 1787; x_wconf 91' lang='lat' dir='ltr'>non</span> 
     </span>
    </p>
   </div>
   <div class='ocr_carea' id='block_1_15' title="bbox 485 1816 2089 1895">
    <p class='ocr_par' dir='ltr' id='par_1_15' title="bbox 485 1816 2089 1895">
     <span class='ocr_line' id='line_1_15' title="bbox 485 1816 2089 1895; baseline -0.002 -17"><span class='ocrx_word' id='word_1_93' title='bbox 485 1824 831 1895; x_wconf 90' lang='lat' dir='ltr'>judicaturus</span> <span class='ocrx_word' id='word_1_94' title='bbox 863 1821 889 1874; x_wconf 80' lang='lat'>?</span> <span class='ocrx_word' id='word_1_95' title='bbox 910 1831 1191 1874; x_wconf 78' lang='lat' dir='ltr'>extraneas</span> <span class='ocrx_word' id='word_1_96' title='bbox 1223 1816 1429 1873; x_wconf 87' lang='lat' dir='ltr'>scilicet</span> <span class='ocrx_word' id='word_1_97' title='bbox 1458 1818 1524 1871; x_wconf 87' lang='lat' dir='ltr'>ab</span> <span class='ocrx_word' id='word_1_98' title='bbox 1561 1819 1814 1874; x_wconf 90' lang='lat' dir='ltr'>omnibus</span> <span class='ocrx_word' id='word_1_99' title='bbox 1844 1820 2089 1875; x_wconf 89' lang='lat' dir='ltr'>sensibus</span> 
     </span>
    </p>
   </div>
   <div class='ocr_carea' id='block_1_16' title="bbox 488 1906 2093 1979">
    <p class='ocr_par' dir='ltr' id='par_1_16' title="bbox 488 1906 2093 1979">
     <span class='ocr_line' id='line_1_16' title="bbox 488 1906 2093 1979; baseline -0.001 -12"><span class='ocrx_word' id='word_1_100' title='bbox 488 1909 792 1967; x_wconf 84' lang='lat' dir='ltr'>severitatis</span> <span class='ocrx_word' id='word_1_101' title='bbox 841 1916 895 1962; x_wconf 90' lang='lat' dir='ltr'>et</span> <span class='ocrx_word' id='word_1_102' title='bbox 946 1906 1448 1962; x_wconf 87' lang='lat' dir='ltr'>animadversionis.</span> <span class='ocrx_word' id='word_1_103' title='bbox 1510 1907 1617 1961; x_wconf 92' lang='lat' dir='ltr'>Cur</span> <span class='ocrx_word' id='word_1_104' title='bbox 1665 1909 1808 1963; x_wconf 91' lang='lat' dir='ltr'>enim</span> <span class='ocrx_word' id='word_1_105' title='bbox 1841 1908 2093 1979; x_wconf 88' lang='lat' dir='ltr'>prohibet</span> 
     </span>
    </p>
   </div>
   <div class='ocr_carea' id='block_1_17' title="bbox 491 1994 2088 2069">
    <p class='ocr_par' dir='ltr' id='par_1_17' title="bbox 491 1994 2088 2069">
     <span class='ocr_line' id='line_1_17' title="bbox 491 1994 2088 2069; baseline -0.001 -14"><span class='ocrx_word' id='word_1_106' title='bbox 491 1998 722 2065; x_wconf 85' lang='lat' dir='ltr'>admitti,</span> <span class='ocrx_word' id='word_1_107' title='bbox 756 1997 903 2069; x_wconf 90' lang='lat' dir='ltr'>quod</span> <span class='ocrx_word' id='word_1_108' title='bbox 934 2011 1041 2051; x_wconf 92' lang='lat' dir='ltr'>non</span> <span class='ocrx_word' id='word_1_109' title='bbox 1070 1994 1309 2051; x_wconf 78' lang='lat' dir='ltr'>defendit</span> <span class='ocrx_word' id='word_1_110' title='bbox 1345 1996 1641 2051; x_wconf 89' lang='lat' dir='ltr'>admissum</span> <span class='ocrx_word' id='word_1_111' title='bbox 1674 1998 1701 2051; x_wconf 68' lang='lat'>‘2</span> <span class='ocrx_word' id='word_1_112' title='bbox 1740 2014 1861 2054; x_wconf 92' lang='lat' dir='ltr'>cum</span> <span class='ocrx_word' id='word_1_113' title='bbox 1916 1999 2088 2054; x_wconf 89' lang='lat' dir='ltr'>multo</span> 
     </span>
    </p>
   </div>
   <div class='ocr_carea' id='block_1_18' title="bbox 498 2083 2086 2155">
    <p class='ocr_par' dir='ltr' id='par_1_18' title="bbox 498 2083 2086 2155">
     <span class='ocr_line' id='line_1_18' title="bbox 498 2083 2086 2155; baseline -0.002 -11"><span class='ocrx_word' id='word_1_114' title='bbox 498 2088 704 2144; x_wconf 89' lang='lat' dir='ltr'>rectius</span> <span class='ocrx_word' id='word_1_115' title='bbox 760 2101 862 2141; x_wconf 92' lang='lat' dir='ltr'>non</span> <span class='ocrx_word' id='word_1_116' title='bbox 937 2083 1307 2155; x_wconf 84' lang='lat' dir='ltr'>prohibuisset</span> <span class='ocrx_word' id='word_1_117' title='bbox 1373 2084 1519 2154; x_wconf 90' lang='lat' dir='ltr'>quod</span> <span class='ocrx_word' id='word_1_118' title='bbox 1584 2084 1907 2141; x_wconf 84' lang='lat' dir='ltr'>defensurus</span> <span class='ocrx_word' id='word_1_119' title='bbox 1981 2103 2086 2143; x_wconf 91' lang='lat' dir='ltr'>non</span> 
     </span>
    </p>
   </div>
   <div class='ocr_carea' id='block_1_19' title="bbox 492 2170 2083 2248">
    <p class='ocr_par' dir='ltr' id='par_1_19' title="bbox 492 2170 2083 2248">
     <span class='ocr_line' id='line_1_19' title="bbox 492 2170 2083 2248; baseline -0.003 -13"><span class='ocrx_word' id='word_1_120' title='bbox 492 2182 836 2248; x_wconf 86' lang='lat' dir='ltr'>esset,quam</span> <span class='ocrx_word' id='word_1_121' title='bbox 892 2183 952 2229; x_wconf 90' lang='lat' dir='ltr'>ut</span> <span class='ocrx_word' id='word_1_122' title='bbox 1002 2188 1110 2228; x_wconf 90' lang='lat' dir='ltr'>non</span> <span class='ocrx_word' id='word_1_123' title='bbox 1145 2170 1454 2229; x_wconf 85' lang='lat' dir='ltr'>defenderet</span> <span class='ocrx_word' id='word_1_124' title='bbox 1491 2175 1634 2245; x_wconf 90' lang='lat' dir='ltr'>quod</span> <span class='ocrx_word' id='word_1_125' title='bbox 1663 2174 2037 2244; x_wconf 87' lang='lat' dir='ltr'>prohibuisset</span> <span class='ocrx_word' id='word_1_126' title='bbox 2071 2194 2083 2230; x_wconf 91' lang='lat'><strong>:</strong></span> 
     </span>
    </p>
   </div>
   <div class='ocr_carea' id='block_1_20' title="bbox 490 2262 2087 2336">
    <p class='ocr_par' dir='ltr' id='par_1_20' title="bbox 490 2262 2087 2336">
     <span class='ocr_line' id='line_1_20' title="bbox 490 2262 2087 2336; baseline 0 -15"><span class='ocrx_word' id='word_1_127' title='bbox 490 2266 600 2321; x_wconf 91' lang='lat' dir='ltr'>imo</span> <span class='ocrx_word' id='word_1_128' title='bbox 623 2276 674 2321; x_wconf 88' lang='lat' dir='ltr'>et</span> <span class='ocrx_word' id='word_1_129' title='bbox 707 2263 1012 2336; x_wconf 83' lang='lat' dir='ltr'>permisisse</span> <span class='ocrx_word' id='word_1_130' title='bbox 1044 2262 1247 2319; x_wconf 90' lang='lat' dir='ltr'>directo</span> <span class='ocrx_word' id='word_1_131' title='bbox 1289 2262 1492 2330; x_wconf 88' lang='lat' dir='ltr'>debuit,</span> <span class='ocrx_word' id='word_1_132' title='bbox 1513 2263 1627 2318; x_wconf 90' lang='lat' dir='ltr'>sine</span> <span class='ocrx_word' id='word_1_133' title='bbox 1656 2280 1846 2321; x_wconf 84' lang='lat' dir='ltr'>caussa</span> <span class='ocrx_word' id='word_1_134' title='bbox 1892 2267 2087 2336; x_wconf 89' lang='lat' dir='ltr'>prohi-</span> 
     </span>
    </p>
   </div>
   <div class='ocr_carea' id='block_1_21' title="bbox 491 2351 2087 2419">
    <p class='ocr_par' dir='ltr' id='par_1_21' title="bbox 491 2351 2087 2419">
     <span class='ocr_line' id='line_1_21' title="bbox 491 2351 2087 2419; baseline 0.001 -8"><span class='ocrx_word' id='word_1_135' title='bbox 491 2357 725 2419; x_wconf 88' lang='lat' dir='ltr'>biturus,</span> <span class='ocrx_word' id='word_1_136' title='bbox 759 2364 812 2408; x_wconf 91' lang='lat' dir='ltr'>ut</span> <span class='ocrx_word' id='word_1_137' title='bbox 856 2368 970 2409; x_wconf 88' lang='lat' dir='ltr'>non</span> <span class='ocrx_word' id='word_1_138' title='bbox 1018 2352 1063 2389; x_wconf 79' lang='lat'>31</span> <span class='ocrx_word' id='word_1_139' title='bbox 1115 2351 1458 2406; x_wconf 85' lang='lat' dir='ltr'>defensurus.</span> <span class='ocrx_word' id='word_1_140' title='bbox 1490 2352 1625 2406; x_wconf 91' lang='lat' dir='ltr'>Nam</span> <span class='ocrx_word' id='word_1_141' title='bbox 1671 2362 1723 2408; x_wconf 89' lang='lat' dir='ltr'>et</span> <span class='ocrx_word' id='word_1_142' title='bbox 1770 2360 1900 2409; x_wconf 90' lang='lat' dir='ltr'>tunc</span> <span class='ocrx_word' id='word_1_143' title='bbox 1929 2355 2087 2412; x_wconf 91' lang='lat' dir='ltr'>tacite</span> 
     </span>
    </p>
   </div>
   <div class='ocr_carea' id='block_1_22' title="bbox 396 2438 2089 2516">
    <p class='ocr_par' dir='ltr' id='par_1_22' title="bbox 396 2438 2089 2516">
     <span class='ocr_line' id='line_1_22' title="bbox 396 2438 2089 2516; baseline 0 -15"><span class='ocrx_word' id='word_1_144' title='bbox 396 2439 400 2443; x_wconf 65' lang='grc'><strong><em>’</em></strong></span> <span class='ocrx_word' id='word_1_145' title='bbox 491 2443 815 2516; x_wconf 90' lang='lat' dir='ltr'>permissum</span> <span class='ocrx_word' id='word_1_146' title='bbox 848 2450 948 2508; x_wconf 91' lang='lat' dir='ltr'>est,</span> <span class='ocrx_word' id='word_1_147' title='bbox 980 2440 1123 2510; x_wconf 89' lang='lat' dir='ltr'>quod</span> <span class='ocrx_word' id='word_1_148' title='bbox 1147 2440 1263 2494; x_wconf 90' lang='lat' dir='ltr'>sine</span> <span class='ocrx_word' id='word_1_149' title='bbox 1291 2438 1494 2495; x_wconf 86' lang='lat' dir='ltr'>ultione</span> <span class='ocrx_word' id='word_1_150' title='bbox 1526 2441 1853 2510; x_wconf 88' lang='lat' dir='ltr'>prohibetur.</span> <span class='ocrx_word' id='word_1_151' title='bbox 1886 2443 1953 2498; x_wconf 90' lang='lat' dir='ltr'>Et</span> <span class='ocrx_word' id='word_1_152' title='bbox 1991 2447 2089 2502; x_wconf 90' lang='lat' dir='ltr'>uti-</span> 
     </span>
    </p>
   </div>
   <div class='ocr_carea' id='block_1_23' title="bbox 495 2528 2087 2604">
    <p class='ocr_par' dir='ltr' id='par_1_23' title="bbox 495 2528 2087 2604">
     <span class='ocr_line' id='line_1_23' title="bbox 495 2528 2087 2604; baseline 0.002 -17"><span class='ocrx_word' id='word_1_153' title='bbox 495 2549 601 2604; x_wconf 88' lang='lat' dir='ltr'>que</span> <span class='ocrx_word' id='word_1_154' title='bbox 623 2548 728 2587; x_wconf 90' lang='lat' dir='ltr'>non</span> <span class='ocrx_word' id='word_1_155' title='bbox 752 2530 895 2585; x_wconf 90' lang='lat' dir='ltr'>aliud</span> <span class='ocrx_word' id='word_1_156' title='bbox 934 2530 1184 2599; x_wconf 85' lang='lat' dir='ltr'>prohibet</span> <span class='ocrx_word' id='word_1_157' title='bbox 1212 2528 1611 2600; x_wconf 83' lang='lat' dir='ltr'>admitti,quam</span> <span class='ocrx_word' id='word_1_158' title='bbox 1639 2532 1781 2601; x_wconf 87' lang='lat' dir='ltr'>quod</span> <span class='ocrx_word' id='word_1_159' title='bbox 1809 2546 1915 2588; x_wconf 91' lang='lat' dir='ltr'>non</span> <span class='ocrx_word' id='word_1_160' title='bbox 1946 2544 2087 2590; x_wconf 86' lang='lat' dir='ltr'>amat</span> 
     </span>
    </p>
   </div>
   <div class='ocr_carea' id='block_1_24' title="bbox 496 2617 2086 2690">
    <p class='ocr_par' dir='ltr' id='par_1_24' title="bbox 496 2617 2086 2690">
     <span class='ocr_line' id='line_1_24' title="bbox 496 2617 2086 2690; baseline 0.002 -13"><span class='ocrx_word' id='word_1_161' title='bbox 496 2621 638 2677; x_wconf 87' lang='lat' dir='ltr'>ﬁeri.</span> <span class='ocrx_word' id='word_1_162' title='bbox 688 2617 1103 2690; x_wconf 86' lang='lat' dir='ltr'>Stupidissimus</span> <span class='ocrx_word' id='word_1_163' title='bbox 1150 2632 1282 2688; x_wconf 90' lang='lat' dir='ltr'>ergo</span> <span class='ocrx_word' id='word_1_164' title='bbox 1322 2618 1415 2688; x_wconf 89' lang='lat' dir='ltr'>qui</span> <span class='ocrx_word' id='word_1_165' title='bbox 1470 2633 1577 2673; x_wconf 91' lang='lat' dir='ltr'>non</span> <span class='ocrx_word' id='word_1_166' title='bbox 1606 2618 1897 2676; x_wconf 88' lang='lat' dir='ltr'>offenditur</span> <span class='ocrx_word' id='word_1_167' title='bbox 1944 2623 2086 2681; x_wconf 91' lang='lat' dir='ltr'>facto</span> 
     </span>
    </p>
   </div>
   <div class='ocr_carea' id='block_1_25' title="bbox 497 2705 2087 2783">
    <p class='ocr_par' dir='ltr' id='par_1_25' title="bbox 497 2705 2087 2783">
     <span class='ocr_line' id='line_1_25' title="bbox 497 2705 2087 2783; baseline 0.002 -17"><span class='ocrx_word' id='word_1_168' title='bbox 497 2710 643 2783; x_wconf 91' lang='lat' dir='ltr'>quod</span> <span class='ocrx_word' id='word_1_169' title='bbox 671 2724 779 2765; x_wconf 90' lang='lat' dir='ltr'>non</span> <span class='ocrx_word' id='word_1_170' title='bbox 811 2715 952 2762; x_wconf 89' lang='lat' dir='ltr'>amat</span> <span class='ocrx_word' id='word_1_171' title='bbox 982 2706 1117 2774; x_wconf 82' lang='lat' dir='ltr'>fieri,</span> <span class='ocrx_word' id='word_1_172' title='bbox 1152 2706 1369 2776; x_wconf 90' lang='lat' dir='ltr'>quando</span> <span class='ocrx_word' id='word_1_173' title='bbox 1401 2705 1611 2763; x_wconf 88' lang='lat' dir='ltr'>offensa</span> <span class='ocrx_word' id='word_1_174' title='bbox 1637 2724 1820 2765; x_wconf 90' lang='lat' dir='ltr'>comes</span> <span class='ocrx_word' id='word_1_175' title='bbox 1865 2711 1934 2765; x_wconf 87' lang='lat' dir='ltr'>sit</span> <span class='ocrx_word' id='word_1_176' title='bbox 1978 2712 2087 2769; x_wconf 89' lang='lat' dir='ltr'>fru-</span> 
     </span>
    </p>
   </div>
   <div class='ocr_carea' id='block_1_26' title="bbox 495 2794 2080 2877">
    <p class='ocr_par' dir='ltr' id='par_1_26' title="bbox 495 2794 2080 2877">
     <span class='ocr_line' id='line_1_26' title="bbox 495 2794 2080 2877; baseline -0.001 -20"><span class='ocrx_word' id='word_1_177' title='bbox 495 2810 677 2857; x_wconf 67' lang='lat' dir='ltr'>strata:</span> <span class='ocrx_word' id='word_1_178' title='bbox 698 2796 1006 2856; x_wconf 86' lang='lat' dir='ltr'>voluntatis.</span> <span class='ocrx_word' id='word_1_179' title='bbox 1047 2798 1152 2851; x_wconf 90' lang='lat' dir='ltr'>Aut</span> <span class='ocrx_word' id='word_1_180' title='bbox 1206 2796 1252 2851; x_wconf 92' lang='lat' dir='ltr'>si</span> <span class='ocrx_word' id='word_1_181' title='bbox 1284 2794 1578 2854; x_wconf 89' lang='lat' dir='ltr'>offenditur</span> <span class='ocrx_word' id='word_1_182' title='bbox 1610 2840 1623 2865; x_wconf 93' lang='lat'>,</span> <span class='ocrx_word' id='word_1_183' title='bbox 1670 2799 1827 2856; x_wconf 90' lang='lat' dir='ltr'>debet</span> <span class='ocrx_word' id='word_1_184' title='bbox 1874 2801 2033 2859; x_wconf 87' lang='lat' dir='ltr'>irasci</span> <span class='ocrx_word' id='word_1_185' title='bbox 2066 2824 2080 2877; x_wconf 82' lang='grc'>;</span> 
     </span>
    </p>
   </div>
   <div class='ocr_carea' id='block_1_27' title="bbox 492 2883 2083 2954">
    <p class='ocr_par' dir='ltr' id='par_1_27' title="bbox 492 2883 2083 2954">
     <span class='ocr_line' id='line_1_27' title="bbox 492 2883 2083 2954; baseline -0.001 -5"><span class='ocrx_word' id='word_1_186' title='bbox 492 2891 543 2949; x_wconf 88' lang='lat' dir='ltr'>si</span> <span class='ocrx_word' id='word_1_187' title='bbox 570 2888 814 2946; x_wconf 88' lang='lat' dir='ltr'>irascitur</span> <span class='ocrx_word' id='word_1_188' title='bbox 843 2927 861 2954; x_wconf 88' lang='lat'>,</span> <span class='ocrx_word' id='word_1_189' title='bbox 900 2884 1057 2940; x_wconf 89' lang='lat' dir='ltr'>debet</span> <span class='ocrx_word' id='word_1_190' title='bbox 1101 2883 1309 2941; x_wconf 91' lang='lat' dir='ltr'>ulcisci.</span> <span class='ocrx_word' id='word_1_191' title='bbox 1350 2885 1489 2939; x_wconf 91' lang='lat' dir='ltr'>Nam</span> <span class='ocrx_word' id='word_1_192' title='bbox 1519 2896 1572 2942; x_wconf 90' lang='lat' dir='ltr'>et</span> <span class='ocrx_word' id='word_1_193' title='bbox 1614 2887 1741 2944; x_wconf 90' lang='lat' dir='ltr'>ultio</span> <span class='ocrx_word' id='word_1_194' title='bbox 1774 2888 1980 2946; x_wconf 89' lang='lat' dir='ltr'>fructus</span> <span class='ocrx_word' id='word_1_195' title='bbox 1999 2902 2083 2950; x_wconf 88' lang='lat' dir='ltr'>est</span> 
     </span>
    </p>
   </div>
   <div class='ocr_carea' id='block_1_28' title="bbox 490 2972 2085 3056">
    <p class='ocr_par' dir='ltr' id='par_1_28' title="bbox 490 2972 2085 3056">
     <span class='ocr_line' id='line_1_28' title="bbox 490 2972 2085 3056; baseline 0.003 -23"><span class='ocrx_word' id='word_1_196' title='bbox 490 2979 610 3044; x_wconf 80' lang='lat' dir='ltr'>irae,</span> <span class='ocrx_word' id='word_1_197' title='bbox 642 2985 696 3032; x_wconf 90' lang='lat' dir='ltr'>et</span> <span class='ocrx_word' id='word_1_198' title='bbox 739 2975 819 3029; x_wconf 88' lang='lat' dir='ltr'>ira</span> <span class='ocrx_word' id='word_1_199' title='bbox 854 2973 1092 3029; x_wconf 89' lang='lat' dir='ltr'>debitum</span> <span class='ocrx_word' id='word_1_200' title='bbox 1148 2972 1389 3041; x_wconf 64' lang='lat' dir='ltr'>oil‘ensze,</span> <span class='ocrx_word' id='word_1_201' title='bbox 1442 2985 1495 3030; x_wconf 92' lang='lat' dir='ltr'>et</span> <span class='ocrx_word' id='word_1_202' title='bbox 1551 2974 1797 3044; x_wconf 87' lang='lat' dir='ltr'>offensa,</span> <span class='ocrx_word' id='word_1_203' title='bbox 1847 2987 1906 3035; x_wconf 91' lang='lat' dir='ltr'>ut</span> <span class='ocrx_word' id='word_1_204' title='bbox 1951 2981 2085 3056; x_wconf 86' lang='lat' dir='ltr'>dixi,</span> 
     </span>
    </p>
   </div>
   <div class='ocr_carea' id='block_1_29' title="bbox 489 3062 2081 3141">
    <p class='ocr_par' dir='ltr' id='par_1_29' title="bbox 489 3062 2081 3141">
     <span class='ocr_line' id='line_1_29' title="bbox 489 3062 2081 3141; baseline 0.002 -18"><span class='ocrx_word' id='word_1_205' title='bbox 489 3082 679 3124; x_wconf 90' lang='lat' dir='ltr'>comes</span> <span class='ocrx_word' id='word_1_206' title='bbox 746 3065 1012 3119; x_wconf 70' lang='lat' dir='ltr'>frustratae</span> <span class='ocrx_word' id='word_1_207' title='bbox 1058 3062 1368 3119; x_wconf 83' lang='lat' dir='ltr'>voluntatis.</span> <span class='ocrx_word' id='word_1_208' title='bbox 1436 3063 1543 3119; x_wconf 89' lang='lat' dir='ltr'>Sed</span> <span class='ocrx_word' id='word_1_209' title='bbox 1609 3082 1716 3121; x_wconf 92' lang='lat' dir='ltr'>non</span> <span class='ocrx_word' id='word_1_210' title='bbox 1760 3068 2081 3141; x_wconf 90' lang='lat' dir='ltr'>ulciscitur;</span> 
     </span>
    </p>
   </div>
   <div class='ocr_carea' id='block_1_30' title="bbox 488 3150 2084 3230">
    <p class='ocr_par' dir='ltr' id='par_1_30' title="bbox 488 3150 2084 3230">
     <span class='ocr_line' id='line_1_30' title="bbox 488 3150 2084 3230; baseline 0.003 -18"><span class='ocrx_word' id='word_1_211' title='bbox 488 3170 624 3230; x_wconf 89' lang='lat' dir='ltr'>ergo</span> <span class='ocrx_word' id='word_1_212' title='bbox 674 3170 777 3209; x_wconf 91' lang='lat' dir='ltr'>nec</span> <span class='ocrx_word' id='word_1_213' title='bbox 808 3151 1123 3207; x_wconf 89' lang='lat' dir='ltr'>offenditur.</span> <span class='ocrx_word' id='word_1_214' title='bbox 1172 3150 1276 3206; x_wconf 85' lang='lat' dir='ltr'>Sed</span> <span class='ocrx_word' id='word_1_215' title='bbox 1316 3167 1423 3205; x_wconf 91' lang='lat' dir='ltr'>non</span> <span class='ocrx_word' id='word_1_216' title='bbox 1454 3152 1744 3209; x_wconf 78' lang='lat' dir='ltr'>offenditur</span> <span class='ocrx_word' id='word_1_217' title='bbox 1779 3175 1793 3223; x_wconf 91' lang='lat'>;</span> <span class='ocrx_word' id='word_1_218' title='bbox 1822 3173 1953 3229; x_wconf 88' lang='lat' dir='ltr'>ergo</span> <span class='ocrx_word' id='word_1_219' title='bbox 1985 3176 2084 3217; x_wconf 89' lang='lat' dir='ltr'>nec</span> 
     </span>
    </p>
   </div>
   <div class='ocr_carea' id='block_1_31' title="bbox 486 3241 2084 3312">
    <p class='ocr_par' dir='ltr' id='par_1_31' title="bbox 486 3241 2084 3312">
     <span class='ocr_line' id='line_1_31' title="bbox 486 3241 2084 3312; baseline 0.003 -12"><span class='ocrx_word' id='word_1_220' title='bbox 486 3244 704 3300; x_wconf 82' lang='lat' dir='ltr'>laeditur</span> <span class='ocrx_word' id='word_1_221' title='bbox 742 3241 992 3299; x_wconf 86' lang='lat' dir='ltr'>voluntas</span> <span class='ocrx_word' id='word_1_222' title='bbox 1045 3241 1185 3310; x_wconf 87' lang='lat' dir='ltr'>ejus,</span> <span class='ocrx_word' id='word_1_223' title='bbox 1218 3256 1341 3297; x_wconf 89' lang='lat' dir='ltr'>cum</span> <span class='ocrx_word' id='word_1_224' title='bbox 1370 3241 1425 3295; x_wconf 80' lang='lat' dir='ltr'>fit</span> <span class='ocrx_word' id='word_1_225' title='bbox 1456 3244 1599 3312; x_wconf 90' lang='lat' dir='ltr'>quod</span> <span class='ocrx_word' id='word_1_226' title='bbox 1632 3243 1747 3297; x_wconf 84' lang='lat' dir='ltr'>ﬁeri</span> <span class='ocrx_word' id='word_1_227' title='bbox 1778 3246 1985 3302; x_wconf 92' lang='lat' dir='ltr'>noluit:</span> <span class='ocrx_word' id='word_1_228' title='bbox 2031 3258 2084 3305; x_wconf 92' lang='lat' dir='ltr'>et</span> 
     </span>
    </p>
   </div>
   <div class='ocr_carea' id='block_1_32' title="bbox 483 3330 2084 3409">
    <p class='ocr_par' dir='ltr' id='par_1_32' title="bbox 483 3330 2084 3409">
     <span class='ocr_line' id='line_1_32' title="bbox 483 3330 2084 3409; baseline 0.002 -20"><span class='ocrx_word' id='word_1_229' title='bbox 483 3333 545 3389; x_wconf 87' lang='lat' dir='ltr'>ﬁt</span> <span class='ocrx_word' id='word_1_230' title='bbox 595 3336 707 3405; x_wconf 86' lang='lat' dir='ltr'>jam</span> <span class='ocrx_word' id='word_1_231' title='bbox 752 3330 1008 3386; x_wconf 75' lang='lat' dir='ltr'>delictum</span> <span class='ocrx_word' id='word_1_232' title='bbox 1058 3331 1353 3385; x_wconf 89' lang='lat' dir='ltr'>secundum</span> <span class='ocrx_word' id='word_1_233' title='bbox 1402 3331 1742 3387; x_wconf 86' lang='lat' dir='ltr'>voluntatem</span> <span class='ocrx_word' id='word_1_234' title='bbox 1788 3336 1927 3404; x_wconf 86' lang='lat' dir='ltr'>ejus,</span> <span class='ocrx_word' id='word_1_235' title='bbox 1960 3337 2084 3409; x_wconf 89' lang='lat' dir='ltr'>quia</span> 
     </span>
    </p>
   </div>
   <div class='ocr_carea' id='block_1_33' title="bbox 484 3416 2085 3491">
    <p class='ocr_par' dir='ltr' id='par_1_33' title="bbox 484 3416 2085 3491">
     <span class='ocr_line' id='line_1_33' title="bbox 484 3416 2085 3491; baseline 0.002 -14"><span class='ocrx_word' id='word_1_236' title='bbox 484 3437 592 3477; x_wconf 91' lang='lat' dir='ltr'>non</span> <span class='ocrx_word' id='word_1_237' title='bbox 625 3421 683 3475; x_wconf 88' lang='lat' dir='ltr'>ﬁt</span> <span class='ocrx_word' id='word_1_238' title='bbox 727 3422 986 3477; x_wconf 87' lang='lat' dir='ltr'>adversus</span> <span class='ocrx_word' id='word_1_239' title='bbox 1033 3418 1382 3486; x_wconf 87' lang='lat' dir='ltr'>voluntatem,</span> <span class='ocrx_word' id='word_1_240' title='bbox 1417 3416 1585 3474; x_wconf 68' lang='lat'>278</span> <span class='ocrx_word' id='word_1_241' title='bbox 1617 3421 1760 3491; x_wconf 92' lang='lat' dir='ltr'>quod</span> <span class='ocrx_word' id='word_1_242' title='bbox 1802 3438 1909 3478; x_wconf 92' lang='lat' dir='ltr'>non</span> <span class='ocrx_word' id='word_1_243' title='bbox 1938 3424 2085 3482; x_wconf 69' lang='lat' dir='ltr'>laedit</span> 
     </span>
    </p>
   </div>
   <div class='ocr_carea' id='block_1_34' title="bbox 483 3508 2081 3581">
    <p class='ocr_par' dir='ltr' id='par_1_34' title="bbox 483 3508 2081 3581">
     <span class='ocr_line' id='line_1_34' title="bbox 483 3508 2081 3581; baseline 0.001 -11"><span class='ocrx_word' id='word_1_244' title='bbox 483 3514 839 3570; x_wconf 82' lang='lat' dir='ltr'>voluntatem.</span> <span class='ocrx_word' id='word_1_245' title='bbox 901 3511 1008 3563; x_wconf 89' lang='lat' dir='ltr'>Aut</span> <span class='ocrx_word' id='word_1_246' title='bbox 1047 3509 1093 3563; x_wconf 88' lang='lat' dir='ltr'>si</span> <span class='ocrx_word' id='word_1_247' title='bbox 1134 3509 1236 3564; x_wconf 84' lang='lat' dir='ltr'>hoc</span> <span class='ocrx_word' id='word_1_248' title='bbox 1283 3508 1383 3563; x_wconf 89' lang='lat' dir='ltr'>erit</span> <span class='ocrx_word' id='word_1_249' title='bbox 1441 3508 1637 3564; x_wconf 80' lang='lat' dir='ltr'>divinae</span> <span class='ocrx_word' id='word_1_250' title='bbox 1688 3511 1914 3581; x_wconf 80' lang='lat' dir='ltr'>virtutis,</span> <span class='ocrx_word' id='word_1_251' title='bbox 1967 3516 2081 3574; x_wconf 88' lang='lat' dir='ltr'>sive</span> 
     </span>
    </p>
   </div>
   <div class='ocr_carea' id='block_1_35' title="bbox 484 3596 2082 3673">
    <p class='ocr_par' dir='ltr' id='par_1_35' title="bbox 484 3596 2082 3673">
     <span class='ocr_line' id='line_1_35' title="bbox 484 3596 2082 3673; baseline 0 -18"><span class='ocrx_word' id='word_1_252' title='bbox 484 3600 757 3665; x_wconf 85' lang='lat' dir='ltr'>bonitatis,</span> <span class='ocrx_word' id='word_1_253' title='bbox 776 3598 921 3653; x_wconf 90' lang='lat' dir='ltr'>nolle</span> <span class='ocrx_word' id='word_1_254' title='bbox 950 3596 1168 3670; x_wconf 85' lang='lat' dir='ltr'>quidem</span> <span class='ocrx_word' id='word_1_255' title='bbox 1189 3597 1325 3663; x_wconf 84' lang='lat' dir='ltr'>ﬁeri,</span> <span class='ocrx_word' id='word_1_256' title='bbox 1354 3605 1404 3651; x_wconf 90' lang='lat' dir='ltr'>et</span> <span class='ocrx_word' id='word_1_257' title='bbox 1435 3598 1722 3669; x_wconf 87' lang='lat' dir='ltr'>prohibere</span> <span class='ocrx_word' id='word_1_258' title='bbox 1752 3600 1868 3658; x_wconf 88' lang='lat' dir='ltr'>fieri</span> <span class='ocrx_word' id='word_1_259' title='bbox 1900 3623 1914 3673; x_wconf 94' lang='lat'>;</span> <span class='ocrx_word' id='word_1_260' title='bbox 1975 3621 2082 3663; x_wconf 85' lang='lat' dir='ltr'>non</span> 
     </span>
    </p>
   </div>
   <div class='ocr_carea' id='block_1_36' title="bbox 483 3684 2083 3757">
    <p class='ocr_par' dir='ltr' id='par_1_36' title="bbox 483 3684 2083 3757">
     <span class='ocr_line' id='line_1_36' title="bbox 483 3684 2083 3757; baseline 0.003 -13"><span class='ocrx_word' id='word_1_261' title='bbox 483 3689 690 3744; x_wconf 86' lang='lat' dir='ltr'>moveri</span> <span class='ocrx_word' id='word_1_262' title='bbox 732 3696 928 3754; x_wconf 87' lang='lat' dir='ltr'>tamen,</span> <span class='ocrx_word' id='word_1_263' title='bbox 984 3685 1033 3741; x_wconf 88' lang='lat' dir='ltr'>si</span> <span class='ocrx_word' id='word_1_264' title='bbox 1070 3684 1163 3740; x_wconf 87' lang='lat' dir='ltr'>ﬁat</span> <span class='ocrx_word' id='word_1_265' title='bbox 1195 3703 1210 3757; x_wconf 89' lang='lat'>;</span> <span class='ocrx_word' id='word_1_266' title='bbox 1245 3685 1479 3741; x_wconf 89' lang='lat' dir='ltr'>dicimus</span> <span class='ocrx_word' id='word_1_267' title='bbox 1539 3688 1652 3757; x_wconf 91' lang='lat' dir='ltr'>jam</span> <span class='ocrx_word' id='word_1_268' title='bbox 1701 3698 1907 3747; x_wconf 90' lang='lat' dir='ltr'>motum</span> <span class='ocrx_word' id='word_1_269' title='bbox 1962 3710 2083 3749; x_wconf 91' lang='lat' dir='ltr'>esse</span> 
     </span>
    </p>
   </div>
   <div class='ocr_carea' id='block_1_37' title="bbox 486 3774 2077 3852">
    <p class='ocr_par' dir='ltr' id='par_1_37' title="bbox 486 3774 2077 3852">
     <span class='ocr_line' id='line_1_37' title="bbox 486 3774 2077 3852; baseline 0.004 -21"><span class='ocrx_word' id='word_1_270' title='bbox 486 3776 645 3832; x_wconf 92' lang='lat' dir='ltr'>illum</span> <span class='ocrx_word' id='word_1_271' title='bbox 674 3776 764 3846; x_wconf 90' lang='lat' dir='ltr'>qui</span> <span class='ocrx_word' id='word_1_272' title='bbox 796 3774 969 3829; x_wconf 90' lang='lat' dir='ltr'>noluit</span> <span class='ocrx_word' id='word_1_273' title='bbox 1003 3791 1016 3828; x_wconf 90' lang='lat'><strong>:</strong></span> <span class='ocrx_word' id='word_1_274' title='bbox 1050 3784 1103 3830; x_wconf 90' lang='lat' dir='ltr'>et</span> <span class='ocrx_word' id='word_1_275' title='bbox 1148 3790 1285 3832; x_wconf 90' lang='lat' dir='ltr'>vane</span> <span class='ocrx_word' id='word_1_276' title='bbox 1340 3789 1449 3831; x_wconf 88' lang='lat' dir='ltr'>non</span> <span class='ocrx_word' id='word_1_277' title='bbox 1506 3778 1706 3835; x_wconf 88' lang='lat' dir='ltr'>moveri</span> <span class='ocrx_word' id='word_1_278' title='bbox 1743 3779 1810 3833; x_wconf 89' lang='lat' dir='ltr'>ad</span> <span class='ocrx_word' id='word_1_279' title='bbox 1862 3781 2077 3852; x_wconf 89' lang='lat' dir='ltr'>factum,</span> 
     </span>
    </p>
   </div>
   <div class='ocr_carea' id='block_1_38' title="bbox 485 3864 2083 3939">
    <p class='ocr_par' dir='ltr' id='par_1_38' title="bbox 485 3864 2083 3939">
     <span class='ocr_line' id='line_1_38' title="bbox 485 3864 2083 3939; baseline 0.005 -17"><span class='ocrx_word' id='word_1_280' title='bbox 485 3868 577 3939; x_wconf 89' lang='lat' dir='ltr'>qui</span> <span class='ocrx_word' id='word_1_281' title='bbox 610 3875 786 3922; x_wconf 90' lang='lat' dir='ltr'>motus</span> <span class='ocrx_word' id='word_1_282' title='bbox 838 3866 908 3921; x_wconf 88' lang='lat' dir='ltr'>sit</span> <span class='ocrx_word' id='word_1_283' title='bbox 960 3866 1027 3919; x_wconf 90' lang='lat' dir='ltr'>ad</span> <span class='ocrx_word' id='word_1_284' title='bbox 1074 3880 1183 3920; x_wconf 91' lang='lat' dir='ltr'>non</span> <span class='ocrx_word' id='word_1_285' title='bbox 1228 3864 1530 3921; x_wconf 89' lang='lat' dir='ltr'>faciendum</span> <span class='ocrx_word' id='word_1_286' title='bbox 1565 3912 1580 3936; x_wconf 92' lang='lat'>,</span> <span class='ocrx_word' id='word_1_287' title='bbox 1640 3870 1856 3938; x_wconf 89' lang='lat' dir='ltr'>quando</span> <span class='ocrx_word' id='word_1_288' title='bbox 1911 3875 2083 3931; x_wconf 89' lang='lat' dir='ltr'>noluit</span> 
     </span>
    </p>
   </div>
   <div class='ocr_carea' id='block_1_39' title="bbox 486 3954 2080 4031">
    <p class='ocr_par' dir='ltr' id='par_1_39' title="bbox 486 3954 2080 4031">
     <span class='ocr_line' id='line_1_39' title="bbox 486 3954 2080 4031; baseline 0.006 -20"><span class='ocrx_word' id='word_1_289' title='bbox 486 3956 600 4011; x_wconf 79' lang='lat' dir='ltr'>fieri</span> <span class='ocrx_word' id='word_1_290' title='bbox 637 3972 651 4026; x_wconf 87' lang='lat'>;</span> <span class='ocrx_word' id='word_1_291' title='bbox 680 3956 913 4012; x_wconf 89' lang='lat' dir='ltr'>nolendo</span> <span class='ocrx_word' id='word_1_292' title='bbox 942 3954 1086 4011; x_wconf 90' lang='lat' dir='ltr'>enim</span> <span class='ocrx_word' id='word_1_293' title='bbox 1123 3955 1417 4026; x_wconf 88' lang='lat' dir='ltr'>prohibuit.</span> <span class='ocrx_word' id='word_1_294' title='bbox 1450 3956 1568 4010; x_wconf 91' lang='lat' dir='ltr'>Non</span> <span class='ocrx_word' id='word_1_295' title='bbox 1607 3957 1750 4012; x_wconf 90' lang='lat' dir='ltr'>enim</span> <span class='ocrx_word' id='word_1_296' title='bbox 1786 3967 1837 4015; x_wconf 90' lang='lat' dir='ltr'>et</span> <span class='ocrx_word' id='word_1_297' title='bbox 1867 3962 2080 4031; x_wconf 89' lang='lat' dir='ltr'>judica-</span> 
     </span>
    </p>
   </div>
   <div class='ocr_carea' id='block_1_40' title="bbox 485 4044 2078 4118">
    <p class='ocr_par' dir='ltr' id='par_1_40' title="bbox 485 4044 2078 4118">
     <span class='ocr_line' id='line_1_40' title="bbox 485 4044 2078 4118; baseline -0.005 -15"><span class='ocrx_word' id='word_1_298' title='bbox 485 4047 565 4103; x_wconf 88' lang='lat' dir='ltr'>vit</span> <span class='ocrx_word' id='word_1_299' title='bbox 593 4048 620 4099; x_wconf 75' lang='lat' dir='ltr'>‘I</span> <span class='ocrx_word' id='word_1_300' title='bbox 651 4046 896 4101; x_wconf 91' lang='lat' dir='ltr'>Nolendo</span> <span class='ocrx_word' id='word_1_301' title='bbox 926 4045 1064 4113; x_wconf 83' lang='lat' dir='ltr'>fieri,</span> <span class='ocrx_word' id='word_1_302' title='bbox 1097 4053 1150 4100; x_wconf 90' lang='lat' dir='ltr'>et</span> <span class='ocrx_word' id='word_1_303' title='bbox 1176 4044 1379 4101; x_wconf 90' lang='lat' dir='ltr'>idcirco</span> <span class='ocrx_word' id='word_1_304' title='bbox 1407 4044 1746 4117; x_wconf 90' lang='lat' dir='ltr'>prohibendo</span> <span class='ocrx_word' id='word_1_305' title='bbox 1783 4068 1797 4118; x_wconf 89' lang='lat'>;</span> <span class='ocrx_word' id='word_1_306' title='bbox 1832 4064 1941 4106; x_wconf 89' lang='lat' dir='ltr'>non</span> <span class='ocrx_word' id='word_1_307' title='bbox 1997 4053 2078 4107; x_wconf 86' lang='lat' dir='ltr'>fa-</span> 
     </span>
    </p>
   </div>
   <div class='ocr_carea' id='block_1_41' title="bbox 487 4133 2079 4210">
    <p class='ocr_par' dir='ltr' id='par_1_41' title="bbox 487 4133 2079 4210">
     <span class='ocr_line' id='line_1_41' title="bbox 487 4133 2079 4210; baseline 0.003 -18"><span class='ocrx_word' id='word_1_308' title='bbox 487 4134 737 4192; x_wconf 91' lang='lat' dir='ltr'>ciendum</span> <span class='ocrx_word' id='word_1_309' title='bbox 770 4134 918 4189; x_wconf 87' lang='lat' dir='ltr'>enim</span> <span class='ocrx_word' id='word_1_310' title='bbox 965 4133 1248 4205; x_wconf 86' lang='lat' dir='ltr'>judicavit,</span> <span class='ocrx_word' id='word_1_311' title='bbox 1298 4143 1353 4189; x_wconf 91' lang='lat' dir='ltr'>et</span> <span class='ocrx_word' id='word_1_312' title='bbox 1400 4136 1793 4205; x_wconf 88' lang='lat' dir='ltr'>prohibendum</span> <span class='ocrx_word' id='word_1_313' title='bbox 1840 4155 2079 4210; x_wconf 91' lang='lat' dir='ltr'>pronun-</span> 
     </span>
    </p>
   </div>
   <div class='ocr_carea' id='block_1_42' title="bbox 488 4223 2083 4300">
    <p class='ocr_par' dir='ltr' id='par_1_42' title="bbox 488 4223 2083 4300">
     <span class='ocr_line' id='line_1_42' title="bbox 488 4223 2083 4300; baseline 0.003 -19"><span class='ocrx_word' id='word_1_314' title='bbox 488 4225 658 4281; x_wconf 88' lang='lat' dir='ltr'>tiavit.</span> <span class='ocrx_word' id='word_1_315' title='bbox 710 4225 856 4297; x_wconf 81' lang='lat' dir='ltr'>Ergo</span> <span class='ocrx_word' id='word_1_316' title='bbox 900 4232 953 4281; x_wconf 91' lang='lat' dir='ltr'>et</span> <span class='ocrx_word' id='word_1_317' title='bbox 1006 4224 1096 4278; x_wconf 91' lang='lat' dir='ltr'>ille</span> <span class='ocrx_word' id='word_1_318' title='bbox 1140 4223 1252 4292; x_wconf 85' lang='lat' dir='ltr'>jam</span> <span class='ocrx_word' id='word_1_319' title='bbox 1298 4224 1525 4292; x_wconf 88' lang='lat' dir='ltr'>judicat.</span> <span class='ocrx_word' id='word_1_320' title='bbox 1568 4225 1625 4280; x_wconf 89' lang='lat' dir='ltr'>Si</span> <span class='ocrx_word' id='word_1_321' title='bbox 1680 4226 1963 4300; x_wconf 85' lang='lat' dir='ltr'>indignum</span> <span class='ocrx_word' id='word_1_322' title='bbox 2004 4240 2083 4286; x_wconf 91' lang='lat' dir='ltr'>est</span> 
     </span>
    </p>
   </div>
   <div class='ocr_carea' id='block_1_43' title="bbox 487 4314 2078 4388">
    <p class='ocr_par' dir='ltr' id='par_1_43' title="bbox 487 4314 2078 4388">
     <span class='ocr_line' id='line_1_43' title="bbox 487 4314 2078 4388; baseline 0.003 -18"><span class='ocrx_word' id='word_1_323' title='bbox 487 4314 663 4371; x_wconf 89' lang='lat' dir='ltr'>Deum</span> <span class='ocrx_word' id='word_1_324' title='bbox 700 4314 965 4384; x_wconf 84' lang='lat' dir='ltr'>judicare,</span> <span class='ocrx_word' id='word_1_325' title='bbox 997 4321 1089 4368; x_wconf 90' lang='lat' dir='ltr'>aut</span> <span class='ocrx_word' id='word_1_326' title='bbox 1133 4314 1182 4366; x_wconf 87' lang='lat' dir='ltr'>si</span> <span class='ocrx_word' id='word_1_327' title='bbox 1227 4328 1290 4368; x_wconf 91' lang='lat' dir='ltr'>ea</span> <span class='ocrx_word' id='word_1_328' title='bbox 1338 4322 1491 4368; x_wconf 89' lang='lat' dir='ltr'>tenus</span> <span class='ocrx_word' id='word_1_329' title='bbox 1518 4314 1741 4388; x_wconf 83' lang='lat' dir='ltr'>dignum</span> <span class='ocrx_word' id='word_1_330' title='bbox 1777 4326 1857 4371; x_wconf 91' lang='lat' dir='ltr'>est</span> <span class='ocrx_word' id='word_1_331' title='bbox 1911 4320 2078 4375; x_wconf 88' lang='lat' dir='ltr'>Deum</span> 
     </span>
    </p>
   </div>
   <div class='ocr_carea' id='block_1_44' title="bbox 484 4404 2080 4479">
    <p class='ocr_par' dir='ltr' id='par_1_44' title="bbox 484 4404 2080 4479">
     <span class='ocr_line' id='line_1_44' title="bbox 484 4404 2080 4479; baseline 0.003 -19"><span class='ocrx_word' id='word_1_332' title='bbox 484 4404 752 4477; x_wconf 88' lang='lat' dir='ltr'>judicare,</span> <span class='ocrx_word' id='word_1_333' title='bbox 782 4419 887 4475; x_wconf 85' lang='lat' dir='ltr'>qua</span> <span class='ocrx_word' id='word_1_334' title='bbox 934 4404 1305 4459; x_wconf 86' lang='lat' dir='ltr'>tantummodo</span> <span class='ocrx_word' id='word_1_335' title='bbox 1348 4404 1480 4459; x_wconf 89' lang='lat' dir='ltr'>nolit</span> <span class='ocrx_word' id='word_1_336' title='bbox 1510 4413 1564 4460; x_wconf 90' lang='lat' dir='ltr'>et</span> <span class='ocrx_word' id='word_1_337' title='bbox 1610 4406 1895 4477; x_wconf 87' lang='lat' dir='ltr'>prohibeat</span> <span class='ocrx_word' id='word_1_338' title='bbox 1925 4425 1940 4479; x_wconf 92' lang='lat'>;</span> <span class='ocrx_word' id='word_1_339' title='bbox 1974 4425 2080 4465; x_wconf 93' lang='lat' dir='ltr'>non</span> 
     </span>
    </p>
   </div>
   <div class='ocr_carea' id='block_1_45' title="bbox 490 4492 2083 4565">
    <p class='ocr_par' dir='ltr' id='par_1_45' title="bbox 490 4492 2083 4565">
     <span class='ocr_line' id='line_1_45' title="bbox 490 4492 2083 4565; baseline 0.001 -14"><span class='ocrx_word' id='word_1_340' title='bbox 490 4493 651 4551; x_wconf 88' lang='lat' dir='ltr'>etiam</span> <span class='ocrx_word' id='word_1_341' title='bbox 679 4494 728 4532; x_wconf 73' lang='grc'>³2</span> <span class='ocrx_word' id='word_1_342' title='bbox 755 4492 1009 4549; x_wconf 87' lang='lat' dir='ltr'>defendat</span> <span class='ocrx_word' id='word_1_343' title='bbox 1035 4492 1354 4549; x_wconf 89' lang='lat' dir='ltr'>admissum.</span> <span class='ocrx_word' id='word_1_344' title='bbox 1386 4493 1593 4565; x_wconf 87' lang='lat' dir='ltr'>Atquin</span> <span class='ocrx_word' id='word_1_345' title='bbox 1648 4495 1780 4550; x_wconf 89' lang='lat' dir='ltr'>nihil</span> <span class='ocrx_word' id='word_1_346' title='bbox 1826 4497 1944 4552; x_wconf 91' lang='lat' dir='ltr'>Deo</span> <span class='ocrx_word' id='word_1_347' title='bbox 1979 4505 2083 4554; x_wconf 89' lang='lat' dir='ltr'>tam</span> 
     </span>
    </p>
   </div>
   <div class='ocr_carea' id='block_1_46' title="bbox 491 4582 2081 4658">
    <p class='ocr_par' dir='ltr' id='par_1_46' title="bbox 491 4582 2081 4658">
     <span class='ocr_line' id='line_1_46' title="bbox 491 4582 2081 4658; baseline -0.001 -15"><span class='ocrx_word' id='word_1_348' title='bbox 491 4582 794 4656; x_wconf 86' lang='lat' dir='ltr'>indignum,</span> <span class='ocrx_word' id='word_1_349' title='bbox 826 4599 985 4657; x_wconf 89' lang='lat' dir='ltr'>quam</span> <span class='ocrx_word' id='word_1_350' title='bbox 1012 4598 1124 4640; x_wconf 87' lang='lat' dir='ltr'>non</span> <span class='ocrx_word' id='word_1_351' title='bbox 1172 4582 1394 4655; x_wconf 85' lang='lat' dir='ltr'>exsequi</span> <span class='ocrx_word' id='word_1_352' title='bbox 1419 4583 1561 4655; x_wconf 92' lang='lat' dir='ltr'>quod</span> <span class='ocrx_word' id='word_1_353' title='bbox 1600 4584 1769 4641; x_wconf 90' lang='lat' dir='ltr'>noluit</span> <span class='ocrx_word' id='word_1_354' title='bbox 1795 4592 1847 4642; x_wconf 89' lang='lat' dir='ltr'>et</span> <span class='ocrx_word' id='word_1_355' title='bbox 1894 4589 2081 4658; x_wconf 88' lang='lat' dir='ltr'>prohi-</span> 
     </span>
    </p>
   </div>
   <div class='ocr_carea' id='block_1_47' title="bbox 1166 357 3759 427">
    <p class='ocr_par' dir='ltr' id='par_1_47' title="bbox 1166 357 3759 427">
     <span class='ocr_line' id='line_1_47' title="bbox 1166 357 3759 427; baseline -0.002 -2"><span class='ocrx_word' id='word_1_356' title='bbox 1166 364 1607 426; x_wconf 75' lang='lat' dir='ltr'><strong>TERTULLIANI</strong></span> <span class='ocrx_word' id='word_1_357' title='bbox 1682 360 1940 423; x_wconf 81' lang='lat' dir='ltr'>OPERUM</span> <span class='ocrx_word' id='word_1_358' title='bbox 1983 362 2147 422; x_wconf 78' lang='lat' dir='ltr'>PARS</span> <span class='ocrx_word' id='word_1_359' title='bbox 2184 362 2251 423; x_wconf 88' lang='lat' dir='ltr'><strong>II.</strong></span> <span class='ocrx_word' id='word_1_360' title='bbox 2290 391 2361 405; x_wconf 90' lang='lat'><strong>—</strong></span> <span class='ocrx_word' id='word_1_361' title='bbox 2398 357 2623 423; x_wconf 79' lang='lat' dir='ltr'>SERIES</span> <span class='ocrx_word' id='word_1_362' title='bbox 2662 360 2705 427; x_wconf 89' lang='grc' dir='ltr'>Ι,</span> <span class='ocrx_word' id='word_1_363' title='bbox 2736 358 3083 419; x_wconf 79' lang='lat' dir='ltr'>POLEMICA.</span> <span class='ocrx_word' id='word_1_364' title='bbox 3670 359 3759 419; x_wconf 74' lang='grc'>304</span> 
     </span>
    </p>
   </div>
   <div class='ocr_carea' id='block_1_48' title="bbox 1629 483 3760 582">
    <p class='ocr_par' dir='ltr' id='par_1_48' title="bbox 1629 483 3760 582">
     <span class='ocr_line' id='line_1_48' title="bbox 1629 483 3760 582; baseline -0.002 -39"><span class='ocrx_word' id='word_1_365' title='bbox 1629 507 1695 544; x_wconf 90' lang='lat' dir='ltr'>ne</span> <span class='ocrx_word' id='word_1_366' title='bbox 1733 490 1809 545; x_wconf 91' lang='lat' dir='ltr'>sic</span> <span class='ocrx_word' id='word_1_367' title='bbox 1865 504 2079 560; x_wconf 89' lang='lat' dir='ltr'>quoque</span> <span class='ocrx_word' id='word_1_368' title='bbox 2115 504 2160 582; x_wconf 66' lang='grc' dir='ltr'>Α</span> <span class='ocrx_word' id='word_1_369' title='bbox 2191 488 2307 544; x_wconf 89' lang='lat' dir='ltr'>buit</span> <span class='ocrx_word' id='word_1_370' title='bbox 2354 488 2581 543; x_wconf 84' lang='lat' dir='ltr'>admitti.</span> <span class='ocrx_word' id='word_1_371' title='bbox 2626 487 2831 551; x_wconf 85' lang='lat' dir='ltr'>Primo,</span> <span class='ocrx_word' id='word_1_372' title='bbox 2880 485 3023 557; x_wconf 93' lang='lat' dir='ltr'>quod</span> <span class='ocrx_word' id='word_1_373' title='bbox 3073 483 3449 557; x_wconf 87' lang='lat' dir='ltr'>qualicumque</span> <span class='ocrx_word' id='word_1_374' title='bbox 3513 485 3760 582; x_wconf 61' lang='lat' dir='ltr'>sententiae</span> 
     </span>
    </p>
   </div>
   <div class='ocr_carea' id='block_1_49' title="bbox 2199 574 3757 647">
    <p class='ocr_par' dir='ltr' id='par_1_49' title="bbox 2199 574 3757 647">
     <span class='ocr_line' id='line_1_49' title="bbox 2199 574 3757 647; baseline -0.002 -16"><span class='ocrx_word' id='word_1_375' title='bbox 2199 594 2309 632; x_wconf 64' lang='lat' dir='ltr'>suae</span> <span class='ocrx_word' id='word_1_376' title='bbox 2354 586 2406 632; x_wconf 90' lang='lat' dir='ltr'>et</span> <span class='ocrx_word' id='word_1_377' title='bbox 2435 577 2561 647; x_wconf 85' lang='lat' dir='ltr'>legi,</span> <span class='ocrx_word' id='word_1_378' title='bbox 2624 575 2819 630; x_wconf 85' lang='lat' dir='ltr'>debeat</span> <span class='ocrx_word' id='word_1_379' title='bbox 2876 574 3159 631; x_wconf 85' lang='lat' dir='ltr'>vindictam</span> <span class='ocrx_word' id='word_1_380' title='bbox 3220 576 3273 628; x_wconf 90' lang='lat' dir='ltr'>in</span> <span class='ocrx_word' id='word_1_381' title='bbox 3322 574 3670 629; x_wconf 88' lang='lat' dir='ltr'>auctoritatem</span> <span class='ocrx_word' id='word_1_382' title='bbox 3711 584 3757 630; x_wconf 91' lang='lat' dir='ltr'>et</span> 
     </span>
    </p>
   </div>
   <div class='ocr_carea' id='block_1_50' title="bbox 2198 662 3761 735">
    <p class='ocr_par' dir='ltr' id='par_1_50' title="bbox 2198 662 3761 735">
     <span class='ocr_line' id='line_1_50' title="bbox 2198 662 3761 735; baseline -0.001 -15"><span class='ocrx_word' id='word_1_383' title='bbox 2198 665 2446 735; x_wconf 89' lang='lat' dir='ltr'>obsequii</span> <span class='ocrx_word' id='word_1_384' title='bbox 2491 664 2886 721; x_wconf 87' lang='lat' dir='ltr'>necessitatem.</span> <span class='ocrx_word' id='word_1_385' title='bbox 2937 663 3203 729; x_wconf 90' lang='lat' dir='ltr'>Secundo,</span> <span class='ocrx_word' id='word_1_386' title='bbox 3262 662 3386 733; x_wconf 88' lang='lat' dir='ltr'>quia</span> <span class='ocrx_word' id='word_1_387' title='bbox 3424 663 3662 717; x_wconf 61' lang='lat' dir='ltr'>aemulum</span> <span class='ocrx_word' id='word_1_388' title='bbox 3700 666 3761 719; x_wconf 90' lang='lat' dir='ltr'>sit</span> 
     </span>
    </p>
   </div>
   <div class='ocr_carea' id='block_1_51' title="bbox 2198 750 3758 824">
    <p class='ocr_par' dir='ltr' id='par_1_51' title="bbox 2198 750 3758 824">
     <span class='ocr_line' id='line_1_51' title="bbox 2198 750 3758 824; baseline 0 -16"><span class='ocrx_word' id='word_1_389' title='bbox 2198 770 2423 810; x_wconf 88' lang='lat' dir='ltr'>necesse</span> <span class='ocrx_word' id='word_1_390' title='bbox 2453 760 2534 809; x_wconf 87' lang='lat' dir='ltr'>est</span> <span class='ocrx_word' id='word_1_391' title='bbox 2580 753 2723 824; x_wconf 91' lang='lat' dir='ltr'>quod</span> <span class='ocrx_word' id='word_1_392' title='bbox 2761 752 2933 808; x_wconf 86' lang='lat' dir='ltr'>noluit</span> <span class='ocrx_word' id='word_1_393' title='bbox 2978 752 3209 820; x_wconf 89' lang='lat' dir='ltr'>admitti,</span> <span class='ocrx_word' id='word_1_394' title='bbox 3239 760 3291 807; x_wconf 92' lang='lat' dir='ltr'>et</span> <span class='ocrx_word' id='word_1_395' title='bbox 3332 750 3565 807; x_wconf 91' lang='lat' dir='ltr'>nolendo</span> <span class='ocrx_word' id='word_1_396' title='bbox 3603 755 3758 824; x_wconf 87' lang='lat' dir='ltr'>prohi-</span> 
     </span>
    </p>
   </div>
   <div class='ocr_carea' id='block_1_52' title="bbox 2198 841 3758 914">
    <p class='ocr_par' dir='ltr' id='par_1_52' title="bbox 2198 841 3758 914">
     <span class='ocr_line' id='line_1_52' title="bbox 2198 841 3758 914; baseline 0.001 -17"><span class='ocrx_word' id='word_1_397' title='bbox 2198 844 2331 898; x_wconf 90' lang='lat' dir='ltr'>buit.</span> <span class='ocrx_word' id='word_1_398' title='bbox 2363 844 2502 899; x_wconf 89' lang='lat' dir='ltr'>Malo</span> <span class='ocrx_word' id='word_1_399' title='bbox 2530 849 2703 897; x_wconf 86' lang='lat' dir='ltr'>autem</span> <span class='ocrx_word' id='word_1_400' title='bbox 2734 857 2953 914; x_wconf 90' lang='lat' dir='ltr'>parcere</span> <span class='ocrx_word' id='word_1_401' title='bbox 2980 842 3171 905; x_wconf 89' lang='lat' dir='ltr'>Deum,</span> <span class='ocrx_word' id='word_1_402' title='bbox 3206 841 3483 912; x_wconf 84' lang='lat' dir='ltr'>indignius</span> <span class='ocrx_word' id='word_1_403' title='bbox 3511 841 3597 907; x_wconf 91' lang='lat' dir='ltr'>sit,</span> <span class='ocrx_word' id='word_1_404' title='bbox 3622 858 3758 913; x_wconf 88' lang='lat' dir='ltr'>quam</span> 
     </span>
    </p>
   </div>
   <div class='ocr_carea' id='block_1_53' title="bbox 2198 929 3759 1002">
    <p class='ocr_par' dir='ltr' id='par_1_53' title="bbox 2198 929 3759 1002">
     <span class='ocr_line' id='line_1_53' title="bbox 2198 929 3759 1002; baseline 0.002 -17"><span class='ocrx_word' id='word_1_405' title='bbox 2198 931 2666 987; x_wconf 85' lang='lat' dir='ltr'>animadvertere:</span> <span class='ocrx_word' id='word_1_406' title='bbox 2710 938 2761 987; x_wconf 92' lang='lat' dir='ltr'>et</span> <span class='ocrx_word' id='word_1_407' title='bbox 2806 929 3027 1001; x_wconf 91' lang='lat' dir='ltr'>quidem</span> <span class='ocrx_word' id='word_1_408' title='bbox 3086 931 3203 984; x_wconf 92' lang='lat' dir='ltr'>Deo</span> <span class='ocrx_word' id='word_1_409' title='bbox 3254 930 3480 1001; x_wconf 90' lang='lat' dir='ltr'>optimo,</span> <span class='ocrx_word' id='word_1_410' title='bbox 3542 931 3626 1002; x_wconf 90' lang='lat' dir='ltr'>qui</span> <span class='ocrx_word' id='word_1_411' title='bbox 3667 948 3759 987; x_wconf 91' lang='lat' dir='ltr'>non</span> 
     </span>
    </p>
   </div>
   <div class='ocr_carea' id='block_1_54' title="bbox 2196 1019 3761 1092">
    <p class='ocr_par' dir='ltr' id='par_1_54' title="bbox 2196 1019 3761 1092">
     <span class='ocr_line' id='line_1_54' title="bbox 2196 1019 3761 1092; baseline 0 -17"><span class='ocrx_word' id='word_1_412' title='bbox 2196 1021 2327 1075; x_wconf 90' lang='lat' dir='ltr'>alias</span> <span class='ocrx_word' id='word_1_413' title='bbox 2376 1021 2533 1092; x_wconf 86' lang='lat' dir='ltr'>plene</span> <span class='ocrx_word' id='word_1_414' title='bbox 2570 1021 2745 1075; x_wconf 92' lang='lat' dir='ltr'>bonus</span> <span class='ocrx_word' id='word_1_415' title='bbox 2793 1020 2880 1087; x_wconf 88' lang='lat' dir='ltr'>sit,</span> <span class='ocrx_word' id='word_1_416' title='bbox 2940 1019 3043 1073; x_wconf 91' lang='lat' dir='ltr'>nisi</span> <span class='ocrx_word' id='word_1_417' title='bbox 3092 1019 3215 1073; x_wconf 90' lang='lat' dir='ltr'>mali</span> <span class='ocrx_word' id='word_1_418' title='bbox 3255 1020 3500 1089; x_wconf 71' lang='lat' dir='ltr'>aemulus,</span> <span class='ocrx_word' id='word_1_419' title='bbox 3543 1019 3615 1075; x_wconf 89' lang='lat' dir='ltr'>uti</span> <span class='ocrx_word' id='word_1_420' title='bbox 3651 1022 3761 1075; x_wconf 87' lang='lat' dir='ltr'>boni</span> 
     </span>
    </p>
   </div>
   <div class='ocr_carea' id='block_1_55' title="bbox 2195 1108 3759 1173">
    <p class='ocr_par' dir='ltr' id='par_1_55' title="bbox 2195 1108 3759 1173">
     <span class='ocr_line' id='line_1_55' title="bbox 2195 1108 3759 1173; baseline 0.001 -10"><span class='ocrx_word' id='word_1_421' title='bbox 2195 1125 2436 1166; x_wconf 88' lang='lat' dir='ltr'>amorem</span> <span class='ocrx_word' id='word_1_422' title='bbox 2488 1110 2615 1164; x_wconf 91' lang='lat' dir='ltr'>odio</span> <span class='ocrx_word' id='word_1_423' title='bbox 2674 1108 2797 1163; x_wconf 90' lang='lat' dir='ltr'>mali</span> <span class='ocrx_word' id='word_1_424' title='bbox 2855 1117 3116 1173; x_wconf 87' lang='lat' dir='ltr'>exerceat,</span> <span class='ocrx_word' id='word_1_425' title='bbox 3176 1118 3229 1165; x_wconf 92' lang='lat' dir='ltr'>et</span> <span class='ocrx_word' id='word_1_426' title='bbox 3286 1108 3335 1147; x_wconf 90' lang='grc'>³³</span> <span class='ocrx_word' id='word_1_427' title='bbox 3384 1110 3509 1165; x_wconf 88' lang='lat' dir='ltr'>boni</span> <span class='ocrx_word' id='word_1_428' title='bbox 3577 1110 3759 1165; x_wconf 85' lang='lat' dir='ltr'>tutelam</span> 
     </span>
    </p>
   </div>
   <div class='ocr_carea' id='block_1_56' title="bbox 2195 1196 3010 1271">
    <p class='ocr_par' dir='ltr' id='par_1_56' title="bbox 2195 1196 3010 1271">
     <span class='ocr_line' id='line_1_56' title="bbox 2195 1196 3010 1271; baseline -0.007 -14"><span class='ocrx_word' id='word_1_429' title='bbox 2195 1198 2593 1271; x_wconf 83' lang='lat' dir='ltr'>expugnatione</span> <span class='ocrx_word' id='word_1_430' title='bbox 2622 1196 2746 1252; x_wconf 91' lang='lat' dir='ltr'>mali</span> <span class='ocrx_word' id='word_1_431' title='bbox 2775 1197 3010 1267; x_wconf 90' lang='lat' dir='ltr'>impleat.</span> 
     </span>
    </p>
   </div>
   <div class='ocr_carea' id='block_1_57' title="bbox 2754 1283 3237 1341">
    <p class='ocr_par' dir='ltr' id='par_1_57' title="bbox 2754 1283 3237 1341">
     <span class='ocr_line' id='line_1_57' title="bbox 2754 1283 3237 1341; baseline -0.004 0"><span class='ocrx_word' id='word_1_432' title='bbox 2754 1283 2978 1341; x_wconf 89' lang='lat' dir='ltr'>CAPUT</span> <span class='ocrx_word' id='word_1_433' title='bbox 3010 1286 3237 1341; x_wconf 84' lang='lat' dir='ltr'>XXVII.</span> 
     </span>
    </p>
   </div>
   <div class='ocr_carea' id='block_1_58' title="bbox 2266 1374 3763 1446">
    <p class='ocr_par' dir='ltr' id='par_1_58' title="bbox 2266 1374 3763 1446">
     <span class='ocr_line' id='line_1_58' title="bbox 2266 1374 3763 1446; baseline 0 -12"><span class='ocrx_word' id='word_1_434' title='bbox 2266 1376 2369 1434; x_wconf 90' lang='lat' dir='ltr'>Sed</span> <span class='ocrx_word' id='word_1_435' title='bbox 2424 1376 2626 1446; x_wconf 88' lang='lat' dir='ltr'>judicat</span> <span class='ocrx_word' id='word_1_436' title='bbox 2678 1377 2836 1446; x_wconf 91' lang='lat' dir='ltr'>plane</span> <span class='ocrx_word' id='word_1_437' title='bbox 2906 1374 3100 1429; x_wconf 90' lang='lat' dir='ltr'>malum</span> <span class='ocrx_word' id='word_1_438' title='bbox 3159 1374 3408 1441; x_wconf 84' lang='lat' dir='ltr'>nolendo,</span> <span class='ocrx_word' id='word_1_439' title='bbox 3469 1382 3521 1431; x_wconf 91' lang='lat' dir='ltr'>et</span> <span class='ocrx_word' id='word_1_440' title='bbox 3574 1376 3763 1434; x_wconf 87' lang='lat' dir='ltr'>damnat</span> 
     </span>
    </p>
   </div>
   <div class='ocr_carea' id='block_1_59' title="bbox 2194 1462 3765 1538">
    <p class='ocr_par' dir='ltr' id='par_1_59' title="bbox 2194 1462 3765 1538">
     <span class='ocr_line' id='line_1_59' title="bbox 2194 1462 3765 1538; baseline 0.001 -18"><span class='ocrx_word' id='word_1_441' title='bbox 2194 1465 2527 1538; x_wconf 90' lang='lat' dir='ltr'>prohibendo</span> <span class='ocrx_word' id='word_1_442' title='bbox 2560 1484 2573 1519; x_wconf 90' lang='lat'><strong>:</strong></span> <span class='ocrx_word' id='word_1_443' title='bbox 2607 1464 2828 1519; x_wconf 90' lang='lat' dir='ltr'>dimittit</span> <span class='ocrx_word' id='word_1_444' title='bbox 2858 1472 3034 1519; x_wconf 89' lang='lat' dir='ltr'>autem</span> <span class='ocrx_word' id='word_1_445' title='bbox 3066 1479 3174 1517; x_wconf 91' lang='lat' dir='ltr'>non</span> <span class='ocrx_word' id='word_1_446' title='bbox 3219 1462 3560 1531; x_wconf 87' lang='lat' dir='ltr'>vindicando,</span> <span class='ocrx_word' id='word_1_447' title='bbox 3588 1473 3635 1520; x_wconf 91' lang='lat' dir='ltr'>et</span> <span class='ocrx_word' id='word_1_448' title='bbox 3673 1469 3765 1522; x_wconf 92' lang='lat' dir='ltr'>ab-</span> 
     </span>
    </p>
   </div>
   <div class='ocr_carea' id='block_1_60' title="bbox 2194 1551 3763 1623">
    <p class='ocr_par' dir='ltr' id='par_1_60' title="bbox 2194 1551 3763 1623">
     <span class='ocr_line' id='line_1_60' title="bbox 2194 1551 3763 1623; baseline 0 -13"><span class='ocrx_word' id='word_1_449' title='bbox 2194 1555 2358 1611; x_wconf 86' lang='lat' dir='ltr'>solvit</span> <span class='ocrx_word' id='word_1_450' title='bbox 2386 1569 2492 1609; x_wconf 93' lang='lat' dir='ltr'>non</span> <span class='ocrx_word' id='word_1_451' title='bbox 2524 1553 2818 1623; x_wconf 89' lang='lat' dir='ltr'>puniendo.</span> <span class='ocrx_word' id='word_1_452' title='bbox 2860 1551 2916 1623; x_wconf 40' lang='lat'>,0</span> <span class='ocrx_word' id='word_1_453' title='bbox 2963 1554 3136 1606; x_wconf 91' lang='lat' dir='ltr'>Deum</span> <span class='ocrx_word' id='word_1_454' title='bbox 3186 1551 3425 1607; x_wconf 87' lang='lat' dir='ltr'>veritatis</span> <span class='ocrx_word' id='word_1_455' title='bbox 3474 1556 3763 1623; x_wconf 65' lang='lat' dir='ltr'>praevarica-</span> 
     </span>
    </p>
   </div>
   <div class='ocr_carea' id='block_1_61' title="bbox 2198 1640 3764 1711">
    <p class='ocr_par' dir='ltr' id='par_1_61' title="bbox 2198 1640 3764 1711">
     <span class='ocr_line' id='line_1_61' title="bbox 2198 1640 3764 1711; baseline 0.001 -14"><span class='ocrx_word' id='word_1_456' title='bbox 2198 1652 2392 1708; x_wconf 89' lang='lat' dir='ltr'>torem,</span> <span class='ocrx_word' id='word_1_457' title='bbox 2444 1640 2718 1697; x_wconf 69' lang='lat' dir='ltr'>sententiae</span> <span class='ocrx_word' id='word_1_458' title='bbox 2775 1656 2886 1695; x_wconf 60' lang='lat' dir='ltr'>sua}</span> <span class='ocrx_word' id='word_1_459' title='bbox 2934 1640 3455 1710; x_wconf 88' lang='lat' dir='ltr'>circumscriptorem</span> <span class='ocrx_word' id='word_1_460' title='bbox 3502 1642 3611 1711; x_wconf 79' lang='grc'>(84)</span> <span class='ocrx_word' id='word_1_461' title='bbox 3650 1662 3662 1699; x_wconf 91' lang='lat'>:</span> <span class='ocrx_word' id='word_1_462' title='bbox 3702 1644 3764 1698; x_wconf 81' lang='lat' dir='ltr'>ti-</span> 
     </span>
    </p>
   </div>
   <div class='ocr_carea' id='block_1_62' title="bbox 2198 1729 3769 1802">
    <p class='ocr_par' dir='ltr' id='par_1_62' title="bbox 2198 1729 3769 1802">
     <span class='ocr_line' id='line_1_62' title="bbox 2198 1729 3769 1802; baseline 0 -15"><span class='ocrx_word' id='word_1_463' title='bbox 2198 1740 2309 1787; x_wconf 91' lang='lat' dir='ltr'>met</span> <span class='ocrx_word' id='word_1_464' title='bbox 2354 1732 2615 1786; x_wconf 90' lang='lat' dir='ltr'>damnare</span> <span class='ocrx_word' id='word_1_465' title='bbox 2650 1730 2794 1801; x_wconf 91' lang='lat' dir='ltr'>quod</span> <span class='ocrx_word' id='word_1_466' title='bbox 2822 1729 3062 1794; x_wconf 89' lang='lat' dir='ltr'>damnat,</span> <span class='ocrx_word' id='word_1_467' title='bbox 3094 1729 3245 1784; x_wconf 88' lang='lat' dir='ltr'>timet</span> <span class='ocrx_word' id='word_1_468' title='bbox 3293 1729 3473 1784; x_wconf 90' lang='lat' dir='ltr'>odisse</span> <span class='ocrx_word' id='word_1_469' title='bbox 3502 1732 3637 1802; x_wconf 85' lang='lat' dir='ltr'>quod</span> <span class='ocrx_word' id='word_1_470' title='bbox 3672 1748 3769 1789; x_wconf 91' lang='lat' dir='ltr'>non</span> 
     </span>
    </p>
   </div>
   <div class='ocr_carea' id='block_1_63' title="bbox 2201 1817 3773 1890">
    <p class='ocr_par' dir='ltr' id='par_1_63' title="bbox 2201 1817 3773 1890">
     <span class='ocr_line' id='line_1_63' title="bbox 2201 1817 3773 1890; baseline 0.001 -13"><span class='ocrx_word' id='word_1_471' title='bbox 2201 1829 2363 1888; x_wconf 90' lang='lat' dir='ltr'>amat,</span> <span class='ocrx_word' id='word_1_472' title='bbox 2397 1821 2598 1877; x_wconf 84' lang='lat' dir='ltr'>factum</span> <span class='ocrx_word' id='word_1_473' title='bbox 2621 1820 2747 1875; x_wconf 88' lang='lat' dir='ltr'>sinit</span> <span class='ocrx_word' id='word_1_474' title='bbox 2773 1819 2921 1890; x_wconf 90' lang='lat' dir='ltr'>quod</span> <span class='ocrx_word' id='word_1_475' title='bbox 2946 1817 3061 1875; x_wconf 84' lang='lat' dir='ltr'>ﬁeri</span> <span class='ocrx_word' id='word_1_476' title='bbox 3090 1834 3201 1873; x_wconf 88' lang='lat' dir='ltr'>non</span> <span class='ocrx_word' id='word_1_477' title='bbox 3220 1818 3364 1883; x_wconf 91' lang='lat' dir='ltr'>sinit,</span> <span class='ocrx_word' id='word_1_478' title='bbox 3388 1820 3589 1877; x_wconf 87' lang='lat' dir='ltr'>mavult</span> <span class='ocrx_word' id='word_1_479' title='bbox 3614 1830 3773 1878; x_wconf 88' lang='lat' dir='ltr'>osten-</span> 
     </span>
    </p>
   </div>
   <div class='ocr_carea' id='block_1_64' title="bbox 2200 1906 3773 1980">
    <p class='ocr_par' dir='ltr' id='par_1_64' title="bbox 2200 1906 3773 1980">
     <span class='ocr_line' id='line_1_64' title="bbox 2200 1906 3773 1980; baseline 0.001 -17"><span class='ocrx_word' id='word_1_480' title='bbox 2200 1910 2327 1965; x_wconf 86' lang='lat' dir='ltr'>tlere</span> <span class='ocrx_word' id='word_1_481' title='bbox 2356 1908 2451 1980; x_wconf 91' lang='lat' dir='ltr'>qui</span> <span class='ocrx_word' id='word_1_482' title='bbox 2479 1906 2634 1979; x_wconf 90' lang='lat' dir='ltr'>nolit,</span> <span class='ocrx_word' id='word_1_483' title='bbox 2668 1923 2826 1978; x_wconf 89' lang='lat' dir='ltr'>quam</span> <span class='ocrx_word' id='word_1_484' title='bbox 2855 1907 3107 1977; x_wconf 89' lang='lat' dir='ltr'>probare.</span> <span class='ocrx_word' id='word_1_485' title='bbox 3139 1907 3251 1962; x_wconf 87' lang='lat' dir='ltr'>Hoc</span> <span class='ocrx_word' id='word_1_486' title='bbox 3281 1907 3328 1945; x_wconf 50' lang='lat'>3&quot;</span> <span class='ocrx_word' id='word_1_487' title='bbox 3357 1908 3461 1962; x_wconf 85' lang='lat' dir='ltr'>erit</span> <span class='ocrx_word' id='word_1_488' title='bbox 3508 1910 3699 1965; x_wconf 88' lang='lat' dir='ltr'>bonitas</span> <span class='ocrx_word' id='word_1_489' title='bbox 3724 1913 3773 1951; x_wconf 79' lang='grc'>³³</span> 
     </span>
    </p>
   </div>
   <div class='ocr_carea' id='block_1_65' title="bbox 2200 1995 3774 2071">
    <p class='ocr_par' dir='ltr' id='par_1_65' title="bbox 2200 1995 3774 2071">
     <span class='ocr_line' id='line_1_65' title="bbox 2200 1995 3774 2071; baseline 0.001 -18"><span class='ocrx_word' id='word_1_490' title='bbox 2200 1997 2534 2071; x_wconf 84' lang='lat' dir='ltr'>imaginaria,</span> <span class='ocrx_word' id='word_1_491' title='bbox 2586 1995 2893 2067; x_wconf 90' lang='lat' dir='ltr'>disciplina,</span> <span class='ocrx_word' id='word_1_492' title='bbox 2946 1997 3293 2068; x_wconf 83' lang='lat' dir='ltr'>phantasma;</span> <span class='ocrx_word' id='word_1_493' title='bbox 3344 2004 3398 2052; x_wconf 89' lang='lat' dir='ltr'>et</span> <span class='ocrx_word' id='word_1_494' title='bbox 3446 1998 3560 2068; x_wconf 85' lang='lat' dir='ltr'>ipsa</span> <span class='ocrx_word' id='word_1_495' title='bbox 3604 2008 3774 2056; x_wconf 86' lang='lat' dir='ltr'>trans-</span> 
     </span>
    </p>
   </div>
   <div class='ocr_carea' id='block_1_66' title="bbox 2200 2085 3773 2159">
    <p class='ocr_par' dir='ltr' id='par_1_66' title="bbox 2200 2085 3773 2159">
     <span class='ocr_line' id='line_1_66' title="bbox 2200 2085 3773 2159; baseline 0.001 -16"><span class='ocrx_word' id='word_1_496' title='bbox 2200 2085 2468 2143; x_wconf 85' lang='lat' dir='ltr'>functoria</span> <span class='ocrx_word' id='word_1_497' title='bbox 2523 2091 2795 2156; x_wconf 65' lang='lat' dir='ltr'>prmeepta</span> <span class='ocrx_word' id='word_1_498' title='bbox 2848 2085 2977 2155; x_wconf 83' lang='lat'>(85),</span> <span class='ocrx_word' id='word_1_499' title='bbox 3035 2100 3226 2140; x_wconf 88' lang='lat' dir='ltr'>secura</span> <span class='ocrx_word' id='word_1_500' title='bbox 3281 2086 3474 2142; x_wconf 87' lang='lat' dir='ltr'>delicta</span> <span class='ocrx_word' id='word_1_501' title='bbox 3520 2106 3534 2142; x_wconf 86' lang='lat'><strong>:</strong></span> <span class='ocrx_word' id='word_1_502' title='bbox 3584 2089 3773 2159; x_wconf 90' lang='lat' dir='ltr'>audite,</span> 
     </span>
    </p>
   </div>
   <div class='ocr_carea' id='block_1_67' title="bbox 2200 2174 3775 2250">
    <p class='ocr_par' dir='ltr' id='par_1_67' title="bbox 2200 2174 3775 2250">
     <span class='ocr_line' id='line_1_67' title="bbox 2200 2174 3775 2250; baseline 0.003 -19"><span class='ocrx_word' id='word_1_503' title='bbox 2200 2183 2528 2248; x_wconf 90' lang='lat' dir='ltr'>peccatores,</span> <span class='ocrx_word' id='word_1_504' title='bbox 2571 2174 2771 2246; x_wconf 90' lang='lat' dir='ltr'>quique</span> <span class='ocrx_word' id='word_1_505' title='bbox 2814 2174 3054 2230; x_wconf 90' lang='lat' dir='ltr'>nondum</span> <span class='ocrx_word' id='word_1_506' title='bbox 3094 2175 3197 2229; x_wconf 90' lang='lat' dir='ltr'>hoc</span> <span class='ocrx_word' id='word_1_507' title='bbox 3223 2174 3370 2241; x_wconf 89' lang='lat' dir='ltr'>estis,</span> <span class='ocrx_word' id='word_1_508' title='bbox 3414 2182 3474 2231; x_wconf 90' lang='lat' dir='ltr'>ut</span> <span class='ocrx_word' id='word_1_509' title='bbox 3509 2192 3625 2233; x_wconf 87' lang='lat' dir='ltr'>esse</span> <span class='ocrx_word' id='word_1_510' title='bbox 3651 2194 3775 2250; x_wconf 90' lang='lat' dir='ltr'>pos-</span> 
     </span>
    </p>
   </div>
   <div class='ocr_carea' id='block_1_68' title="bbox 2200 2261 3774 2336">
    <p class='ocr_par' dir='ltr' id='par_1_68' title="bbox 2200 2261 3774 2336">
     <span class='ocr_line' id='line_1_68' title="bbox 2200 2261 3774 2336; baseline 0.002 -17"><span class='ocrx_word' id='word_1_511' title='bbox 2200 2264 2320 2319; x_wconf 86' lang='lat' dir='ltr'>sitis</span> <span class='ocrx_word' id='word_1_512' title='bbox 2352 2283 2364 2323; x_wconf 90' lang='lat'>:</span> <span class='ocrx_word' id='word_1_513' title='bbox 2402 2264 2543 2319; x_wconf 91' lang='lat' dir='ltr'>Deus</span> <span class='ocrx_word' id='word_1_514' title='bbox 2570 2262 2764 2317; x_wconf 88' lang='lat' dir='ltr'>melior</span> <span class='ocrx_word' id='word_1_515' title='bbox 2791 2261 3038 2317; x_wconf 91' lang='lat' dir='ltr'>inventus</span> <span class='ocrx_word' id='word_1_516' title='bbox 3070 2270 3172 2330; x_wconf 90' lang='lat' dir='ltr'>est,</span> <span class='ocrx_word' id='word_1_517' title='bbox 3212 2264 3301 2336; x_wconf 90' lang='lat' dir='ltr'>qui</span> <span class='ocrx_word' id='word_1_518' title='bbox 3344 2279 3443 2320; x_wconf 91' lang='lat' dir='ltr'>nec</span> <span class='ocrx_word' id='word_1_519' title='bbox 3471 2265 3774 2333; x_wconf 87' lang='lat' dir='ltr'>offenditur,</span> 
     </span>
    </p>
   </div>
   <div class='ocr_carea' id='block_1_69' title="bbox 2198 2350 3781 2427">
    <p class='ocr_par' dir='ltr' id='par_1_69' title="bbox 2198 2350 3781 2427">
     <span class='ocr_line' id='line_1_69' title="bbox 2198 2350 3781 2427; baseline 0.003 -19"><span class='ocrx_word' id='word_1_520' title='bbox 2198 2369 2295 2408; x_wconf 92' lang='lat' dir='ltr'>nec</span> <span class='ocrx_word' id='word_1_521' title='bbox 2351 2351 2625 2419; x_wconf 82' lang='lat' dir='ltr'>irascitur,</span> <span class='ocrx_word' id='word_1_522' title='bbox 2664 2365 2768 2406; x_wconf 91' lang='lat' dir='ltr'>nec</span> <span class='ocrx_word' id='word_1_523' title='bbox 2812 2350 3110 2417; x_wconf 89' lang='lat' dir='ltr'>ulciscitur,</span> <span class='ocrx_word' id='word_1_524' title='bbox 3152 2353 3237 2408; x_wconf 92' lang='lat' dir='ltr'>cui</span> <span class='ocrx_word' id='word_1_525' title='bbox 3285 2353 3466 2408; x_wconf 89' lang='lat' dir='ltr'>nullus</span> <span class='ocrx_word' id='word_1_526' title='bbox 3521 2355 3657 2427; x_wconf 85' lang='lat' dir='ltr'>ignis</span> <span class='ocrx_word' id='word_1_527' title='bbox 3690 2372 3781 2413; x_wconf 89' lang='lat' dir='ltr'>co-</span> 
     </span>
    </p>
   </div>
   <div class='ocr_carea' id='block_1_70' title="bbox 2197 2440 3782 2514">
    <p class='ocr_par' dir='ltr' id='par_1_70' title="bbox 2197 2440 3782 2514">
     <span class='ocr_line' id='line_1_70' title="bbox 2197 2440 3782 2514; baseline 0.001 -16"><span class='ocrx_word' id='word_1_528' title='bbox 2197 2445 2382 2514; x_wconf 88' lang='lat' dir='ltr'>quitur</span> <span class='ocrx_word' id='word_1_529' title='bbox 2404 2441 2455 2495; x_wconf 91' lang='lat' dir='ltr'>in</span> <span class='ocrx_word' id='word_1_530' title='bbox 2496 2442 2762 2513; x_wconf 88' lang='lat' dir='ltr'>gehenna,</span> <span class='ocrx_word' id='word_1_531' title='bbox 2794 2440 2877 2495; x_wconf 89' lang='lat' dir='ltr'>cui</span> <span class='ocrx_word' id='word_1_532' title='bbox 2910 2440 3091 2495; x_wconf 89' lang='lat' dir='ltr'>nullus</span> <span class='ocrx_word' id='word_1_533' title='bbox 3127 2440 3373 2498; x_wconf 88' lang='lat' dir='ltr'>dentium</span> <span class='ocrx_word' id='word_1_534' title='bbox 3402 2442 3624 2500; x_wconf 87' lang='lat' dir='ltr'>frendor</span> <span class='ocrx_word' id='word_1_535' title='bbox 3652 2447 3782 2502; x_wconf 87' lang='lat' dir='ltr'>bor-</span> 
     </span>
    </p>
   </div>
   <div class='ocr_carea' id='block_1_71' title="bbox 2197 2528 3783 2605">
    <p class='ocr_par' dir='ltr' id='par_1_71' title="bbox 2197 2528 3783 2605">
     <span class='ocr_line' id='line_1_71' title="bbox 2197 2528 3783 2605; baseline 0.001 -18"><span class='ocrx_word' id='word_1_536' title='bbox 2197 2540 2279 2587; x_wconf 91' lang='lat' dir='ltr'>ret</span> <span class='ocrx_word' id='word_1_537' title='bbox 2328 2531 2383 2586; x_wconf 89' lang='lat' dir='ltr'>in</span> <span class='ocrx_word' id='word_1_538' title='bbox 2436 2529 2791 2585; x_wconf 89' lang='lat' dir='ltr'>exterioribus</span> <span class='ocrx_word' id='word_1_539' title='bbox 2845 2528 3117 2598; x_wconf 86' lang='lat' dir='ltr'>tenebris;</span> <span class='ocrx_word' id='word_1_540' title='bbox 3178 2530 3354 2586; x_wconf 89' lang='lat' dir='ltr'>bonus</span> <span class='ocrx_word' id='word_1_541' title='bbox 3420 2539 3624 2588; x_wconf 85' lang='lat' dir='ltr'>tantum</span> <span class='ocrx_word' id='word_1_542' title='bbox 3677 2544 3783 2605; x_wconf 89' lang='lat' dir='ltr'>est,</span> 
     </span>
    </p>
   </div>
   <div class='ocr_carea' id='block_1_72' title="bbox 2194 2616 3787 2691">
    <p class='ocr_par' dir='ltr' id='par_1_72' title="bbox 2194 2616 3787 2691">
     <span class='ocr_line' id='line_1_72' title="bbox 2194 2616 3787 2691; baseline 0.003 -18"><span class='ocrx_word' id='word_1_543' title='bbox 2194 2620 2426 2691; x_wconf 89' lang='lat' dir='ltr'>denique</span> <span class='ocrx_word' id='word_1_544' title='bbox 2470 2617 2717 2689; x_wconf 90' lang='lat' dir='ltr'>prohibet</span> <span class='ocrx_word' id='word_1_545' title='bbox 2763 2616 3099 2689; x_wconf 90' lang='lat' dir='ltr'>delinquere,</span> <span class='ocrx_word' id='word_1_546' title='bbox 3158 2619 3255 2675; x_wconf 90' lang='lat' dir='ltr'>sed</span> <span class='ocrx_word' id='word_1_547' title='bbox 3292 2619 3482 2677; x_wconf 88' lang='lat' dir='ltr'>litteris</span> <span class='ocrx_word' id='word_1_548' title='bbox 3527 2622 3675 2677; x_wconf 89' lang='lat' dir='ltr'>solis.</span> <span class='ocrx_word' id='word_1_549' title='bbox 3724 2625 3787 2677; x_wconf 89' lang='lat' dir='ltr'><strong>In</strong></span> 
     </span>
    </p>
   </div>
   <div class='ocr_carea' id='block_1_73' title="bbox 2194 2704 3790 2782">
    <p class='ocr_par' dir='ltr' id='par_1_73' title="bbox 2194 2704 3790 2782">
     <span class='ocr_line' id='line_1_73' title="bbox 2194 2704 3790 2782; baseline 0.002 -19"><span class='ocrx_word' id='word_1_550' title='bbox 2194 2706 2346 2766; x_wconf 92' lang='lat' dir='ltr'>vobis</span> <span class='ocrx_word' id='word_1_551' title='bbox 2378 2714 2480 2774; x_wconf 90' lang='lat' dir='ltr'>est,</span> <span class='ocrx_word' id='word_1_552' title='bbox 2523 2706 2570 2761; x_wconf 91' lang='lat' dir='ltr'>si</span> <span class='ocrx_word' id='word_1_553' title='bbox 2615 2704 2811 2775; x_wconf 87' lang='lat' dir='ltr'>velitis,</span> <span class='ocrx_word' id='word_1_554' title='bbox 2852 2705 2928 2760; x_wconf 92' lang='lat' dir='ltr'>illi</span> <span class='ocrx_word' id='word_1_555' title='bbox 2976 2706 3299 2779; x_wconf 89' lang='lat' dir='ltr'>obsequium</span> <span class='ocrx_word' id='word_1_556' title='bbox 3337 2708 3679 2782; x_wconf 87' lang='lat' dir='ltr'>subsignare,</span> <span class='ocrx_word' id='word_1_557' title='bbox 3730 2720 3790 2766; x_wconf 89' lang='lat' dir='ltr'>ut</span> 
     </span>
    </p>
   </div>
   <div class='ocr_carea' id='block_1_74' title="bbox 2196 2794 3792 2856">
    <p class='ocr_par' dir='ltr' id='par_1_74' title="bbox 2196 2794 3792 2856">
     <span class='ocr_line' id='line_1_74' title="bbox 2196 2794 3792 2856; baseline 0.004 -7"><span class='ocrx_word' id='word_1_558' title='bbox 2196 2797 2453 2851; x_wconf 89' lang='lat' dir='ltr'>honorem</span> <span class='ocrx_word' id='word_1_559' title='bbox 2494 2795 2609 2851; x_wconf 87' lang='lat' dir='ltr'>Deo</span> <span class='ocrx_word' id='word_1_560' title='bbox 2658 2794 2912 2851; x_wconf 88' lang='lat' dir='ltr'>habuisse</span> <span class='ocrx_word' id='word_1_561' title='bbox 2966 2795 3258 2854; x_wconf 87' lang='lat' dir='ltr'>videamini</span> <span class='ocrx_word' id='word_1_562' title='bbox 3300 2816 3315 2854; x_wconf 91' lang='lat'><strong>:</strong></span> <span class='ocrx_word' id='word_1_563' title='bbox 3358 2799 3605 2855; x_wconf 87' lang='lat' dir='ltr'>timorem</span> <span class='ocrx_word' id='word_1_564' title='bbox 3645 2801 3792 2856; x_wconf 90' lang='lat' dir='ltr'>enim</span> 
     </span>
    </p>
   </div>
   <div class='ocr_carea' id='block_1_75' title="bbox 2195 2885 3791 2958">
    <p class='ocr_par' dir='ltr' id='par_1_75' title="bbox 2195 2885 3791 2958">
     <span class='ocr_line' id='line_1_75' title="bbox 2195 2885 3791 2958; baseline 0.003 -19"><span class='ocrx_word' id='word_1_565' title='bbox 2195 2900 2305 2940; x_wconf 91' lang='lat' dir='ltr'>non</span> <span class='ocrx_word' id='word_1_566' title='bbox 2341 2885 2475 2941; x_wconf 89' lang='lat' dir='ltr'>vult.</span> <span class='ocrx_word' id='word_1_567' title='bbox 2507 2886 2683 2956; x_wconf 84' lang='lat' dir='ltr'>Atque</span> <span class='ocrx_word' id='word_1_568' title='bbox 2727 2885 2864 2941; x_wconf 90' lang='lat' dir='ltr'>adeo</span> <span class='ocrx_word' id='word_1_569' title='bbox 2918 2900 3031 2955; x_wconf 83' lang='lat' dir='ltr'>prae</span> <span class='ocrx_word' id='word_1_570' title='bbox 3086 2902 3145 2941; x_wconf 90' lang='lat' dir='ltr'>se</span> <span class='ocrx_word' id='word_1_571' title='bbox 3199 2886 3382 2944; x_wconf 90' lang='lat' dir='ltr'>ferunt</span> <span class='ocrx_word' id='word_1_572' title='bbox 3444 2889 3791 2958; x_wconf 57' lang='lat' dir='ltr'>Marcionita,</span> 
     </span>
    </p>
   </div>
   <div class='ocr_carea' id='block_1_76' title="bbox 2194 2974 3796 3047">
    <p class='ocr_par' dir='ltr' id='par_1_76' title="bbox 2194 2974 3796 3047">
     <span class='ocr_line' id='line_1_76' title="bbox 2194 2974 3796 3047; baseline 0.004 -18"><span class='ocrx_word' id='word_1_573' title='bbox 2194 2975 2336 3047; x_wconf 91' lang='lat' dir='ltr'>quod</span> <span class='ocrx_word' id='word_1_574' title='bbox 2364 2975 2539 3029; x_wconf 91' lang='lat' dir='ltr'>Deum</span> <span class='ocrx_word' id='word_1_575' title='bbox 2583 2990 2741 3030; x_wconf 89' lang='lat' dir='ltr'>suum</span> <span class='ocrx_word' id='word_1_576' title='bbox 2786 2974 3009 3031; x_wconf 91' lang='lat' dir='ltr'>omnino</span> <span class='ocrx_word' id='word_1_577' title='bbox 3047 2990 3156 3032; x_wconf 92' lang='lat' dir='ltr'>non</span> <span class='ocrx_word' id='word_1_578' title='bbox 3193 2976 3438 3035; x_wconf 85' lang='lat' dir='ltr'>timeant.</span> <span class='ocrx_word' id='word_1_579' title='bbox 3482 2979 3649 3035; x_wconf 87' lang='lat' dir='ltr'>Malus</span> <span class='ocrx_word' id='word_1_580' title='bbox 3696 2996 3796 3035; x_wconf 89' lang='lat' dir='ltr'>au-</span> 
     </span>
    </p>
   </div>
   <div class='ocr_carea' id='block_1_77' title="bbox 2118 3064 3798 3153">
    <p class='ocr_par' dir='ltr' id='par_1_77' title="bbox 2118 3064 3798 3153">
     <span class='ocr_line' id='line_1_77' title="bbox 2118 3064 3798 3153; baseline 0.007 -35"><span class='ocrx_word' id='word_1_581' title='bbox 2118 3074 2160 3153; x_wconf 77' lang='lat' dir='ltr'><strong>c</strong></span> <span class='ocrx_word' id='word_1_582' title='bbox 2191 3070 2319 3131; x_wconf 89' lang='lat' dir='ltr'>tem,</span> <span class='ocrx_word' id='word_1_583' title='bbox 2370 3064 2639 3135; x_wconf 89' lang='lat' dir='ltr'>inquiunt,</span> <span class='ocrx_word' id='word_1_584' title='bbox 2690 3064 2992 3137; x_wconf 86' lang='lat' dir='ltr'>timebitur,</span> <span class='ocrx_word' id='word_1_585' title='bbox 3051 3067 3227 3123; x_wconf 89' lang='lat' dir='ltr'>bonus</span> <span class='ocrx_word' id='word_1_586' title='bbox 3285 3075 3462 3123; x_wconf 90' lang='lat' dir='ltr'>autem</span> <span class='ocrx_word' id='word_1_587' title='bbox 3512 3069 3798 3143; x_wconf 78' lang='lat' dir='ltr'>diligetur.</span> 
     </span>
    </p>
   </div>
   <div class='ocr_carea' id='block_1_78' title="bbox 2195 3154 3798 3232">
    <p class='ocr_par' dir='ltr' id='par_1_78' title="bbox 2195 3154 3798 3232">
     <span class='ocr_line' id='line_1_78' title="bbox 2195 3154 3798 3232; baseline 0.006 -23"><span class='ocrx_word' id='word_1_588' title='bbox 2195 3154 2385 3220; x_wconf 89' lang='lat' dir='ltr'>Stulte,</span> <span class='ocrx_word' id='word_1_589' title='bbox 2420 3171 2581 3226; x_wconf 89' lang='lat' dir='ltr'>quem</span> <span class='ocrx_word' id='word_1_590' title='bbox 2610 3154 2901 3211; x_wconf 91' lang='lat' dir='ltr'>Dominum</span> <span class='ocrx_word' id='word_1_591' title='bbox 2932 3156 3194 3227; x_wconf 90' lang='lat' dir='ltr'>appellas,</span> <span class='ocrx_word' id='word_1_592' title='bbox 3242 3172 3408 3232; x_wconf 85' lang='lat' dir='ltr'>negas</span> <span class='ocrx_word' id='word_1_593' title='bbox 3458 3158 3798 3232; x_wconf 86' lang='lat' dir='ltr'>timendum;</span> 
     </span>
    </p>
   </div>
   <div class='ocr_carea' id='block_1_79' title="bbox 2192 3243 3806 3314">
    <p class='ocr_par' dir='ltr' id='par_1_79' title="bbox 2192 3243 3806 3314">
     <span class='ocr_line' id='line_1_79' title="bbox 2192 3243 3806 3314; baseline 0.006 -17"><span class='ocrx_word' id='word_1_594' title='bbox 2192 3258 2315 3297; x_wconf 91' lang='lat' dir='ltr'>cum</span> <span class='ocrx_word' id='word_1_595' title='bbox 2362 3243 2465 3298; x_wconf 90' lang='lat' dir='ltr'>hoc</span> <span class='ocrx_word' id='word_1_596' title='bbox 2512 3259 2710 3300; x_wconf 90' lang='lat' dir='ltr'>nomen</span> <span class='ocrx_word' id='word_1_597' title='bbox 2748 3246 3030 3314; x_wconf 88' lang='lat' dir='ltr'>potestatis</span> <span class='ocrx_word' id='word_1_598' title='bbox 3068 3246 3162 3313; x_wconf 88' lang='lat' dir='ltr'>sit,</span> <span class='ocrx_word' id='word_1_599' title='bbox 3210 3247 3366 3302; x_wconf 88' lang='lat' dir='ltr'>etiam</span> <span class='ocrx_word' id='word_1_600' title='bbox 3411 3247 3689 3307; x_wconf 65' lang='lat' dir='ltr'>timendae.</span> <span class='ocrx_word' id='word_1_601' title='bbox 3730 3254 3806 3307; x_wconf 83' lang='lat' dir='ltr'>At</span> 
     </span>
    </p>
   </div>
   <div class='ocr_carea' id='block_1_80' title="bbox 2190 3332 3807 3408">
    <p class='ocr_par' dir='ltr' id='par_1_80' title="bbox 2190 3332 3807 3408">
     <span class='ocr_line' id='line_1_80' title="bbox 2190 3332 3807 3408; baseline 0.007 -23"><span class='ocrx_word' id='word_1_602' title='bbox 2190 3332 2460 3403; x_wconf 91' lang='lat' dir='ltr'>quomodo</span> <span class='ocrx_word' id='word_1_603' title='bbox 2512 3332 2729 3404; x_wconf 83' lang='lat' dir='ltr'>diliges,</span> <span class='ocrx_word' id='word_1_604' title='bbox 2770 3332 2874 3387; x_wconf 88' lang='lat' dir='ltr'>nisi</span> <span class='ocrx_word' id='word_1_605' title='bbox 2918 3334 3107 3388; x_wconf 90' lang='lat' dir='ltr'>timeas</span> <span class='ocrx_word' id='word_1_606' title='bbox 3152 3348 3263 3390; x_wconf 91' lang='lat' dir='ltr'>non</span> <span class='ocrx_word' id='word_1_607' title='bbox 3309 3335 3580 3408; x_wconf 78' lang='lat' dir='ltr'>diligere?</span> <span class='ocrx_word' id='word_1_608' title='bbox 3632 3339 3807 3398; x_wconf 88' lang='lat' dir='ltr'>Plane</span> 
     </span>
    </p>
   </div>
   <div class='ocr_carea' id='block_1_81' title="bbox 2193 3422 3808 3495">
    <p class='ocr_par' dir='ltr' id='par_1_81' title="bbox 2193 3422 3808 3495">
     <span class='ocr_line' id='line_1_81' title="bbox 2193 3422 3808 3495; baseline 0.006 -20"><span class='ocrx_word' id='word_1_609' title='bbox 2193 3436 2293 3477; x_wconf 90' lang='lat' dir='ltr'>nec</span> <span class='ocrx_word' id='word_1_610' title='bbox 2343 3428 2495 3490; x_wconf 90' lang='lat' dir='ltr'>pater</span> <span class='ocrx_word' id='word_1_611' title='bbox 2543 3429 2668 3477; x_wconf 91' lang='lat' dir='ltr'>tuus</span> <span class='ocrx_word' id='word_1_612' title='bbox 2713 3430 2816 3488; x_wconf 88' lang='lat' dir='ltr'>est,</span> <span class='ocrx_word' id='word_1_613' title='bbox 2873 3422 2931 3476; x_wconf 93' lang='lat' dir='ltr'>in</span> <span class='ocrx_word' id='word_1_614' title='bbox 2991 3439 3152 3493; x_wconf 91' lang='lat' dir='ltr'>quem</span> <span class='ocrx_word' id='word_1_615' title='bbox 3209 3432 3477 3495; x_wconf 88' lang='lat' dir='ltr'>competat</span> <span class='ocrx_word' id='word_1_616' title='bbox 3542 3434 3594 3482; x_wconf 91' lang='lat' dir='ltr'>et</span> <span class='ocrx_word' id='word_1_617' title='bbox 3642 3443 3808 3485; x_wconf 88' lang='lat' dir='ltr'>amor</span> 
     </span>
    </p>
   </div>
   <div class='ocr_carea' id='block_1_82' title="bbox 2192 3509 3807 3585">
    <p class='ocr_par' dir='ltr' id='par_1_82' title="bbox 2192 3509 3807 3585">
     <span class='ocr_line' id='line_1_82' title="bbox 2192 3509 3807 3585; baseline 0.007 -22"><span class='ocrx_word' id='word_1_618' title='bbox 2192 3518 2415 3581; x_wconf 85' lang='lat' dir='ltr'>prOpter</span> <span class='ocrx_word' id='word_1_619' title='bbox 2443 3509 2723 3580; x_wconf 90' lang='lat' dir='ltr'>pietatem,</span> <span class='ocrx_word' id='word_1_620' title='bbox 2757 3519 2812 3567; x_wconf 91' lang='lat' dir='ltr'>et</span> <span class='ocrx_word' id='word_1_621' title='bbox 2841 3511 3002 3567; x_wconf 88' lang='lat' dir='ltr'>timor</span> <span class='ocrx_word' id='word_1_622' title='bbox 3027 3520 3249 3584; x_wconf 89' lang='lat' dir='ltr'>propter</span> <span class='ocrx_word' id='word_1_623' title='bbox 3296 3521 3613 3585; x_wconf 83' lang='lat' dir='ltr'>potestatem</span> <span class='ocrx_word' id='word_1_624' title='bbox 3639 3518 3669 3572; x_wconf 79' lang='lat'><strong><em>?</em></strong></span> <span class='ocrx_word' id='word_1_625' title='bbox 3700 3535 3807 3575; x_wconf 89' lang='lat' dir='ltr'>nec</span> 
     </span>
    </p>
   </div>
   <div class='ocr_carea' id='block_1_83' title="bbox 2192 3598 3807 3676">
    <p class='ocr_par' dir='ltr' id='par_1_83' title="bbox 2192 3598 3807 3676">
     <span class='ocr_line' id='line_1_83' title="bbox 2192 3598 3807 3676; baseline 0.006 -23"><span class='ocrx_word' id='word_1_626' title='bbox 2192 3598 2464 3668; x_wconf 90' lang='lat' dir='ltr'>legitimus</span> <span class='ocrx_word' id='word_1_627' title='bbox 2493 3600 2765 3657; x_wconf 90' lang='lat' dir='ltr'>dominus.</span> <span class='ocrx_word' id='word_1_628' title='bbox 2811 3607 2868 3655; x_wconf 88' lang='lat' dir='ltr'>ut</span> <span class='ocrx_word' id='word_1_629' title='bbox 2895 3600 3091 3675; x_wconf 80' lang='lat' dir='ltr'>diligas</span> <span class='ocrx_word' id='word_1_630' title='bbox 3129 3612 3350 3674; x_wconf 90' lang='lat' dir='ltr'>propter</span> <span class='ocrx_word' id='word_1_631' title='bbox 3378 3606 3807 3676; x_wconf 87' lang='lat' dir='ltr'>humanitatem,</span> 
     </span>
    </p>
   </div>
   <div class='ocr_carea' id='block_1_84' title="bbox 2191 3688 3809 3768">
    <p class='ocr_par' dir='ltr' id='par_1_84' title="bbox 2191 3688 3809 3768">
     <span class='ocr_line' id='line_1_84' title="bbox 2191 3688 3809 3768; baseline 0.004 -24"><span class='ocrx_word' id='word_1_632' title='bbox 2191 3696 2243 3744; x_wconf 91' lang='lat' dir='ltr'>et</span> <span class='ocrx_word' id='word_1_633' title='bbox 2280 3688 2472 3743; x_wconf 90' lang='lat' dir='ltr'>timeas</span> <span class='ocrx_word' id='word_1_634' title='bbox 2500 3700 2721 3760; x_wconf 88' lang='lat' dir='ltr'>propter</span> <span class='ocrx_word' id='word_1_635' title='bbox 2749 3688 3107 3761; x_wconf 90' lang='lat' dir='ltr'>disciplinam.</span> <span class='ocrx_word' id='word_1_636' title='bbox 3142 3690 3228 3746; x_wconf 89' lang='lat' dir='ltr'>Sic</span> <span class='ocrx_word' id='word_1_637' title='bbox 3265 3691 3495 3763; x_wconf 87' lang='lat' dir='ltr'>denique</span> <span class='ocrx_word' id='word_1_638' title='bbox 3537 3695 3809 3768; x_wconf 89' lang='lat' dir='ltr'>plagiarii</span> 
     </span>
    </p>
   </div>
   <div class='ocr_carea' id='block_1_85' title="bbox 2188 3777 3809 3852">
    <p class='ocr_par' dir='ltr' id='par_1_85' title="bbox 2188 3777 3809 3852">
     <span class='ocr_line' id='line_1_85' title="bbox 2188 3777 3809 3852; baseline 0.007 -22"><span class='ocrx_word' id='word_1_639' title='bbox 2188 3777 2506 3852; x_wconf 89' lang='lat' dir='ltr'>diliguntur,</span> <span class='ocrx_word' id='word_1_640' title='bbox 2548 3797 2654 3837; x_wconf 91' lang='lat' dir='ltr'>non</span> <span class='ocrx_word' id='word_1_641' title='bbox 2708 3780 2871 3837; x_wconf 89' lang='lat' dir='ltr'>etiam</span> <span class='ocrx_word' id='word_1_642' title='bbox 2925 3778 3100 3836; x_wconf 70' lang='lat'>279</span> <span class='ocrx_word' id='word_1_643' title='bbox 3156 3782 3430 3838; x_wconf 91' lang='lat' dir='ltr'>timentur.</span> <span class='ocrx_word' id='word_1_644' title='bbox 3479 3785 3601 3840; x_wconf 89' lang='lat' dir='ltr'>Non</span> <span class='ocrx_word' id='word_1_645' title='bbox 3649 3787 3809 3841; x_wconf 90' lang='lat' dir='ltr'>enim</span> 
     </span>
    </p>
   </div>
   <div class='ocr_carea' id='block_1_86' title="bbox 2191 3871 3809 3950">
    <p class='ocr_par' dir='ltr' id='par_1_86' title="bbox 2191 3871 3809 3950">
     <span class='ocr_line' id='line_1_86' title="bbox 2191 3871 3809 3950; baseline 0.003 -23"><span class='ocrx_word' id='word_1_646' title='bbox 2191 3871 2487 3937; x_wconf 90' lang='lat' dir='ltr'>timebitur,</span> <span class='ocrx_word' id='word_1_647' title='bbox 2528 3871 2634 3926; x_wconf 88' lang='lat' dir='ltr'>nisi</span> <span class='ocrx_word' id='word_1_648' title='bbox 2668 3874 2810 3941; x_wconf 88' lang='lat' dir='ltr'>justa</span> <span class='ocrx_word' id='word_1_649' title='bbox 2841 3879 2895 3927; x_wconf 92' lang='lat' dir='ltr'>et</span> <span class='ocrx_word' id='word_1_650' title='bbox 2933 3872 3203 3927; x_wconf 88' lang='lat' dir='ltr'>ordinaria</span> <span class='ocrx_word' id='word_1_651' title='bbox 3258 3873 3575 3929; x_wconf 87' lang='lat' dir='ltr'>dominatio.</span> <span class='ocrx_word' id='word_1_652' title='bbox 3625 3877 3809 3950; x_wconf 79' lang='lat' dir='ltr'>Diligi</span> 
     </span>
    </p>
   </div>
   <div class='ocr_carea' id='block_1_87' title="bbox 2190 3962 3813 4033">
    <p class='ocr_par' dir='ltr' id='par_1_87' title="bbox 2190 3962 3813 4033">
     <span class='ocr_line' id='line_1_87' title="bbox 2190 3962 3813 4033; baseline 0.004 -17"><span class='ocrx_word' id='word_1_653' title='bbox 2190 3972 2369 4017; x_wconf 89' lang='lat' dir='ltr'>autem</span> <span class='ocrx_word' id='word_1_654' title='bbox 2416 3970 2597 4033; x_wconf 88' lang='lat' dir='ltr'>potest</span> <span class='ocrx_word' id='word_1_655' title='bbox 2651 3962 2812 4017; x_wconf 89' lang='lat' dir='ltr'>etiam</span> <span class='ocrx_word' id='word_1_656' title='bbox 2860 3964 3121 4019; x_wconf 88' lang='lat' dir='ltr'>adultera.</span> <span class='ocrx_word' id='word_1_657' title='bbox 3188 3962 3578 4022; x_wconf 88' lang='lat' dir='ltr'>Sollicitatione</span> <span class='ocrx_word' id='word_1_658' title='bbox 3648 3968 3813 4022; x_wconf 91' lang='lat' dir='ltr'>enim</span> 
     </span>
    </p>
   </div>
   <div class='ocr_carea' id='block_1_88' title="bbox 2190 4052 3813 4128">
    <p class='ocr_par' dir='ltr' id='par_1_88' title="bbox 2190 4052 3813 4128">
     <span class='ocr_line' id='line_1_88' title="bbox 2190 4052 3813 4128; baseline 0.004 -22"><span class='ocrx_word' id='word_1_659' title='bbox 2190 4058 2418 4116; x_wconf 88' lang='lat' dir='ltr'>constat,</span> <span class='ocrx_word' id='word_1_660' title='bbox 2450 4065 2560 4106; x_wconf 91' lang='lat' dir='ltr'>non</span> <span class='ocrx_word' id='word_1_661' title='bbox 2607 4054 2950 4122; x_wconf 88' lang='lat' dir='ltr'>auctoritate;</span> <span class='ocrx_word' id='word_1_662' title='bbox 2992 4061 3045 4109; x_wconf 89' lang='lat' dir='ltr'>et</span> <span class='ocrx_word' id='word_1_663' title='bbox 3089 4052 3421 4122; x_wconf 89' lang='lat' dir='ltr'>adulatione,</span> <span class='ocrx_word' id='word_1_664' title='bbox 3469 4071 3580 4112; x_wconf 90' lang='lat' dir='ltr'>non</span> <span class='ocrx_word' id='word_1_665' title='bbox 3625 4065 3813 4128; x_wconf 88' lang='lat' dir='ltr'>pote-</span> 
     </span>
    </p>
   </div>
   <div class='ocr_carea' id='block_1_89' title="bbox 2192 4140 3814 4217">
    <p class='ocr_par' dir='ltr' id='par_1_89' title="bbox 2192 4140 3814 4217">
     <span class='ocr_line' id='line_1_89' title="bbox 2192 4140 3814 4217; baseline 0.004 -22"><span class='ocrx_word' id='word_1_666' title='bbox 2192 4148 2347 4195; x_wconf 89' lang='lat' dir='ltr'>state.</span> <span class='ocrx_word' id='word_1_667' title='bbox 2389 4140 2531 4209; x_wconf 90' lang='lat' dir='ltr'>Quid</span> <span class='ocrx_word' id='word_1_668' title='bbox 2575 4141 2808 4213; x_wconf 89' lang='lat' dir='ltr'>denique</span> <span class='ocrx_word' id='word_1_669' title='bbox 2862 4143 3187 4214; x_wconf 88' lang='lat' dir='ltr'>adulantius,</span> <span class='ocrx_word' id='word_1_670' title='bbox 3232 4161 3393 4217; x_wconf 89' lang='lat' dir='ltr'>quam</span> <span class='ocrx_word' id='word_1_671' title='bbox 3441 4146 3641 4202; x_wconf 89' lang='lat' dir='ltr'>delicta</span> <span class='ocrx_word' id='word_1_672' title='bbox 3687 4164 3814 4205; x_wconf 89' lang='lat' dir='ltr'>non</span> 
     </span>
    </p>
   </div>
   <div class='ocr_carea' id='block_1_90' title="bbox 2190 4230 3817 4308">
    <p class='ocr_par' dir='ltr' id='par_1_90' title="bbox 2190 4230 3817 4308">
     <span class='ocr_line' id='line_1_90' title="bbox 2190 4230 3817 4308; baseline 0.004 -22"><span class='ocrx_word' id='word_1_673' title='bbox 2190 4230 2457 4302; x_wconf 80' lang='lat' dir='ltr'>exsequi?</span> <span class='ocrx_word' id='word_1_674' title='bbox 2495 4232 2610 4301; x_wconf 89' lang='lat' dir='ltr'>Age</span> <span class='ocrx_word' id='word_1_675' title='bbox 2658 4232 2858 4303; x_wconf 89' lang='lat' dir='ltr'>itaque,</span> <span class='ocrx_word' id='word_1_676' title='bbox 2916 4233 3007 4304; x_wconf 90' lang='lat' dir='ltr'>qui</span> <span class='ocrx_word' id='word_1_677' title='bbox 3052 4232 3225 4288; x_wconf 91' lang='lat' dir='ltr'>Deum</span> <span class='ocrx_word' id='word_1_678' title='bbox 3277 4250 3382 4289; x_wconf 90' lang='lat' dir='ltr'>non</span> <span class='ocrx_word' id='word_1_679' title='bbox 3430 4237 3587 4292; x_wconf 89' lang='lat' dir='ltr'>times</span> <span class='ocrx_word' id='word_1_680' title='bbox 3639 4238 3817 4308; x_wconf 88' lang='lat' dir='ltr'>quasi</span> 
     </span>
    </p>
   </div>
   <div class='ocr_carea' id='block_1_91' title="bbox 2116 4319 3816 4436">
    <p class='ocr_par' dir='ltr' id='par_1_91' title="bbox 2116 4319 3816 4436">
     <span class='ocr_line' id='line_1_91' title="bbox 2116 4319 3816 4436; baseline 0.006 -64"><span class='ocrx_word' id='word_1_681' title='bbox 2116 4358 2161 4436; x_wconf 69' lang='grc' dir='ltr'><strong>Β</strong></span> <span class='ocrx_word' id='word_1_682' title='bbox 2194 4319 2417 4390; x_wconf 89' lang='lat' dir='ltr'>bonum,</span> <span class='ocrx_word' id='word_1_683' title='bbox 2462 4320 2593 4392; x_wconf 88' lang='lat' dir='ltr'>quid</span> <span class='ocrx_word' id='word_1_684' title='bbox 2641 4334 2752 4377; x_wconf 89' lang='lat' dir='ltr'>non</span> <span class='ocrx_word' id='word_1_685' title='bbox 2814 4322 2868 4377; x_wconf 92' lang='lat' dir='ltr'>in</span> <span class='ocrx_word' id='word_1_686' title='bbox 2930 4337 3146 4377; x_wconf 90' lang='lat' dir='ltr'>omnem</span> <span class='ocrx_word' id='word_1_687' title='bbox 3208 4322 3491 4380; x_wconf 91' lang='lat' dir='ltr'>libidinem</span> <span class='ocrx_word' id='word_1_688' title='bbox 3544 4324 3816 4383; x_wconf 77' lang='lat' dir='ltr'>ebullis?</span> 
     </span>
     <span class='ocr_line' id='line_1_92' title="bbox 2194 4410 3816 4436; baseline 0 0"><span class='ocrx_word' id='word_1_689' title='bbox 2194 4424 2461 4436; x_wconf 57' lang='lat' dir='ltr'>nummum</span> <span class='ocrx_word' id='word_1_690' title='bbox 2521 4410 2658 4436; x_wconf 60' lang='lat' dir='ltr'>nn...)</span> <span class='ocrx_word' id='word_1_691' title='bbox 2721 4411 2882 4436; x_wconf 54' lang='lat' dir='ltr'>&quot;At-..</span> <span class='ocrx_word' id='word_1_692' title='bbox 2954 4412 3178 4436; x_wconf 67' lang='grc' dir='ltr'>ι’...ιιι.....</span> <span class='ocrx_word' id='word_1_693' title='bbox 3220 4413 3341 4436; x_wconf 74' lang='lat'>-.:.....</span> <span class='ocrx_word' id='word_1_694' title='bbox 3397 4417 3656 4436; x_wconf 59' lang='lat' dir='ltr'>-..._!L___</span> <span class='ocrx_word' id='word_1_695' title='bbox 3724 4417 3816 4436; x_wconf 56' lang='lat'>,__!</span> 
     </span>
    </p>
   </div>
   <div class='ocr_carea' id='block_1_92' title="bbox 2193 4410 3822 4490">
    <p class='ocr_par' dir='ltr' id='par_1_92' title="bbox 2193 4410 3822 4490">
     <span class='ocr_line' id='line_1_93' title="bbox 2193 4410 3822 4490; baseline 0.005 -26"><span class='ocrx_word' id='word_1_696' title='bbox 2193 4424 2485 4477; x_wconf 90' lang='lat' dir='ltr'>summum,</span> <span class='ocrx_word' id='word_1_697' title='bbox 2518 4410 2662 4482; x_wconf 92' lang='lat' dir='ltr'>quod</span> <span class='ocrx_word' id='word_1_698' title='bbox 2720 4411 2906 4477; x_wconf 89' lang='lat' dir='ltr'>sciam,</span> <span class='ocrx_word' id='word_1_699' title='bbox 2954 4412 3182 4467; x_wconf 87' lang='lat' dir='ltr'>fructum</span> <span class='ocrx_word' id='word_1_700' title='bbox 3220 4413 3344 4469; x_wconf 70' lang='lat' dir='ltr'>vita:</span> <span class='ocrx_word' id='word_1_701' title='bbox 3392 4417 3659 4471; x_wconf 88' lang='lat' dir='ltr'>omnibus</span> <span class='ocrx_word' id='word_1_702' title='bbox 3714 4417 3822 4490; x_wconf 88' lang='lat' dir='ltr'>qui</span> 
     </span>
    </p>
   </div>
   <div class='ocr_carea' id='block_1_93' title="bbox 2189 4500 3822 4575">
    <p class='ocr_par' dir='ltr' id='par_1_93' title="bbox 2189 4500 3822 4575">
     <span class='ocr_line' id='line_1_94' title="bbox 2189 4500 3822 4575; baseline 0.004 -20"><span class='ocrx_word' id='word_1_703' title='bbox 2189 4501 2360 4557; x_wconf 91' lang='lat' dir='ltr'>Deum</span> <span class='ocrx_word' id='word_1_704' title='bbox 2398 4515 2506 4557; x_wconf 90' lang='lat' dir='ltr'>non</span> <span class='ocrx_word' id='word_1_705' title='bbox 2563 4500 2787 4568; x_wconf 88' lang='lat' dir='ltr'>timent;</span> <span class='ocrx_word' id='word_1_706' title='bbox 2833 4502 2963 4575; x_wconf 89' lang='lat' dir='ltr'>quid</span> <span class='ocrx_word' id='word_1_707' title='bbox 3012 4517 3123 4557; x_wconf 90' lang='lat' dir='ltr'>non</span> <span class='ocrx_word' id='word_1_708' title='bbox 3171 4502 3481 4575; x_wconf 88' lang='lat' dir='ltr'>frequentas</span> <span class='ocrx_word' id='word_1_709' title='bbox 3542 4514 3657 4561; x_wconf 88' lang='lat' dir='ltr'>tam</span> <span class='ocrx_word' id='word_1_710' title='bbox 3711 4521 3822 4562; x_wconf 91' lang='lat' dir='ltr'>so-</span> 
     </span>
    </p>
   </div>
   <div class='ocr_carea' id='block_1_94' title="bbox 2189 4590 3823 4663">
    <p class='ocr_par' dir='ltr' id='par_1_94' title="bbox 2189 4590 3823 4663">
     <span class='ocr_line' id='line_1_95' title="bbox 2189 4590 3823 4663; baseline 0.006 -17"><span class='ocrx_word' id='word_1_711' title='bbox 2189 4590 2393 4647; x_wconf 88' lang='lat' dir='ltr'>lemnes</span> <span class='ocrx_word' id='word_1_712' title='bbox 2433 4592 2546 4663; x_wconf 80' lang='lat'>(85)</span> <span class='ocrx_word' id='word_1_713' title='bbox 2578 4592 2877 4663; x_wconf 86' lang='lat' dir='ltr'>voluptates</span> <span class='ocrx_word' id='word_1_714' title='bbox 2923 4593 3049 4650; x_wconf 91' lang='lat' dir='ltr'>circi</span> <span class='ocrx_word' id='word_1_715' title='bbox 3093 4593 3319 4651; x_wconf 87' lang='lat' dir='ltr'>furentis</span> <span class='ocrx_word' id='word_1_716' title='bbox 3362 4596 3430 4663; x_wconf 70' lang='grc'>³6,</span> <span class='ocrx_word' id='word_1_717' title='bbox 3470 4612 3661 4654; x_wconf 69' lang='lat' dir='ltr'>caveae</span> <span class='ocrx_word' id='word_1_718' title='bbox 3695 4613 3823 4655; x_wconf 76' lang='lat' dir='ltr'>sae-</span> 
     </span>
    </p>
   </div>
   <div class='ocr_carea' id='block_1_95' title="bbox 1866 4714 2411 4785">
    <p class='ocr_par' dir='ltr' id='par_1_95' title="bbox 1866 4714 2411 4785">
     <span class='ocr_line' id='line_1_96' title="bbox 1866 4714 2411 4785; baseline 0.006 -7"><span class='ocrx_word' id='word_1_719' title='bbox 1866 4714 2055 4782; x_wconf 82' lang='lat' dir='ltr'>Variae</span> <span class='ocrx_word' id='word_1_720' title='bbox 2099 4724 2411 4785; x_wconf 86' lang='lat' dir='ltr'>lectiones.</span> 
     </span>
    </p>
   </div>
   <div class='ocr_carea' id='block_1_96' title="bbox 561 4818 3823 4907">
    <p class='ocr_par' dir='ltr' id='par_1_96' title="bbox 561 4818 3823 4907">
     <span class='ocr_line' id='line_1_97' title="bbox 561 4818 3823 4907; baseline 0.006 -33"><span class='ocrx_word' id='word_1_721' title='bbox 561 4821 624 4907; x_wconf 41' lang='lat'>3:}.</span> <span class='ocrx_word' id='word_1_722' title='bbox 651 4821 772 4875; x_wconf 90' lang='lat' dir='ltr'>Non</span> <span class='ocrx_word' id='word_1_723' title='bbox 815 4818 1260 4907; x_wconf 21' lang='lat' dir='ltr'>ptwsemlhnon</span> <span class='ocrx_word' id='word_1_724' title='bbox 1294 4826 1360 4907; x_wconf 41' lang='lat' dir='ltr'>[et</span> <span class='ocrx_word' id='word_1_725' title='bbox 1580 4819 1629 4859; x_wconf 67' lang='grc'>³2</span> <span class='ocrx_word' id='word_1_726' title='bbox 1676 4819 1837 4877; x_wconf 89' lang='lat' dir='ltr'>Enim</span> <span class='ocrx_word' id='word_1_727' title='bbox 1865 4825 2043 4883; x_wconf 78' lang='lat' dir='ltr'>Paris.</span> <span class='ocrx_word' id='word_1_728' title='bbox 2102 4824 2153 4865; x_wconf 84' lang='lat'><strong>33</strong></span> <span class='ocrx_word' id='word_1_729' title='bbox 2182 4826 2253 4882; x_wconf 92' lang='lat' dir='ltr'>Ut</span> <span class='ocrx_word' id='word_1_730' title='bbox 2292 4826 2527 4885; x_wconf 88' lang='lat' dir='ltr'>Semler.</span> <span class='ocrx_word' id='word_1_731' title='bbox 2565 4825 2787 4885; x_wconf 83' lang='lat' dir='ltr'>Oberth.</span> <span class='ocrx_word' id='word_1_732' title='bbox 2830 4826 2878 4868; x_wconf 65' lang='grc'>³4</span> <span class='ocrx_word' id='word_1_733' title='bbox 2913 4826 3040 4886; x_wconf 86' lang='lat' dir='ltr'>Haec</span> <span class='ocrx_word' id='word_1_734' title='bbox 3068 4830 3282 4907; x_wconf 32' lang='lat' dir='ltr'>alii}5</span> <span class='ocrx_word' id='word_1_735' title='bbox 3312 4832 3571 4890; x_wconf 87' lang='lat' dir='ltr'>Bonitatis</span> <span class='ocrx_word' id='word_1_736' title='bbox 3617 4835 3823 4896; x_wconf 80' lang='lat' dir='ltr'>Rhen.</span> 
     </span>
    </p>
   </div>
   <div class='ocr_carea' id='block_1_97' title="bbox 490 4889 1506 4949">
    <p class='ocr_par' dir='ltr' id='par_1_97' title="bbox 490 4889 1506 4949">
     <span class='ocr_line' id='line_1_98' title="bbox 490 4889 1506 4949; baseline -0.002 0"><span class='ocrx_word' id='word_1_737' title='bbox 490 4892 540 4932; x_wconf 76' lang='grc'>³6</span> <span class='ocrx_word' id='word_1_738' title='bbox 568 4893 783 4949; x_wconf 89' lang='lat' dir='ltr'>Circum</span> <span class='ocrx_word' id='word_1_739' title='bbox 812 4889 1046 4946; x_wconf 87' lang='lat' dir='ltr'>furentes</span> <span class='ocrx_word' id='word_1_740' title='bbox 1074 4889 1248 4947; x_wconf 72' lang='lat' dir='ltr'>Rhea.</span> <span class='ocrx_word' id='word_1_741' title='bbox 1287 4892 1506 4948; x_wconf 81' lang='lat' dir='ltr'>Oberth.</span> 
     </span>
    </p>
   </div>
   <div class='ocr_carea' id='block_1_98' title="bbox 1890 4987 2389 5055">
    <p class='ocr_par' dir='ltr' id='par_1_98' title="bbox 1890 4987 2389 5055">
     <span class='ocr_line' id='line_1_99' title="bbox 1890 4987 2389 5055; baseline 0.002 -4"><span class='ocrx_word' id='word_1_742' title='bbox 1890 4987 2389 5055; x_wconf 89' lang='lat' dir='ltr'>Commentarius.</span> 
     </span>
    </p>
   </div>
   <div class='ocr_carea' id='block_1_99' title="bbox 561 5092 2087 5167">
    <p class='ocr_par' dir='ltr' id='par_1_99' title="bbox 561 5092 2087 5167">
     <span class='ocr_line' id='line_1_100' title="bbox 561 5092 2087 5167; baseline 0.004 -20"><span class='ocrx_word' id='word_1_743' title='bbox 561 5094 676 5164; x_wconf 83' lang='grc'>(84)</span> <span class='ocrx_word' id='word_1_744' title='bbox 711 5092 1022 5167; x_wconf 69' lang='lat' dir='ltr'>Sententia:</span> <span class='ocrx_word' id='word_1_745' title='bbox 1058 5108 1176 5149; x_wconf 70' lang='lat' dir='ltr'>sure</span> <span class='ocrx_word' id='word_1_746' title='bbox 1198 5094 1773 5167; x_wconf 78' lang='lat' dir='ltr'>circumscriptorem.</span> <span class='ocrx_word' id='word_1_747' title='bbox 1809 5096 2087 5153; x_wconf 82' lang='lat' dir='ltr'>Circums-</span> 
     </span>
    </p>
   </div>
   <div class='ocr_carea' id='block_1_100' title="bbox 488 5166 2076 5240">
    <p class='ocr_par' dir='ltr' id='par_1_100' title="bbox 488 5166 2076 5240">
     <span class='ocr_line' id='line_1_101' title="bbox 488 5166 2076 5240; baseline 0.005 -21"><span class='ocrx_word' id='word_1_748' title='bbox 488 5166 795 5240; x_wconf 82' lang='lat' dir='ltr'>criptorem,</span> <span class='ocrx_word' id='word_1_749' title='bbox 831 5166 882 5220; x_wconf 93' lang='lat' dir='ltr'>id</span> <span class='ocrx_word' id='word_1_750' title='bbox 913 5174 1017 5234; x_wconf 90' lang='lat' dir='ltr'>est,</span> <span class='ocrx_word' id='word_1_751' title='bbox 1045 5167 1441 5240; x_wconf 81' lang='lat' dir='ltr'>abrogatorem,</span> <span class='ocrx_word' id='word_1_752' title='bbox 1485 5166 1924 5224; x_wconf 76' lang='lat' dir='ltr'>circumscribere</span> <span class='ocrx_word' id='word_1_753' title='bbox 1977 5186 2076 5240; x_wconf 89' lang='lat' dir='ltr'>pro</span> 
     </span>
    </p>
   </div>
   <div class='ocr_carea' id='block_1_101' title="bbox 488 5236 2080 5309">
    <p class='ocr_par' dir='ltr' id='par_1_101' title="bbox 488 5236 2080 5309">
     <span class='ocr_line' id='line_1_102' title="bbox 488 5236 2080 5309; baseline 0.004 -18"><span class='ocrx_word' id='word_1_754' title='bbox 488 5236 910 5293; x_wconf 81' lang='lat' dir='ltr'>circumducere</span> <span class='ocrx_word' id='word_1_755' title='bbox 932 5247 987 5292; x_wconf 90' lang='lat' dir='ltr'>et</span> <span class='ocrx_word' id='word_1_756' title='bbox 1038 5236 1364 5294; x_wconf 64' lang='lat' dir='ltr'>oblitterari:</span> <span class='ocrx_word' id='word_1_757' title='bbox 1418 5242 1670 5309; x_wconf 79' lang='lat' dir='ltr'>frequens</span> <span class='ocrx_word' id='word_1_758' title='bbox 1693 5236 2080 5309; x_wconf 74' lang='lat' dir='ltr'>jureconsultis</span> 
     </span>
    </p>
   </div>
   <div class='ocr_carea' id='block_1_102' title="bbox 484 5308 2077 5378">
    <p class='ocr_par' dir='ltr' id='par_1_102' title="bbox 484 5308 2077 5378">
     <span class='ocr_line' id='line_1_103' title="bbox 484 5308 2077 5378; baseline 0.004 -16"><span class='ocrx_word' id='word_1_759' title='bbox 484 5316 536 5362; x_wconf 89' lang='lat' dir='ltr'>et</span> <span class='ocrx_word' id='word_1_760' title='bbox 566 5308 877 5364; x_wconf 90' lang='lat' dir='ltr'>auctoribus</span> <span class='ocrx_word' id='word_1_761' title='bbox 909 5309 1114 5364; x_wconf 88' lang='lat' dir='ltr'>idoneis</span> <span class='ocrx_word' id='word_1_762' title='bbox 1146 5311 1391 5364; x_wconf 90' lang='lat' dir='ltr'>verbum.</span> <span class='ocrx_word' id='word_1_763' title='bbox 1440 5308 1632 5365; x_wconf 84' lang='lat' dir='ltr'>Cicero</span> <span class='ocrx_word' id='word_1_764' title='bbox 1686 5312 1741 5364; x_wconf 93' lang='lat' dir='ltr'>in</span> <span class='ocrx_word' id='word_1_765' title='bbox 1790 5313 2019 5368; x_wconf 83' lang='lat' dir='ltr'>Finibus</span> <span class='ocrx_word' id='word_1_766' title='bbox 2062 5353 2077 5378; x_wconf 90' lang='lat'>,</span> 
     </span>
    </p>
   </div>
   <div class='ocr_carea' id='block_1_103' title="bbox 488 5380 2079 5452">
    <p class='ocr_par' dir='ltr' id='par_1_103' title="bbox 488 5380 2079 5452">
     <span class='ocr_line' id='line_1_104' title="bbox 488 5380 2079 5452; baseline 0.006 -23"><span class='ocrx_word' id='word_1_767' title='bbox 488 5400 510 5429; x_wconf 73' lang='grc' dir='ltr'><strong><em>α</em></strong></span> <span class='ocrx_word' id='word_1_768' title='bbox 560 5380 995 5450; x_wconf 86' lang='lat' dir='ltr'>Circumscriptis</span> <span class='ocrx_word' id='word_1_769' title='bbox 1033 5380 1196 5452; x_wconf 87' lang='lat' dir='ltr'>igitur</span> <span class='ocrx_word' id='word_1_770' title='bbox 1250 5380 1314 5434; x_wconf 88' lang='lat' dir='ltr'>iis</span> <span class='ocrx_word' id='word_1_771' title='bbox 1374 5380 1651 5434; x_wconf 86' lang='lat' dir='ltr'>sententiis</span> <span class='ocrx_word' id='word_1_772' title='bbox 1727 5396 1863 5451; x_wconf 90' lang='lat' dir='ltr'>quas</span> <span class='ocrx_word' id='word_1_773' title='bbox 1920 5384 2079 5440; x_wconf 92' lang='lat' dir='ltr'>modo</span> 
     </span>
    </p>
   </div>
   <div class='ocr_carea' id='block_1_104' title="bbox 482 5454 940 5521">
    <p class='ocr_par' dir='ltr' id='par_1_104' title="bbox 482 5454 940 5521">
     <span class='ocr_line' id='line_1_105' title="bbox 482 5454 940 5521; baseline 0.007 -14"><span class='ocrx_word' id='word_1_774' title='bbox 482 5454 662 5521; x_wconf 90' lang='lat' dir='ltr'>posui.</span> <span class='ocrx_word' id='word_1_775' title='bbox 702 5476 725 5500; x_wconf 74' lang='grc' dir='ltr'><strong>η</strong></span> <span class='ocrx_word' id='word_1_776' title='bbox 756 5454 940 5510; x_wconf 73' lang='grc' dir='ltr'>ΒΠΕΝ.</span> 
     </span>
    </p>
   </div>
   <div class='ocr_carea' id='block_1_105' title="bbox 555 5524 2082 5597">
    <p class='ocr_par' dir='ltr' id='par_1_105' title="bbox 555 5524 2082 5597">
     <span class='ocr_line' id='line_1_106' title="bbox 555 5524 2082 5597; baseline 0.001 -18"><span class='ocrx_word' id='word_1_777' title='bbox 555 5526 665 5593; x_wconf 78' lang='grc'>(85)</span> <span class='ocrx_word' id='word_1_778' title='bbox 698 5528 764 5579; x_wconf 81' lang='lat' dir='ltr'>Et</span> <span class='ocrx_word' id='word_1_779' title='bbox 796 5526 918 5597; x_wconf 82' lang='lat' dir='ltr'>ipsa</span> <span class='ocrx_word' id='word_1_780' title='bbox 951 5524 1407 5597; x_wconf 65' lang='lat' dir='ltr'>trans/‘unctoria</span> <span class='ocrx_word' id='word_1_781' title='bbox 1428 5528 1728 5597; x_wconf 12' lang='lat' dir='ltr'>prwccptar.</span> <span class='ocrx_word' id='word_1_782' title='bbox 1754 5524 2082 5581; x_wconf 86' lang='lat' dir='ltr'>Transfunc-</span> 
     </span>
    </p>
   </div>
   <div class='ocr_carea' id='block_1_106' title="bbox 484 5595 2082 5667">
    <p class='ocr_par' dir='ltr' id='par_1_106' title="bbox 484 5595 2082 5667">
     <span class='ocr_line' id='line_1_107' title="bbox 484 5595 2082 5667; baseline 0.001 -16"><span class='ocrx_word' id='word_1_783' title='bbox 484 5600 619 5667; x_wconf 83' lang='lat' dir='ltr'>toria</span> <span class='ocrx_word' id='word_1_784' title='bbox 676 5595 832 5652; x_wconf 82' lang='lat' dir='ltr'>vocat</span> <span class='ocrx_word' id='word_1_785' title='bbox 879 5595 1270 5667; x_wconf 84' lang='lat' dir='ltr'>perfunctoria.</span> <span class='ocrx_word' id='word_1_786' title='bbox 1316 5595 1411 5649; x_wconf 84' lang='lat' dir='ltr'>Est</span> <span class='ocrx_word' id='word_1_787' title='bbox 1460 5605 1641 5667; x_wconf 86' lang='lat' dir='ltr'>autem</span> <span class='ocrx_word' id='word_1_788' title='bbox 1696 5596 2082 5664; x_wconf 87' lang='lat' dir='ltr'>jureconsultis</span> 
     </span>
    </p>
   </div>
   <div class='ocr_carea' id='block_1_107' title="bbox 480 5666 2079 5745">
    <p class='ocr_par' dir='ltr' id='par_1_107' title="bbox 480 5666 2079 5745">
     <span class='ocr_line' id='line_1_108' title="bbox 480 5666 2079 5745; baseline 0.004 -24"><span class='ocrx_word' id='word_1_789' title='bbox 480 5666 901 5738; x_wconf 87' lang='lat' dir='ltr'>perfunctorium</span> <span class='ocrx_word' id='word_1_790' title='bbox 936 5667 1080 5743; x_wconf 89' lang='lat' dir='ltr'>quod</span> <span class='ocrx_word' id='word_1_791' title='bbox 1135 5666 1241 5726; x_wconf 85' lang='lat' dir='ltr'>levi</span> <span class='ocrx_word' id='word_1_792' title='bbox 1268 5682 1394 5724; x_wconf 91' lang='lat' dir='ltr'>cura</span> <span class='ocrx_word' id='word_1_793' title='bbox 1447 5666 1503 5723; x_wconf 87' lang='lat' dir='ltr'>tit</span> <span class='ocrx_word' id='word_1_794' title='bbox 1549 5675 1602 5725; x_wconf 91' lang='lat' dir='ltr'>et</span> <span class='ocrx_word' id='word_1_795' title='bbox 1642 5668 1785 5723; x_wconf 90' lang='lat' dir='ltr'>aliud</span> <span class='ocrx_word' id='word_1_796' title='bbox 1846 5671 2079 5745; x_wconf 89' lang='lat' dir='ltr'>agendo,</span> 
     </span>
    </p>
   </div>
   <div class='ocr_carea' id='block_1_108' title="bbox 2196 5097 3833 5176">
    <p class='ocr_par' dir='ltr' id='par_1_108' title="bbox 2196 5097 3833 5176">
     <span class='ocr_line' id='line_1_109' title="bbox 2196 5097 3833 5176; baseline 0.005 -24"><span class='ocrx_word' id='word_1_797' title='bbox 2196 5098 2325 5176; x_wconf 80' lang='lat' dir='ltr'>dum</span> <span class='ocrx_word' id='word_1_798' title='bbox 2374 5097 2620 5155; x_wconf 90' lang='lat' dir='ltr'>videlicet</span> <span class='ocrx_word' id='word_1_799' title='bbox 2648 5116 2777 5176; x_wconf 13' lang='lat' dir='ltr'>gnon</span> <span class='ocrx_word' id='word_1_800' title='bbox 2812 5116 3070 5176; x_wconf 87' lang='lat' dir='ltr'>curamus</span> <span class='ocrx_word' id='word_1_801' title='bbox 3123 5110 3182 5159; x_wconf 88' lang='lat' dir='ltr'>ut</span> <span class='ocrx_word' id='word_1_802' title='bbox 3230 5103 3432 5176; x_wconf 88' lang='lat' dir='ltr'>aliquid</span> <span class='ocrx_word' id='word_1_803' title='bbox 3483 5106 3626 5161; x_wconf 90' lang='lat' dir='ltr'>bene</span> <span class='ocrx_word' id='word_1_804' title='bbox 3692 5105 3833 5171; x_wconf 82' lang='lat' dir='ltr'>ﬁat,</span> 
     </span>
    </p>
   </div>
   <div class='ocr_carea' id='block_1_109' title="bbox 2187 5171 3839 5246">
    <p class='ocr_par' dir='ltr' id='par_1_109' title="bbox 2187 5171 3839 5246">
     <span class='ocr_line' id='line_1_110' title="bbox 2187 5171 3839 5246; baseline 0.007 -23"><span class='ocrx_word' id='word_1_805' title='bbox 2187 5171 2289 5246; x_wconf 81' lang='lat' dir='ltr'>sed</span> <span class='ocrx_word' id='word_1_806' title='bbox 2316 5179 2521 5225; x_wconf 90' lang='lat' dir='ltr'>tantum</span> <span class='ocrx_word' id='word_1_807' title='bbox 2550 5179 2608 5226; x_wconf 93' lang='lat' dir='ltr'>ut</span> <span class='ocrx_word' id='word_1_808' title='bbox 2638 5172 2734 5246; x_wconf 81' lang='lat' dir='ltr'>fiat</span> <span class='ocrx_word' id='word_1_809' title='bbox 2761 5191 2773 5227; x_wconf 90' lang='lat'>:</span> <span class='ocrx_word' id='word_1_810' title='bbox 2816 5175 2941 5231; x_wconf 90' lang='lat' dir='ltr'>inde</span> <span class='ocrx_word' id='word_1_811' title='bbox 2964 5171 3358 5246; x_wconf 78' lang='lat' dir='ltr'>perfunctorie</span> <span class='ocrx_word' id='word_1_812' title='bbox 3387 5176 3732 5234; x_wconf 86' lang='lat' dir='ltr'>adverbium</span> <span class='ocrx_word' id='word_1_813' title='bbox 3773 5180 3839 5235; x_wconf 86' lang='lat' dir='ltr'>in</span> 
     </span>
    </p>
   </div>
   <div class='ocr_carea' id='block_1_110' title="bbox 2187 5241 3065 5315">
    <p class='ocr_par' dir='ltr' id='par_1_110' title="bbox 2187 5241 3065 5315">
     <span class='ocr_line' id='line_1_111' title="bbox 2187 5241 3065 5315; baseline 0.006 -18"><span class='ocrx_word' id='word_1_814' title='bbox 2187 5241 2373 5297; x_wconf 88' lang='lat' dir='ltr'>crebro</span> <span class='ocrx_word' id='word_1_815' title='bbox 2405 5259 2502 5297; x_wconf 88' lang='lat' dir='ltr'>usu</span> <span class='ocrx_word' id='word_1_816' title='bbox 2535 5244 2675 5315; x_wconf 89' lang='lat' dir='ltr'>apud</span> <span class='ocrx_word' id='word_1_817' title='bbox 2709 5245 2851 5301; x_wconf 90' lang='lat' dir='ltr'>illos.</span> <span class='ocrx_word' id='word_1_818' title='bbox 2881 5241 3065 5302; x_wconf 68' lang='lat' dir='ltr'>RtthN.</span> 
     </span>
    </p>
   </div>
   <div class='ocr_carea' id='block_1_111' title="bbox 2244 5314 3843 5393">
    <p class='ocr_par' dir='ltr' id='par_1_111' title="bbox 2244 5314 3843 5393">
     <span class='ocr_line' id='line_1_112' title="bbox 2244 5314 3843 5393; baseline 0.007 -27"><span class='ocrx_word' id='word_1_819' title='bbox 2244 5314 2374 5393; x_wconf 38' lang='lat'>.(86_)</span> <span class='ocrx_word' id='word_1_820' title='bbox 2410 5314 2724 5393; x_wconf 36' lang='lat' dir='ltr'>Velup&#39;tates</span> <span class='ocrx_word' id='word_1_821' title='bbox 2745 5320 2882 5393; x_wconf 79' lang='lat' dir='ltr'>circi</span> <span class='ocrx_word' id='word_1_822' title='bbox 2895 5318 3432 5393; x_wconf 77' lang='lat' dir='ltr'>furentis.Furorem</span> <span class='ocrx_word' id='word_1_823' title='bbox 3455 5321 3843 5376; x_wconf 77' lang='lat' dir='ltr'>etinsaniam</span> 
     </span>
    </p>
   </div>
   <div class='ocr_carea' id='block_1_112' title="bbox 2191 5386 3844 5463">
    <p class='ocr_par' dir='ltr' id='par_1_112' title="bbox 2191 5386 3844 5463">
     <span class='ocr_line' id='line_1_113' title="bbox 2191 5386 3844 5463; baseline 0.005 -26"><span class='ocrx_word' id='word_1_824' title='bbox 2191 5386 2545 5463; x_wconf 78' lang='lat' dir='ltr'>tribtti__circo</span> <span class='ocrx_word' id='word_1_825' title='bbox 2584 5396 2805 5463; x_wconf 79' lang='lat' dir='ltr'>veteres</span> <span class='ocrx_word' id='word_1_826' title='bbox 2826 5386 3221 5463; x_wconf 80' lang='lat' dir='ltr'>t‘ermeomnes</span> <span class='ocrx_word' id='word_1_827' title='bbox 3262 5392 3477 5448; x_wconf 87' lang='lat' dir='ltr'>docent.</span> <span class='ocrx_word' id='word_1_828' title='bbox 3519 5395 3844 5463; x_wconf 81' lang='lat' dir='ltr'>Augusti-</span> 
     </span>
    </p>
   </div>
   <div class='ocr_carea' id='block_1_113' title="bbox 2190 5457 3849 5531">
    <p class='ocr_par' dir='ltr' id='par_1_113' title="bbox 2190 5457 3849 5531">
     <span class='ocr_line' id='line_1_114' title="bbox 2190 5457 3849 5531; baseline 0.005 -21"><span class='ocrx_word' id='word_1_829' title='bbox 2190 5473 2295 5531; x_wconf 82' lang='lat' dir='ltr'>nus</span> <span class='ocrx_word' id='word_1_830' title='bbox 2342 5457 2518 5531; x_wconf 88' lang='lat' dir='ltr'>lib._u</span> <span class='ocrx_word' id='word_1_831' title='bbox 2562 5458 2628 5515; x_wconf 83' lang='lat' dir='ltr'>de</span> <span class='ocrx_word' id='word_1_832' title='bbox 2659 5461 2908 5531; x_wconf 76' lang='lat' dir='ltr'>Symbolo</span> <span class='ocrx_word' id='word_1_833' title='bbox 2945 5462 3015 5516; x_wconf 86' lang='lat' dir='ltr'>ad</span> <span class='ocrx_word' id='word_1_834' title='bbox 3064 5465 3491 5520; x_wconf 72' lang='lat' dir='ltr'>catechumenos</span> <span class='ocrx_word' id='word_1_835' title='bbox 3523 5484 3541 5519; x_wconf 91' lang='lat'><strong><em>:</em></strong></span> <span class='ocrx_word' id='word_1_836' title='bbox 3591 5457 3849 5531; x_wconf 54' lang='lat' dir='ltr'>(Quid</span> 
     </span>
    </p>
   </div>
   <div class='ocr_carea' id='block_1_114' title="bbox 2192 5528 3850 5606">
    <p class='ocr_par' dir='ltr' id='par_1_114' title="bbox 2192 5528 3850 5606">
     <span class='ocr_line' id='line_1_115' title="bbox 2192 5528 3850 5606; baseline 0.005 -25"><span class='ocrx_word' id='word_1_837' title='bbox 2192 5528 2421 5606; x_wconf 82' lang='lat' dir='ltr'>delectat</span> <span class='ocrx_word' id='word_1_838' title='bbox 2452 5529 2505 5606; x_wconf 83' lang='lat' dir='ltr'>in</span> <span class='ocrx_word' id='word_1_839' title='bbox 2537 5528 2725 5606; x_wconf 68' lang='lat' dir='ltr'>circo?</span> <span class='ocrx_word' id='word_1_840' title='bbox 2774 5533 2989 5606; x_wconf 86' lang='lat' dir='ltr'>aurigas</span> <span class='ocrx_word' id='word_1_841' title='bbox 3036 5534 3219 5590; x_wconf 89' lang='lat' dir='ltr'>videre</span> <span class='ocrx_word' id='word_1_842' title='bbox 3261 5544 3571 5590; x_wconf 87' lang='lat' dir='ltr'>certantes:</span> <span class='ocrx_word' id='word_1_843' title='bbox 3614 5528 3850 5606; x_wconf 67' lang='lat' dir='ltr'>popu-</span> 
     </span>
    </p>
   </div>
   <div class='ocr_carea' id='block_1_115' title="bbox 2192 5599 3853 5677">
    <p class='ocr_par' dir='ltr' id='par_1_115' title="bbox 2192 5599 3853 5677">
     <span class='ocr_line' id='line_1_116' title="bbox 2192 5599 3853 5677; baseline 0.006 -24"><span class='ocrx_word' id='word_1_844' title='bbox 2192 5599 2276 5677; x_wconf 80' lang='lat' dir='ltr'>los</span> <span class='ocrx_word' id='word_1_845' title='bbox 2307 5601 2527 5677; x_wconf 81' lang='lat' dir='ltr'>insania,</span> <span class='ocrx_word' id='word_1_846' title='bbox 2576 5603 2715 5677; x_wconf 86' lang='lat' dir='ltr'>furia</span> <span class='ocrx_word' id='word_1_847' title='bbox 2758 5599 3114 5662; x_wconf 82' lang='lat' dir='ltr'>anhelantes?</span> <span class='ocrx_word' id='word_1_848' title='bbox 3148 5627 3170 5656; x_wconf 67' lang='grc' dir='ltr'><strong><em>ι</em></strong></span> <span class='ocrx_word' id='word_1_849' title='bbox 3214 5608 3274 5663; x_wconf 84' lang='grc' dir='ltr'>Β.</span> <span class='ocrx_word' id='word_1_850' title='bbox 3317 5599 3731 5677; x_wconf 40' lang='lat' dir='ltr'>Hieronymus-</span> <span class='ocrx_word' id='word_1_851' title='bbox 3762 5609 3853 5663; x_wconf 84' lang='lat' dir='ltr'>ad</span> 
     </span>
    </p>
   </div>
   <div class='ocr_carea' id='block_1_116' title="bbox 2192 5672 3847 5753">
    <p class='ocr_par' dir='ltr' id='par_1_116' title="bbox 2192 5672 3847 5753">
     <span class='ocr_line' id='line_1_117' title="bbox 2192 5672 3847 5753; baseline 0.007 -24"><span class='ocrx_word' id='word_1_852' title='bbox 2192 5672 2498 5729; x_wconf 86' lang='lat' dir='ltr'>Marcellum</span> <span class='ocrx_word' id='word_1_853' title='bbox 2533 5690 2545 5732; x_wconf 88' lang='lat'><strong>:</strong></span> <span class='ocrx_word' id='word_1_854' title='bbox 2586 5676 2777 5733; x_wconf 78' lang='lat' dir='ltr'>Circus</span> <span class='ocrx_word' id='word_1_855' title='bbox 2807 5678 3084 5735; x_wconf 77' lang='lat' dir='ltr'>insaniat.</span> <span class='ocrx_word' id='word_1_856' title='bbox 3109 5678 3170 5734; x_wconf 92' lang='lat' dir='ltr'>B.</span> <span class='ocrx_word' id='word_1_857' title='bbox 3200 5672 3847 5753; x_wconf 57' lang='lat' dir='ltr'>Gregorius&#39;Naziauz.</span> 
     </span>
    </p>
   </div>
  </div>
