4032 6152
257 300 359 366 305

1501 305 1628 368 LIB.
1661 305 1682 367 l
1720 305 1874 368 ADV.
1906 304 2309 369 MARCIONEM.

3432 301 3538 364 306

253 431 438 530 vientis
479 431 614 504 (8'7),
654 440 706 530 et
751 449 925 530 scenae
980 431 1307 495 lascivientis
1359 435 1510 508 (88)?
1545 434 1677 511 quid
1734 449 1842 492 non
1873 449 1920 530 Α
1949 436 2222 510 quomodo
2276 442 2564 510 regenerat
2617 435 2708 510 qui
2763 453 2871 504 nou
2916 435 3290 511 regeneravit?
3318 432 3536 492 Iteratio

253 531 300 579 et
336 519 391 576 in
440 521 906 595 persecutionibus
941 526 1127 582 statim
1157 527 1334 584 oblata
1379 544 1562 583 acerra
1606 525 1836 581 animam

251 612 534 685 negatione
578 613 842 671 lucraris?
869 617 1050 685 Absit,
1084 617 1286 690 inquis,
1335 617 1496 674 absit.
1539 618 1687 688 Ergo
1725 618 1840 686 jam

252 702 404 757 times
451 703 728 774 delictum,
762 713 815 762 et
862 706 1099 763 timendo
1145 709 1384 780 probasti
1435 707 1584 763 illum
1637 705 1837 771 timeri,

247 793 332 865 qui
361 794 619 864 prohibet
665 795 944 852 delictum.
975 798 1132 854 Aliud
1162 807 1266 864 est,
1297 799 1341 856 si
1391 798 1576 853 eadem
1625 797 1714 851 dei
1762 793 1839 851 tui

248 883 613 953 perversitate,
645 900 803 956 quem
835 902 942 942 non
989 888 1166 955 times,
1196 887 1475 957 observas,
1507 902 1615 957 qua
1659 893 1712 940 et
1749 883 1840 938 ille

249 972 382 1042 quod
436 986 548 1027 non
595 973 846 1041 vindicat,
899 976 1164 1045 prohibet.
1194 977 1359 1033 Multo
1408 978 1583 1032 adhuc
1626 973 1838 1038 vanius,

251 1075 361 1114 cum
396 1061 744 1136 interrogati,
774 1064 908 1135 quid
956 1063 1050 1122 ﬁet
1101 1067 1373 1137 peccatori
1403 1065 1596 1138 cuique
1622 1062 1837 1125 dieillo,

251 1153 588 1222 respondent
634 1153 682 1192 37
713 1153 873 1222 abjici
902 1154 1057 1211 illum
1113 1155 1270 1227 quasi
1307 1157 1375 1211 ab
1431 1155 1617 1211 oculis.
1651 1156 1841 1210 Nonne

246 1248 292 1295 et
338 1241 448 1296 hoc
486 1241 695 1312 judicio
740 1242 958 1316 agitur?
983 1243 1256 1313 judicatur
1301 1244 1443 1300 enim
1492 1243 1840 1313 abjiciendus,

246 1339 292 1385 et
319 1330 513 1402 utique
551 1331 756 1402 judicio
787 1333 1144 1390 damnationis
1183 1353 1198 1390 :
1240 1335 1342 1390 nisi
1371 1335 1416 1390 si
1443 1333 1494 1388 in
1535 1335 1584 1372 38
1614 1333 1839 1388 salutem

248 1420 534 1488 abjiciatur
580 1431 852 1492 peccator,
885 1432 946 1480 ut
991 1432 1046 1480 et
1088 1423 1193 1480 hoc
1219 1424 1334 1481 Deo
1376 1424 1578 1496 optimo
1613 1438 1838 1492 compe-

245 1518 328 1565 tat.
371 1513 443 1566 Et
491 1511 624 1582 quid
663 1512 765 1570 erit
802 1512 983 1583 abjici,
1017 1513 1120 1569 nisi
1159 1514 1402 1570 amittere
1448 1514 1502 1568 id
1547 1513 1697 1584 quod
1728 1516 1843 1567 erat

244 1607 660 1667 consecuturus,
693 1601 740 1656 si
795 1618 903 1658 non
958 1603 1316 1673 abjiceretur?
1356 1603 1412 1658 id
1467 1611 1547 1656 est
1596 1601 1839 1656 salutem.

244 1689 387 1761 Ergo
451 1690 641 1744 salutis
695 1690 750 1745 in
806 1691 1188 1747 detrimentum
1241 1691 1575 1759 abjicietur:

246 1777 466 1834 decerni
499 1794 605 1834 non
640 1780 835 1851 poterit
865 1780 966 1835 nisi
997 1783 1062 1836 ab
1082 1782 1242 1851 irato,
1264 1789 1318 1838 et
1347 1781 1582 1848 offenso,
1611 1789 1663 1836 et
1690 1794 1846 1836 exse-

250 1877 432 1923 cutore
470 1868 668 1936 delicti,
703 1868 757 1924 id
795 1877 879 1928 est
901 1869 1104 1941 judice.

803 2012 1024 2068 CAPUT
1050 2012 1301 2070 XXVIII.

316 2139 503 2193 Exitus
531 2146 712 2193 autem
744 2136 824 2193 illi
854 2137 1065 2207 abjecto
1096 2138 1359 2210 quis?Ab
1391 2138 1540 2210 igne,
1574 2138 1842 2210 inquiunt,

247 2227 524 2283 Creatoris
553 2226 1015 2296 deprehendetur.
1045 2227 1268 2283 Adeone
1297 2227 1500 2282 nullum
1537 2228 1696 2283 habet
1732 2227 1849 2282 ele-

245 2328 510 2383 mentum,
545 2319 631 2373 vel
671 2318 724 2372 in
772 2320 907 2375 hanc
955 2334 1196 2374 caussam
1225 2317 1522 2389 provisum,
1561 2332 1669 2389 quo
1715 2332 1848 2387 pec-

243 2417 453 2462 catores
483 2423 617 2462 suos
664 2406 750 2461 vel
800 2407 918 2463 sine
963 2407 1168 2464 saevitia
1198 2409 1417 2483 releget,
1447 2425 1512 2463 ne
1542 2407 1667 2461 illos
1692 2406 1853 2462 dedat

244 2496 530 2553 Creatori?
581 2495 722 2564 Quid
776 2503 904 2551 tunc
950 2497 1208 2554 Creator?
1236 2497 1428 2562 Credo,
1480 2496 1848 2567 sulphuratio-

246 2603 350 2640 rem
411 2586 498 2642 eis
558 2587 866 2657 gehennam
916 2587 1236 2656 praeparabit
1292 2588 1361 2651 39,
1411 2595 1467 2641 ut
1524 2585 1851 2655 blasphemis

244 2676 352 2730 suis
402 2674 619 2731 scilicet
678 2692 690 2731 :
756 2675 857 2729 nisi
913 2675 1056 2745 quod
1107 2677 1257 2741 Deus
1313 2676 1511 2731 zelotes
1559 2674 1852 2730 fortassean

242 2761 618 2817 desertoribus
650 2761 939 2817 adversarii
968 2761 1050 2817 sui
1097 2770 1280 2833 parcat
1305 2764 1374 2816 40.
1432 2761 1478 2818 Ο
1534 2764 1706 2817 Deum
1757 2777 1850 2816 us-

245 2867 573 2922 quequaque
611 2866 950 2921 perversum,
983 2851 1183 2921 ubique
1219 2850 1612 2915 inrationalem,
1643 2851 1696 2905 in
1728 2866 1851 2906 om-

1949 529 2091 585 enim
2122 546 2232 587 non
2259 529 2518 602 competit
2543 527 2594 586 ei
2629 545 2658 585 a
2703 544 2811 601 quo
2847 527 2978 600 quid
3009 545 3108 584 nec
3144 527 3308 586 semel
3338 525 3535 582 factum

1948 627 2061 676 est.
2109 620 2166 676 Si
2230 620 2537 678 consecutio
2593 630 2675 676 est
2731 618 2964 690 Spiritus
3018 620 3202 690 sancti,
3263 616 3536 689 quomodo

1947 708 2195 779 spiritum
2234 711 2523 778 adtribuet,
2551 709 2642 782 qui
2672 710 2905 765 animam
2950 723 3055 764 non
3088 707 3238 780 prius
3272 705 3536 762 contulit?

1948 799 2072 870 quia
2094 799 2386 856 suffectura
2413 808 2495 854 est
2518 799 2918 872 quodammodo
2941 796 3163 870 Spiritus
3191 795 3367 852 anima
3399 794 3534 865 (89).

1947 887 2131 960 Signat
2177 888 2344 961 igitur
2382 889 2678 953 hominem,
2709 903 2999 961 numquam
3027 887 3169 958 apud
3204 901 3262 941 se
3292 885 3538 956 resigna-

1948 983 2081 1043 tum,
2138 977 2278 1034 lavat
2334 979 2605 1035 hominem
2657 993 2932 1050 nunquam
2983 977 3127 1048 apud
3190 991 3248 1031 se
3299 971 3540 1044 coinqui-

1948 1071 2159 1135 natum;
2194 1075 2248 1122 et
2278 1067 2332 1122 in
2360 1069 2463 1123 hoc
2494 1075 2660 1124 totum
2689 1067 2877 1124 salutis
2903 1073 3296 1122 sacramentum
3327 1075 3541 1115 carnem

1950 1156 2144 1229 mergit
2201 1159 2322 1229 (90)
2375 1165 2640 1214 exsortem
2699 1157 2906 1213 salutis.
2956 1158 3072 1212 Nec
3127 1155 3360 1210 rusticus
3426 1158 3542 1204 ter-r

1949 1261 2061 1300 ram
2099 1245 2315 1319 rigabit,
2348 1247 2579 1303 fructum
2627 1265 2736 1304 non
2780 1249 3089 1312 relaturam,
3131 1245 3234 1301 nisi
3293 1254 3399 1298 tam
3451 1255 3546 1295 va-

1947 1351 2066 1400 nus,
2101 1351 2260 1406 quam
2310 1336 2446 1392 deus
2493 1337 2794 1394 Marcionis.
2827 1335 3080 1406 Proinde,
3113 1350 3211 1390 cur
3240 1333 3284 1370 41
3322 1339 3544 1394 tantam,

1950 1423 2065 1478 sive
2121 1423 2403 1489 sarcinam,
2457 1424 2570 1482 sive
2615 1425 2864 1496 gloriam,
2897 1421 3272 1479 infirmissimae
3320 1427 3410 1476 aut
3457 1419 3548 1472 in-

1948 1511 2280 1584 dignissimae
2383 1513 2530 1568 carni
2629 1514 2859 1584 imponit
2934 1513 3270 1568 sanctitatem
3304 1510 3332 1564 ‘I
3407 1507 3549 1577 Quid

1955 1600 2128 1656 dicam
2184 1609 2360 1657 autem
2413 1603 2480 1658 de
2538 1603 2835 1675 disciplinae
2892 1603 3142 1668 vanitate,
3185 1617 3292 1670 qua
3349 1597 3548 1652 sancti-

1630 1699 1684 1745 et
1742 1691 1846 1745 hoc
1879 1652 1922 1729 Β
1955 1691 2098 1759 ficat,
2160 1690 2516 1746 substantiam
2571 1652 2854 1747 sanctam?
2904 1689 3044 1758 Quid
3102 1699 3191 1745 aut
3252 1689 3301 1726 "2
3365 1693 3554 1742 onerat

1953 1779 2240 1849 infirmam,
2271 1787 2362 1835 aut
2409 1786 2636 1834 exornat
2683 1779 3003 1851 indignam?
3031 1777 3172 1847 Quid
3220 1791 3328 1831 non
3379 1774 3552 1829 salute

1957 1877 2286 1935 remunerat,
2327 1885 2489 1940 quam
2536 1877 2724 1925 onerat
2766 1867 2850 1925 vel
2882 1865 3146 1923 exornat?
3173 1864 3315 1933 Quid
3345 1864 3556 1918 fraudat

1959 1958 2258 2015 mercedem
2301 1959 2501 2030 cperis,
2531 1972 2638 2012 non
2670 1957 2970 2027 rependens
3018 1956 3068 1994 43
3112 1954 3262 2010 carni
3305 1953 3552 2008 salutem.

1964 2047 2106 2117 Quid
2163 2054 2217 2104 et
2273 2048 2536 2102 honorem
2566 2045 2867 2102 sanctitatis
2921 2044 2977 2100 in
3029 2043 3120 2099 illa
3166 2041 3304 2098 mori
3336 2040 3534 2114 patitur

2525 2233 2753 2292 CAPUT
2779 2233 2988 2290 XXIX.

2028 2408 2149 2463 Non
2183 2407 2443 2479 tinguitur
2474 2406 2616 2476 apud
2648 2406 2797 2460 illum
2825 2420 2968 2472 caro,
3005 2401 3108 2459 nisi
3140 2403 3314 2476 virgo,
3349 2401 3452 2456 nisi
3483 2401 3560 2457 vi-

1959 2496 2084 2562 dua,
2127 2495 2230 2551 nisi
2260 2496 2471 2560 caelebs,
2506 2495 2610 2551 nisi
2634 2495 2864 2550 divortio
2908 2495 2958 2532 ἰθ
3005 2492 3273 2562 baptisma
3299 2498 3561 2556 mercata,

1959 2588 2112 2657 quasi
2154 2601 2260 2643 non
2297 2586 2458 2642 etiam
2507 2585 2837 2655 spadonibus
2887 2600 2952 2638 ex
3000 2581 3201 2652 nuptiis
3242 2589 3386 2636 nata.
3428 2581 3559 2636 Sine

1961 2675 2126 2731 dubio
2165 2691 2232 2730 ex
2261 2674 2604 2730 damnatione
2631 2672 2878 2746 conjugii
2908 2671 3171 2727 institutio
3203 2670 3306 2725 ista
3332 2678 3556 2725 consta-

1960 2764 2058 2819 bit.
2078 2765 2371 2820 Videamus
2401 2779 2467 2816 an
2485 2765 2630 2833 justa
2660 2781 2674 2816 :
2708 2777 2816 2816 non
2845 2760 3000 2830 quasi
3029 2757 3358 2814 destructuri
3392 2757 3562 2812 felici-

1965 2859 2122 2907 tatem
2153 2851 2470 2916 sanctitatis,
2503 2861 2562 2905 ut
2604 2849 2767 2920 aliqui
2812 2847 3111 2914 Nicolaitae,
3160 2852 3461 2901 assertores
3490 2846 3560 2899 li-

247 2941 408 2994 nibus
439 2957 642 2996 vanum
672 2949 833 3011 atque
861 2938 937 2996 ita
973 2939 1272 2997 neminem!
1305 2942 1460 3011 cujus
1498 2955 1606 2995 non
1637 2947 1854 3004 statum,
1889 2940 1932 3017 ο
1960 2939 2158 2994 bidinis
2218 2948 2378 3011 atque
2431 2938 2656 2993 luxurim
2687 2954 2699 3006 ;
2751 2938 2845 2993 sed
2898 2938 2990 3010 qui
3046 2935 3382 2992 sanctitatem
3439 2933 3557 2990 sine

249 3043 364 3082 non
410 3029 798 3096 conditionem,
845 3044 953 3084 non
1007 3038 1280 3097 naturam,
1323 3043 1432 3084 non
1478 3028 1645 3104 ullum
1701 3027 1853 3084 ordi-

259 3131 388 3169 nem
415 3115 572 3170 video
615 3117 932 3184 consistere;
991 3115 1166 3173 280
1221 3119 1332 3187 jam
1381 3133 1481 3171 nec
1519 3117 1696 3189 ipsum
1727 3115 1849 3171 ﬁdei

259 3204 383 3271 ejus
426 3216 825 3260 sacramentum.
861 3205 959 3260 Cui
1007 3206 1149 3260 enim
1199 3206 1278 3261 rei
1325 3207 1590 3276 baptisma
1635 3221 1850 3277 quoque

248 3292 398 3361 apud
466 3309 587 3348 eum
640 3295 919 3367 exigitur?
977 3295 1034 3350 Si
1082 3295 1325 3350 remissio
1382 3294 1690 3351 delictorum
1745 3303 1846 3366 est,

248 3381 524 3451 quomodo
555 3383 823 3438 videbitur
861 3381 1054 3438 delicta
1096 3382 1385 3446 dimittere,
1416 3382 1511 3453 qui
1551 3397 1655 3438 non
1701 3382 1850 3439 vide-

248 3469 398 3524 bitur
443 3472 716 3525 retinere‘?
765 3471 890 3542 quia
935 3471 1216 3540 retineret,
1249 3472 1294 3526 si
1333 3471 1618 3538 judicaret.
1652 3470 1709 3524 Si
1754 3473 1850 3527 ab-

247 3559 446 3614 solutio
502 3560 696 3616 mortis
751 3569 851 3625 est,
885 3561 1160 3630 quomodo
1211 3559 1514 3615 absolveret
1569 3576 1600 3614 a
1656 3569 1849 3626 morte,

248 3649 334 3717 qui
367 3664 474 3703 non
525 3649 767 3704 devinxit
821 3651 884 3705 ad
926 3650 1190 3706 mortem?
1229 3649 1558 3705 devinxisset
1603 3650 1765 3716 enim,
1800 3649 1848 3704 si

251 3752 280 3790 a
307 3736 603 3807 primordio
634 3740 958 3795 damnasset.
990 3739 1046 3795 Si
1089 3739 1423 3812 regeneratio
1463 3747 1544 3794 est
1590 3738 1846 3807 hominis,

1959 3027 2269 3098 nuptiarum
2324 3028 2667 3082 damnatione
2722 3027 3054 3096 noverimus,
3084 3034 3137 3080 et
3186 3032 3474 3090 sectemur,
3507 3031 3559 3078 et

1961 3116 2334 3185 praeferamus;
2371 3131 2478 3170 non
2525 3123 2582 3168 ut
2621 3115 2761 3169 malo
2790 3116 3014 3179 bonum,
3047 3115 3143 3170 sed
3171 3121 3231 3168 ut
3264 3115 3406 3168 bono
3434 3128 3555 3168 me-

1959 3205 2080 3261 lius.
2136 3205 2258 3260 Non
2316 3204 2460 3259 enim
2515 3202 2848 3273 projicimus,
2906 3203 3003 3256 sed
3067 3201 3392 3272 deponimus
3449 3218 3555 3256 nu-

1959 3293 2099 3366 ptias
2126 3295 2240 3366 (91)
2286 3310 2299 3350 :
2341 3292 2502 3349 28]
2545 3307 2644 3347 nec
2676 3290 3096 3363 praescribimus,
3126 3289 3224 3344 sed
3271 3290 3558 3344 suademus

1960 3383 2333 3451 sanctitatem;
2396 3388 2670 3439 servantes
2725 3389 2778 3434 et
2833 3380 3057 3444 bonum,
3099 3385 3155 3432 et
3207 3376 3399 3432 melius
3455 3392 3556 3447 pro

1955 3473 2158 3530 viribus
2187 3473 2446 3542 cujusque
2493 3468 2778 3535 sectando;
2812 3476 2937 3524 tunc
2965 3467 3196 3538 denique
3242 3465 3556 3538 conjugium

1956 3575 2137 3618 exerte
2182 3560 2531 3617 defendentes
2578 3575 2698 3614 cum
2739 3557 2951 3614 inimice
3005 3563 3286 3612 accusatur
3341 3553 3552 3627 spurci-

1959 3650 2046 3706 tiae
2095 3649 2312 3704 nomine
2351 3648 2405 3702 in
2443 3645 2861 3703 destructionem
2889 3645 3176 3711 Creatoris,
3208 3644 3301 3716 qui
3333 3644 3555 3714 proinde

1957 3737 2270 3812 coniugium
2310 3752 2406 3808 pro
2452 3736 2531 3791 rei
2569 3736 2848 3790 honestate
2885 3733 3182 3804 benedixit,
3213 3734 3273 3788 in
3302 3748 3554 3790 cremen-

1628 3865 1818 3929 Variae
1860 3867 2170 3930 lectiones.

323 3971 367 4009 ετ
407 3972 834 4041 Respondebunt
889 3977 1074 4031 Latin.
1127 3974 1358 4038 illorum,
1392 3972 1726 4039 respondent
1776 3975 2007 4030 Se'mler.
2055 3973 2154 4028 Dei
2198 3972 2430 4028 ollorum
2487 3969 2663 4028 Rhen.
2704 3970 2753 4008 33
2797 3969 2912 4023 Nisi
2974 3969 3027 4022 in
3079 3967 3252 4041 Rhen.
3299 3966 3547 4041 _0berth.

261 4040 304 4114 3?
344 4038 671 4112 Praeparavit
718 4047 885 4102 Se-ml.
945 4048 1079 4101 Jun.
1128 4046 1178 4083 (ιο
1228 4038 1531 4100 Adversarii
1570 4045 1740 4114 parcit
1785 4046 1813 4098 ‘?
1868 4047 2049 4101 Paris.
2104 4048 2271 4101 Fran.
2325 4045 2372 4081 41
2439 4044 2507 4098 Ut
2577 4043 2710 4097 deus
2777 4041 3058 4098 Marcionis
3127 4038 3355 4110 proinde
3425 4053 3551 4094 cum

265 4113 422 4171 Seml.
458 4117 685 4172 Oberth.
718 4117 768 4154 ¹ι²
794 4119 988 4172 Atttem
1021 4117 1254 4174 Se-mler.
1288 4117 1337 4155 4³
1378 4113 1800 4187 Reprehendens
1830 4116 2008 4173 Rhen.
2039 4116 2087 4153 ίιίι
2125 4115 2381 4172 Devortio
2412 4116 2548 4172 Jun.

1658 4235 2159 4301 Commentarius.

257 4352 386 4415 orat.
445 4345 513 4397 27
576 4361 590 4398 :
649 4347 758 4412 περὶ
823 4347 936 4405 τοὺς
998 4346 1212 4406 ἱππικοὺς
1249 4346 1328 4399 καὶ
1385 4344 1446 4399 τὰ
1498 4345 1691 4415 θέατρα,
1759 4345 1841 4398 καὶ

253 4413 312 4464 τὰ
342 4416 540 4479 στάδια,
571 4417 653 4468 καὶ
684 4416 747 4470 τὰ
799 4417 1053 4489 κυνηγέσια
1099 4421 1359 4470 τοσοῦτονν
1393 4413 1676 4499 psunt-Even,
1719 4415 1842 4469 ὥστε

255 4491 405 4558 tam
451 4490 692 4542 ποιεῖσθαι
751 4488 860 4558 βίον
916 4488 932 4543 ξ
978 4507 1003 4540 α
1052 4490 1111 4542 In
1178 4488 1514 4544 circensibus
1579 4498 1634 4543 et
1686 4503 1840 4557 spec-

257 4557 458 4624 taculis,
490 4574 654 4613 cursu
684 4557 759 4614 et
781 4559 1160 4615 venationibus
1189 4560 1324 4615 adeo
1357 4558 1674 4622 insaniebat,
1698 4565 1756 4613 ut
1785 4558 1838 4612 in

252 4627 315 4704 iis
339 4629 510 4704 vitam
538 4639 743 4704 ageret.
783 4651 807 4680 ο
850 4631 998 4686 Idem
1028 4630 1203 4686 adhuc
1245 4633 1556 4704 Theologus
1593 4629 1772 4685 Carm.
1807 4633 1841 4685 5

249 4701 500 4756 iambico.
536 4702 615 4755 Ls
645 4703 741 4756 Pa.

316 4774 432 4841 (8‘7)
473 4774 667 4828 Cavete
709 4773 1013 4830 saevientis.
1045 4773 1220 4828 Cavea
1249 4787 1389 4841 saepe
1430 4786 1526 4842 pro
1557 4773 1764 4828 theatro
1793 4779 1845 4826 et

248 4844 657 4914 amphitheatro,
705 4852 767 4897 ut
821 4843 909 4899 hic
963 4845 1214 4900 sumitur.
1246 4843 1354 4899 Sed
1389 4845 1531 4898 hunc
1577 4844 1754 4900 locum
1791 4842 1846 4896 in

245 4911 354 4967 vita
383 4914 444 4968 S.
492 4913 788 4985 Hilarionis
833 4915 1096 4985 expressit
1143 4915 1341 4985 optime
1390 4914 1451 4970 B.
1481 4914 1842 4985 Hieronym.:

249 5001 278 5060 ξ
308 4985 435 5060 Non
484 4985 623 5060 _eirei
654 4984 968 5060 furoribus,
1016 5003 1122 5040 non
1178 4984 1352 5060 arena;
1409 4984 1696 5060 sanguine,
1740 5000 1846 5060 non

243 5054 438 5109 theatri
484 5056 700 5111 luxuria
751 5057 1132 5112 delectabatur.
1185 5076 1208 5110 ι
1254 5058 1418 5112 Vides
1456 5054 1693 5114 ar'enam
1741 5056 1847 5111 dici

239 5142 566 5251 Εὲοιξέυεα,
595 5127 734 5182 unde
756 5129 976 5199 Apolog.
1003 5132 1089 5197 38,
1114 5147 1304 5187 arena:
1331 5131 1606 5187 atrocitas
1634 5127 1844 5184 dicitur.

282 5212 314 5252 ε
345 5212 448 5252 ΥΒ.

309 5269 437 5339 (88)
465 5271 661 5326 Scene:
711 5270 1072 5328 lascivientis.
1115 5271 1383 5326 Prohibita
1411 5279 1562 5326 erant
1589 5269 1848 5324 Christia-

243 5340 325 5412 nis
373 5340 688 5411 spectacula
735 5353 953 5412 propter
989 5341 1316 5412 turpidinem
1345 5350 1399 5396 et
1428 5341 1847 5412 impudicitiam;

241 5410 290 5486 i_d
324 5410 568 5486 undique
590 5410 1107 5469 clamant'canones'.
1143 5415 1264 5483 Ipse
1293 5410 1518 5468 Tertull.
1544 5414 1702 5486 Apol.
1733 5415 1846 5486 38_:

237 5482 597 5555 Spectaculis
608 5488 808 5540 vestris
823 5487 883 5541 in
897 5488 1132 5540 tantum
1156 5482 1556 5542 renuntiamus
1570 5482 1654 5541 :in
1679 5484 1850 5553 bapti-

237 5569 364 5629 smo
411 5556 689 5621 nimirum,
721 5556 887 5629 unde
908 5556 970 5629 S.
1018 5557 1456 5629 Chrysostomus,
1487 5565 1623 5612 orat.
1658 5559 1747 5621 l9,
1780 5557 1853 5612 ad

235 5627 378 5700 Pap.
408 5635 636 5683 testatur
662 5642 772 5685 non
804 5627 978 5685 videri
1004 5627 1208 5685 debere
1235 5627 1567 5685 Christianos
1594 5629 1650 5684 in
1690 5643 1852 5685 scena

1949 4351 2004 4399 et
2059 4341 2335 4398 ludionum
2393 4340 2916 4412 gesticulationibus,
2958 4340 3008 4395 ὲν
3055 4344 3208 4410 σκηνῇ
3262 4339 3345 4393 καὶ
3384 4343 3549 4413 μιμῶν

1947 4417 2206 4475 παιδειαῖς.
2243 4415 2320 4468 LE
2344 4413 2440 4467 PR.

2022 4488 2135 4555 (89)
2165 4487 2501 4557 Suffectura
2525 4488 2611 4540 est
2636 4483 3036 4557 quodammodo
3065 4485 3307 4557 spiritus
3329 4484 3547 4557 anima.

1949 4552 2252 4630 Tamquam
2271 4552 2562 4630 supposita
2611 4552 2822 4630 spiritui
2867 4552 3202 4630 sustinendo.
3248 4555 3548 4630 Sui/“ecta-

1952 4621 2271 4700 ram'dicit,
2315 4621 2768 4700 quemadmodum
2809 4625 3076 4700 contrario
3122 4621 3427 4700 significatu
3457 4623 3547 4700 di-

1951 4699 2124 4755 cimus
2159 4691 2580 4774 prtefeeturam.
2621 4699 2808 4774 Itaque
2840 4691 3201 4774 suffecturam
3217 4691 3402 4774 tribuit
3429 4692 3550 4745 ani-

1954 4761 2179 4842 “133,111
2234 4761 2594 4842 intelligamus
2649 4761 2826 4842 datam
2883 4763 3099 4842 spiritui
3155 4761 3547 4842 praefecturam.

1953 4841 2044 4921 Sic
2068 4841 2308 4967 libroRde
2353 4836 2577 4907 Anima,
2610 4839 2848 4896 animum
2879 4836 3012 4893 dixit
3054 4836 3388 4908 suggestum
3432 4849 3551 4891 esse

1953 4928 2166 4967 ammte.
2264 4928 2343 4967 ια.

1953 4928 2166 4970 animae.
2216 4928 2343 4967 HIG.

2024 4982 2137 5055 (90)
2163 4987 2232 5040 Et
2253 4988 2312 5041 in
2333 4986 2436 5055 hoc
2454 4989 2634 5040 totum
2651 4983 2860 5055 salutis
2878 4983 3303 5038 sacramentum
3322 4994 3554 5055 carnem

1955 5051 2179 5126 mergit.
2210 5054 2569 5126 Augustinus,
2602 5055 2737 5110 libro
2767 5071 2783 5109 ι
2828 5054 2903 5126 de
2918 5055 3289 5126 peccatorum
3311 5051 3549 5126 meritis,

1955 5122 2151 5198 contra
2177 5122 2386 5197 Pelag,
2435 5122 2564 5198 cap.
2606 5129 2676 5181 24
2729 5142 2740 5181 :
2798 5146 2820 5175 «
2873 5122 3110 5198 Optime,
3140 5122 3334 5198 inquit,
3367 5122 3554 5198 Punici

1959 5197 2250 5254 Christiani
2287 5194 2614 5269 baptismum
2644 5198 2824 5270 ipsum
2871 5195 3008 5252 nihil
3045 5196 3189 5250 aliud
3221 5209 3383 5266 quam
3414 5194 3553 5250 salu.

1958 5279 2068 5325 tem
2092 5277 2304 5326 vocant.
2341 5290 2364 5321 ιν
2399 5271 2524 5325 Ille.

2030 5341 2145 5414 (94)
2176 5343 2280 5398 Sed
2309 5342 2632 5414 deponimus
2658 5343 2909 5414 nuptias,
2933 5348 3036 5414 etc.
3065 5340 3289 5408 Nuptias
3307 5337 3557 5414 equidem

1962 5409 2071 5486 non
2111 5409 2560 5486 damnaba't,imo
2609 5415 2662 5468 in
2712 5409 2778 5467 iis
2833 5413 3167 5486 sanctitatem
3207 5409 3556 5486 commenda-

1961 5483 2051 5537 bat
2101 5494 2310 5556 auctor,
2343 5479 2443 5539 sed
2500 5487 2806 5556 nuptiarum
2859 5484 3101 5556 irobtentu
3159 5479 3550 5550 turpitudinem

1956 5558 2070 5628 jam
2099 5555 2511 5613 invalescentem
2533 5555 2825 5627 rejiciebat.
2855 5555 2932 5609 LE
2961 5556 3058 5608 Pa.
