4032 6152
487 325 589 389 307

1170 327 1603 396 TERTULLIANI
1640 333 1897 398 OPERUM
1937 308 2104 401 ΡΑῊὸ
2143 338 2209 402 ll.
2240 368 2311 386 -
2346 337 2575 402 SERIES
2603 336 2644 409 Ι,
2682 324 3030 399 POLEMICA.

3662 329 3771 393 308

482 453 845 560 tum‘generis.
884 454 1122 560 humani,
1153 458 1607 531 quemadmodum
1653 472 1707 520 et
1754 462 2068 523 universum
2100 480 2147 560 A
2173 466 2317 524 enim
2344 467 2462 539 ejus
2490 464 2663 523 eradit
2696 480 2711 521 :
2739 463 2867 538 quia
2897 462 2943 519 si
2970 461 3171 535 nuptiae
3201 475 3309 518 non
3347 464 3523 525 erunt,
3560 458 3769 516 sancti-

481 545 803 604 conditionis
829 546 885 604 in
919 546 1162 621 integros
1206 556 1260 607 et
1286 552 1460 610 bonos
1491 570 1641 610 usus.
1672 554 1790 611 Non
1820 555 1942 613 ideo
1971 574 2071 613 au-

478 643 587 691 tem
630 645 686 694 et
729 636 833 694 cibi
879 637 1293 710 damnabuntur,
1324 642 1451 714 quia
1496 646 1779 714 Operosius
1817 646 2071 719 exquisiti

478 722 534 779 in
563 725 744 799 gulam
782 729 1124 785 committunt
1156 748 1169 785 :
1204 737 1264 787 ut
1294 733 1344 770 ¹ι⁵
1382 748 1480 789 nec
1501 734 1725 791 vestitus
1753 734 1874 793 ideo
1904 754 2069 794 accu-

478 815 756 883 sabuntur,
791 817 913 893 quia
959 819 1250 891 pretiosius
1295 823 1589 891 comparati
1631 824 1685 880 in
1723 826 2068 884 ambitionem

476 911 799 963 tumescunt.
837 907 927 963 Sic
970 924 1070 965 nec
1114 909 1441 967 matrimonii
1492 928 1577 968 res
1622 913 1742 970 ideo
1789 915 2065 987 despuen-

475 1000 582 1061 tur,
614 995 738 1066 quia
766 995 1211 1070 intemperantius
1258 1000 1470 1057 diffusae
1517 1003 1570 1057 in
1616 1002 1883 1061 luxuriam
1928 1006 2071 1061 inar-

474 1082 720 1140 descunt.
777 1086 1005 1142 Multum
1050 1086 1232 1144 differt
1281 1087 1421 1145 inter
1460 1105 1676 1146 causam
1724 1101 1778 1149 et
1832 1093 2066 1166 culpam,

474 1170 613 1230 inter
640 1182 837 1231 statum
886 1184 940 1231 et
984 1192 1285 1237 excessum.
1316 1180 1396 1233 Ita
1423 1179 1735 1249 hujusmodi
1771 1197 1879 1238 non
1920 1183 2069 1239 insti-

477 1263 634 1331 tutio,
683 1264 777 1319 sed
835 1265 1158 1321 exorbitalio
1222 1267 1560 1339 reprobanda
1616 1277 1715 1332 est,
1774 1269 2068 1325 secundum

473 1344 757 1408 censuram
809 1355 1130 1412 institutoris
1173 1355 1370 1427 ipsius;
1422 1358 1577 1426 cujus
1623 1367 1704 1413 est
1752 1366 1878 1428 tam,
1935 1362 2068 1417 Cre-

473 1442 614 1497 scite
642 1447 696 1500 et
724 1444 1198 1516 multiplicamini
1227 1446 1389 1516 (Gen.
1423 1462 1461 1515 ι,
1496 1448 1606 1517 28),
1647 1463 1807 1519 quam
1840 1455 1915 1516 et,
1951 1449 2069 1506 Non

473 1529 815 1587 adulterabis
836 1531 1037 1601 (Exod.
1068 1550 1164 1600 xx,
1197 1534 1306 1605 14),
1333 1542 1405 1600 et,
1443 1537 1675 1592 Umorem
1702 1539 1953 1607 proximi
1983 1539 2070 1593 tui

471 1632 586 1674 non
600 1622 1179 1693 concupisces(Levit.
1212 1638 1314 1688 xx,
1351 1622 1438 1693 10)
1472 1640 1485 1675 :
1520 1632 1688 1677 morte
1719 1623 1985 1692 punientis
2014 1635 2065 1681 et

471 1699 728 1759 incestam
787 1706 854 1772 46,
902 1707 1221 1777 sacrilegam
1254 1749 1268 1774 ,
1326 1713 1490 1775 atque
1555 1713 1954 1762 monstruosum
2010 1708 2063 1761 in

475 1791 745 1846 masculos
773 1802 824 1846 et
872 1794 924 1846 in
964 1794 1204 1863 pecudes
1232 1792 1520 1848 libidinum
1548 1793 1831 1851 insaniam.
1861 1795 1967 1851 Sed
2016 1807 2068 1852 et
2099 1770 2142 1846 Β

472 1875 517 1931 si
548 1878 786 1933 nubendi
831 1880 941 1947 jam
982 1888 1162 1936 motus
1198 1880 1432 1950 ponitur,
1465 1898 1627 1953 quem
1668 1884 1882 1956 quidem
1920 1885 2065 1956 apud

471 1977 573 2017 nos
630 1963 881 2034 spiritalis
939 1965 1110 2033 ratio,
1179 1968 1457 2025 Paracleto
1517 1980 1754 2037 auctore,
1805 1972 2061 2037 defendit,

472 2066 637 2105 unum
686 2051 740 2106 in
786 2051 891 2109 .‘ide
946 2055 1341 2112 matrimonium
1388 2062 1774 2129 praescribens;
1821 2062 2064 2131 ejusdem

474 2139 577 2193 erit
613 2141 830 2196 modum
880 2142 1064 2214 figere,
1095 2147 1190 2218 qui
1236 2148 1451 2203 modum
1495 2149 1782 2221 aliquando
1832 2150 2066 2205 diffude-

474 2234 556 2282 rat
597 2245 610 2282 :
669 2228 716 2284 is
761 2230 994 2305 colliget,
1020 2234 1113 2305 qui
1143 2236 1338 2305 sparsit
1395 2253 1408 2292 :
1468 2236 1516 2291 is
1542 2241 1711 2295 caedet
1741 2238 1944 2310 sylvam
1975 2238 2071 2310 qui

474 2318 771 2386 plantavit;
829 2320 875 2375 is
928 2331 1093 2378 metet
1147 2332 1405 2398 segetem,
1463 2327 1555 2398 qui
1612 2328 1891 2383 seminaxit
1949 2347 1963 2384 :
2021 2329 2068 2383 is

474 2404 620 2461 dicet
652 2425 664 2462 :
708 2411 969 2483 Superest
1008 2417 1073 2468 ut
1111 2419 1167 2469 et
1205 2417 1300 2487 qui
1337 2432 1545 2472 uxores
1586 2416 1809 2486 habent,
1841 2419 1921 2473 sic
1948 2419 2069 2475 sint

475 2497 639 2567 quasi
678 2515 793 2554 non
837 2500 1078 2557 habeant
1123 2503 1173 2565 (I
1227 2506 1346 2560 Cor.
1379 2520 1477 2572 vn,
1508 2506 1614 2574 29),
1648 2508 1803 2575 cujus
1833 2514 1884 2561 et
1922 2517 2067 2561 retro

476 2581 594 2649 fuit,
627 2586 864 2643 Crescite
886 2592 941 2644 et
975 2590 1493 2661 multiplicamini:
1516 2593 1766 2661 ejusdem
1794 2593 1937 2662 ﬁnis,
1968 2611 2069 2649 cu-

471 2671 563 2741 jus
589 2680 642 2727 et
671 2674 902 2734 initium.
931 2679 1055 2733 Non
1086 2687 1265 2735 tamen
1305 2691 1362 2735 ut
1407 2683 1454 2720 ¹ι⁷
1503 2684 1805 2738 accusanda
1850 2684 2072 2739 caeditur

477 2761 611 2819 silva
643 2765 777 2834 (92),
811 2782 910 2822 nec
955 2776 1015 2824 ut
1068 2769 1370 2826 damnanda
1416 2782 1626 2828 secatur
1669 2788 1847 2844 seges,
1880 2774 1975 2827 sed
2012 2780 2072 2828 ut

476 2854 709 2923 tempori
754 2871 852 2910 suo
899 2873 1111 2929 parens.
1164 2860 1252 2916 Sic
1300 2868 1354 2915 et
1404 2862 1658 2917 connubii
1702 2878 1812 2933 res,
1858 2878 1966 2918 non
2015 2868 2071 2917 ut

475 2942 633 3005 mala,
693 2959 939 3000 securem
986 2953 1039 3003 et
1088 2947 1277 3004 falcem
1327 2950 1558 3005 admittit
1606 2951 1922 3019 sanctitatis,
1975 2951 2071 3008 sed

2176 565 2256 614 tas
2284 556 2433 612 nulla
2461 564 2563 612 est.
2597 557 2765 614 Vacat
2809 552 2952 609 enim
2992 551 3330 608 abstinentiae
3377 546 3769 612 testimonium,

2176 663 2301 704 cum
2328 646 2545 704 licentia
2583 644 2838 715 eripitur;
2872 641 3129 715 quoniam
3177 641 3248 696 ita
3291 637 3537 712 quaedam
3588 636 3643 693 in
3687 637 3772 693 di-

2174 736 2345 793 versis
2371 734 2688 807 probantur.
2724 732 2876 788 Sicnt
2902 738 2953 786 et
2979 732 3159 789 virtus
3190 732 3252 786 in
3273 728 3614 798 inﬁmitate
3630 743 3770 799 per-

2173 827 2367 895 ﬁcitur
2406 824 2484 894 (II
2519 823 2640 880 Cor.
2670 836 2772 890 xu,
2796 818 2873 891 9),
2896 820 2974 875 sic
3003 828 3057 875 et
3096 817 3421 874 abstinentia
3449 814 3688 872 nubendi
3718 815 3773 870 in

2175 911 2424 969 facultate
2468 910 2763 968 dinoscitur
2808 910 2877 962 49.
2909 905 3043 975 Quis
3087 903 3322 978 denique
3366 903 3639 960 abstinens
3682 903 3771 959 di-

2174 1010 2341 1070 cetur,
2392 1001 2602 1058 sublato
2656 1015 2720 1056 eo
2776 1014 2807 1053 a
2861 1012 2969 1070 quo
3027 995 3405 1053 abstinendum
3463 995 3580 1049 est?
3636 990 3774 1061 Quae

2176 1089 2525 1161 temperantia
2581 1089 2722 1163 gula:
2762 1089 2818 1143 in
2865 1087 3048 1143 fame?
3075 1101 3198 1158 quae
3246 1082 3555 1141 ambitionis
3599 1098 3767 1153 repu-

2173 1178 2337 1233 diatio
2382 1179 2436 1233 in
2484 1176 2759 1247 egestate?
2788 1191 2910 1246 quae
2956 1172 3198 1228 libidinis
3240 1170 3539 1228 infraenatio
3583 1170 3638 1225 in
3677 1187 3771 1226 ca-

2175 1267 2474 1323 stratione?
2504 1267 2621 1322 Jam
2668 1279 2797 1322 vero
2844 1268 3147 1319 sementem
3193 1261 3244 1300 ⁵ο
3292 1260 3509 1335 generis
3550 1259 3777 1314 humani

2174 1370 2516 1426 compescere
2544 1354 2600 1408 in
2624 1360 2794 1410 totum
2849 1351 2920 1417 ⁵1,
2961 1349 3146 1406 nescio
3176 1365 3243 1404 an
3273 1350 3377 1404 hoc
3419 1362 3642 1419 quoque
3672 1362 3775 1417 op-

2175 1443 2305 1498 timo
2355 1443 2471 1500 Deo
2500 1448 2778 1514 congruat.
2811 1439 3101 1509 Quomodo
3143 1438 3288 1495 enim
3335 1437 3545 1493 salvum
3592 1437 3774 1490 homi-

2174 1548 2299 1587 nem
2329 1532 2493 1603 volet,
2525 1547 2685 1602 quem
2734 1537 2873 1584 vetat
2919 1527 3089 1591 nasci,
3121 1526 3189 1582 de
3236 1540 3342 1598 quo
3392 1523 3627 1579 nascitur
3665 1540 3770 1577 au-

2173 1620 2435 1678 ferendo?
2462 1616 2733 1690 quomodo
2764 1615 2980 1673 habebit
3026 1615 3079 1670 in
3131 1629 3242 1686 quo
3272 1612 3565 1669 bonitatem
3613 1628 3771 1668 suam

2172 1710 2368 1782 signet,
2422 1724 2582 1779 quem
2628 1722 2750 1764 esse
2799 1720 2906 1761 non
2956 1703 3199 1776 patitur?
3248 1701 3524 1774 quomodo
3571 1701 3772 1774 diligit,

2172 1800 2324 1868 cujus
2371 1797 2635 1869 originem
2690 1811 2797 1851 non
2854 1796 3030 1849 amat?
3071 1792 3247 1848 Timet
3293 1788 3515 1847 forsitan
3569 1790 3773 1847 redun-

2173 1885 2410 1943 dantiam
2458 1884 2681 1950 sobolis,
2723 1901 2791 1940 ne
2840 1883 3046 1938 laboret
3092 1880 3272 1951 plures
3322 1877 3603 1934 liberanda
3631 1921 3646 1948 ,
3699 1893 3772 1932 ne

2173 1975 2371 2031 multos
2425 1974 2583 2029 faciat
2653 1972 2973 2041 haereticos,
3021 1987 3089 2026 ne
3143 1968 3520 2042 generosiores
3578 1968 3777 2023 habeat

2174 2065 2515 2120 Marcionitas
2570 2080 2634 2118 ex
2690 2060 3030 2118 Marcionitis.
3071 2061 3191 2115 Non
3238 2058 3340 2112 erit
3386 2057 3668 2113 immanior
3723 2058 3776 2095 ⁵2

2175 2153 2375 2209 duritia
2422 2154 2741 2222 Pharaonis,
2780 2151 3110 2206 nascentium
3149 2146 3436 2203 enccatrix.
3484 2147 3618 2202 Nam
3670 2146 3772 2201 ille

2175 2242 2379 2297 animas
2409 2241 2615 2311 adimit,
2649 2240 2737 2297 hic
2780 2255 2890 2295 non
2937 2244 3061 2304 dat;
3096 2237 3183 2292 ille
3217 2235 3393 2291 aufert
3435 2235 3505 2290 de
3538 2235 3590 2273 ⁵³
3634 2234 3771 2305 vita,

2174 2328 2263 2384 hic
2319 2344 2427 2382 non
2483 2327 2716 2382 admittit
2771 2326 2826 2381 in
2881 2325 3063 2381 vitam.
3094 2323 3236 2380 Nihil
3292 2323 3434 2395 apud
3480 2322 3668 2379 ambos
3699 2321 3775 2378 de

2173 2416 2463 2473 homicidio
2492 2417 2676 2472 differt
2726 2434 2739 2470 :
2790 2416 2891 2470 sub
2939 2425 3168 2485 utroque
3216 2414 3377 2469 homo
3421 2411 3765 2482 interficitur;

2177 2504 2278 2559 sul)
2306 2505 2493 2570 altero,
2521 2505 2633 2573 jam
2681 2502 2879 2569 editus,
2905 2501 3003 2556 sub
3051 2502 3239 2568 altero,
3269 2499 3529 2554 edendus.
3569 2498 3774 2554 Gratus

2176 2607 2344 2656 esses,
2367 2607 2399 2647 ο
2420 2592 2520 2647 dee
2550 2591 2818 2662 haeretice,
2850 2591 2898 2646 si
2924 2606 3071 2645 esses
3100 2589 3153 2643 in
3184 2588 3589 2659 dispositionem
3608 2588 3774 2643 Crea-

2179 2680 2332 2747 toris,
2377 2680 2522 2751 quod
2569 2696 2770 2735 marem
2828 2688 2883 2733 et
2940 2677 3193 2733 feminam
3242 2676 3460 2733 miscuit
3516 2693 3529 2730 :
3583 2676 3775 2747 utique

2181 2770 2322 2826 enim
2382 2777 2433 2823 et
2486 2769 2721 2824 Marcion
2751 2776 2875 2824 tuus
2932 2782 2998 2822 ex
3043 2766 3246 2839 nuptiis
3294 2774 3449 2820 natus
3496 2773 3596 2819 est.
3631 2765 3777 2820 Satis

2183 2860 2299 2915 hinc
2338 2860 2407 2915 de
2446 2859 2549 2913 deo
2580 2856 2883 2923 Marcionis,
2911 2871 3089 2927 quem,
3121 2864 3173 2909 et
3218 2852 3558 2908 definitiones
3594 2852 3775 2907 unica:

2176 2948 2486 3009 divinitatis.
2534 2956 2587 3003 et
2634 2946 2971 3002 conditiones
3018 2952 3253 2998 statuum
3299 2943 3349 2980 5's
3381 2943 3499 3011 ejus
3548 2941 3774 2997 omnino

468 3039 536 3084 ut
574 3038 781 3135 matura
820 3033 1067 3108 defungi,
1100 3046 1158 3092 ut
1204 3037 1310 3109 ipsi
1358 3039 1624 3096 sanctitati
1667 3050 1957 3112 reservata,
1987 3042 2077 3098 cui
2108 3056 2151 3135 ε
2182 3054 2288 3095 non
2337 3054 2457 3095 esse
2502 3035 2823 3094 conﬁrmant
2867 3036 2938 3091 ⁵⁵.
2988 3034 3093 3090 Sed
3123 3041 3176 3089 et
3221 3032 3380 3088 totius
3407 3030 3655 3103 Opusculi
3685 3047 3776 3085 se-

478 3117 734 3176 eaedendo
762 3131 979 3193 praestat
1022 3134 1075 3181 et
1121 3141 1242 3182 esse
1278 3128 1348 3184 4⁸.
1381 3128 1534 3184 Unde
1566 3126 1731 3186 282
1756 3130 1870 3200 jam
1899 3131 2073 3186 dicam

478 3204 638 3262 deum
698 3209 999 3280 Marcionis,
1050 3227 1171 3269 cum
1218 3216 1618 3271 matrimonium
1663 3226 1722 3272 ut
1768 3220 1970 3274 malum
2017 3227 2070 3274 et

478 3294 826 3367 impudicitiae
871 3301 1151 3371 negotium
1183 3306 1452 3373 reprobat,
1484 3306 1743 3362 adxersus
1780 3306 1952 3376 ipsam
1987 3307 2069 3362 fa-

476 3400 603 3442 cere
649 3388 1004 3457 sanctitatem,
1055 3391 1141 3447 cui
1192 3392 1398 3450 videtur
1444 3393 1660 3450 studere
1716 3414 1729 3453 :
1792 3395 2072 3451 materiam

2186 3130 2289 3185 ries
2320 3127 2377 3183 in
2417 3130 2519 3184 hoc
2564 3127 2751 3197 utique
2797 3123 3055 3181 succedit.
3098 3123 3350 3190 Proinde,
3381 3120 3427 3175 si
3467 3119 3557 3177 cui
3586 3119 3774 3175 minus

2178 3217 2311 3290 quid
2339 3218 2584 3275 videmur
2611 3216 2662 3254 ⁵6
2701 3214 2899 3287 egisse,
2933 3220 3113 3283 speret
3141 3223 3476 3268 reservatum
3506 3224 3605 3265 suo
3635 3216 3778 3265 tem-

2178 3307 2320 3380 pori,
2376 3306 2513 3362 sicut
2561 3312 2615 3360 et
2673 3305 2911 3375 ipsarum
2959 3302 3359 3373 Scripturarum
3410 3298 3775 3357 examinatio-

2179 3412 2324 3462 nem,
2358 3394 2555 3467 quibus
2584 3392 2820 3449 Marcion
2848 3391 3035 3448 utitur.

1852 3522 2046 3586 Variae
2087 3524 2400 3585 lectiones.

551 3618 778 3698 ἰδ-’ξιιηο
806 3621 962 3698 [then
996 3623 1214 3698 Oberth.
1270 3624 1319 3664 46
1353 3625 1615 3680 lncestam
1643 3634 1700 3680 et
1726 3627 1857 3682 Jun.
1890 3628 1937 3665 ⁸⁸⁷
1977 3627 2045 3682 Ut
2073 3627 2276 3698 neglig.
2314 3626 2483 3684 Seml.
2521 3624 2742 3681 Obertlt.
2766 3624 2822 3698 fi?
2860 3624 3087 3698 Praestet
3132 3638 3252 3698 esse
3300 3622 3469 3698 36ml-
3536 3632 3772 3698 ρῖεεεμι-

480 3697 562 3767 ret
594 3688 764 3767 Rhcn.
809 3692 1238 3767 “Dignoscitur
1269 3698 1384 3767 Rig.
1427 3700 1598 3754 Fran.
1629 3698 1679 3736 ⁵ο
1733 3698 1929 3752 Semen
1973 3700 2108 3755 Jun.
2146 3688 2312 3751 ’δι”Ιη
2343 3698 2504 3753 delet.
2541 3698 2708 3753 Scml.
2762 3696 2815 3767 5?
2858 3696 3151 3750 Humanior
3180 3696 3377 3767 Semlzi
3407 3688 3628 3767 (lberta,
3682 3692 3777 3747 in-

480 3760 761 3816 humanior
833 3760 982 3818 aliif
1012 3764 1062 3803 53
1117 3766 1167 3820 A
1222 3760 1391 3824 δεηὶι.
1443 3768 1653 3826 Pamel.
1712 3768 1761 3807 ⁵4
1825 3768 2032 3825 Statum
2076 3770 2249 3826 Rhen.
2303 3769 2521 3826 Oberth.
2578 3767 2626 3805 ⁵⁵
2672 3765 3066 3823 Conﬁrmantes
3116 3766 3290 3823 Rhen.
3333 3764 3384 3803 55
3432 3764 3756 3820 Videbimur

481 3831 628 3884 Fran
639 3870 653 3884 .

1883 3913 2382 3977 Commentarius.

542 4006 669 4090 ,(92)
689 4009 808 4090 Non
830 4015 1020 4090 tamen
1039 4018 1107 4070 ut
1122 4018 1444 4090 accusanda
1464 4019 1707 4075 credit-ur
1723 4021 1883 4078 silva.
1920 4019 1970 4074 A
1997 4019 2070 4073 si-

481 4082 595 4160 mili
661 4082 874 4162 nuptias
928 4084 1264 4164 damnandas
1319 4103 1603 4164 nonuessc
1657 4092 1835 4164 docet,
1902 4099 2068 4164 utque

475 4156 616 4233 juris
643 4156 849 4233 romani
898 4156 1124 4233 peritus
1150 4168 1280 4224 erat,
1311 4159 1379 4214 de
1419 4159 1553 4233 silva
1601 4163 1784 4217 caedua
1809 4156 2062 4233 loquitur,

481 4220 547 4275 de
573 4238 680 4293 qua
707 4220 963 4296 frequens
1009 4229 1063 4282 in
1103 4228 1227 4297 jure
1267 4220 1496 4298 mentio,
1528 4220 1895 4306 dividiturque
1933 4220 2067 4290 silva

2178 4019 2355 4073 omnis
2404 4017 2459 4072 in
2501 4016 2759 4085 caeduam,
2791 4023 2844 4072 et
2872 4030 2977 4071 non
3013 4014 3270 4072 caeduam.
3313 4014 3465 4070 Prior
3494 4013 3617 4070 ideo
3648 4029 3781 4069 ser-

2176 4097 2329 4145 vatur
2375 4099 2433 4144 ιιι
2478 4089 2733 4151 caedatur,
2784 4085 3328 4159 posteriorﬂpastioni
3376 4100 3630 4159 pecorum
3683 4087 3787 4140 de-

2175 4160 2370 4215 stinata
2398 4169 2497 4226 est,
2526 4169 2580 4216 et
2618 4157 2801 4231 vulgo
2816 4174 3013 4230 pascua
3037 4157 3247 4214 dicitur.
3278 4157 3354 4211 LE
3388 4158 3481 4211 Pa.

1629 4579 1949 4670 LIBER
2023 4576 2612 4672 SECUNDUS.

1018 4905 1530 4964 ARGUMENTUM.
1792 4960 1795 4963 .

546 4992 589 5047 Ι.
634 4993 773 5049 Cum
806 4992 947 5049 libro
1010 4997 1335 5067 praecedenti
1389 4996 1661 5054 definierit
1707 4997 2068 5054 Tertullianus

474 5082 637 5137 deum
666 5082 949 5139 Marcionis
984 5085 1156 5140 Deum
1188 5102 1298 5141 non
1338 5102 1476 5156 esse,
1507 5086 1710 5159 regulis
1739 5086 1901 5142 certis
1930 5101 2068 5153 pra:—

474 5172 834 5229 scribentibus
889 5173 1102 5230 unicam
1160 5191 1279 5232 esse.
1333 5176 1713 5242 divinitatem;
1774 5176 1875 5232 hoc
1927 5174 2070 5229 libro

473 5262 646 5317 Deum
684 5264 1000 5319 Creatorem
1027 5264 1187 5337 digne
1219 5267 1392 5321 Deum
1438 5281 1577 5330 esse,
1617 5273 1804 5334 utpOte
1841 5265 2066 5330 bonum,

473 5367 580 5407 non
611 5352 830 5420 malum,
861 5353 1125 5411 defendit.

550 5442 616 5497 ll.
672 5443 953 5498 Praemissa
1008 5443 1275 5499 invectiva
1331 5441 1385 5496 in
1445 5441 1804 5511 Marcionitas,
1835 5442 1925 5514 qui
1972 5459 2069 5499 sua

474 5530 788 5586 curiositate
817 5531 930 5586 Deo
960 5528 1236 5600 negotium
1269 5528 1492 5600 faciunt,
1521 5530 1590 5585 de
1626 5529 1849 5587 arbitrio
1878 5545 2069 5587 sensus

473 5618 553 5673 sui
587 5620 757 5675 Deum
791 5619 1136 5691 pcnsitantes.

2253 4908 2344 4962 III.
2376 4906 2437 4963 In
2491 4904 2682 4977 primis
2726 4912 2903 4964 autem
2950 4903 3108 4962 docet
3135 4902 3427 4961 bonitatem
3459 4902 3561 4958 Dei
3609 4902 3788 4958 Crea-

2180 4998 2312 5053 toris
2339 5007 2593 5051 asternam
2625 5011 2765 5052 esse.

2245 5085 2337 5141 IV.
2388 5083 2693 5141 Praesertim
2751 5101 2817 5139 ex
2872 5082 3107 5140 hominis
3160 5090 3213 5138 et
3257 5081 3443 5139 mundi
3471 5080 3679 5138 factura
3710 5098 3783 5139 ac

2177 5190 2243 5230 ea
2272 5190 2434 5245 quam
2464 5173 2667 5228 homini
2698 5173 3024 5245 praescripsit
3054 5174 3197 5244 lege.

2249 5263 2317 5317 V.
2357 5259 2530 5318 288
2573 5263 2758 5334 Neque
2788 5262 2932 5317 enim
2971 5263 3180 5332 lapsum
3213 5260 3447 5318 hominis
3481 5261 3621 5327 Deo,
3667 5266 3783 5321 sed

2179 5350 2350 5407 libero
2380 5351 2599 5406 arbitrio
2631 5351 2867 5406 hominis
2907 5351 3308 5422 imputandum.

2250 5441 2338 5498 VI.
2370 5441 2435 5496 Et
2478 5458 2606 5496 vero
2652 5441 2747 5497 Dei
2779 5441 3068 5497 bonitatem
3117 5455 3179 5496 ac
3225 5438 3487 5495 rationem
3534 5440 3787 5498 hominis

2177 5532 2281 5585 hoc
2309 5529 2670 5601 requisivisse,
2706 5538 2764 5584 ut
2808 5529 3221 5585 constitueretur
3268 5531 3432 5585 homo
3478 5528 3637 5585 liberi
3685 5546 3785 5586 ar-

2176 5620 2348 5692 bitrii;
2382 5628 2566 5693 utpote
2594 5635 2715 5676 cum
2744 5633 2845 5675 nec
2888 5617 3014 5676 boni
3056 5634 3157 5676 nec
3185 5619 3308 5675 mali
3337 5632 3546 5675 merces
3570 5618 3696 5688 jure
3728 5622 3785 5676 ei
