4032 6152
297 204 403 267 309

297 343 628 406 pensaretur,
652 337 744 410 qui
767 350 858 396 aut
887 340 1061 399 bonus
1090 351 1180 401 aut
1209 341 1387 402 malus
1420 349 1734 408 necessitate
1764 351 1897 411 fuis-

297 433 372 481 set
396 424 676 495 inventus,
719 445 829 485 non
861 431 1152 490 voluntate.

363 513 480 569 VII.
511 515 568 570 Id
601 516 772 587 ipsum
805 520 961 575 etiam
993 522 1212 596 exigere
1241 525 1334 581 Dei
1357 527 1698 600 gravitatem,
1730 530 1889 588 ﬁdem

295 615 344 662 et
375 605 714 677 patientiam.

360 694 504 748 VIII.
538 694 766 759 Prorsus
789 697 970 771 itaque
997 701 1202 759 homini
1237 703 1490 764 delictum
1518 707 1892 779 imputandum

289 799 448 855 quem
479 783 549 838 ad
583 795 726 842 recte
743 787 1026 846 vivendum
1051 803 1324 850 creaverat
1351 796 1516 855 Deus.

357 872 458 926 IX.
495 874 683 944 Neque
713 887 1000 950 propterea
1046 881 1160 938 Deo
1208 883 1262 937 id
1309 884 1698 956 imputandum,
1747 891 1890 960 quod

292 960 505 1016 afﬂatus
550 963 650 1020 Dei
738 967 809 1021 sit
848 969 1025 1024 anima
1071 987 1190 1042 qum
1222 972 1512 1046 delinquit;
1547 977 1675 1046 quia
1731 979 1894 1035 habet

289 1050 504 1120 quidem
535 1053 717 1109 anima
772 1055 888 1112 illas
919 1057 1090 1114 lineas
1132 1060 1226 1116 Dei
1283 1078 1388 1133 qua
1418 1062 1755 1132 immortalis,
1789 1083 1895 1138 qua

288 1139 459 1196 libera
481 1142 568 1197 sui
629 1143 859 1213 arbitrii,
891 1165 992 1221 qua
1023 1150 1247 1221 praescia
1277 1152 1614 1226 plerumque,
1665 1173 1770 1228 qua
1803 1173 1892 1211 ra-

286 1229 522 1298 tionalis;
557 1239 734 1290 tamen
763 1243 814 1290 et
868 1236 923 1290 in
982 1238 1064 1293 his
1106 1239 1283 1313 imago
1312 1242 1590 1300 dumtaxat
1615 1244 1737 1312 Dei,
1780 1261 1891 1302 non

285 1335 452 1390 usque
485 1321 555 1375 ad
577 1323 758 1393 ipsam
779 1325 884 1380 vim
907 1326 1220 1385 divinitatis.

348 1408 425 1463 X.
487 1413 682 1484 Neque
737 1413 949 1472 etiamsi
1003 1415 1057 1472 in
1125 1418 1399 1475 diabolum
1456 1421 1897 1480 transcriberelur

279 1500 456 1568 culpa,
496 1508 557 1555 ut
615 1501 984 1562 instinctorem
1027 1505 1229 1578 delicti,
1267 1519 1550 1580 prepterea
1578 1511 1630 1565 in
1663 1513 1889 1568 Creato-

279 1605 387 1643 rem
419 1589 781 1662 dirigendam,
815 1603 874 1650 ut
907 1595 961 1650 in
990 1605 1263 1653 auctorem
1306 1599 1523 1668 diaboli,
1577 1610 1762 1672 utpote
1793 1602 1886 1674 qui

276 1677 511 1751 angelus
547 1695 577 1732 a
608 1681 719 1738 Deo
757 1692 812 1739 et
843 1683 1014 1742 bonus
1056 1685 1228 1743 factus
1275 1688 1363 1756 sit,
1397 1667 1885 1763 nondiabolus,-id
1919 1667 1962 1746 Β

278 1776 365 1821 est
390 1767 620 1824 delator.

355 1857 460 1911 XI.
489 1859 664 1926 Porro,
699 1861 746 1916 si
781 1872 901 1934 post
928 1864 1188 1922 delictum
1217 1867 1450 1923 hominis
1496 1870 1659 1939 judex
1690 1880 1744 1925 et
1790 1888 1883 1929 se-

290 1960 452 2001 verus
480 1947 628 2006 fuerit
655 1951 824 2020 Deus,
857 1970 962 2011 non
991 1955 1058 2010 ad
1080 1956 1359 2024 malitiam,
1401 1960 1497 2015 sed
1527 1961 1593 2015 ad
1619 1960 1884 2030 justitiam

276 2036 573 2105 pertinere.

346 2124 473 2182 XII.
508 2127 639 2194 Quae
674 2131 886 2200 justitia
915 2149 1036 2190 cum
1063 2148 1322 2208 perpetuo
1352 2139 1406 2194 in
1427 2140 1544 2197 Deo
1565 2156 1685 2196 cum
1717 2142 1879 2197 boni-

271 2221 373 2268 tate
395 2217 746 2286 conspirarit,
772 2235 878 2275 non
937 2231 1080 2278 recte
1137 2241 1380 2282 seorsum
1430 2228 1673 2301 deputari
1701 2231 1883 2286 Deum

272 2302 500 2370 bonum,
529 2314 584 2360 et
613 2323 859 2365 seorsum
891 2311 1061 2366 Deum
1097 2315 1330 2384 justum.

339 2394 493 2448 XIII.
531 2396 652 2452 Imo
683 2414 809 2454 vero
864 2416 1026 2457 omne
1080 2403 1300 2473 justitiae
1330 2421 1470 2477 Opus
1513 2407 1737 2464 bonitati
1781 2410 1880 2466 Dei

275 2496 589 2554 procurare,
616 2488 819 2559 quippe
848 2506 969 2546 cum
1002 2491 1160 2549 timor
1187 2495 1382 2564 judicii
1413 2497 1480 2552 ad
1519 2496 1739 2566 bonum,
1770 2513 1879 2553 non

271 2569 332 2621 ad
359 2573 598 2638 malum,
630 2578 890 2634 conferat.

339 2660 486 2716 XIV.
522 2663 812 2734 Siquando
843 2669 1019 2742 itaque
1037 2672 1180 2728 Deus
1201 2673 1414 2744 legatur
1441 2674 1681 2731 condens
1716 2675 1879 2747 mala,

271 2747 334 2802 de
365 2750 530 2805 malis
555 2770 755 2823 paenae,
789 2774 896 2814 non
925 2763 1117 2831 culpae,
1150 2762 1396 2836 intelligi.

339 2841 465 2896 XV.
521 2845 792 2900 Justitiam
839 2849 1062 2919 proinde
1107 2867 1248 2919 esse,
1279 2861 1443 2924 atque
1487 2854 1626 2911 adeo
1657 2856 1873 2912 bonita-

269 2934 383 2981 tem
408 2932 532 2996 Dei,
566 2949 688 3003 quze
718 2938 980 2994 severitas
1010 2941 1273 2995 videatur.

351 3017 501 3072 XVI.
533 3020 596 3074 Et
618 3024 783 3090 judici
815 3042 922 3082 non
952 3029 1327 3096 exprobranda
1353 3048 1474 3102 quae
1500 3032 1725 3100 justitia:
1773 3050 1869 3088 ac-

286 3103 496 3176 cidunt,
522 3123 626 3164 non
653 3115 824 3185 magis
852 3132 1010 3186 quam
1045 3117 1249 3174 medico
1280 3117 1601 3176 ferramenta
1631 3139 1750 3194 qua:
1779 3137 1872 3179 se-

278 3202 432 3261 cant,
463 3195 693 3268 inurunt,
727 3212 1010 3273 amputant
1039 3213 1091 3260 et
1120 3207 1490 3263 constrictant.

349 3282 522 3340 XVII.
570 3288 817 3362 Denique
849 3302 1012 3349 totum
1054 3296 1302 3353 ordinem
1353 3297 1456 3352 Dei
1512 3298 1766 3354 bonitatis
1808 3315 1874 3355 ex

275 3373 397 3440 ejus
425 3377 806 3435 misericordia
844 3383 895 3437 in
926 3392 1189 3452 errantes,
1223 3386 1488 3456 patientia
1517 3387 1574 3442 in
1604 3404 1714 3444 non
1744 3389 1878 3444 resi-

276 3461 568 3535 piscentes,
609 3479 665 3524 et
692 3473 1000 3540 praestantia
1029 3474 1086 3528 in
1115 3483 1408 3532 merentes.

345 3552 536 3609 XVIII.
574 3557 782 3615 Deinde
837 3562 906 3615 ad
953 3563 1252 3620 antitheses
1307 3564 1534 3622 veniens
1562 3565 1874 3632 Marcionis,

278 3639 433 3696 etiam
464 3645 534 3698 ad
591 3648 884 3704 bonitatem
938 3651 1034 3706 Dei
1093 3652 1366 3723 pertinere
1407 3656 1602 3724 probat
1660 3655 1880 3710 talionis

282 3742 511 3802 pcenam,
541 3734 784 3791 ciborum
808 3738 1206 3796 immundorum
1225 3741 1664 3816 prohibitionem,
1721 3753 1772 3800 et
1799 3759 1884 3799 sa-

284 3818 601 3877 criﬁciorum
633 3840 819 3882 onera.

341 3911 494 3967 XIX.
523 3914 635 3968 Nec
666 3914 842 3971 minus
857 3916 1017 3973 etiam
1049 3919 1250 3992 legales
1273 3935 1516 3992 quasque
1543 3921 1882 3995 disciplinas,

285 4013 344 4053 ne
370 4002 446 4056 illi
480 4015 756 4060 momento
785 4017 1038 4063 vacarent
1066 4026 1094 4063 a
1125 4009 1221 4063 Dei
1247 4019 1516 4079 respectu.

344 4091 474 4146 XX.
515 4094 634 4148 Imo
662 4110 792 4150 vero
840 4098 1000 4152 etiam
1031 4099 1272 4168 rapinam
1321 4101 1534 4169 argenti
1571 4101 1877 4156 mandatum

285 4192 312 4230 a
338 4179 446 4236 Deo
472 4181 718 4238 Hebraeis
738 4183 792 4238 in
808 4185 1120 4260 Egyptios;
1147 4186 1314 4258 pluris
1334 4188 1474 4244 enim
1497 4190 1724 4245 valuisse
1754 4207 1882 4246 sex-

285 4279 556 4326 centorum
578 4272 804 4327 millium
818 4289 914 4344 per
945 4283 1020 4330 tot
1047 4290 1240 4340 annos,
1271 4285 1324 4333 et
1351 4275 1582 4336 ﬁliorum
1609 4281 1876 4349 jacturam

286 4373 414 4425 quos
442 4369 763 4417 merserant.

353 4445 502 4502 XXI.
527 4449 742 4504 Nullam
760 4467 887 4508 vero
909 4452 1069 4508 etiam
1091 4455 1523 4511 contrarietatem
1545 4471 1667 4511 esse
1687 4457 1743 4512 in
1757 4457 1875 4514 Deo

291 4537 598 4602 prohibente
618 4541 858 4596 sabbatis
883 4544 1112 4612 cperari,
1137 4551 1191 4598 et
1204 4544 1417 4614 jubenti
1445 4561 1628 4602 arcam
1656 4545 1883 4602 circum-

293 4619 407 4677 ferri
429 4627 590 4681 etiam
622 4629 676 4682 in
703 4628 960 4685 Sabbato.

353 4713 532 4770 XXII.
562 4715 736 4773 284
768 4719 958 4791 Neque
985 4721 1146 4775 etiam
1168 4721 1582 4780 similitudinum
1639 4726 1881 4798 prohibi-

283 4811 450 4859 tamm
481 4806 584 4876 legi
616 4807 878 4880 refragari
927 4810 1062 4864 aenei
1109 4814 1395 4883 serpentis,
1425 4823 1518 4871 aut
1607 4817 1880 4874 Cherubin

1542 220 1671 288 LIB.
1704 223 1750 286 ιι
1769 225 1922 288 on.
1946 225 2350 316 numquam.

3499 246 3604 308 310

1931 377 1978 462 Α
2009 361 2341 462 etSeraphin
2373 380 2562 462 aureas
2590 365 2826 462 effigies,
2856 388 2982 462 quae
3011 370 3171 448 longe
3217 372 3459 433 diversas
3497 375 3598 431 lia-

2008 449 2207 508 bebant
2253 470 2446 512 causas
2473 457 2540 510 ab
2596 457 2919 526 idololatria,
2952 461 3017 516 de
3045 478 3172 533 qua,
3222 471 3406 519 vetans
3440 464 3596 522 simi-

2007 539 2289 598 litudinem
2311 544 2448 611 fieri,
2480 545 2730 618 subjicit:
2768 549 2886 606 Non
2908 549 3235 618 adorabitis,
3267 569 3442 625 neque
3470 571 3595 610 ser-

2005 629 2170 687 vietis
2198 634 2308 700 eis;
2339 633 2507 690 fuisse
2533 635 2674 691 enim
2705 639 2869 692 etiam
2898 637 3212 694 rationalem
3244 642 3336 696 Dei
3383 642 3610 708 instita:

2008 717 2209 774 tionem
2241 723 2623 781 sacrificiorum
2653 726 2952 797 (evocantis
2967 728 3034 783 ab
3055 728 3256 801 idolis),
3281 748 3402 802 quae
3424 742 3598 790 tamen

2004 824 2192 864 rursus
2220 812 2484 882 rejecerit.

2075 898 2276 956 XXIII.
2307 902 2420 957 Nec
2447 911 2592 959 recte
2638 904 2800 961 etiam
2855 906 3024 962 levem
3071 907 3246 963 Deum
3301 907 3426 974 dici,
3475 927 3597 965 cum

2003 989 2255 1056 reprobat
2299 989 2587 1062 aliquando
2626 996 2902 1064 probatos,
2936 1005 3030 1052 aut
3055 997 3246 1069 probat
3275 998 3596 1069 quandoque

2003 1079 2407 1148 reprobandos;
2467 1080 2597 1137 nihil
2653 1082 2793 1138 enim
2828 1085 2998 1155 magis
3029 1086 3170 1143 bono
3215 1085 3373 1141 etiam
3427 1087 3592 1155 judici

2002 1166 2307 1232 convenire,
2340 1185 2500 1241 quam
2530 1186 2627 1242 pro
2647 1173 3000 1242 praesentibus
3028 1173 3252 1242 meritis,
3284 1183 3337 1230 et
3365 1175 3593 1245 rejicere

2001 1263 2057 1309 et
2085 1255 2331 1326 allegere.

2075 1344 2278 1403 XXIV.
2332 1347 2563 1404 Proinde
2617 1351 2986 1421 paenitentiam
3036 1353 3179 1424 apud
3207 1355 3378 1410 Deum
3429 1371 3594 1426 prave

2002 1430 2340 1502 interpretari
2370 1438 2718 1504 Marcionem,
2754 1456 2874 1495 nam
2905 1451 2956 1496 et
2984 1441 3038 1496 in
3070 1458 3245 1510 graeco
3304 1458 3436 1499 sono
3485 1444 3592 1511 (ut-

2003 1529 2128 1590 pote
2161 1525 2414 1594 μετάνοια)
2443 1527 2773 1596 poenitentiae
2795 1545 2991 1585 nomen
3012 1547 3118 1586 non
3146 1545 3209 1585 ex
3251 1529 3431 1585 delicti
3461 1545 3592 1586 con-

1997 1607 2246 1678 fessione,
2308 1612 2400 1666 sed
2455 1628 2520 1670 ex
2576 1615 2740 1670 animi
2799 1618 3161 1698 demutatiOpe
3227 1618 3590 1690 compositum

1993 1705 2093 1752 est.

2064 1785 2243 1843 XXV.
2299 1787 2412 1844 Nec
2476 1788 2794 1847 absimiliter
2847 1809 3008 1863 prave
3080 1795 3147 1848 ab
3209 1793 3299 1850 illo
3356 1795 3589 1867 intelligi

1992 1873 2118 1930 illud
2155 1893 2168 1930 :
2197 1880 2394 1946 Adam,
2423 1881 2521 1938 ubi
2553 1885 2650 1938 es?
2676 1891 2727 1938 et
2757 1881 2881 1937 illud
2904 1883 2972 1937 ad
3004 1883 3153 1951 Cain,
3193 1884 3285 1941 Ubi
3305 1888 3387 1940 est
3406 1887 3590 1954 frater

1996 1965 2175 2021 tuus?
2205 1967 2336 2022 Item
2369 1969 2498 2024 illud
2536 1969 2603 2027 de
2640 1970 2874 2027 Sodoma
2901 1981 2954 2027 et
2984 1972 3306 2036 Gomorrlla,
3350 1975 3588 2029 Descen-

1992 2052 2126 2109 dens
2149 2056 2357 2123 videbo,
2381 2066 2485 2113 etc.

2061 2145 2265 2202 XXVI.
2289 2148 2423 2203 Item
2454 2151 2615 2206 etiam
2650 2152 3011 2220 juramentum
3067 2151 3163 2209 Dei
3193 2166 3289 2222 per
3331 2155 3590 2223 semetip-

1990 2249 2131 2300 sum,
2180 2245 2233 2292 et
2270 2238 2430 2292 verba
2462 2238 2548 2293 illa
2586 2240 2651 2296 ad
2682 2241 2901 2311 Moysen
2937 2256 2951 2298 :
2987 2241 3119 2299 Sine
3171 2257 3282 2310 me,
3330 2247 3385 2298 et
3443 2242 3592 2298 indi-

1989 2326 2199 2394 gnatus
2219 2326 2311 2381 ira
2329 2327 2646 2399 disperdam
2677 2329 2824 2385 illos.

2061 2413 2288 2481 XXVII.
2308 2416 2545 2489 Denique
2574 2419 2819 2490 reliquas
2854 2417 3170 2487 pusillitates
3187 2435 3320 2491 quas
3349 2419 3462 2475 Deo
3487 2421 3588 2475 ob-

1986 2499 2246 2570 jiciebant
2289 2504 2613 2563 Marcionita:
2644 2524 2750 2562 non
2796 2516 2966 2564 tantas
2995 2525 3115 2564 esse
3162 2518 3388 2579 quantas
3417 2509 3581 2562 etiam

1987 2588 2095 2661 ipsi
2121 2591 2173 2647 in
2205 2592 2416 2649 Christo
2437 2593 2693 2664 fatentur,
2728 2597 2815 2651 cui
2837 2597 3202 2669 apparitiones
3231 2597 3336 2652 illa:
3375 2598 3585 2653 Veteris

1987 2681 2318 2737 Testamenti
2347 2685 2720 2742 adscribendae
2751 2686 2876 2742 sint.

2056 2771 2298 2827 XXVIII.
2372 2774 2648 2830 Postremo
2726 2775 2986 2831 adversus
3058 2775 3380 2831 Marcionem
3453 2776 3586 2829 alias

1983 2873 2111 2913 suas
2136 2860 2424 2918 antitheses
2453 2865 2677 2920 aemulas
2705 2863 2831 2920 facit
2873 2866 2938 2920 ad
2992 2862 3148 2919 ﬁnem
3208 2879 3376 2935 usque
3442 2864 3582 2920 libri.

1899 2951 1954 3032 υ
1989 2946 2125 3009 ea.

2512 3092 2739 3150 CAPUT
2764 3095 3047 3152 PRIMUM.

2052 3218 2280 3274 Occasio
2307 3219 2631 3274 reformandi
2705 3221 2946 3290 Opusculi
3003 3223 3182 3291 hujus,
3201 3222 3288 3278 cui
3317 3223 3444 3293 quid
3489 3238 3584 3276 ac-

1979 3306 2165 3363 ciderit
2195 3307 2368 3378 primo
2404 3309 2648 3364 libellulo
2683 3310 2697 3346 ι
2733 3310 2934 3380 praefati
2967 3328 3174 3375 sumus,
3232 3312 3336 3366 hoc
3363 3327 3583 3382 quoque

1983 3394 2210 3450 contulit
2235 3397 2410 3461 nobis,
2441 3396 2518 3451 uti
2549 3396 2759 3452 duobus
2816 3397 2921 3454 diis
2950 3399 3208 3455 adversus
3256 3398 3580 3454 Marcionem

1985 3484 2353 3552 retractandis,
2387 3485 2469 3538 sui
2500 3485 2696 3556 cuique
2740 3487 2954 3542 titulum
2995 3494 3049 3542 et
3090 3486 3342 3543 volumen
3391 3485 3584 3542 distin—

1983 3588 2277 3643 gueremus
2305 3589 2403 3644 pro
2431 3575 2667 3630 materia:
2713 3575 2994 3640 divisione,
3025 3576 3251 3631 alterum
3289 3577 3447 3631 deum
3483 3576 3585 3630 de-

1989 3659 2238 3718 finientes
2304 3663 2522 3718 omnino
2578 3679 2686 3720 non
2743 3681 2878 3732 esse,
2933 3667 3162 3721 alterum
3235 3663 3584 3721 defendentes

1991 3750 2154 3823 digne
2211 3751 2388 3807 Deum
2433 3767 2558 3807 esse
2598 3763 2914 3824 :quatenus
2966 3753 3041 3806 ita
3083 3752 3305 3808 Pontico
3361 3753 3582 3824 placuit,

1991 3838 2218 3895 alterum
2275 3840 2548 3909 inducere,
2598 3841 2821 3895 alterum
2874 3841 3178 3898 excludere.
3255 3842 3377 3898 Non
3439 3840 3584 3894 enim

1991 3936 2202 3998 poterat
2247 3929 2512 3985 aediﬁcare
2542 3929 2886 3984 mendacium
2936 3931 3052 3986 sine
3081 3931 3428 3986 demolitione
3487 3947 3583 3986 ve-

1992 4018 2186 4073 ritatis.
2243 4019 2405 4072 Aliud
2462 4019 2722 4074 subruere
2777 4035 3000 4075 necesse
3059 4020 3258 4086 habuit,
3320 4028 3379 4074 ut
3443 4021 3585 4091 quod

1989 4105 2170 4175 vellet,
2212 4115 2529 4162 exstrueret.
2565 4107 2653 4164 Sic
2680 4107 2908 4164 aedificat
2945 4108 3036 4180 qui
3085 4109 3302 4178 prollria
3330 4117 3587 4180 paratura

1987 4201 2136 4250 caret
2195 4195 2292 4264 (1).
2320 4193 2644 4264 Oportuerat
2699 4205 2874 4251 autem
2908 4196 2964 4250 in
3023 4197 3124 4251 hoc
3164 4195 3340 4251 solum
3400 4197 3582 4251 disce-

1990 4292 2184 4352 ptasse,
2219 4283 2366 4354 quod
2407 4299 2563 4337 nemo
2595 4284 2664 4337 sit
2712 4284 2850 4341 deus
2879 4285 2966 4338 ille
2996 4287 3088 4355 qui
3120 4284 3364 4339 Creatori
3393 4301 3583 4354 supcr-

1915 4342 1958 4417 Β
1989 4342 2200 4426 ducitur
2222 4342 2321 4442 {ut
2351 4370 2483 4426 falso
2512 4372 2614 4426 deo
2645 4373 2892 4439 depulso,
2927 4342 3132 4443 reg-uiis
3175 4375 3338 4428 certis
3367 4383 3421 4429 et
3459 4376 3578 4428 uni-

1992 4479 2108 4519 cam
2160 4472 2214 4518 et
2294 4463 2585 4536 perfectam
2668 4463 3144 4534 praescribentibus
3227 4463 3580 4528 divinitatem,

1991 4553 2121 4606 nihil
2144 4553 2254 4621 jam
2284 4559 2616 4626 quaereretur
2637 4552 2688 4606 iu
2713 4553 2882 4605 Deum
2905 4567 3091 4607 verum
3124 4566 3315 4619 :quem
3342 4551 3580 4621 unanto

1992 4647 2262 4696 constaret
2306 4657 2448 4707 esse,
2506 4641 2583 4694 sic
2638 4655 2851 4711 quoque
2905 4638 3032 4692 dum
3095 4638 3255 4692 alium
3298 4652 3419 4691 esse
3475 4653 3583 4692 non

1989 4735 2216 4793 constat,
2274 4737 2420 4784 tanto
2489 4729 2932 4801 qualemcumque
3015 4727 3136 4782 sine
3218 4726 3583 4782 controversia

1989 4819 2176 4874 haberi
2204 4819 2446 4889 deceret,
2499 4819 2836 4876 adorandum
2894 4818 3074 4890 potius
3127 4832 3287 4890 quam
3333 4815 3583 4887 judican-

1656 4934 1845 4998 Varite
1885 4938 2193 4998 lectiones.

347 5029 362 5065 ¹
397 5029 600 5086 Libello
625 5032 844 5088 Pamel.
877 5033 1048 5091 Seml.
1087 5034 1312 5093 Oberth.
1348 5037 1372 5074 2
1400 5037 1573 5108 Quem
1601 5042 1974 5098 omitt.Fran.

1673 5160 2176 5225 Commentarius.

342 5259 431 5326 (1)
465 5261 571 5327 Qui
595 5278 826 5339 propria
854 5268 1135 5335 paratum
1163 5270 1340 5339 caret.
1367 5265 1677 5339 Paraturum
1707 5267 1877 5339 inquit

283 5328 674 5394 Rlicnanus,'et
697 5328 794 5389 hic
823 5328 977 5390 vocat
1007 5337 1306 5396 materiam.
1358 5337 1447 5393 Sic
1477 5339 1566 5392 lib.
1599 5339 1666 5394 de
1700 5328 1877 5396 Carne

282 5401 514 5466 Christi,
549 5419 597 5457 c.
630 5408 660 5457 8
704 5423 716 5456 :
759 5424 783 5457 ε
821 5407 1024 5480 Debeo,
1059 5407 1278 5480 inquit,
1327 5407 1448 5480 illos
1485 5410 1552 5463 de
1601 5427 1694 5464 sua
1725 5427 1875 5480 para-

276 5483 401 5550 tura
423 5482 762 5550 repercutere
788 5493 863 5550 ;_»
896 5479 1028 5532 item
1057 5478 1418 5550 lihﬁpraaced.
1453 5495 1500 5534 c.
1535 5484 1589 5534 II
1633 5500 1645 5534 :
1685 5478 1876 5537 »Ναι-

276 5543 387 5597 lam
437 5543 538 5598 sibi
574 5547 857 5619 prespexit
901 5543 1251 5624 agnoscendo
1283 5559 1604 5622 paraturam.
1642 5573 1663 5600 »
1698 5555 1879 5610 Adno—

1985 5274 2063 5322 tat
2117 5275 2378 5338 praeterea
2407 5266 2648 5322 Latinius
2695 5265 2896 5323 similes
2953 5267 3105 5322 locos
3141 5283 3205 5322 ex
3235 5265 3327 5320 lib.
3361 5281 3413 5320 IV
3462 5266 3587 5320 adv.

1992 5340 2257 5396 Marcion.
2315 5340 2416 5394 sub
2471 5340 2726 5395 initium:
2794 5362 2816 5390 ‹‹
2876 5339 2939 5394 Et
3006 5354 3218 5394 Omnem
3288 5344 3589 5405 paraturam

1988 5410 2142 5484 impii
2170 5420 2328 5482 atque
2360 5411 2611 5484 sacrilegi
2642 5411 2926 5484 Marcionis
2958 5434 2971 5479 ;
3011 5418 3122 5484 net
3147 5404 3351 5462 rurslilll
3397 5404 3588 5458 οοάυηι

1989 5481 2082 5536 lib;
2115 5499 2163 5537 c.
2201 5481 2268 5539 2’:
2309 5505 2331 5534 ‹
2379 5481 2580 5538 [lubuit
2609 5485 2791 5552 utique
2820 5481 3182 5536 authenticam
3205 5486 3522 5548 paraturum.
3564 5497 3585 5526 ι

1989 5553 2132 5610 Pan.
