4032 6152
494 288 597 354 311

1205 294 1643 362 TERTULLIANI
1676 297 1941 364 OPERUM
1976 297 2149 367 PARS
2168 297 2238 363 II.
2275 330 2348 344 —
2382 296 2607 363 SERIES
2640 298 2684 375 Ι,
2725 298 3072 363 POLBMIGA.

3676 294 3783 361 312

494 420 658 524 dum;
701 426 756 477 et
782 418 1173 524 demerendum
1218 427 1394 499 magis
1456 441 1615 498 quam
1664 428 2078 501 retractandum,
2112 444 2159 524 Α
2188 427 2487 500 apostolus,
2520 427 2857 501 prospiciens
2879 429 3129 487 haeretica
3155 425 3316 486 corda
3349 444 3364 483 :
3403 429 3556 500 Quis,
3588 427 3784 502 inquit,

493 508 582 565 vel
606 525 766 581 quam
797 508 1089 587 timendum
1117 513 1187 569 ob
1216 516 1574 573 severitatem.
1598 514 1761 575 285
1780 516 1920 586 Quid
1942 517 2083 574 enim

493 597 725 669 amplius
762 599 965 656 homini
993 603 1379 671 necessarium,
1411 620 1577 676 quam
1621 620 1752 661 cura
1806 606 1861 661 in
1916 607 2093 663 Deum

494 702 701 752 verum,
733 687 789 742 in
843 705 1024 760 quem,
1085 698 1145 747 ut
1203 693 1277 748 ita
1332 692 1584 762 dixerim,
1634 694 1919 767 inciderat,
1967 696 2093 768 quia

494 773 636 830 alius
661 776 804 833 Deus
832 793 940 834 non
979 787 1115 835 erat.

1125 923 1354 982 CAPUT
1394 926 1464 982 II.

564 1042 638 1099 At
665 1059 813 1102 nunc
848 1045 1123 1117 negotium
1159 1048 1370 1120 patitur
1397 1049 1543 1105 Deus
1595 1050 1940 1122 omnipotens
1989 1050 2089 1122 (2),

492 1131 745 1189 dominus
800 1142 852 1190 et
898 1134 1144 1191 conditor
1234 1137 1634 1207 universitatis;
1692 1139 1815 1196 ideo
1877 1146 2088 1193 tantum

490 1222 705 1292 Opinor,
736 1223 909 1294 quina
946 1224 1240 1295 primordio
1289 1233 1450 1281 notus
1493 1236 1593 1293 est,
1627 1227 1751 1298 quia
1798 1243 2090 1299 numquam

493 1310 670 1378 latuit,
716 1312 844 1383 quia
897 1328 1118 1383 semper
1172 1313 1366 1379 illuxit,
1416 1312 1580 1369 etiam
1626 1327 1752 1371 ante
1800 1317 2090 1371 Romulum

489 1399 690 1472 ipsum,
721 1401 919 1457 nedum
950 1412 1072 1458 ante
1100 1402 1377 1460 Tiberium
1412 1422 1426 1457 :
1459 1403 1560 1459 nisi
1597 1405 1740 1476 quod
1791 1405 1918 1461 solis
1972 1408 2088 1462 hm-

492 1489 670 1546 reticis
706 1491 953 1562 cognitus
1003 1508 1109 1547 non
1137 1501 1238 1559 est,
1270 1493 1362 1565 qui
1397 1493 1447 1548 ei
1501 1493 1780 1565 negotium
1838 1493 2042 1551 faciunt
2073 1513 2084 1551 :

490 1586 773 1652 prOpterea
809 1580 969 1636 alium
1017 1582 1189 1638 Deum
1229 1582 1595 1639 existimantes
1633 1588 2089 1654 praesumendum,

488 1670 612 1743 quia
647 1686 806 1744 quem
847 1679 1057 1726 constat
1102 1688 1239 1738 esse,
1291 1672 1691 1743 reprehendere
1719 1673 1894 1745 magis
1947 1690 2079 1745 pos-

487 1766 632 1828 sunt,
664 1775 826 1830 quam
870 1774 1072 1831 negare
1126 1760 1193 1815 de
1224 1760 1445 1818 arbitrio
1501 1776 1695 1817 sensus
1753 1761 1837 1816 sui
1893 1765 2081 1834 pensi-
2117 1738 2161 1816 Β

488 1855 660 1905 tantes
686 1849 710 1887 3
739 1849 910 1904 Deum
939 1849 1109 1921 aliqui
1159 1866 1173 1906 :
1204 1849 1433 1921 proinde
1464 1857 1623 1921 atque
1680 1850 1726 1905 si
1771 1866 1948 1907 caecus
1997 1854 2083 1908 vel

486 1935 818 1993 ﬂuitantibus
843 1938 1032 2003 oculis,
1064 1940 1188 1994 ideo
1228 1939 1388 1994 alium
1440 1938 1608 1996 solem
1653 1955 1983 2012 praesumere
2014 1942 2088 2014 (3)

484 2026 610 2082 velit
662 2027 932 2083 mitiorem
983 2035 1038 2083 et
1082 2028 1632 2099 salubriorem;quia
1684 2045 1843 2100 quem
1887 2028 2081 2094 videat,

483 2128 594 2169 non
650 2114 818 2171 videt.
860 2116 1062 2171 Unicus
1099 2116 1185 2171 sol
1216 2127 1317 2184 est,
1358 2131 1392 2171 o
1448 2116 1632 2185 homo,
1678 2118 1771 2186 qui
1825 2116 2084 2170 mundum

484 2202 629 2257 hunc
659 2211 962 2275 temperat;
995 2213 1050 2260 et
1075 2205 1291 2277 quando
1331 2219 1442 2260 non
1496 2213 1675 2274 putas,
1734 2203 1979 2272 optimus
2033 2211 2088 2259 et

481 2291 666 2362 utilis;
719 2299 773 2347 et
826 2310 948 2348 cum
1003 2293 1101 2348 tibi
1156 2293 1332 2349 acrior
1377 2300 1430 2347 et
1472 2291 1740 2359 infestior,
1789 2292 1874 2349 vel
1921 2292 2085 2349 etiam

481 2379 751 2435 sordidior
778 2388 938 2452 atque
986 2382 1307 2451 corruptior,
1340 2381 1533 2436 rationi
1600 2392 1780 2436 tamen
1839 2398 1952 2437 suae
1983 2398 2086 2453 par

484 2476 587 2523 est.
620 2471 754 2523 Eam
794 2477 849 2525 tu
879 2471 925 2525 si
955 2470 1275 2542 perspicere
1305 2486 1413 2527 non
1447 2472 1595 2527 vales
1620 2473 1665 2540 4,
1700 2473 1814 2541 jam
1843 2487 1939 2528 nec
1996 2472 2082 2528 ul-

483 2555 591 2611 lius
619 2559 643 2596 5
671 2559 891 2615 alterius
920 2559 1068 2623 solis,
1099 2559 1145 2614 si
1191 2559 1287 2631 qui
1324 2559 1537 2627 fuisset,
1580 2561 1762 2616 radios
1816 2562 2083 2617 sustinere

480 2646 771 2717 potuisses,
805 2648 989 2719 utique
1035 2645 1257 2719 majoris
1309 2648 1352 2702 6.
1394 2648 1526 2703 Nam
1556 2648 1646 2722 qui
1691 2648 1743 2703 in
1791 2650 1812 2688 ⁷
1862 2649 2084 2705 inferio-

480 2751 599 2791 rem
637 2735 799 2792 deum
828 2738 1067 2803 saeculis,
1109 2736 1239 2811 quid
1262 2736 1319 2791 in
1345 2735 1719 2794 sublimiorem
1747 2739 1775 2793 ‘?
1802 2737 1941 2807 Quin
1990 2754 2083 2810 po-

482 2823 589 2880 tius
627 2825 926 2882 infirmitati
957 2836 1059 2883 tuae
1086 2826 1287 2899 parcis,
1310 2842 1411 2881 nec
1440 2827 1497 2881 in
1529 2827 1826 2896 periculum
1891 2835 2081 2883 exten-

481 2912 650 2984 deris,
678 2915 884 2971 habens
913 2915 1075 2971 deum
1101 2925 1307 2973 certum
1336 2924 1390 2972 et
1445 2915 1827 2984 indubitatum,
1885 2923 1940 2971 et
1986 2919 2090 2973 hoc

2199 520 2334 586 (Isa.
2366 534 2460 583 χιι,
2484 522 2569 586 13,
2595 522 2705 590 14),
2754 521 3007 593 cognovit
3026 536 3256 577 sensum
3281 520 3503 578 Domini
3522 523 3625 575 aut
3652 519 3786 592 quis

2199 609 2291 664 illi
2309 608 2676 665 consiliarius
2698 608 2745 646 ιο
2771 609 2920 680 fuit?
2949 606 3240 665 286aut
3267 608 3339 664 ad
3358 622 3521 681 quem
3551 608 3785 665 consul-

2201 697 2393 754 tavit?
2446 701 2548 754 aut
2576 697 2728 756 viam
2778 698 3106 755 intellectus
3160 700 3216 755 et
3244 698 3502 754 scientiae
3546 697 3672 769 quis
3695 695 3789 751 de-

2198 788 2540 843 monstravit
2566 786 2669 843 ei?
2698 785 2797 842 Cui
2845 794 2899 842 et
2926 786 3218 857 Apostolus
3247 784 3525 842 condicet:
3582 785 3622 842 0
3655 800 3792 857 pro-

2195 875 2447 945 fundum
2475 876 2553 945 (4)
2583 875 2920 932 divitiarum
2948 878 3006 931 et
3032 875 3239 946 sophiae
3256 873 3389 931 Dei!
3410 876 3475 929 ut
3497 872 3795 928 ininvesti-

2197 965 2409 1037 gabilia
2428 962 2651 1036 judicia
2679 966 2822 1036 ejus,
2846 965 3032 1035 utique
3050 962 3150 1019 Dei
3172 962 3396 1033 judicis,
3426 967 3481 1019 et
3502 963 3795 1019 ininvesti—

2197 1053 2406 1124 gabiles
2444 1054 2551 1109 via:
2606 1053 2725 1125 ejus
2747 1052 2769 1106 .’
2814 1051 3001 1124 utique
3047 1051 3364 1107 intellectus
3419 1057 3474 1106 et
3523 1049 3791 1120 scientiae,

2199 1158 2335 1214 quas
2385 1142 2435 1197 ei
2466 1157 2624 1197 nemo
2679 1142 2994 1199 monstravit
3034 1159 3048 1196 :
3088 1140 3192 1197 nisi
3230 1140 3366 1197 forte
3395 1140 3489 1197 isti
3536 1154 3793 1196 censores

2198 1230 2508 1296 divinitatis,
2540 1230 2776 1287 dicentes
2811 1251 2824 1285 :
2857 1231 2946 1287 Sic
2975 1245 3085 1287 non
3151 1228 3343 1287 debuit
3388 1230 3569 1298 Deus;
3630 1236 3686 1284 et
3715 1229 3797 1286 sic

2197 1319 2373 1393 magis
2393 1319 2608 1375 debuit:
2644 1321 2799 1391 quasi
2848 1327 3141 1392 cognoscat
3169 1319 3360 1391 aliquis
3406 1334 3527 1390 quae
3570 1318 3679 1374 sint
3739 1318 3796 1373 in

2195 1408 2326 1476 Deo,
2358 1407 2461 1464 nisi
2492 1407 2714 1479 spiritus
2736 1408 2858 1466 Dei.
2892 1409 3083 1466 Mundi
3109 1414 3300 1465 autem
3331 1409 3594 1466 habentes
3612 1409 3795 1482 spiri-

2198 1501 2344 1561 tum,
2359 1514 2471 1554 non
2485 1513 2752 1568 agnoscen
2761 1502 2842 1553 tes
2851 1500 2913 1555 in
2924 1499 3203 1571 sapientia
3222 1500 3324 1554 Dei
3335 1514 3434 1571 per
3445 1498 3795 1570 sapientiam

2195 1589 2371 1644 Deum
2395 1589 2466 1657 (Ι
2494 1589 2616 1644 Cor.
2653 1602 2691 1656 ι,
2724 1588 2836 1658 21),
2895 1586 3255 1644 consultiores
3301 1586 3518 1642 sibimet
3546 1586 3797 1642 videntur

2197 1674 2331 1731 Deo.
2364 1673 2651 1742 Quoniam,
2676 1675 2813 1731 sicut
2839 1675 3102 1747 sapientia
3130 1674 3313 1730 mundi
3333 1674 3559 1730 stultitia
3586 1684 3671 1730 est
3700 1689 3799 1745 pe-

2194 1778 2291 1817 nes
2318 1765 2513 1833 Deum,
2553 1764 2626 1819 ita
2656 1773 2709 1820 et
2761 1764 3021 1834 sapientia
3089 1764 3183 1819 Dei
3224 1762 3457 1819 stultitia
3493 1770 3579 1819 est
3623 1778 3798 1835 penes

2194 1853 2474 1906 mundum.
2517 1851 2620 1906 Sed
2653 1852 3002 1921 nos,scimus
3031 1853 3275 1909 stultum
3315 1854 3416 1909 Dei
3469 1854 3795 1925 sapientius

2196 1939 2538 2006 hominibus,
2570 1945 2626 1996 et
2677 1942 2996 1997 invalidum
3046 1943 3145 1998 Dei
3190 1941 3433 1998 validius
3473 1940 3795 1998 hominibus

2193 2030 2247 2099 (Ι
2275 2031 2394 2087 Cor.
2425 2046 2463 2096 ι,
2504 2032 2614 2097 25).
2674 2030 2741 2083 Et
2788 2030 2859 2086 ita
2886 2031 3032 2086 Deus
3082 2037 3207 2084 tunc
3255 2030 3488 2085 maxime
3538 2045 3790 2100 magnus,

2192 2133 2314 2174 cum
2343 2118 2552 2173 homini
2576 2118 2836 2188 pusillus;
2872 2127 2923 2172 et
2955 2129 3082 2175 tunc
3117 2118 3343 2173 maxime
3370 2120 3628 2188 Optimus,
3665 2133 3795 2172 cum

2191 2207 2395 2262 homini
2449 2223 2557 2263 non
2613 2210 2825 2277 bonus;
2864 2214 2918 2263 et
2970 2216 3100 2263 tunc
3155 2207 3391 2263 maxime
3437 2222 3596 2275 unus,
3670 2223 3798 2262 cum

2191 2296 2397 2351 homini
2420 2296 2529 2353 duo
2560 2308 2656 2351 aut
2678 2297 2881 2366 plures.
2914 2297 3070 2366 Quod
3111 2296 3211 2352 sia
3240 2296 3563 2367 primordio,
3622 2298 3795 2354 Homo

2186 2386 2456 2441 animalis
2473 2386 2551 2457 (5)
2574 2403 2689 2442 non
2711 2388 2989 2459 recipiens
3013 2402 3139 2459 qua:
3160 2392 3297 2442 sunt
3320 2387 3563 2458 spiritus
3587 2386 3635 2454 (I
3665 2386 3794 2442 Cor.

2190 2487 2255 2540 ιι,
2289 2474 2396 2540 14),
2433 2474 2713 2529 stultitiam
2745 2473 3070 2530 existimavit
3098 2472 3193 2529 Dei
3258 2472 3456 2544 legem,
3508 2483 3565 2528 ut
3630 2488 3796 2544 quam

2189 2563 2481 2619 observare
2538 2564 2810 2637 neglexit:
2879 2563 3110 2633 ideoque
3164 2580 3280 2619 non
3327 2563 3576 2620 habendo
3607 2563 3792 2633 ﬁdem,

2189 2655 2362 2708 etiam
2391 2654 2466 2724 (6)
2489 2653 2632 2724 quod
2657 2652 2953 2710 videbatur
2988 2653 3189 2709 habere
3235 2651 3566 2724 ademptum
3585 2656 3671 2708 est
3700 2653 3799 2708 illi

2191 2742 2415 2818 (Matth.
2445 2756 2579 2812 xm,
2613 2745 2716 2813 i2;
2753 2745 2884 2799 Luc.
2933 2757 3052 2808 Vlll,
3106 2741 3217 2812 18),
3261 2740 3493 2812 paradisi
3533 2740 3711 2813 gratia
3751 2747 3807 2795 et

2191 2829 2526 2888 familiaritas
2547 2829 2666 2896 Dei,
2699 2846 2798 2900 per
2827 2845 2984 2899 quam
3044 2832 3224 2886 omnia
3264 2830 3359 2886 Dei
3417 2828 3801 2901 cOgnovisset,

2197 2919 2246 2974 si
2298 2918 2619 2976 obedisset:
2683 2919 2813 2990 quid
2852 2920 3045 2974 mirum
3105 2919 3151 2973 si
3203 2919 3509 2974 redhibitus
3556 2918 3800 2973 materiae

483 2998 603 3075 ipso
632 3003 761 3060 satis
787 3005 982 3071 visum,
1016 3021 1143 3060 cum
1190 3004 1245 3060 id
1277 3003 1509 3075 primum
1556 3004 1904 3074 conSpexeris
1949 3018 2076 3060 eum
2114 3026 2157 3105 ε
2194 3023 2330 3075 suae,
2369 3015 2424 3064 et
2478 3007 2534 3062 in
2580 3008 2907 3079 ergastulum
2938 3015 3095 3064 terrae
3134 3008 3442 3064 laborandaa
3497 3007 3799 3079 relegatus,

485 3108 628 3162 esse,
652 3109 814 3165 quem
846 3109 955 3150 non
992 3094 1155 3165 scias,
1187 3092 1290 3148 nisi
1318 3109 1383 3149 ex
1412 3099 1564 3165 parte
1595 3109 1701 3165 qua
1730 3093 1902 3152 voluit
1934 3093 2073 3167 ipse.

485 3181 594 3237 Sed
638 3183 809 3238 Deum
846 3182 1062 3255 quidem
1095 3190 1153 3239 ut
1180 3184 1358 3237 sciens
1388 3197 1495 3237 non
1535 3197 1723 3254 negas,
1746 3191 1810 3239 ut
1833 3186 2084 3239 nesciens

485 3278 776 3339 retractas;
810 3271 919 3328 imo
957 3280 1012 3328 et
1083 3287 1311 3328 accusas
1356 3270 1511 3341 quasi
1555 3271 1768 3338 sciens;
1821 3288 1981 3341 quem
2038 3270 2084 3325 si

482 3359 675 3430 scires,
704 3376 811 3417 non
853 3375 1157 3428 accusares,
1215 3360 1323 3414 imo
1391 3373 1488 3413 nec
1542 3364 1887 3413 retractares.
1939 3359 2082 3414 Red-

485 3448 619 3503 dens
648 3464 848 3504 nomen
874 3448 974 3514 illi,
1006 3464 1175 3519 negas
1203 3447 1561 3503 substantiam
1591 3445 1848 3515 nominis,
1890 3446 1943 3500 id
1999 3454 2081 3503 est

483 3537 934 3609 magnitudinem,
988 3553 1095 3608 qua
1148 3537 1175 3574 ⁸
1239 3536 1390 3590 Deus
1445 3533 1659 3599 dicitur,
1717 3548 1827 3589 non
1881 3541 2080 3590 tantam

484 3640 602 3680 eam
631 3642 952 3699 agnoscens,
986 3633 1236 3697 quantam
1275 3624 1322 3679 si
1360 3626 1521 3679 homo
1552 3622 1893 3678 omnifariam
1921 3639 2082 3680 nosse

392 3770 395 3773 λ
488 3716 766 3784 potuisset,
800 3715 1113 3787 magnitudo
1156 3730 1263 3771 non
1316 3720 1481 3771 esset.
1513 3712 1679 3768 Isaias
1726 3713 1840 3781 jam
1896 3723 2008 3769 tum
2053 3716 2078 3754 9

2194 3097 2249 3151 in
2310 3098 2428 3169 ipso
2484 3112 2646 3168 opere
2704 3112 2877 3169 prono
2922 3106 2975 3152 et
3051 3098 3260 3153 devexo
3316 3095 3385 3150 ad
3441 3102 3638 3150 terram
3695 3096 3799 3165 (7).

2192 3193 2504 3257 usurpatum
2535 3203 2600 3241 ex
2629 3185 2720 3241 illa
2775 3184 3021 3255 spiritum
3052 3184 3244 3241 mundi
3298 3185 3551 3241 universo
3608 3198 3800 3256 generi

2194 3290 2297 3330 suo
2328 3275 2564 3344 tradidit,
2605 3275 2863 3330 duntaxat
2917 3274 3137 3329 animali
3171 3282 3223 3330 et
3253 3273 3509 3329 haeretico
3556 3273 3659 3345 (8),
3691 3290 3802 3330 non

2191 3363 2470 3433 recipienti
2491 3379 2613 3433 quae
2659 3370 2784 3416 sunt
2818 3363 2915 3417 Dei
2945 3365 2973 3417 ἲ)
3004 3363 3115 3419 Aut
3149 3364 3272 3434 quis
3316 3362 3582 3417 dubitabit
3617 3361 3800 3433 ipsum

2187 3450 2325 3510 illud
2354 3453 2486 3508 Adae
2538 3451 2789 3506 delictum
2827 3452 2907 3522 (9)
2945 3451 3196 3507 haeresim
3232 3451 3607 3523 pronuntiare,
3653 3451 3805 3522 quod

2190 3555 2287 3610 per
2314 3539 2634 3595 electionem
2673 3555 2786 3595 suae
2834 3541 3014 3609 potius
3061 3557 3223 3612 quam
3267 3539 3462 3596 divinae
3518 3539 3804 3595 sententiae

2188 3626 2459 3681 admisit?
2506 3627 2608 3681 nisi
2671 3626 2817 3698 quod
2878 3628 3048 3683 Adam
3107 3644 3398 3700 numquam
3454 3626 3629 3699 ﬁgulo
3698 3643 3806 3684 suo

2186 3715 2367 3770 dixit:
2403 3734 2430 3766 α
2476 3716 2599 3771 Νοιι
2625 3716 2917 3787 prudenter
2963 3716 3234 3772 deﬁnxisti
3258 3732 3361 3773 me.
3422 3737 3446 3768 ι
3498 3714 3805 3773 Confessus

564 3891 588 3928 3
613 3889 906 3964 Pensitant.
951 3891 1141 3946 Latin.
1183 3891 1319 3964 Jun.
1353 3889 1377 3926 ἰ
1407 3888 1599 3964 _Valeas
1630 3889 1770 3964 _alii.
1801 3810 2503 3964 §1Xiiirdm8:3:3;.103§:rth.
2545 3892 2570 3929 δ
2606 3893 2840 3961 Majores
2877 3895 3004 3949 alii.
3049 3896 3071 3933 7
3126 3897 3185 3949 In
3241 3895 3394 3952 abest
3422 3893 3542 3964 Rig.
3603 3893 3802 3948 Venet.

489 3960 521 4037 ﬁ
538 3961 946 4037 magnitudinis,
998 3977 1133 4037 qua;
1168 3961 1363 4037 Rhen;
1407 3960 1587 4037 Venet.
1617 3961 1833 4018 Pamel.
1889 3962 1912 3999 9
1940 3963 2065 4034 ipse
2115 3964 2227 4033 jam
2255 3974 2380 4020 tunc
2428 3966 2592 4021 Pam.
2648 3960 2819 4023 Fran.
2853 3965 3101 4037 ipsejam
3129 3966 3306 4024 Rhea.
3364 3967 3410 4004 1°
3442 3960 3576 4033 Qitis
3604 3965 3805 4021 cousi-

487 4031 673 4089 liarius
702 4033 821 4102 ejus
850 4031 1061 4091 Pame'l.
1097 4033 1266 4091 Seml.
1305 4031 1527 4089 Oberth.

1883 4104 2384 4169 Commentarius.

565 4214 660 4286 (2)
672 4214 744 4269 At
764 4227 924 4286 nunc
946 4211 1239 4286 negotium
1256 4211 1681 4286 ~patitur_Deus
1710 4211 2086 4286 omnipotens,

488 4280 593 4340 etc'.
622 4280 795 4354 Quasi
824 4283 999 4338 dicere
1018 4280 1181 4337 vellet
1208 4280 1323 4354 Deo
1353 4280 1629 4354 negotium
1646 4280 1832 4354 _facere
1860 4280 2086 4354 Marcio-

490 4352 720 4411 nitarum
751 4355 1101 4411 temeritatem
1130 4361 1189 4408 et
1227 4353 1521 4418 audaciam,
1568 4352 1661 4422 qui
1689 4353 1862 4406 Deum
1919 4353 2087 4409 alium

492 4427 563 4480 ab
599 4426 970 4496 omnipotente
1000 4424 1103 4479 sibi
1123 4422 1513 4480 conﬁnxerunt.
1554 4423 1630 4480 LE
1663 4423 1757 4477 Pa.

559 4497 634 4566 (3)
676 4495 1268 4568 Fluitantibusgoculis
1297 4497 1482 4551 alium
1508 4495 1681 4568 solem
1709 4509 2088 4568 praesumere.

490 4565 579 4624 Sic
610 4570 700 4626 lib.
737 4585 756 4624 1
802 4587 816 4622 :
869 4590 892 4619 α
926 4567 1324 4640 Lippientibus,
1351 4568 1514 4622 etiam
1544 4565 1832 4638 singularis
1868 4565 2092 4621 lucerna

492 4656 780 4697 numerosa
802 4648 906 4695 est.
944 4659 966 4689 ››
997 4641 1124 4695 Βία.

561 4714 639 4781 (4)
681 4712 969 4784 Apostolus
1018 4709 1276 4784 condicet
1306 4707 1800 4784 Lamo/undam.
1828 4780 1837 4784 _
1862 4716 1987 4784 etc._
2023 4709 2084 4784 ΒῘ

492 4779 783 4853 Apostolus
824 4784 996 4837 Esaia
1036 4781 1328 4853 consentit.
1386 4779 1746 4853 dum_'(Rom.A
1780 4780 1846 4853 ιι)
1884 4796 1905 4853 ς
1939 4779 2017 4834 ait
2048 4781 2089 4837 0

484 4846 835 4925 profundum
858 4854 990 4925 lete.
1017 4870 1033 4919 ;
1066 4854 1121 4907 in
1137 4851 1345 4925 Graecis
1363 4859 1463 4925 est,
1554 4846 1707 4916 ’βάθος
1737 4851 1749 4925 l
1780 4846 1858 4905 LE
1880 4852 1979 4925 Pa,

558 4921 638 4995 (5)
670 4926 838 4980 Homo
876 4924 1145 4981 animalis
1197 4924 1436 4990 Ψυχικός.
1505 4923 1597 4995 ΕιΔ
1625 4924 1807 4977 statim
1833 4921 2086 4993 explicat,

491 4992 625 5067 non
647 4998 924 5067 recipiens
956 5012 1081 5066 quae
1108 4998 1244 5067 sunt
1274 4997 1535 5067 spiritus.
1568 4992 1694 5048 Ric.
1905 4992 1917 4993 ’
1969 5064 1998 5067 _
2029 5005 2055 5067 ξ

558 5066 637 5137 (6)
671 5062 1050 5138 Ideoquenon
1070 5062 1329 5138 habendo
1357 5066 1542 5137 ﬁdem,
1579 5067 1773 5138 etiam,
1800 5074 1929 5138 _elc.
1950 5062 2086 5138 _Pul—

485 5133 623 5191 chre'
644 5133 877 5206 explicat
908 5136 1039 5192 illud
1062 5136 1189 5192 Luc.
1224 5153 1319 5193 vni
1352 5133 1366 5189 ἐ
1406 5138 1510 5205 Qui
1534 5139 1685 5191 enim
1717 5133 1906 5206 habet,
1926 5136 2087 5206 dabi-

485 5213 579 5264 tur
599 5209 672 5274 ei,
702 5204 758 5267 et
778 5211 872 5281 qui
898 5207 1219 5281 noniharbet,
1237 5211 1415 5281 etiam
1437 5206 1590 5281 quod
1608 5210 1780 5277 putat
1801 5221 1858 5262 se
1885 5204 2086 5281 habere

482 5276 870 5352 auferetur'ab
900 5295 981 5335 eo.
1012 5280 1072 5352 id
1104 5280 1178 5352 ἰιιΔ
1206 5276 1368 5352 simili
1415 5276 1479 5352 ad
1509 5276 1777 5352 Adamum
1818 5277 2082 5352 referens,

480 5346 589 5417 cui,
629 5371 651 5401 α
695 5368 806 5407 non
838 5351 1092 5405 habendo
1148 5348 1337 5412 ﬁdem,
1398 5346 1562 5400 etiam
1610 5347 1753 5415 quod
1801 5346 2087 5401 videbatur

480 5423 679 5479 habere
708 5424 1015 5490 ademptum
1060 5428 1164 5490 est,
1212 5439 1234 5467 η
1281 5432 1474 5486 nempe
1522 5439 1544 5465 ε
1597 5417 1833 5490 paradi~i
1891 5419 2081 5488 gratia,

487 5503 542 5549 ct
595 5487 930 5550 familiaritas
973 5489 1092 5558 Dei,
1153 5504 1246 5559 per
1292 5503 1451 5560 quam
1494 5487 1676 5543 omnia
1730 5487 1827 5542 Dei
1881 5504 2088 5560 cognor

477 5566 664 5631 visset,
707 5565 755 5620 si
809 5563 1105 5620 obedisset.
1160 5580 1184 5612 ι
1231 5559 1333 5617 Ubi
1389 5559 1738 5631 adverbum
1789 5560 2080 5625 transtulit,

476 5635 619 5705 quod
646 5636 868 5693 videtur
896 5633 1115 5705 habere,
1145 5646 1244 5706 pro
1264 5646 1330 5691 eo
1348 5630 1496 5705 quod
1522 5639 1603 5688 est
1631 5631 1842 5701 Graece,
1873 5634 1896 5685 δ
1953 5633 2089 5688 δοκεῖ

2198 4210 2343 4280 ἔχειν.
2376 4214 2518 4271 ΡΔΜ.

2249 4285 2349 4364 _(7)
2380 4287 2470 4364 In_
2492 4286 2610 4364 ipso
2641 4302 2803 4359 opere
2849 4301 3027 4359 prono
3073 4290 3125 4343 et
3172 4285 3378 4343 devexo
3422 4286 3494 4342 ad
3549 4288 3796 4341 terram.

2200 4355 2415 4412 Dixerat
2434 4355 2654 4413 Persius
2669 4355 2699 4414 “;

2198 4496 2239 4552 Β
2268 4426 2314 4483 Ο
2342 4442 2528 4499 pronae
2549 4429 2603 4482 in
2630 4436 2799 4484 terras
2827 4428 3040 4494 animae,
3077 4435 3131 4482 et
3160 4428 3463 4486 caelestium
3548 4425 3745 4483 inanes
3781 4430 3795 4483 !

2246 4512 2320 4552 ια.

2246 4512 2320 4554 ια.

2267 4569 2345 4653 (8)
2367 4572 2671 4653 Duntamat
2711 4572 2958 4653 animali
2984 4575 3039 4653 et
3077 4571 3360 4653 hceretico.
3418 4571 3606 4653 itaque
3653 4571 3799 4653 alios

2194 4640 2479 4713 psychieos
2508 4641 2653 4709 facit,
2685 4642 2818 4697 alios
2843 4642 3144 4713 haereticos,
3177 4652 3238 4698 ut
3263 4652 3316 4697 et
3360 4640 3623 4713 principio
3664 4642 3793 4698 libri

2197 4714 2270 4768 De
2303 4712 2667 4784 Monogamia.
2699 4713 2770 4768 Et
2805 4720 2985 4768 tamen
3025 4712 3293 4769 Adamum
3357 4712 3556 4784 ipsum,
3623 4730 3795 4784 quem

2195 4782 2509 4854 psychicum
2556 4790 2730 4847 vocat,
2786 4799 2906 4839 mox
2936 4784 3227 4854 appellabit
3276 4782 3790 4848 haereticum.Pam.

2265 4854 2344 4923 (9)
2374 4855 2488 4908 Aut
2524 4854 2649 4927 quis
2686 4854 2981 4927 dubitabit,
3017 4856 3208 4927 ipsum
3257 4855 3403 4912 illud
3436 4856 3568 4912 Ade:
3611 4856 3792 4912 delic-

2194 4927 2336 5003 tum,
2373 4932 2475 4980 etc.
2510 4925 2683 5003 Etiam
2721 4933 2906 4981 notatu
2933 4925 3132 5003 dignus
3158 4938 3243 5003 est
3290 4927 3390 5003 hic
3435 4927 3791 5003 locus,_quod

2193 4996 2404 5049 initium
2459 4996 2636 5050 omnis
2663 4997 2933 5053 haereseos
2959 4996 3025 5052 ab
3053 4998 3246 5052 Adami
3283 4998 3479 5055 delicto
3533 4996 3790 5067 deducat,

2193 5071 2403 5135 utpote,
2437 5067 2595 5141 sicuti
2619 5068 2885 5141 sequitur
2922 5086 2935 5123 :
2990 5091 3015 5121 α
3048 5069 3207 5138 Quod
3287 5084 3403 5141 per,
3464 5069 3791 5141 electionem

2196 5151 2310 5191 suae
2341 5136 2519 5210 potius
2574 5136 2733 5210 quam
2782 5140 2977 5196 divinae
3032 5136 3313 5196 sententiae
3343 5139 3556 5195 admisit
3589 5156 3604 5208 ;
3638 5160 3663 5193 »
3728 5140 3791 5195 in

2192 5223 2299 5278 quo
2328 5208 2547 5283 alludit_
2579 5208 2645 5265 ad
2684 5209 3047 5268 definitionem
3094 5212 3382 5278 haereseos,
3426 5211 3492 5266 de
3538 5213 3797 5283 qualale

2193 5279 2478 5365 supra
2512 5281 2578 5365 de
2606 5285 2951 5365 Rrwscript.,
2986 5298 3113 5365 .cap.
3170 5284 3510 5365 6."Placeret
3553 5279 3794 5365 proinde

2193 5351 2537 5424 magis‘illud
2569 5354 2753 5424 primae
2780 5351 3046 5411 editionis.
3086 5375 3108 5403 ε
3158 5354 3307 5409 rudis
3362 5351 3793 5409 adhuc’haereti-

2191 5437 2287 5501 cus
2318 5420 2436 5501 ibit,
2474 5443 2495 5472 »
2530 5420 2630 5495 pro
2668 5442 2733 5480 eo
2752 5426 2909 5501 Aquod
2937 5424 3333 5501 ex_Gorzien_si_
3362 5424 3548 5480 codice
3572 5425 3794 5501 substi-

2194 5493 2634 5575 tuitRhenanus,
2658 5498 2815 5575 rudis
2832 5497 3155 5575 admodum,
3187 5498 3291 5554 nisi
3321 5497 3424 5555 hoc
3450 5496 3796 5567 reperiretur

2191 5562 2247 5618 in
2266 5562 2440 5623 Vatic.
2474 5570 2507 5625 2
2533 5562 2638 5626 ms.
2671 5567 2994 5626 codd.PAu.
