4032 6152
321 261 420 326 313

1543 256 1670 320 LIB.
1710 253 1758 317 II
1796 251 1952 316 ADV.
1990 247 2400 316 MARCIONBM.

3504 247 3610 313 314

313 401 394 448 est
433 387 842 458 seductionem;
886 403 994 445 non
1052 387 1340 446 occultavit
1384 387 1734 446 seductricem
1769 403 1785 442 :
1818 401 1912 441 ru-
1945 393 1993 474 Α
2025 379 2384 452 posteriorem
2415 423 2430 448 ,
2465 377 2512 436 si
2570 385 2746 440 tamen
2802 379 3005 438 malitia
3062 379 3235 454 potuit
3287 395 3318 438 a
3371 379 3610 440 bonitate

311 481 396 536 dis
431 479 726 536 admodum
759 481 802 518 11
831 480 1119 536 haereticus
1159 479 1280 536 fuit.
1320 481 1438 538 Non
1483 479 1768 552 obaudiit;
1802 497 1912 538 non

315 581 494 626 tamen
549 569 944 640 blasphemavit
1008 569 1314 626 Creatorem
1340 611 1353 636 ,
1413 585 1514 627 nec
1571 571 1913 641 reprehendit

313 657 478 717 287
511 669 785 716 auctorem
825 671 980 731 quem
1010 675 1040 714 a
1087 660 1389 731 primordio
1417 661 1500 716 sui
1544 661 1749 716 bonum
1780 669 1834 717 et
1863 663 1912 702 12

313 751 579 821 optimum
609 749 909 820 invenerat,
943 757 994 806 et
1029 749 1149 820 ipse
1176 749 1224 805 si
1255 749 1394 808 forte
1421 749 1664 821 judicem
1707 751 1910 808 fecerat

313 855 342 894 a
369 838 689 910 primordio.
933 850 942 856 '

935 964 1163 1048 CAPUT
1191 965 1285 1022 III.

377 1077 554 1152 Igitur
579 1079 852 1148 oportebit
877 1079 1126 1138 ineuntes
1154 1081 1605 1138 examinationem
1633 1083 1688 1140 in
1735 1083 1910 1140 Deum

309 1175 520 1229 notum,
551 1166 600 1220 si
627 1167 887 1238 quaeritur
933 1169 988 1222 in
1027 1187 1132 1242 qua
1179 1169 1486 1227 conditione
1515 1172 1584 1226 sit
1623 1179 1802 1238 notus,
1843 1173 1910 1227 ab

307 1255 568 1324 operibus
595 1257 716 1325 ejns
753 1257 995 1331 incipere
1037 1277 1160 1333 quae
1199 1261 1380 1333 priora
1425 1271 1551 1317 sunt
1581 1261 1820 1326 homine,
1853 1269 1911 1316 ut

307 1343 486 1398 statim
533 1359 658 1398 cum
689 1345 810 1416 ipso
855 1357 1132 1418 comperta
1181 1350 1392 1406 bonitas
1434 1351 1572 1421 ejus,
1623 1357 1676 1406 et
1719 1349 1912 1406 exinde

305 1432 606 1487 constituta
650 1442 810 1504 atque
853 1439 1185 1510 praescripta,
1226 1440 1462 1512 aliquem
1503 1455 1730 1497 sensum
1779 1456 1908 1514 sug-

305 1529 454 1593 gerat
504 1523 670 1578 nobis
723 1523 1084 1598 intelligendi,
1141 1530 1368 1600 qualiter
1425 1545 1662 1598 sequens
1729 1544 1909 1584 rerum

305 1611 580 1667 ordinatio
637 1616 890 1672 evaserit.
957 1619 1193 1675 Possunt
1240 1627 1422 1676 autem
1459 1619 1710 1689 discipuli
1767 1619 1910 1673 Mar-

307 1699 474 1754 cionis
519 1713 980 1774 recOgnoscentes
1018 1707 1307 1766 bonitatem
1339 1709 1436 1766 Dei
1463 1709 1656 1774 nostri,
1686 1707 1906 1779 dignam

311 1804 520 1860 quoque
553 1792 666 1846 Deo
697 1808 1002 1864 agnoscere
1033 1815 1128 1866 per
1166 1799 1388 1855 eosdem
1411 1800 1616 1866 titulos,
1653 1814 1743 1868 per
1771 1811 1908 1867 quos

2023 470 2284 528 committi
2303 471 2367 526 15.

2621 647 2849 705 CAPUT
2877 649 2968 704 IV.

2085 825 2254 884 288
2305 827 2498 899 Igitur,
2549 843 2672 882 cum
2728 826 3104 898 cognoscendo
3158 827 3274 883 Deo
3341 826 3608 884 hominem

2017 919 2384 990 prospexisset
2421 919 2632 976 bonitas
2671 919 2768 974 Dei
2794 919 2980 990 ipsius,
3035 918 3194 974 etiam
3242 917 3350 974 hoc
3403 931 3608 988 praeco-

2017 1009 2108 1068 nio
2137 1026 2236 1066 suo
2275 1011 2496 1078 addidit,
2527 1011 2672 1083 quod
2701 1009 2852 1080 prius
2871 1009 3200 1066 domicilium
3229 1007 3436 1064 homini
3467 1023 3612 1062 com-

2015 1106 2254 1153 mentata
2281 1107 2380 1166 est,
2431 1099 2664 1168 aliquam
2695 1098 3038 1169 postmodum
3069 1097 3268 1154 molem
3299 1095 3608 1160 maximam,

2013 1188 2354 1258 postmodum
2391 1195 2444 1242 et
2473 1187 2750 1256 majorem,
2795 1197 2854 1244 ut
2899 1186 2954 1240 in
3001 1202 3198 1260 magna
3251 1195 3510 1255 tanquam
3553 1183 3610 1238 in

2015 1277 2224 1332 minore
2249 1275 2561 1348 proluderet
2605 1283 2770 1346 atque
2807 1274 3085 1346 perﬁceret
3117 1293 3130 1328 :
3161 1281 3216 1329 et
3245 1274 3315 1328 ita
3353 1275 3420 1330 de
3465 1275 3611 1328 bono

2017 1365 2138 1432 Dei,
2169 1366 2224 1422 id
2254 1373 2338 1420 est
2365 1365 2434 1420 de
2463 1379 2681 1436 magno,
2725 1365 2792 1418 ad
2821 1364 3085 1434 optimum
3121 1378 3338 1436 quoque
3383 1363 3524 1432 ejus,
3555 1361 3610 1417 id

2017 1463 2100 1510 est
2125 1455 2192 1510 ad
2237 1455 2414 1524 majus
2461 1453 2817 1511 habitaculum
2877 1461 3312 1526 promoveretur.
3371 1450 3608 1506 Adliibet

2017 1544 2170 1614 operi
2221 1544 2370 1598 bono
2397 1542 2658 1611 Optimum
2717 1542 2872 1596 etiam
2928 1541 3252 1607 ministrum,
3303 1553 3608 1595 sermonem

2015 1648 2174 1688 suum
2209 1649 2221 1686 :
2264 1629 2758 1701 Eructavit,inquit
2783 1633 2954 1700 (Psal.
2987 1646 3142 1694 XLIV,
3177 1629 3253 1700 1),
3285 1645 3377 1686 cor
3419 1643 3609 1682 meum

2018 1721 2066 1760 ιδ
2093 1737 2406 1779 sermonem
2444 1719 2724 1791 optimum
2746 1719 2878 1788 (11).
2909 1719 3188 1790 Agnoscat
3215 1716 3339 1791 hinc
3377 1715 3608 1785 primum

2013 1809 2250 1866 fructum
2277 1789 2561 1876 optimum,
2597 1810 2780 1877 utique
2809 1789 3030 1877 Optimae
3059 1805 3285 1872 arboris,
3315 1789 3558 1858 Marcion
3591 1818 3602 1856 :

321 1877 582 1975 ind-1333"}
613 1883 952 1975 0§lendimus
979 1885 1034 1940 in
1071 1886 1172 1942 deo
1220 1887 1453 1942 illorum-
1504 1889 1618 1941 13m
1669 1888 1773 1941 hoc
1817 1885 1905 1954 ίρ·
1943 1899 1986 1975 Β
2017 1897 2452 1969 imperitissimus
2479 1897 2712 1952 rusticus
2741 1895 2960 1968 quidem
3007 1895 3062 1949 in
3111 1893 3309 1948 malam
3335 1933 3350 1957 ,
3405 1891 3608 1946 bonam

321 1981 436 2020 sum
469 1968 512 2006 13
535 1971 680 2042 quod
711 1975 936 2028 materia
982 1983 1064 2030 est
1099 1975 1390 2048 agnitionis
1423 1993 1558 2040 sua),
1607 1990 1715 2030 non
1763 1973 1905 2044 apud

312 2055 472 2108 alium
505 2057 736 2130 invenit,
769 2061 870 2115 sed
897 2061 965 2116 de
996 2079 1094 2120 suo
1122 2064 1222 2119 sibi
1269 2065 1412 2121 fecit.
1462 2065 1640 2120 Prima
1677 2062 1908 2132 denique

307 2143 514 2200 bonitas
547 2146 840 2216 Creatoris,
873 2165 978 2222 qua
995 2169 1054 2207 se
1081 2153 1228 2208 Deus
1257 2154 1430 2209 noluit
1461 2154 1512 2208 in
1543 2162 1802 2209 aeternum
1829 2151 1908 2204 la-

307 2241 432 2303 tere,
467 2235 522 2290 id
551 2247 776 2293 estnon
803 2256 924 2295 esse
959 2241 1190 2312 aliquid,
1223 2244 1308 2298 cui
1357 2245 1505 2300 Deus
1547 2257 1909 2314 cognoscere-

303 2333 400 2380 tur.
431 2325 582 2396 Quid
612 2328 754 2383 enim
789 2337 894 2383 tam
937 2331 1162 2402 bonum,
1215 2349 1376 2404 quam
1429 2333 1618 2388 notitia
1655 2344 1708 2388 et
1756 2331 1907 2388 fruc-

303 2423 386 2474 tus
417 2417 564 2473 Dei?
607 2419 767 2484 Nam,
791 2419 892 2474 etsi
929 2421 1170 2477 nondum
1199 2425 1510 2494 apparebat,
1553 2424 1654 2478 hoc
1707 2425 1906 2478 bonum

303 2525 449 2570 esse,
507 2507 642 2577 quia
706 2508 940 2562 nondum
983 2520 1096 2566 erat
1141 2512 1430 2584 quicquam
1472 2513 1556 2568 cui
1595 2522 1904 2586 appareret;

301 2599 388 2653 sed
421 2600 572 2652 Deus
605 2597 926 2667 praesciebat
973 2601 1102 2671 quid
1131 2601 1262 2656 boni
1311 2602 1680 2673 appariturum
1725 2609 1906 2656 esset:

302 2695 350 2742 et
375 2687 504 2740 ideo
545 2685 608 2740 in
639 2702 790 2740 suam
833 2703 1098 2742 summam
1138 2689 1402 2744 commisit
1449 2692 1742 2746 bonitatem
1771 2693 1908 2760 (10),

301 2775 602 2846 apparitori
661 2774 792 2830 boni
836 2779 1268 2849 negotiatricem,
1313 2795 1418 2836 non
1475 2781 1658 2852 utique
1713 2796 1910 2850 repen-

305 2865 494 2931 tinam,
549 2881 657 2920 nec
715 2867 1027 2922 obventitiae
1069 2869 1344 2936 bonitatis,
1391 2886 1491 2926 nec
1547 2870 1912 2941 provocatitiae

305 2953 670 3018 animationis,
735 2957 888 3027 quasi
937 2957 1132 3012 exinde
1177 2958 1526 3026 censendam,
1581 2974 1690 3030 quo
1750 2959 1916 3028 cmpit

315 3043 548 3109 cperari.
597 3043 652 3097 Si
687 3044 834 3100 enim
903 3044 1024 3116 ipsa
1087 3046 1366 3102 constituit
1423 3045 1659 3110 initium,
1717 3045 1912 3100 exinde

319 3145 430 3198 quo
477 3131 634 3202 εωρὶι
675 3133 908 3203 operari,
963 3149 1069 3189 non
1126 3135 1314 3190 habuit
1353 3135 1564 3190 initium
1615 3135 1732 3204 ipsa
1787 3149 1910 3190 eum

303 3219 460 3280 fecit.
503 3221 658 3277 Initio
686 3181 868 3278 niuem
895 3181 1066 3292 ,facto,
1118 3225 1186 3280 ab
1217 3241 1284 3280 ea
1326 3225 1490 3282 etiam
1535 3181 1670 3280 ratio
1701 3231 1915 3294 tempo-
1946 3181 1989 3258 θ

307 3325 424 3364 rum
471 3319 596 3364 nata
640 3318 738 3378 est,
789 3320 972 3381 utpote
1009 3313 1208 3383 quibus
1253 3313 1652 3384 distinguendis
1715 3321 1770 3367 et
1811 3328 1912 3366 no-

303 3398 502 3464 tandis,
535 3399 719 3454 sidera
745 3409 797 3454 et
827 3401 1114 3456 luminaria
1156 3401 1406 3458 caelestia
1439 3401 1706 3474 disposita
1737 3413 1863 3456 sunt
1894 3418 1909 3455 :

305 3489 490 3543 Erunt
543 3487 714 3556 enim,
765 3488 940 3560 inquit
981 3491 1143 3562 (Gen.
1187 3506 1228 3558 ι,
1273 3494 1378 3558 14),
1427 3492 1490 3547 in
1531 3497 1807 3562 tempora,
1857 3495 1912 3548 et

305 3593 544 3642 menses,
603 3583 662 3634 et
709 3595 910 3634 annos.
959 3581 1108 3652 Ergo
1147 3595 1250 3635 nec
1295 3589 1508 3650 tempus
1563 3581 1748 3634 habuit
1791 3589 1914 3636 ante

307 3673 538 3735 tempus,
573 3681 699 3734 qua:
747 3665 872 3721 fecit
915 3675 1160 3738 tempus;
1207 3667 1346 3724 sicut
1387 3683 1488 3722 nec
1527 3667 1740 3722 initium
1792 3677 1914 3724 ante

307 3753 532 3820 initium,
569 3771 698 3825 quae
735 3754 1010 3811 constituit
1037 3755 1270 3810 initium.
1303 3757 1481 3828 Atque
1525 3757 1596 3812 ita
1641 3773 1828 3814 carens
1861 3765 1916 3814 et

313 3843 496 3898 ordine
547 3843 692 3898 initii
731 3847 786 3900 et
833 3844 992 3900 modo
1035 3845 1310 3916 temporis,
1337 3845 1408 3902 de
1445 3845 1712 3901 immensa
1741 3857 1795 3902 et
1825 3847 1914 3900 in-

314 3929 708 3986 determinabili
747 3941 901 3989 nitate
942 3935 1270 4000 censebitur,
1326 3949 1430 3990 nec
1479 3935 1675 4004 poterit
1720 3952 1916 4008 repen-

317 4019 417 4073 tina
465 4020 546 4076 vel
595 4021 898 4078 obveutitia
943 4031 996 4078 et
1041 4023 1396 4095 provocatitia
1451 4023 1727 4096 reputari,
1803 4041 1914 4082 non

319 4105 514 4164 habens
561 4111 710 4166 unde
767 4119 1060 4181 reputetur,
1120 4111 1176 4166 id
1232 4119 1316 4168 est
1368 4113 1608 4185 aliquam
1657 4114 1916 4186 temporis

321 4198 562 4268 speciem;
595 4199 693 4252 sed
724 4205 778 4253 et
838 4201 882 4237 1-‘I
939 4207 1158 4266 aeterna,
1195 4211 1248 4256 et
1271 4201 1384 4257 Deo
1415 4201 1666 4272 ingenita,
1693 4210 1744 4258 et
1785 4220 1914 4274 per-

323 4295 468 4352 petua
499 4289 897 4358 praesumenda,
928 4305 991 4344 ac
1021 4305 1116 4359 per
1151 4291 1256 4346 hoc
1303 4293 1416 4346 Deo
1461 4290 1644 4362 digna,
1693 4292 1911 4348 suffun-

2017 1989 2246 2043 inseruit
2277 1987 2408 2057 ;sed
2438 2002 2546 2042 non
2573 1985 2774 2044 valebit
2811 1983 3160 2054 blasphemiae
3190 1982 3440 2038 surculus
3468 1981 3605 2051 (12),

2014 2083 2220 2134 arescet
2257 2093 2378 2133 cum
2423 2091 2522 2132 suo
2577 2075 2818 2140 artiﬁce,
2863 2081 2918 2130 et
2971 2073 3044 2128 ita
3089 2089 3148 2129 se
3192 2074 3346 2128 bona;
3402 2068 3612 2124 arboris

2015 2174 2208 2222 natura
2247 2165 2547 2222 testabitur.
2579 2164 2783 2236 Aspice
2814 2165 2878 2218 ad
2904 2179 3192 2228 summam,
3221 2161 3398 2232 qualia
3427 2173 3608 2214 sermo

2015 2249 2440 2308 fructiﬁcaverit:
2477 2255 2550 2308 Et
2577 2252 2730 2306 dixit
2759 2253 2936 2308 Deus:
2965 2251 3128 2318 Fiat;
3159 2255 3216 2306 et
3251 2253 3480 2321 factum
3501 2251 3605 2312 est,

2013 2344 2070 2396 et
2109 2342 2248 2396 vidit
2285 2345 2428 2398 Deus
2449 2341 2582 2412 quia
2602 2341 2814 2396 bonum
2843 2339 3003 2408 (Gen.
3045 2343 3084 2408 ι)
3113 2357 3126 2393 :
3151 2354 3260 2394 non
3277 2338 3434 2410 quasi
3473 2351 3607 2392 nes-

2015 2430 2162 2485 ciens
2191 2431 2414 2492 bonum,
2447 2430 2546 2484 nisi
2593 2430 2820 2494 videret,
2871 2429 2966 2486 sed
3025 2428 3152 2500 quia
3183 2429 3388 2483 bonum
3413 2471 3428 2499 ,
3489 2427 3608 2482 ideo

2017 2521 2226 2590 videns,
2260 2521 2534 2578 honoraris
2559 2528 2612 2574 et
2639 2520 2990 2592 consignans,
3035 2527 3087 2575 et
3115 2519 3454 2590 diSpungens
3513 2518 3614 2573 bo-

2017 2607 2236 2662 nitatem
2267 2623 2498 2678 operum
2543 2607 2856 2678 dignatione
2901 2617 3238 2679 conspectus.
3289 2607 3378 2663 Sic
3419 2617 3473 2662 et
3521 2607 3614 2661 be-

2024 2696 2306 2752 nedicebat
2361 2713 2482 2769 quae
2517 2695 2657 2751 bene
2703 2695 2952 2763 faciebat,
3019 2705 3082 2750 ut
3125 2694 3224 2750 tibi
3269 2703 3418 2750 totus
3471 2695 3616 2748 Deus

2019 2785 2508 2853 commendaretur,
2557 2785 2750 2850 bonus,
2803 2795 2856 2839 et
2903 2784 3084 2839 dicere
3123 2791 3177 2837 et
3217 2781 3418 2837 facere.
3454 2783 3616 2836 Male-

2021 2874 2196 2930 dicere
2223 2875 2400 2930 adhuc
2426 2889 2604 2928 sermo
2633 2889 2742 2928 non
2775 2879 2930 2930 norat
2952 2915 2966 2938 ,
2992 2873 3115 2944 quia
3161 2887 3262 2927 nec
3308 2871 3446 2926 male
3475 2869 3618 2926 face-

2023 2977 2101 3016 re.
2149 2961 2466 3017 Videbimus
2515 2977 2704 3016 causas
2749 3003 2762 3026 ,
2825 2977 2946 3032 quae
3005 2963 3106 3018 hoc
3153 2975 3374 3032 quoque
3419 2977 3450 3016 a
3501 2960 3616 3014 Deo

2022 3055 2338 3120 exegerunt.
2373 3049 2592 3104 Interim
2631 3050 2864 3104 mundus
2889 3065 2952 3103 ex
2983 3050 3141 3105 bonis
3179 3050 3433 3104 omnibus
3478 3064 3616 3105 con-

2019 3139 2168 3204 stitit,
2202 3138 2332 3194 satis
2371 3145 2787 3205 preemonstrans
2835 3145 3094 3206 quantum
3142 3138 3271 3194 boni
3341 3147 3620 3208 pararetur

2018 3227 2116 3296 illi,
2139 3225 2224 3282 cui
2257 3227 2298 3263 1⁷
2327 3225 2725 3296 ρτᾶξρᾶτεὺειῑιιι*
2745 3225 2852 3280 hoc
2883 3231 3074 3280 totum.
3107 3225 3240 3294 Quis
3271 3224 3503 3292 denique
3536 3223 3620 3276 di-

2021 3333 2158 3389 gnus
2183 3316 2421 3372 incolere
2451 3315 2552 3371 Dei
2579 3331 2768 3388 Opera,
2798 3329 2962 3385 quam
2999 3314 3172 3385 ipsius
3219 3314 3396 3385 imago
3435 3321 3490 3367 et
3541 3311 3614 3366 si-

2020 3406 2270 3461 militudo
2299 3406 2326 3460 ‘l
2347 3407 2484 3461 Eam
2515 3419 2731 3477 quoque
2761 3404 2974 3460 bonitas
2991 3412 3044 3458 et
3071 3403 3282 3473 quidem
3305 3401 3620 3473 operantior

2025 3504 2252 3567 cperata
2277 3503 2378 3564 est,
2417 3509 2525 3550 non
2555 3492 2822 3562 imperiali
2856 3493 3046 3556 verbo,
3094 3492 3190 3548 sed
3220 3489 3468 3547 familiari
3505 3505 3622 3544 ma-

2023 3602 2116 3650 nu,
2159 3583 2320 3638 etiam
2355 3582 2524 3638 verbo
2573 3580 2876 3636 blandiente
2925 3579 3252 3652 praemisso:
3313 3581 3612 3636 Faciamus

2021 3675 2304 3730 hominem
2333 3672 2404 3726 ad
2451 3672 2760 3742 imaginem
2789 3675 2846 3728 et
2871 3667 3312 3726 similitudinem
3357 3671 3616 3725 nostram

2021 3763 2184 3833 (Gen.
2219 3778 2258 3819 ι.
2301 3763 2412 3825 26).
2452 3759 2669 3816 Bonitas
2708 3757 2864 3828 dixit,
2895 3757 3108 3814 bonitas
3137 3755 3292 3813 tinxit
3339 3756 3616 3812 hominem

2025 3852 2072 3888 ιδ
2099 3851 2166 3905 de
2207 3849 2337 3906 limo
2367 3849 2422 3902 in
2453 3856 2656 3902 tantam
2687 3846 3040 3902 substantiam
3069 3845 3248 3902 carnis
3277 3861 3342 3900 ex
3375 3862 3482 3902 una
3509 3861 3620 3899 ma-

2023 3939 2158 3994 teria
2189 3945 2267 3994 tot
2295 3935 2642 4008 qualitatibus
2695 3943 3046 3992 exstructam.
3075 3933 3294 3990 Bonitas
3345 3933 3550 3988 inﬂavit
3577 3933 3623 3970 19

2025 4026 2281 4090 animam,
2311 4040 2420 4080 non
2441 4031 2733 4088 mortuam,
2766 4023 2861 4078 sed
2888 4021 3084 4080 vivam.
3127 4021 3344 4077 Bonitas
3371 4019 3618 4092 prmfecit

2024 4111 2289 4169 universis
2335 4111 2577 4168 fruendis
2632 4119 2793 4183 atque
2839 4109 3148 4182 regnandis,
3201 4110 3361 4166 etiam
3416 4123 3623 4182 αοεηο-

2027 4202 2291 4258 minandis
2321 4203 2484 4272 (Gen,
2519 4217 2578 4268 Il,
2607 4201 2685 4268 Ἳ).
2717 4201 2940 4256 Bonitas
2980 4198 3214 4269 amplius
3262 4197 3479 4252 delicias
3525 4197 3618 4252 ad-

2022 4290 2154 4360 jecit
2185 4289 2409 4357 homini,
2451 4297 2511 4344 ut
2558 4305 2874 4359 quamquam
2921 4290 3086 4344 totius
3134 4286 3283 4341 orbis
3337 4285 3620 4357 possidens

321 4371 446 4428 dens
483 4377 592 4445 jam
641 4377 768 4431 hinc
815 4377 1102 4432 bonitatem
1153 4379 1237 4433 dei
1289 4377 1599 4443 Marcionis,
1633 4395 1742 4436 non
1789 4381 1910 4436 dico
1949 4356 1994 4432 υ
2025 4381 2078 4434 in
2125 4356 2510 4435 amoenioribus
2565 4356 2902 4442 moraretur,
2945 4377 3237 4431 translatus
3293 4356 3350 4430 in
3397 4375 3622 4447 paradi-

319 4459 476 4520 initiis
529 4473 582 4521 et
652 4465 1018 4535 temporibus,
1069 4467 1163 4522 sed
1211 4467 1332 4539 ipsa
1397 4467 1604 4523 malitia
1654 4471 1916 4525 creatori-

2026 4485 2164 4534 sum,
2195 4469 2304 4539 jam
2333 4475 2458 4522 tunc
2487 4465 2555 4520 de
2585 4465 2788 4520 mundo
2819 4465 2874 4518 in
2905 4463 3198 4519 Ecclesiam
3220 4463 3361 4534 (13).
3411 4463 3614 4518 Eadem

1681 4567 1872 4628 Varia:
1919 4572 2234 4632 lectiones.

373 4668 426 4746 _“
455 4669 658 4746 Adhuc
678 4672 816 4746 olim
849 4671 1016 4743 legeb.
1059 4673 1192 4728 Edd.
1226 4673 1270 4711 12
1293 4673 1354 4746 Et
1383 4673 1538 4730 abest
1569 4675 1686 4746 Βία.
1737 4675 1926 4732 Venet.
1959 4677 2006 4714 13
2035 4675 2157 4746 Ipso
2183 4674 2329 4746 olim,
2360 4671 2530 4746 legeb.
2567 4671 2612 4746 ιξι
2643 4671 2712 4746 Et
2734 4669 2878 4746 negl
2903 4665 3064 4746 §eml
3099 4665 3316 4746 ρρθζιΙι.
3336 4665 3618 4746 _15MCon_i-

321 4737 519 4794 mittere
550 4743 676 4797 alii.
697 4743 742 4780 ιδ
771 4735 1010 4799 Verbum
1041 4746 1167 4802 add.
1190 4746 1312 4802 alii.
1341 4745 1382 4782 Π
1417 4747 1493 4799 llli
1525 4735 1686 4801 addit
1705 4747 1864 4816 fran.
1899 4747 1944 4784 18
1971 4735 2253 4802 Hominem
2276 4735 2431 4800 abes?
2451 4743 2621 4800 Seml.
2654 4735 2874 4798 Obert'h.
2901 4739 2946 4777 ‘9
2965 4740 3024 4794 In
3044 4737 3172 4794 add.
3199 4737 3368 4794 Seml.
3397 4735 3616 4792 Oberth.

1709 4841 2209 4907 Commentarius.

383 4945 494 5016 (10)
549 4949 612 5003 In
669 4965 834 5006 suam
889 4965 1174 5004 summam
1227 4953 1510 5007 commisit
1573 4951 1910 5008 bonitatem.

314 5013 606 5093 Commisit,
655 5020 760 5074 hoc
812 5023 896 5076 est
944 5021 1210 5093 reposuit,
1263 5027 1506 5092 tempore
1567 5039 1666 5078 suo
1707 5023 1915 5079 scilicet

311 5091 690 5156 promendum.
713 5093 838 5147 th.

375 5161 490 5230 (11)
533 5165 853 5237 ξνῃειαυίΐ,
899 5162 1091 5237 inquit,
1123 5179 1218 5222 cor
1244 5180 1434 5220 meum
1495 5163 1725 5220 verbum
1768 5166 1922 5237 opti-

309 5247 486 5312 mum,
537 5233 944 5312 Eodeni__modo
997 5235 1210 5289 initium
1250 5237 1558 5312 Psaltxuv
1587 5251 1746 5308 supra
1792 5233 1921 5312 cita:

305 5305 502 5382 vit_l_ib.
555 5307 696 5382 adii.
733 5309 1315 5382 lli257n0gerzeiri,_cap.
1365 5311 1451 5370 18,
1499 5322 1606 5382 pro
1655 5305 1724 5364 eo
1773 5308 1919 5380 quod

307 5373 571 5430 editiones
603 5377 764 5432 Hebr.
797 5377 908 5433 Gr.
935 5373 1002 5435 'et
1041 5373 1346 5444 Chaldaica,
1396 5387 1448 5432 et
1497 5373 1696 5434 Latina:
1728 5373 1916 5434 omnes

307 5447 541 5502 bonum.
575 5449 710 5504 PAM.
1229 5515 1231 5518 ,

379 5518 496 5586 (l2)
525 5521 898 5591 Blasphemim
925 5523 1209 5586 surculus,
1241 5527 1346 5578 etc.
1396 5519 1483 5574 Sic
1513 5529 1650 5576 recte
1697 5521 1914 5577 Rhena-

301 5601 436 5658 nus,
473 5605 572 5662 pro
611 5606 678 5648 eo
726 5593 875 5666 quod
916 5603 1072 5648 antea
1114 5601 1250 5662 erat,
1303 5592 1602 5658 surculus;
1654 5593 1914 5666 accipitur

2023 4951 2164 5006 enim
2195 4965 2294 5020 pro
2345 4947 2580 5022 palmite,
2627 4945 2694 5002 de
2748 4961 2856 5018 quo
2913 4945 3168 5022 scribitur
3211 4949 3372 5022 Joan.
3433 4961 3526 5022 iv,_
3563 4949 3614 5010 2,

2026 5037 2135 5092 quo
2165 5018 2420 5078 adludere
2451 5021 2663 5076 videtur
2689 5025 2880 5074 auctor
2908 5037 2920 5072 :
2975 5018 3266 5092 «__ltlittetur
3315 5020 3465 5092 foras
3485 5018 3622 5074 sicut

2025 5089 2260 5162 palmes,
2293 5103 2346 5147 ct
2373 5099 2595 5146 arescet.
2631 5109 2655 5141 ι)
2709 5093 2800 5146 Est
2841 5105 2968 5145 vero
2994 5089 3126 5144 illud
3157 5091 3617 5162 Tertullianicum,

2029 5161 2215 5235 aspice
2247 5163 2334 5235 ad_
2355 5179 2664 5235 summam,
2700 5176 2800 5230 pro
2821 5177 2887 5216 co
2919 5162 3068 5235 quod
3097 5161 3260 5230 vulgo
3309 5162 3522 5224 dicitur,
3557 5163 3620 5215 in

2027 5233 2268 5291 summa.
2317 5233 2552 5288 Retineri
2600 5239 2782 5288 autem
2825 5239 3000 5300 potest
3038 5233 3495 5303 fructi/icaverit,
3530 5243 3622 5286 aut

2027 5308 2147 5382 lege
2176 5320 2308 5382 cum
2339 5306 2510 5382 Vatic.
2553 5305 3190 5382 l._fructi/icauit._PAM.

2107 5373 2223 5446 (13)
2255 5378 2579 5435 Translatus
2594 5373 2654 5431 in
2671 5375 3144 5446 paradisum,jam
3171 5381 3309 5432 tunc
3335 5375 3398 5430 de
3411 5373 3619 5446 mundo

2026 5451 2090 5504 in
2118 5443 2454 5506 Ecclesium.
2489 5449 2649 5503 Lihio
2671 5443 2742 5502 'de
2773 5443 3137 5508 I’wniten'tia,
3179 5447 3331 5500 dixit.
3369 5463 3394 5492 ι)
3431 5443 3614 5498 Eccle-

2024 5522 2160 5575 siam
2193 5523 2378 5576 essein
2421 5535 2528 5573 uno
2558 5527 2611 5574 et
2648 5519 2834 5572 altero.
2867 5535 2892 5568 ι
2929 5519 3024 5570 Hic
3059 5517 3221 5580 igitur
3264 5515 3529 5568 Adamum
3562 5525 3615 5570 et

2021 5593 2194 5649 Evam
2221 5589 2508 5647 translatos
2535 5589 2704 5644 fuisse
2727 5587 2799 5642 ait
2826 5589 2881 5642 in
2921 5586 3228 5657 paradisum
3253 5625 3268 5653 ,
3297 5585 3368 5641 de
3413 5586 3616 5643 mundo
