4032 6152
433 261 539 331 315

1136 271 1576 338 TERTULLIANI
1622 269 1887 338 OPERUM
1921 271 2090 337 PARS
2123 269 2192 334 Il.
2223 299 2296 316 —
2331 268 2553 332 SERIES
2591 269 2632 341 l,
2673 269 3028 334 POLEMICA.

3627 273 3734 338 316

436 397 644 455 booitas
673 393 1075 467 etadjutor?um
1115 402 1412 474 prospexit,
1443 419 1513 459 ne
1542 402 1674 476 quid
1713 418 1818 460 non
1866 402 2014 472 boni,
2051 425 2098 508 Α
2129 408 2230 473 set,
2279 397 2323 454 si
2385 397 2506 455 talis
2561 397 2726 464 Deus,
2781 395 2836 454 id
2871 405 2953 454 est
3011 398 3208 468 bonus,
3262 407 3316 456 et
3360 399 3641 472 praescius,
3681 411 3736 460 et

435 487 555 542 Non
584 489 666 542 est
704 483 865 555 enim,
907 487 1076 560 inquit
1115 489 1290 549 289
1343 491 1505 564 (Gen.
1559 506 1616 551 ιι.
1665 493 1771 562 18),
1811 492 2019 548 bonum
2053 483 2098 508 "
2131 497 2342 565 potens,
2370 491 2422 546 in
2458 498 2662 545 tantum
2703 487 2826 545 ideo
2875 485 3247 559 invenit,quia
3273 503 3383 547 non
3407 487 3527 546 talis
3557 492 3732 550 Deus.

431 574 617 631 solum
647 590 762 632 esse
802 575 1104 636 hominem.
1159 581 1378 637 Sciebat
1429 582 1503 637 illi
1533 596 1718 638 sexum
1753 582 1932 637 Mariae
1972 588 2026 636 et

433 662 691 735 deinceps
731 667 985 724 Ecclesiae
1034 670 1372 741 profuturum
1418 671 1555 743 (14).
1608 670 1713 726 Sed
1765 678 1819 726 et
1864 685 2024 742 quam

435 753 622 826 arguis
667 755 864 828 legem,
913 773 1074 829 quam
1122 760 1177 814 in
1205 761 1596 818 controversias
1626 768 1849 833 torques
1881 802 1893 824 ,
1926 759 2024 816 bo-

433 843 575 899 nitas
597 845 860 918 erogavit,
911 848 1205 905 consulens
1233 849 1438 905 homini
1468 865 1578 922 quo
1606 851 1721 906 Deo
1774 850 2024 906 adhaere-

439 940 519 987 ret
548 933 684 1004 (15),
707 951 774 991 ne
830 952 938 992 non
967 946 1073 993 tam
1094 937 1248 1006 liber,
1272 955 1434 1012 quam
1463 941 1707 1010 adjectus
1735 940 2022 1004 videretur,

435 1025 732 1096 aequandus
753 1023 964 1081 famulis
983 1027 1096 1082 suis
1126 1031 1336 1084 caeteris
1387 1030 1707 1086 animalibus
1728 1072 1745 1095 ,
1786 1029 1975 1085 solutis
1994 1044 2026 1083 a

435 1112 550 1168 Deo
599 1123 654 1169 et
683 1129 747 1169 ex
797 1114 1015 1172 fastidio
1055 1117 1105 1156 2ο
1143 1117 1374 1186 liberis;
1434 1119 1524 1174 sed
1575 1128 1633 1174 ut
1675 1120 1822 1176 solus
1861 1119 2025 1174 homo

431 1199 772 1273 gloriaretur,
801 1204 950 1274 quod
980 1204 1130 1260 solus
1165 1205 1364 1278 dignus
1392 1205 1581 1262 fuisset
1621 1206 1719 1278 qui
1785 1206 1954 1280 legem
1993 1220 2026 1261 ο.

433 1290 546 1345 Deo
575 1299 828 1361 sumeret,
857 1299 1024 1364 utque
1054 1293 1252 1349 animal
1291 1295 1570 1361 rationale,
1623 1295 1931 1352 intellectus
1971 1302 2027 1351 et

431 1379 678 1435 scientiae
725 1397 931 1453 capax,
993 1384 1110 1454 ipsa
1175 1401 1390 1457 quoque
1456 1385 1702 1441 libertate
1778 1384 2024 1440 rationali

429 1469 810 1535 contineretur,
849 1470 895 1528 ei
934 1474 1207 1543 subjectus
1241 1518 1254 1544 ,
1287 1472 1378 1545 Qui
1410 1474 1716 1544 subjecerat
1746 1473 1820 1528 illi
1845 1474 2026 1530 omnia

430 1559 478 1626 (1
511 1560 627 1615 Cor.
657 1573 753 1616 xv.
787 1560 896 1632 28).
932 1561 1098 1632 Cujus
1126 1562 1264 1636 legis
1316 1562 1661 1618 observandae
1719 1562 2020 1628 consilium,

431 1647 643 1704 bonitas
671 1650 875 1719 pariter
907 1650 1191 1721 adscripsit
1219 1667 1231 1704 :
1277 1652 1392 1718 Qua
1439 1650 1529 1706 die
1557 1656 1741 1709 autem
1774 1651 2018 1722 ederitis,

433 1742 614 1794 morte
641 1740 968 1795 moriemini
1003 1740 1159 1809 (Gen.
1191 1754 1252 1803 ιι,
1290 1739 1399 1809 t7).
1456 1739 1849 1811 Benignissime
1875 1741 2020 1795 enim

429 1825 818 1880 demonstravit
847 1827 1044 1881 exitum
1094 1826 1532 1900 transgressionis
1563 1871 1576 1896 ,
1610 1843 1677 1884 ne
1720 1829 2021 1901 ignorantia

435 1913 657 1983 periculi
721 1915 1106 1986 negligentiam
1135 1917 1349 1988 juvaret
1384 1918 1650 1990 obsequii.
1707 1919 1874 1975 Porro
1902 1961 1915 1985 ,
1976 1919 2021 1974 si

431 1999 564 2074 legis
603 2000 946 2072 imponendae
976 2005 1112 2060 ratio
1143 2007 1436 2078 praecessit,
1484 2009 1812 2078 sequebatur
1861 2008 2020 2064 etiam

431 2088 804 2158 observandae,
843 2101 898 2147 ut
937 2109 1097 2166 paena
1135 2095 1549 2169 transgressioni
1579 2097 1969 2154 adscriberetur
2004 2115 2019 2162 ;

426 2194 586 2250 quam
645 2187 821 2234 tamen
870 2183 1084 2239 evenire
1127 2183 1299 2239 noluit
1341 2224 1356 2250 ,
1412 2185 1506 2255 qui
1564 2192 1685 2240 ante
1750 2185 2018 2254 praedixit.

427 2270 673 2337 Agnosco
714 2270 877 2340 igitur
922 2273 1218 2329 booitatem
1263 2275 1362 2329 Dei
1410 2275 1578 2329 nostri
1621 2275 1873 2340 interim,
1932 2276 2019 2330 vel

425 2355 705 2429 hucusque
753 2373 820 2412 ex
866 2361 1126 2430 cperibus
1171 2363 1365 2429 bonis,
1426 2381 1491 2419 ex
1557 2363 2021 2418 benedictionibus

426 2443 600 2512 bonis,
634 2462 697 2501 ex
729 2446 1096 2520 indulgentiis,
1145 2465 1211 2505 ex
1269 2451 1643 2520 provi:lentiis,
1693 2468 1761 2509 ex
1809 2453 2022 2526 legibus

426 2539 480 2587 et
502 2536 1000 2604 prmmonitionibus
1030 2540 1074 2576 ²ι
1101 2538 1262 2594 bonis
1291 2551 1344 2595 et
1373 2540 1642 2613 benignis.

1043 2682 1268 2739 CAPUT
1315 2684 1380 2740 V.

497 2802 614 2858 Jam
651 2803 779 2862 hinc
805 2805 873 2861 ad
895 2806 1219 2878 quaestiones
1249 2823 1453 2865 omnes.
1486 2808 1532 2866 Ο
1579 2809 1628 2847 2³
1658 2824 1836 2877 canes,
1881 2826 2020 2882 quos

429 2890 571 2946 foras
599 2896 874 2963 apostolus
905 2897 1014 2968 (16)
1066 2898 1285 2970 expellit
1337 2898 1525 2972 (Apoc.
1569 2915 1714 2972 χχιι,
1775 2901 1888 2970 15),
1933 2901 2016 2955 la-

2131 582 2215 638 Ad
2260 581 2396 646 haec,
2447 579 2594 653 prius
2642 586 2726 634 est
2770 576 2900 634 istas
2947 577 3162 649 species
3207 576 3264 634 in
3317 579 3573 636 Creatore
3640 581 3740 638 de-

2131 669 2366 737 fendere,
2399 684 2517 739 quae
2546 667 2600 722 in
2647 666 2875 723 dubium
2919 672 3223 735 vocantur;
3255 666 3549 726 bonitatem
3591 669 3733 737 dico,

2132 767 2188 815 et
2237 756 2650 829 praescieotiam,
2704 753 2882 813 290
2928 765 2981 811 et
3017 755 3330 827 potentiam.
3376 758 3490 815 Nec
3532 760 3738 816 immo-

2134 847 2295 903 rabor
2333 846 2460 903 huic
2503 845 2750 911 articulo,
2778 853 3052 918 praeeunte
3101 843 3410 903 deﬁnitione
3451 848 3615 904 etiam
3641 849 3732 922 ip-

2134 935 2249 992 sius
2293 935 2491 993 Christi
2538 936 2721 1008 (Joan.
2770 952 2832 1007 x,
2881 937 3018 1005 25):
3064 949 3129 990 ex
3184 935 3438 1005 operibus
3482 932 3735 988 ineundae

2136 1025 2484 1097 probationes
2540 1025 2586 1062 24
2644 1025 2778 1095 (t7).
2845 1023 3024 1094 Opera
3098 1023 3367 1079 Creatoris
3449 1031 3737 1092 utrumque

2133 1122 2397 1172 testantur
2426 1122 2477 1170 et
2513 1115 2803 1169 bonitatem
2843 1115 2979 1184 ejus,
3009 1129 3114 1185 qua
3154 1114 3313 1182 bona,
3367 1112 3505 1170 sicut
3551 1122 3736 1167 osten-

2134 1203 2344 1272 dimus;
2374 1211 2427 1260 et
2458 1203 2751 1276 potentiam
2800 1219 2905 1276 qua
2952 1209 3127 1269 tanta;
3161 1211 3213 1259 et
3259 1201 3477 1274 quidem
3527 1219 3591 1259 ex
3642 1202 3732 1256 ni-

2133 1292 2266 1349 hilo.
2321 1295 2477 1359 Nam,
2550 1293 2650 1349 etsi
2717 1309 2782 1348 ex
2837 1292 3022 1364 aliqua
3085 1293 3328 1360 materia,
3390 1302 3449 1348 ut
3509 1293 3736 1364 quidam

2133 1381 2341 1446 volunt,
2393 1384 2495 1440 hoc
2534 1384 2653 1452 ipso
2685 1394 2863 1438 tamen
2891 1397 2955 1437 ex
2983 1382 3170 1448 nihilo,
3213 1381 3344 1437 dum
3377 1397 3484 1437 non
3522 1381 3574 1437 id
3606 1382 3736 1437 fue-

2134 1481 2262 1526 runt
2313 1471 2456 1543 quod
2510 1481 2654 1526 sunt.
2716 1473 3012 1535 Postremo,
3067 1471 3148 1526 vel
3205 1470 3280 1525 sic
3337 1487 3548 1540 magna,
3601 1469 3736 1527 dum

2140 1560 2322 1616 bona:
2363 1559 2448 1616 vel
2495 1560 2573 1616 sic
2625 1562 2772 1616 Deus
2826 1570 3041 1632 potens,
3100 1560 3231 1614 dum
3289 1559 3472 1615 omnia
3533 1559 3730 1629 ipsius,

2134 1647 2278 1704 unde
2319 1657 2371 1705 et
2413 1649 2774 1721 omnipotens.
2821 1649 2903 1706 De
2949 1648 3282 1719 praescientia
3322 1663 3447 1705 vero
3484 1648 3614 1721 quid
3644 1650 3730 1706 di-

2057 1715 2100 1793 Β
2129 1737 2289 1794 cam?
2329 1754 2450 1811 quae
2498 1715 2675 1794 tantos
2719 1738 2879 1795 habet
2921 1715 3104 1806 testes,
3147 1746 3378 1810 quantos
3422 1715 3549 1794 fecit
3597 1755 3732 1810 pro-

2129 1828 2332 1899 phetas.
2404 1828 2740 1900 Quamquam
2807 1826 2928 1900 quis
2993 1827 3352 1896 praescientiaa
3406 1827 3595 1884 titulus
3672 1827 3731 1882 in

2127 1916 2365 1973 omnium
2421 1926 2658 1982 auctore,
2705 1932 2810 1989 qua
2859 1914 3114 1971 universa
3162 1915 3346 1986 utique
3390 1914 3733 1986 disponendo

2125 2005 2384 2077 prmsciit,
2457 2013 2512 2061 et
2565 2004 2903 2079 praesciendo
2981 2003 3267 2075 disposuit,
3337 2011 3483 2060 certe
3555 2004 3732 2072 ipsam

2129 2096 2648 2168 transgressionem;
2707 2112 2866 2168 quam
2917 2092 3018 2147 nisi
3069 2094 3398 2162 praescisset,
3449 2109 3551 2150 nec
3597 2109 3734 2149 can-

2129 2185 2328 2240 tionem
2379 2185 2498 2254 rjus
2543 2185 2852 2256 delegasset
2911 2183 3012 2238 sub
3072 2191 3220 2236 metu
3283 2181 3494 2238 mortis.
3563 2181 3734 2252 Igitur

2132 2275 2177 2329 si
2221 2283 2273 2330 et
2308 2275 2524 2330 fuerunt
2567 2274 2620 2328 in
2677 2276 2789 2328 Deo
2847 2273 2963 2326 istae
3023 2270 3316 2337 facultates,
3369 2287 3479 2343 prie
3535 2271 3734 2344 quibus

2129 2364 2262 2420 nihil
2295 2363 2420 2418 mali
2463 2364 2678 2420 evenire
2718 2362 2923 2418 homini
2955 2369 3046 2418 aut
3099 2363 3359 2434 potuisset
3387 2368 3476 2417 aut
3502 2360 3726 2416 debuis-

2129 2462 2232 2520 set,
2290 2461 2342 2509 et
2396 2452 2748 2508 nihilominus
2804 2453 3013 2522 evenit;
3058 2453 3333 2509 videamus
3382 2458 3436 2508 et
3491 2449 3731 2506 hominis

2127 2541 2510 2610 conditionem,
2564 2557 2629 2597 ne
2686 2559 2780 2613 per
2827 2542 2976 2596 illam
3025 2543 3206 2616 potius
3262 2539 3520 2606 evenerit,
3579 2539 3729 2611 quod

2129 2649 2224 2703 per
2250 2633 2419 2688 Deum
2462 2631 2679 2688 evenire
2719 2647 2825 2687 non
2885 2634 3076 2703 potuit.
3110 2633 3364 2687 Liberum
3407 2639 3460 2685 et
3513 2629 3595 2684 sui
3641 2644 3731 2684 ar-

2129 2721 2276 2776 bitrii
2322 2729 2372 2777 et
2421 2736 2531 2775 suae
2590 2719 2872 2790 potestatis
2923 2722 3036 2790 (18)
3097 2719 3310 2777 invenio
3362 2718 3634 2773 hominem
3696 2732 3730 2769 a

2129 2811 2242 2865 Deo
2284 2809 2605 2874 institutum,
2660 2809 2859 2863 nullam
2909 2807 3080 2881 magis
3128 2809 3417 2883 imaginem
3465 2813 3518 2861 et
3576 2803 3731 2859 simi-

2124 2898 2404 2954 litudinem
2459 2898 2552 2952 Dei
2607 2897 2662 2952 in
2716 2897 2810 2954 illo
2867 2898 3335 2964 animadvertens,
3393 2910 3551 2967 quam
3608 2895 3730 2962 ejus

430 2989 631 3038 trantes
669 2983 723 3037 in
754 2985 802 3023 23
859 2987 1024 3041 Deum
1072 2985 1355 3044 veritatis!
1400 2989 1514 3044 hinc
1570 3001 1694 3044 sunt
1742 3007 2020 3063 argumen-
2050 3003 2091 3080 ε
2123 2991 2269 3045 modi
2311 2998 2478 3043 status
2516 2987 2768 3052 formam,
2813 2989 3002 3058 Neque
3049 2987 3194 3042 enim
3242 2986 3378 3041 facie
3427 2996 3478 3040 et
3527 2997 3729 3052 corpo-

431 3070 693 3125 tationum
728 3087 850 3127 ossa
922 3090 1044 3145 quae
1098 3075 1386 3132 obroditis.
1448 3076 1504 3130 Si
1562 3078 1710 3131 Deus
1755 3078 1930 3133 bonus
1962 3088 2014 3133 et

430 3161 686 3226 praescius
715 3161 900 3228 futuri,
942 3171 995 3218 et
1041 3165 1319 3221 avertendi
1366 3166 1490 3221 mali
1527 3175 1738 3237 potens,
1781 3183 1879 3222 cur
1919 3169 2017 3222 ho-

429 3247 646 3315 minem,
688 3261 740 3306 et
768 3251 984 3325 quidem
1005 3253 1295 3324 imaginem
1325 3261 1376 3310 et
1404 3254 1811 3310 similitudinem
1839 3271 2013 3322 suam,

429 3334 536 3393 imo
565 3347 616 3393 et
662 3340 1011 3395 substantiam
1044 3358 1219 3409 suam,
1271 3359 1368 3412 per
1393 3343 1589 3398 anima:
1641 3343 1843 3399 scilicet
1887 3360 2015 3400 cen-

428 3441 568 3496 sum,
604 3443 793 3499 passns
819 3438 900 3485 est
949 3430 1054 3485 labi
1106 3431 1172 3486 de
1194 3431 1457 3502 obsequio
1490 3431 1626 3506 legis
1665 3433 1717 3486 in
1767 3441 2018 3505 mortem,

427 3514 851 3572 circumventum
902 3534 932 3572 a
986 3519 1248 3576 diabolo?
1303 3520 1359 3574 Si
1413 3520 1557 3575 enim
1606 3528 1659 3577 et
1704 3521 1878 3577 bonus
1923 3524 2016 3592 qui

427 3606 643 3661 evenire
673 3608 776 3662 tale
797 3609 925 3678 quid
957 3609 1133 3676 nollet,
1177 3619 1229 3665 et
1269 3610 1530 3680 praescius
1576 3609 1669 3682 qui
1699 3618 2018 3666 eventurum

427 3707 534 3746 non
585 3694 895 3767 ignoraret,
945 3703 996 3751 et
1059 3705 1250 3768 potens
1313 3698 1405 3770 qui
1453 3698 1727 3768 depellere
1795 3702 2014 3764 valeret,

426 3779 576 3836 nullo
630 3784 792 3837 modo
840 3784 1130 3850 evenisset,
1181 3787 1327 3853 quod
1385 3788 1486 3841 sub
1535 3789 1618 3842 his
1675 3789 1843 3843 tribus
1889 3804 2017 3844 con-

427 3867 724 3924 ditionibus
778 3871 972 3927 divinae
1019 3874 1319 3943 majestatis
1379 3875 1596 3933 evenire
1650 3891 1759 3932 non
1815 3888 2014 3950 posset.

426 3957 581 4025 Quod
631 3959 675 4013 si
722 3963 914 4029 evenit,
961 3963 1270 4020 absolutum
1318 3971 1400 4018 est
1440 3981 1469 4019 ο
1517 3965 1790 4021 contrario
1840 3967 2016 4021 Deum

425 4063 598 4118 neque
655 4050 854 4104 bonum
905 4052 1254 4116 credendum,
1287 4069 1459 4124 neque
1489 4056 1792 4126 praescium,
1845 4073 2017 4128 neque

425 4143 701 4207 potentem
733 4156 746 4193 :
776 4139 1048 4213 siquidem
1087 4143 1141 4196 in
1182 4149 1441 4214 quantum
1489 4142 1624 4199 nihil
1668 4145 1772 4200 tale
1804 4145 2019 4217 ,evenis-

2125 3077 2324 3133 ralibus
2369 3077 2549 3143 lineis,
2595 3085 2704 3131 tam
2747 3075 2913 3130 variis
2959 3075 3015 3129 in
3078 3091 3277 3146 genere
3333 3076 3590 3136 humano,
3653 3071 3724 3124 ad

2128 3167 2445 3222 uniformcm
2491 3166 2662 3223 Deum
2700 3181 2990 3237 expressus
3039 3173 3152 3232 est;
3200 3165 3296 3218 sed
3360 3163 3418 3216 in
3465 3178 3531 3216 ea
3593 3161 3731 3214 sub-

2124 3257 2335 3324 stantia,
2380 3271 2539 3328 quam
2591 3254 2656 3308 ab
2697 3255 2811 3326 ipso
2859 3256 2974 3309 Deo
3019 3254 3189 3322 traxit,
3223 3253 3276 3306 id
3305 3262 3390 3309 est
3434 3251 3626 3306 animm
3657 3251 3733 3320 2⁵,

2125 3348 2191 3400 ad
2245 3346 2470 3400 formam
2527 3344 2623 3398 Dei
2688 3343 3068 3414 respondentis
3136 3345 3206 3409 21,
3271 3353 3322 3398 et
3377 3341 3580 3397 arbitrii
3643 3340 3731 3395 sui

2128 3435 2375 3490 libertate
2431 3442 2484 3488 et
2535 3441 2800 3503 potestate
2859 3434 3102 3503 signatus
3158 3443 3259 3488 est.
3320 3433 3475 3487 Hunc
3530 3440 3731 3485 statum

2128 3524 2245 3592 ejus
2275 3522 2608 3578 conﬁrmavit
2653 3521 2812 3577 etiam
2842 3522 2960 3594 ipsa
2990 3524 3092 3592 lex,
3127 3532 3252 3578 tunc
3297 3538 3327 3575 a
3364 3523 3480 3576 Deo
3529 3520 3729 3591 posita.

2127 3615 2247 3668 Non
2297 3613 2438 3667 enim
2489 3619 2776 3680 poneretur
2805 3611 2888 3667 lex
2937 3611 2986 3667 ei
3028 3612 3120 3684 qui
3167 3629 3273 3668 non
3313 3612 3534 3666 haberet
3567 3610 3731 3664 obse-

2128 3701 2314 3774 quium
2361 3701 2598 3755 dcbitum
2643 3701 2750 3774 legi
2794 3700 2850 3754 in
2899 3716 2997 3756 sua
3045 3709 3353 3771 potestate:
3404 3716 3501 3755 nec
3543 3715 3734 3753 rursus

2125 3789 2469 3846 comminatio
2545 3790 2734 3844 mortis
2802 3789 3220 3860 transgressioni
3292 3788 3727 3848 adscriberetur,

2127 3878 2174 3933 si
2221 3895 2329 3934 non
2385 3887 2438 3933 et
2493 3888 2834 3949 contemptus
2882 3880 3021 3953 legis
3061 3879 3117 3934 in
3169 3878 3377 3934 arbitrii
3429 3877 3728 3933 libertatem

2124 3968 2330 4023 homini
2404 3968 2771 4037 deputaretur.
2837 3968 2927 4024 Sic
2993 3976 3048 4022 et
3110 3968 3162 4022 in
3227 3966 3458 4040 posteris
3519 3966 3733 4039 legibus
3783 3965 3789 3969 ’

2124 4055 2393 4112 Creatoris
2442 4057 2710 4127 invenias,
2754 4057 3112 4129 preponentis
3149 4063 3274 4112 ante
3321 4055 3586 4111 hominem
3631 4056 3732 4109 bo-

2127 4161 2254 4200 num
2285 4154 2338 4201 et
2365 4145 2580 4212 malum,
2625 4146 2792 4202 vitam
2823 4155 2876 4202 et
2906 4155 3135 4202 mortem
3176 4146 3361 4216 (Deut.
3395 4159 3539 4209 xxx,
3585 4144 3678 4215 15)
3715 4163 3728 4198 :

1801 4272 1989 4335 Variae
2033 4276 2346 4335 lectiones.

495 4372 543 4446 ξφ
570 4372 804 4446 Fastigio
857 4377 1038 4433 Paris.
1090 4380 1261 4432 Fran.
1316 4377 1362 4414 21
1394 4377 1933 4433 Praenuntiationibus
1965 4378 2134 4434 Seml.
2191 4379 2409 4435 Oberth.
2452 4379 2501 4415 22
2549 4380 2594 4435 O
2647 4381 2835 4435 omilt.
2889 4377 3060 4434 Seml.
3103 4378 3153 4416 23
3207 4378 3266 4432 In
3313 4378 3504 4433 omitt.
3546 4378 3727 4431 Fran.

424 4443 471 4481 2"
503 4443 837 4502 Probationis
865 4449 1034 4505 Seml.
1081 4449 1300 4506 Oberth.
1334 4449 1382 4486 2⁵
1411 4449 1658 4504 Animam
1690 4449 1860 4506 Seml.
1899 4449 2116 4506 Oberth.
2140 4450 2190 4487 ³6
2219 4451 2546 4521 Spoudcntis
2573 4451 2743 4507 Seml.
2777 4449 2994 4506 Pamel.

1811 4546 2310 4612 Commentarius.

422 4649 477 4704 in
527 4651 816 4708 Ecclesiam
862 4653 1130 4708 addictum
1177 4669 1210 4707 a
1239 4652 1352 4709 Deo
1405 4654 1705 4720 paradisum
1756 4652 2042 4719 Ecclesiae,

426 4721 781 4794 signiﬁcans;
837 4724 1131 4781 Ecclesiam
1194 4741 1320 4780 vero
1395 4725 1498 4794 iam
1562 4736 1686 4781 tunc
1749 4724 1914 4780 fuisse
1959 4725 2012 4780 in

427 4810 533 4847 uno
553 4806 605 4850 et
632 4797 819 4852 altero.
857 4797 982 4852 th.

497 4891 614 4960 (14)
636 4893 856 4950 Sciebat
886 4894 978 4948 illi
996 4910 1196 4949 sexum
1223 4894 1446 4965 Marias,
1468 4897 1522 4950 et
1544 4894 1806 4965 deinceps
1837 4895 2025 4950 Eccle-

427 4963 527 5017 sia:
563 4965 950 5036 profuturum.
988 4965 1203 5018 Etenim
1229 4964 1396 5036 maria
1427 4965 1591 5036 Virgo
1626 4963 1833 5032 peperit
1855 4964 2026 5036 [Chri-

430 5041 594 5095 stum,
631 5033 903 5109 hominum
954 5038 1202 5109 salutem.
1255 5035 1416 5109 ‘Unde
1452 5033 1547 5109 _et'
1577 5037 1817 5092 Ecclesia
1855 5033 2021 5109 virgo

429 5119 630 5174 sponsa
661 5104 875 5169 Christi,
906 5106 1043 5174 parit
1075 5104 1424 5161 Christianos.
1451 5107 1577 5161 Rm.

502 5202 615 5274 (15)
651 5203 952 5274 Consulens
983 5204 1201 5259 homini
1237 5220 1344 5274 quo
1377 5206 1480 5259 Deo
1512 5202 1844 5261 adhaereret.
1878 5203 2022 5258 Prie-

431 5275 572 5330 clara
598 5273 870 5344 cogitatio,
899 5274 1176 5328 hominem
1221 5273 1286 5344 ad
1340 5275 1508 5329 Deum
1556 5275 1850 5344 pertinere,
1893 5293 2026 5344 qua-

433 5355 587 5401 tenus
632 5343 896 5419 mandatis
942 5361 972 5398 a
1027 5346 1139 5419 Duo
1180 5343 1392 5416 legibus
1439 5343 1677 5400 adhaeret
1727 5343 2024 5419 .religidnis

431 5417 776 5473 observantia
805 5419 1075 5488 cultuque.
1110 5417 1234 5472 RIG.

509 5509 623 5576 (16)
671 5507 712 5563 0
767 5522 932 5564 canes
963 5523 1098 5579 quos
1127 5509 1284 5578 foras
1321 5507 1630 5579 apostolus,
1661 5514 1766 5562 etc.
1818 5507 2025 5579 Alludit

439 5578 502 5632 ad
541 5579 673 5638 illud
707 5580 876 5652 Apoc.
908 5578 1052 5644 xxn,
1099 5581 1251 5637 Foris
1288 5578 1476 5638 canes.
1505 5583 1694 5654 .Atque
1729 5579 1864 5636 adeo
1894 5578 2022 5638 facit

2043 4672 2090 4748 ι]
2120 4652 3004 4748 his-£99uf..:=°'1tr§_§m§ejieg
3052 4651 3285 4748 33139.5
3326 4651 3582 4748 (ξιξρέἐὲφὲ

2127 4669 2208 4709 mc
2257 4669 2407 4710 tocus
2460 4669 2645 4710 contra
2695 4669 3004 4720 urasmum,
3053 4669 3109 4706 et
3151 4669 3285 4707 auos
3326 4669 3582 4723 quosnam
3678 4669 3730 4705 ιιι

2127 4725 2488 4803 Apocalypsin
2545 4725 2751 4803 auden_t_
2789 4723 3266 4803 negare__Joannis
3331 4724 3599 4803 Apostoli:
3637 4671 3734 4776 tLe

2127 4794 2236 4868 quo
2267 4794 2476 4868 aliquid
2507 4812 2672 4868 supra
2700 4794 2934 4868 diximus
2975 4794 3066 4868 lib.
3104 4795 3170 4848 de
3208 4796 3470 4868 Ijrrescr"
3503 4803 3556 4849 et
3585 4794 3732 4849 intra

2129 4865 2222 4922 lib.
2248 4867 2315 4920 IV
2347 4865 2469 4921 adv.
2506 4867 2670 4938 Mare.
2701 4881 2764 4922 ac
2783 4865 2839 4919 in
2869 4866 3180 4938 Scorpiaco.
3215 4865 3350 4920 Pan.

2203 4939 2246 5009 (ﬁt
2259 4939 2316 5007 7)
2348 4941 2436 4994 Ea:
2460 4937 2711 5009 operibus
2733 4935 3570 5009 ineundce'probationes.(Dum
3583 4935 3736 5009 hanc

2131 5006 2501 5064 deﬁnitionem
2528 5009 2740 5064 Christo
2773 5006 3049 5072 adscribit,
3083 5007 3273 5061 alludit
3303 5009 3368 5063 ad
3398 5006 3526 5062 illud
3564 5008 3727 5062 Joau.

2135 5084 2236 5134 1οε
2277 5083 2452 5152 Opera
2491 5097 2615 5152 quae
2665 5095 2758 5152 ego
2789 5082 2936 5152 facio
2970 5081 3032 5133 in
3067 5081 3310 5152 _nomine
3349 5077 3560 5152 Patris]
3589 5083 3729 5135 mei.

2131 5152 2248 5207 hac
2282 5149 2666 5207 testimoni-um
2695 5149 3012 5222 perhibent
3045 5149 3122 5222 de,
3146 5167 3255 5214 me,
3289 5155 3344 5207 et
3374 5153 3424 5206 si
3446 5149 3593 5206 mihi
3612 5167 3734 5207 non

2130 5223 2557 5280 vultiscredere.
2591 5221 2849 5295 aperibus
2887 5221 3241 5285 creditePu,

2204 5295 2316 5362 (28)
2346 5295 2449 5350 Sui
2487 5292 2717 5350 arbitrii
2737 5298 2792 5351 et
2848 5309 2963 5348 sua:
2997 5294 3319 5363 potestatis,
3361 5298 3464 5363 etc.
3504 5292 3585 5346 Ea
3633 5292 3740 5346 fuit

2133 5365 2506 5422 haereticorum
2558 5365 2916 5436 quorumdam
2965 5361 3220 5436 vesania,
3259 5375 3317 5417 ut
3363 5361 3590 5436 liberum
3633 5364 3742 5418 ho-

2133 5438 2326 5491 minem
2377 5433 2614 5494 creatum
2666 5437 2831 5491 fuisse
2868 5434 3133 5504 negarint.
3185 5435 3344 5488 Tales
3388 5433 3538 5488 fuere
3585 5436 3738 5490 Mar-

2132 5507 2251 5564 cion
2284 5518 2341 5563 et
2384 5508 2721 5563 Valentinus.
2771 5507 2899 5561 Post
2947 5513 3226 5574 peccatum
3267 5521 3394 5559 vero
3441 5504 3619 5560 adhuc
3655 5525 3739 5562 re-

2132 5580 2392 5639 mansisse
2419 5580 2710 5638 libertatem
2740 5592 2864 5635 mox
2893 5576 3157 5647 probabit.
3190 5577 3266 5632 Ls
3293 5577 3388 5630 Pa.
