4032 6152
333 244 425 307 817
1557 246 1686 313 LIB.
1725 246 1771 315 ll
1821 246 1977 313 ADV.
2020 244 2427 312 MARCIONEM.

3511 241 3620 307 318

327 374 410 432 sed
437 373 920 475 nec.alias.totum
974 374 1220 434 ordinem
1247 375 1545 450 disciplinae
1598 394 1701 453 per
1760 395 1907 453 prse-
1941 390 1988 475 λ
2018 379 2238 438 sortitus
2283 388 2364 435 est
2392 375 2618 435 formam
2645 393 2765 475 qua.
2811 384 2985 438 esset:
3034 384 3199 475 atque
3242 373 3320 475 ita
3351 386 3484 475 .non
3523 386 3619 428 na-

325 473 470 539 cepta
533 464 878 539 dispositum,
951 476 1206 526 evocante
1269 469 1386 525 Deo
1454 477 1510 527 et
1561 471 1801 526 minante
1857 482 1913 527 et
1941 461 1988 475 ”
2019 474 2142 525 tura
2188 468 2243 525 in
2299 468 2502 526 bonum
2564 464 2856 539 dispositus
2907 474 3012 534 est,
3073 465 3183 541 sed.
3238 461 3614 529 institutione;
3706 512 3723 527 ,

323 555 630 613 exhortante
682 554 754 623 τι,
803 555 912 614 nisi
975 565 1029 613 et
1081 556 1149 612 ad
1187 556 1509 630 obsequium
1565 568 1621 617 et
1665 559 1733 616 ad
1770 568 1910 618 con-

323 654 573 719 temptum
602 644 771 705 libero
799 655 854 703 et
879 646 1179 705 voluntario
1218 647 1425 704 homini
1454 649 1523 704 ³³.

943 786 1168 847 CAPUT
1190 788 1274 845 VI.

380 913 485 970 Sed
516 911 770 985 quoniam
788 927 855 970 ex
882 914 987 971 hoc
1007 914 1123 985 jam
1160 914 1533 989 intelligimur,
1571 931 1638 972 eo
1685 921 1909 973 struen-

314 1012 389 1059 tes
445 1002 669 1058 liberam
746 1002 982 1059 hominis
1033 1010 1351 1074 potestatem
1426 1004 1633 1061 arbitrii
1688 1005 1793 1074 sui,
1854 1012 1911 1060 nt

310 1093 453 1164 quod
509 1092 563 1148 ei
597 1093 799 1160 evenit,
840 1110 948 1151 non
975 1095 1110 1161 Deo,
1169 1095 1268 1151 sed
1298 1094 1403 1167 ipsi
1456 1095 1654 1153 debeat
1694 1110 1906 1168 expro-

308 1181 480 1250 brari;
532 1197 603 1237 ne
635 1190 691 1237 et
718 1191 775 1239 tu
820 1179 982 1239 29!
1022 1184 1151 1241 hinc
1197 1184 1314 1255 jam
1362 1199 1626 1258 apponas,
1672 1200 1781 1242 non
1836 1185 1909 1242 ita

307 1270 456 1328 illum
504 1271 717 1328 institui
745 1271 998 1329 debuisse
1033 1273 1080 1329 si
1116 1272 1334 1331 libertas
1378 1282 1432 1331 et
1484 1281 1724 1348 potestas
1752 1274 1903 1331 arbi-

305 1361 389 1416 trii
415 1360 656 1418 exitiosa
698 1360 872 1418 futura
904 1371 1080 1432 esset;
1127 1363 1229 1421 hoc
1272 1378 1488 1437 quoque
1527 1364 1678 1437 prius
1708 1364 1902 1421 defen-

304 1449 424 1505 dam
456 1450 534 1507 ita
570 1449 778 1507 institui
821 1451 1096 1520 debuisse,
1143 1468 1250 1526 quo
1288 1453 1479 1510 fortius
1505 1453 1900 1520 commendem,

302 1548 355 1594 et
383 1540 458 1595 ita
486 1539 812 1608 institutum,
853 1549 908 1597 et
945 1541 1111 1612 digne
1156 1542 1270 1598 Deo
1330 1542 1655 1609 institutum,
1693 1541 1903 1614 potiore

303 1641 518 1686 ostensa
575 1646 639 1684 ea
686 1646 850 1686 causa
903 1647 1024 1702 quae
1074 1632 1151 1688 ita
1202 1630 1326 1689 fecit
1389 1632 1615 1689 institui.
1683 1633 1901 1690 Bonitas

304 1717 399 1773 Dei
426 1726 482 1775 et
523 1720 659 1776 ratio
688 1722 811 1790 ejus
862 1721 990 1778 huic
1026 1737 1241 1795 quoque
1295 1721 1539 1780 instituto
1585 1723 1899 1794 patrocina-

307 1806 525 1875 bantur,
563 1809 617 1863 in
660 1809 916 1867 omnibus
965 1811 1336 1884 conspirantes
1371 1811 1514 1884 apud
1567 1812 1739 1868 Deum
1768 1828 1900 1869 nos-

315 1904 476 1950 trum.
501 1897 608 1953 Nec
666 1898 806 1954 ratio
859 1898 1003 1955 enim
1050 1901 1167 1957 sine
1212 1902 1448 1958 bonitate
1495 1902 1631 1957 ratio
1668 1909 1769 1969 est,
1804 1918 1901 1958 nec

310 1982 517 2039 bonitas
579 1986 697 2042 sine
753 1988 962 2044 ratione
1042 1989 1277 2058 bonitas,
1356 1989 1461 2045 nisi
1534 1990 1678 2046 forte
1732 2006 1903 2063 penes

301 2070 461 2128 deum
505 2074 801 2133 Marcionis
856 2078 997 2149 (19),
1048 2078 1438 2136 inrationaliter
1484 2078 1707 2144 bonum,
1763 2079 1906 2137 sicut

296 2162 663 2220 ostendimus.
729 2164 1033 2235 Oportebat
1115 2167 1286 2223 Deum
1340 2170 1628 2241 cognosci:
1699 2168 1900 2225 bonum

292 2250 392 2308 hoc
421 2253 619 2325 utique
655 2261 713 2312 et
763 2256 1039 2312 rationale.
1089 2256 1385 2328 Oportebat
1435 2258 1654 2331 dignum
1694 2258 1899 2331 aliquid

287 2355 434 2407 esse,
472 2343 633 2414 quod
689 2345 861 2402 Deum
916 2355 1310 2418 cognosceret:
1359 2350 1489 2420 quid
1525 2358 1633 2405 tam
1673 2349 1896 2421 dignum

288 2433 528 2503 prospici
560 2443 769 2504 posset,
799 2451 957 2509 quam
982 2438 1166 2509 imago
1195 2438 1292 2495 Dei
1321 2446 1376 2494 et
1404 2438 1700 2495 similitudo
1740 2439 1895 2509 (20)?

290 2519 354 2575 Et
399 2523 511 2579 hoc
551 2524 781 2596 bonum,
838 2527 953 2583 sine
992 2527 1180 2595 dubio,
1238 2535 1292 2584 et
1327 2527 1609 2585 rationale.
1666 2526 1897 2600 Oporte-

290 2609 379 2665 bat
428 2611 608 2684 igitur
661 2614 950 2687 imaginem
1009 2624 1062 2672 et
1118 2617 1523 2673 similitudinem
1565 2617 1683 2683 Dei,
1742 2617 1897 2673 liberi

290 2700 498 2755 arbitrii
532 2710 590 2757 et
620 2718 737 2759 suae
764 2708 1040 2774 potestatis
1068 2706 1298 2775 institui,
1332 2706 1389 2762 in
1427 2723 1534 2779 qua
1562 2706 1668 2763 hoc
1696 2706 1894 2778 ipsum,

285 2784 471 2860 imago
505 2798 565 2845 et
594 2790 892 2848 similitudo
929 2794 1029 2849 Dei
1072 2795 1458 2866 deputaretur:
1500 2796 1703 2853 arbitrii
1748 2794 1897 2850 scili-

288 2878 374 2922 cet
409 2871 636 2925 libertas
664 2882 719 2927 et
763 2880 1038 2944 potestas:
1080 2874 1135 2929 in
1165 2891 1325 2945 quam
1356 2892 1467 2932 rem
1512 2891 1575 2931 ea
1604 2875 1901 2932 substantia

293 2956 502 3013 homini
547 2961 955 3018 accommodata
993 2971 1096 3032 est,
1155 2979 1278 3035 quae
1334 2965 1497 3033 hujus
1523 2973 1693 3021 status
1723 2973 1895 3031 esset,

304 3043 525 3102 afﬂatus
573 3047 687 3113 Dei,
754 3049 943 3121 utique
997 3051 1153 3107 liberi
1201 3059 1255 3106 et
1302 3068 1413 3107 suae
1444 3052 1752 3123 potestatis.
1784 3053 1892 3108 Sed

300 3141 360 3187 et
404 3133 538 3190 alias
564 3137 713 3208 quale
756 3149 873 3196 erat
927 3151 986 3195 ut
1014 3140 1179 3197 totius
1234 3141 1420 3197 mundi
1462 3142 1744 3213 possidens
1789 3141 1894 3198 ho-

294 3238 407 3289 mo,
444 3239 551 3281 non
595 3226 647 3282 in
694 3227 885 3297 primis
912 3228 1078 3284 animi
1120 3229 1203 3284 sui
1250 3229 1592 3300 possessione
1622 3238 1890 3303 regnaret,

287 3313 525 3369 aliorum
570 3315 844 3385 dominus,
908 3318 991 3373 sui
1062 3317 1336 3375 famulus?
1390 3319 1568 3376 Habes
1620 3319 1788 3393 igitur
1841 3328 1895 3376 et

288 3404 593 3460 bonitatem
626 3406 724 3461 Dei
754 3422 1046 3479 agnoscere
1087 3423 1154 3463 ex
1184 3408 1514 3481 dignatione,
1545 3420 1599 3466 et
1626 3410 1891 3465 rationem

285 3506 359 3548 ex
387 3494 769 3566 dispositione.
800 3496 927 3552 Sola
972 3513 1115 3554 nunc
1161 3498 1372 3554 bonitas
1424 3500 1731 3569 deputetur,
1771 3514 1893 3571 quae

289 3588 495 3636 tantum
513 3584 727 3639 homini
774 3586 967 3657 largita
997 3587 1084 3651 sit,
1114 3586 1168 3641 id
1216 3597 1300 3643 est
1326 3587 1533 3643 arbitrii
1556 3586 1860 3644 libertatem

291 3668 452 3725 Aliud
480 3671 592 3725 sibi
628 3672 766 3728 ratio
795 3674 1045 3731 defendat
1074 3675 1130 3730 in
1177 3676 1448 3746 ejusmodi
1475 3675 1888 3733 institutionem.

294 3757 424 3813 Nam
471 3761 653 3816 bonus
701 3770 893 3818 natura
936 3765 1082 3820 Deus
1137 3765 1290 3821 solus
1348 3764 1568 3834 (Matth.
1612 3769 1889 3838 x1x,l7).

296 3845 399 3915 Qui
423 3849 573 3904 enim
602 3851 756 3921 quod
781 3860 864 3907 est
883 3852 997 3907 sine
1024 3852 1175 3909 initio
1201 3853 1383 3922 habet,
1416 3868 1527 3909 non
1551 3853 1891 3910 institutione

300 3932 454 3991 habet
512 3936 670 4002 illud,
719 3938 813 3993 sed
868 3947 1074 3995 natura.
1134 3942 1313 3999 Homo
1366 3949 1543 3999 autem
1591 3943 1685 4014 qui
1746 3951 1893 4000 totus

302 4038 371 4080 ex
422 4027 759 4084 institutione
828 4039 928 4095 est,
997 4030 1202 4086 habens
1263 4031 1497 4098 initium,
1560 4047 1680 4088 cum
1738 4033 1891 4088 initio

2015 574 2129 616 non
2192 573 2348 616 suum
2393 559 2601 617 habens
2646 559 2822 615 bonus
2867 570 3001 623 esse,
3060 556 3191 629 quia
3248 569 3356 611 non
3416 558 3607 609 natura

2017 647 2075 704 in
2100 649 2323 717 bonum,
2350 647 2644 720 dispositus
2669 655 2772 718 est,
2803 644 2901 703 sed
2929 645 3281 713 institutione,
3310 642 3606 700 secundum

2016 736 2369 796 institutorem
2428 740 2651 809 bonum,
2690 737 2895 794 scilicet
2951 736 3218 792 bonorum
3246 732 3602 790 conditorem.

2017 825 2089 883 Ut
2114 842 2244 900 ergo
2299 827 2503 884 bonum
2562 828 2673 898 jam
2717 841 2874 882 suum
2903 824 3128 880 haberet
3156 824 3337 886 homo,
3381 818 3615 875 emanci-

2016 924 2202 988 patum
2248 916 2349 972 sibi
2394 932 2428 973 a
2473 918 2607 986 Deo,
2663 923 2720 972 et
2764 916 2920 973 ﬁeret
2973 913 3274 987 proprietas
3320 912 3431 982 jam
3479 908 3608 965 boni

2017 1004 2072 1060 in
2099 1006 2335 1076 homine,
2366 1017 2423 1062 et
2465 1005 2859 1078 quodammodo
2906 1012 3115 1074 natura,
3166 1001 3234 1058 de
3276 999 3613 1057 institutione

2014 1095 2247 1167 ascripta
2273 1104 2353 1151 est
2379 1095 2459 1150 illi
2487 1094 2640 1167 quasi
2668 1095 2935 1165 libripens
2963 1095 3012 1134 29
3065 1089 3387 1164 emancipati
3415 1105 3447 1144 a
3492 1089 3607 1144 Deo

2015 1185 2143 1242 boni
2172 1188 2305 1257 (21),
2338 1185 2557 1242 libertas
2585 1194 2638 1242 et
2677 1194 2915 1257 potestas
2963 1182 3188 1247 arbitrii,
3241 1197 3360 1252 quis
3414 1178 3605 1235 efﬁce-

2014 1283 2095 1331 ret
2122 1274 2344 1344 bonum,
2375 1281 2438 1333 ut
2462 1275 2761 1347 proprium,
2782 1271 2957 1331 292
2990 1273 3102 1343 jam
3132 1277 3322 1342 sponte
3360 1267 3616 1342 praestari

2011 1364 2079 1420 ab
2108 1364 2358 1433 homine;
2399 1364 2657 1436 quoniam
2684 1376 2740 1422 et
2764 1364 2871 1421 hoc
2926 1363 3063 1417 ratio
3103 1360 3359 1417 bonitatis
3412 1358 3605 1429 exige-

2012 1462 2095 1509 ret
2146 1452 2445 1509 voluntarie
2481 1452 2829 1520 exercendae;
2860 1466 2927 1507 ex
2984 1450 3228 1506 libertate
3260 1448 3466 1505 scilicet
3508 1462 3598 1500 ar-

2010 1542 2155 1615 bitrii
2210 1558 2320 1597 non
2363 1540 2570 1598 favente
2624 1540 2943 1597 institutioni
2989 1540 3057 1607 3°,
3119 1553 3229 1595 non
3283 1536 3593 1593 serviente:

2009 1641 2070 1689 ut
2115 1633 2186 1688 ita
2215 1632 2433 1688 demum
2487 1632 2668 1687 bonus
2708 1631 3031 1687 consisteret
3074 1630 3260 1699 homo,
3308 1626 3354 1682 si
3401 1640 3603 1682 secun-

2008 1720 2137 1777 dum
2181 1720 2571 1777 institutionem
2615 1718 2852 1791 quidem,
2911 1716 3008 1773 sed
3063 1732 3131 1773 ex
3182 1716 3460 1773 voluntate
3488 1715 3597 1783 jam

2006 1811 2182 1867 bonus
2226 1810 2573 1878 inveniretur,
2618 1808 2774 1881 quasi
2835 1809 2902 1864 de
2958 1806 3289 1878 proprietate
3356 1812 3599 1860 naturae:

2006 1900 2232 1972 proinde
2259 1906 2320 1956 ut
2373 1908 2427 1958 et
2479 1906 2665 1957 contra
2713 1900 2912 1955 malum
2964 1899 3111 1966 (nam
3141 1905 3195 1952 et
3245 1894 3375 1952 illud
3416 1893 3601 1964 utique

2006 1989 2150 2045 Deus
2200 1989 2535 2060 providebat)
2591 1988 2637 2027 31
2694 1987 2878 2045 fortior
2930 1986 3093 2042 homo
3141 1983 3602 2056 praetenderet”,

2005 2077 2145 2133 liber
2188 2078 2394 2134 scilicet
2456 2085 2510 2132 et
2562 2092 2676 2133 suae
2733 2075 3045 2144 potestatis:
3096 2075 3242 2145 quia,
3302 2074 3347 2127 si
3401 2080 3606 2128 carent

2007 2167 2110 2223 hoc
2124 2167 2247 2237 jure
2273 2168 2412 2236 (22),
2456 2174 2513 2223 ιιι
2539 2167 2746 2223 bonum
2772 2181 2990 2239 quoque
3029 2180 3135 2219 non
3178 2162 3451 2220 voluntate
3481 2159 3605 2215 obi-

2007 2263 2107 2322 ret,
2137 2256 2229 2311 sed
2279 2255 2614 2323 necessitate,
2672 2253 2996 2326 usurpabilis
3049 2252 3212 2309 etiam
3268 2251 3409 2307 malo
3451 2249 3599 2305 futu-

2004 2360 2099 2400 rus
2155 2353 2299 2400 esset
2344 2359 2408 2398 ex
2440 2342 2742 2399 inﬁrmitate
2772 2341 2998 2407 servitii,
3054 2340 3278 2412 proinde
3332 2346 3387 2394 et
3451 2338 3593 2392 malo

2005 2432 2149 2490 sicut
2196 2434 2340 2490 bono
2380 2433 2629 2488 famulus.
2675 2431 2809 2486 Tota
2865 2445 2995 2501 ergo
3049 2431 3267 2485 libertas
3310 2427 3515 2484 arbitrii
3546 2426 3600 2481 iu

2007 2530 2290 2594 utramque
2337 2533 2544 2593 partem
2591 2536 2846 2576 concessa
2908 2527 2990 2575 est
3038 2519 3136 2591 illi,
3196 2526 3253 2573 ut
3298 2517 3381 2574 sui
3423 2517 3602 2573 domi-

2004 2628 2108 2668 nus
2135 2618 2445 2669 constanter
2496 2618 2824 2676 occurreret,
2873 2618 2926 2666 et
2981 2608 3125 2664 bono
3154 2616 3349 2679 sponte
3367 2620 3598 2663 \servan-

2003 2701 2097 2770 do,
2127 2711 2181 2757 et
2207 2701 2348 2756 malo
2399 2710 2594 2773 sponte
2639 2699 2890 2757 vitando:
2940 2697 3193 2770 quoniam
3223 2706 3277 2752 et
3330 2694 3463 2751 alias
3496 2710 3595 2766 po-

2006 2790 2169 2846 situm
2219 2789 2486 2846 hominem
2507 2789 2608 2845 sub
2657 2786 2865 2859 judicio
2894 2788 3009 2853 Dei,
3069 2787 3353 2856 oportebat
3393 2784 3603 2855 justum

2008 2878 2139 2933 illud
2194 2877 2410 2934 efﬁcere
2469 2879 2582 2947 (23)
2641 2877 2708 2932 de
2772 2875 2979 2931 arbitrii
3019 2875 3101 2931 sui
3160 2874 3391 2940 meritis,
3447 2872 3600 2928 liberi

2003 2966 2227 3024 scilicet.
2277 2968 2559 3035 Caeterum,
2601 2981 2700 3022 nec
2741 2966 2869 3020 boni
2916 2981 3015 3021 nec
3067 2963 3190 3020 mali
3236 2978 3445 3020 merces
3472 2964 3594 3031 jure

2007 3063 2318 3128 pensaretur
2347 3054 2398 3108 ei
2427 3054 2519 3125 qui
2576 3066 2669 3110 aut
2714 3055 2891 3109 bonus
2929 3062 3021 3110 aut
3074 3053 3250 3109 malus
3278 3051 3596 3108 necessitate

2004 3139 2196 3196 fuisset
2230 3142 2498 3209 inventus,
2533 3158 2639 3197 non
2686 3142 2975 3197 voluntate.
3025 3143 3084 3195 In
3114 3142 3220 3197 hoc
3247 3150 3302 3195 et
3346 3140 3431 3195 lex
3460 3154 3597 3194 con-

2002 3229 2188 3285 stituta
2224 3240 2328 3299 est,
2361 3247 2468 3287 non
2515 3232 2831 3299 excludens,
2863 3230 2957 3285 sed
3008 3229 3250 3301 probans
3293 3227 3598 3282 libertatem

2001 3320 2069 3374 de
2099 3321 2364 3393 obsequio
2403 3329 2594 3393 sponte
2651 3320 2980 3392 prmetando,
3027 3318 3116 3375 vel
3174 3316 3598 3389 transgressione

2001 3419 2197 3481 Sponte
2253 3410 2659 3481 committenda;
2710 3410 2783 3465 ita
2837 3410 2890 3465 in
2930 3417 3215 3479 utrumque
3269 3406 3470 3462 exitum
3531 3404 3595 3457 li-

2001 3498 2182 3555 bertas
2212 3503 2382 3572 patuit
2409 3499 2636 3557 arbitrii.
2664 3499 2855 3571 Igitur,
2897 3499 2945 3554 si
2998 3506 3052 3555 et
3105 3495 3316 3552 bonitas
3354 3501 3408 3549 et
3466 3492 3600 3549 ratio

2001 3589 2101 3644 Dei
2151 3590 2420 3645 invenitur
2482 3590 2624 3645 circa
2678 3591 2983 3645 libertatem
3030 3585 3237 3642 arbitrii
3285 3598 3597 3639 concessam

2001 3678 2225 3749 homini,
2259 3695 2367 3736 non
2412 3686 2644 3751 oportet,
2689 3678 2891 3735 omissa
2944 3676 3116 3747 prima
3155 3671 3469 3731 deﬁnitione
3497 3673 3596 3727 bo-

2001 3766 2183 3824 nitatis
2212 3776 2371 3839 atque
2408 3767 2627 3824 rationis
2689 3783 2810 3840 quae
2856 3773 2980 3821 ante
3043 3778 3259 3820 omnem
3317 3768 3593 3818 tractatum

2000 3855 2370 3912 constituenda
2430 3866 2532 3924 est,
2592 3866 2715 3928 post
2762 3855 2921 3911 factis
2966 3852 3320 3925 praejudicare
3373 3866 3481 3906 non
3527 3850 3600 3905 ita

2001 3945 2179 3999 Deum
2209 3945 2487 4003 instituere
2542 3945 2795 4002 debuisse
2842 3944 2966 4016 quia
3003 3943 3159 3998 aliter
3212 3958 3375 4014 quam
3431 3942 3596 3995 Deum

2000 4033 2212 4090 deceret
2238 4034 2435 4106 evasit;
2503 4037 2596 4091 sed
2645 4035 2886 4105 dispecto
2924 4031 3049 4107 quia
3110 4031 3184 4088 ita
3238 4030 3488 4087 debuerit
3542 4030 3594 4084 in

1679 4154 1871 4217 Variae
1914 4159 2225 4219 lectiones.

443 4250 511 4333 Et
542 4255 714 4333 abest
747 4260 912 4333 Segni.
945 4259 1312 4333 exhortantive
1342 4264 1551 4319 Pamel.
1584 4262 1633 4299 28
1681 4262 1910 4317 Homine
1946 4264 2158 4318 Pamel.
2201 4263 2387 4318 Venet.
2428 4262 2477 4299 2°
2530 4261 2841 4333 Libripense
2882 4264 3057 4320 Rhen.
3121 4260 3341 4320 Oberth.
3401 4260 3452 4299 3°
3504 4261 3598 4313 ln-

307 4322 586 4405 gfitgtionis
632 4330 1123 4405 fameluarbitrii
1156 4332 1381 4405 favente,
1410 4333 1731 4387 institutioni
1788 4335 2049 4393 Wouwer.
2082 4333 2326 4405 arbitrii;
2371 4348 2495 4388 nam
2544 4322 2751 4389 favente
2794 4334 3113 4391 institutioni
3161 4335 3367 4405 conjic.
3422 4333 3595 4389 Seml.

306 4388 349 4428 ³⁸
382 4395 591 4453 Utadd.
628 4400 797 4456 Semt.
828 4400 1046 4458 Oberth.
1080 4402 1129 4441 ³2
1158 4404 1504 4461 Pertcnderet
1529 4406 1663 4460 Jun.

1688 4526 2089 4592 Commentari
2098 4548 2191 4593 us.

367 4624 475 4695 (l9)
513 4627 686 4684 Penes
721 4629 888 4685 deum
928 4630 1244 4699 Marcionis,
1286 4637 1387 4688 etc.
1418 4629 1696 4687 Ridiculus
1732 4631 1888 4686 vide-

300 4691 461 4775 batur
480 4699 744 4775 Marcion,
780 4702 879 4775 qui
902 4702 1015 4775 haec
1061 4703 1175 4759 Deo
1220 4691 1558 4775 deneganda,
1591 4702 1658 4775 de
1683 4702 1887 4775 quibus

297 4766 454 4839 {nodo
482 4769 618 4839 egit,
654 4766 824 4826 Deum
856 4772 1011 4829 faciat
1037 4775 1242 4830 bonum
1295 4766 1554 4829 rationem
1599 4773 1649 4830 ei
1700 4766 1886 4829 detra-

297 4833 492 4894 bendo.
517 4833 601 4895 Ῑλς
632 4845 730 4897 Pa.

333 4908 489 4993 ,(2οὶ
513 4912 698 4993 Imago
748 4918 803 4970 et
832 4915 1142 4993 similitudo
1188 4917 1306 4993 Dei,
1360 4925 1463 4993 etc.
1508 4915 1689 4993 Longe
1739 4916 1894 4971 aliter

292 4976 402 5060 hic,
461 4976 773 5060 Imagz'nem
832 4990 895 5060 et
939 4976 1384 5045 similitudinem
1431 4990 1547 5060 Dei,
1580 4976 1693 5060 ad
1731 5003 1891 5060 quam

284 5046 462 5104 factus
480 5046 800 5130 est'homo,_
830 5057 1226 5130 interpretatur,
1258 5074 1418 5130 quam
1464 5046 1591 5113 alibi
1619 5046 1808 5129 soleat,
1840 5069 1891 5115 et

172 5142 191 5159 ο
281 5124 731 5209 prazsertim‘lib.
765 5126 833 5182 de
862 5124 1165 5209 Baptismo,
1204 5124 1322 5201 cap.
1355 5133 1407 5195 5,
1449 5131 1564 5209 ubi-
1585 5131 1652 5187 de
1681 5145 1765 5209 co_
1786 5124 1888 5185 ali-

279 5192 409 5273 quid
460 5197 863 5273 adnotavimus,
907 5192 1047 5273 sicut
1098 5192 1284 5269 etiam;
1332 5192 1604 5273 quomodo
1677 5204 1892 5257 amatus

278 5264 379 5320 Dei
445 5268 657 5339 dicatur
684 5269 884 5339 anima,
933 5271 1158 5328 ibidem.
1200 5264 1339 5328 ΡΑὐ.

301 5404 313 5414 ⁸
352 5338 477 5415 (21)
509 5338 685 5406 Quasi
708 5338 977 5415 libripens
995 5345 1346 5411 emancipati
1374 5360 1409 5399 a
1440 5346 1542 5401 Deo
1570 5344 1719 5401 boni.
1749 5344 1892 5398 Aba-

274 5404 508 5486 lienatio
531 5404 765 5486 'rernmA
794 5404 1062 5486 mancipi,
1106 5404 1235 5486 quae-
1281 5414 1484 5486 scilicet
1522 5416 1648 5484 jure
1686 5418 1892 5486 Optimo

272 5478 478 5556 haberi
506 5496 571 5556 ac
618 5484 889 5553 possideri
918 5478 1239 5555 potuerant,
1269 5483 1430 5541 fiebat
1476 5478 1570 5556 per
1599 5503 1675 5541 aes
1719 5478 1774 5541 et
1821 5487 1891 5540 li-

280 5549 468 5609 bram.
512 5549 1115 5629 .Itaqueuadhib'ebatur
1169 5549 1426 5629 libripens
1477 5549 1637 5628 quasi
1693 5556 1891 5615 arbiter

1921 4647 1968 4724 υ
1998 4634 2428 4724 ξηειξηοίρξιιίορξε-
2455 4635 2601 4724 P5“
2648 4633 2874 4724 τοεπηυιξ
2903 4631 3288 4724 Ξὲίὲἓθὲἒβιὲξ-
3306 4629 3601 4724 ΒἛΨῘΣΨῘ

1998 4707 2051 4782 i_u
2100 4702 2293 4782 Topica
2314 4710 2423 4782 Cie.
2455 4702 2579 4763 Βία.
2600 4737 2672 4782 έ-
2697 4707 2867 4782 Quast'
2897 4702 3601 4782 libripens__e_ptancipatia

1995 4779 2103 4833 Deo
2129 4766 2649 4856 .boni._Translati_o
2700 4766 2835 4856 haec,
2893 4766 3083 4856 quam.
3112 4766 3346 4856 adhibet_
3384 4766 3597 4856 e'jur‘e,

2004 4847 2229 4921 sumitur
2284 4852 2352 4905 ab
2414 4842 2864 4921 emancipatione,
2904 4842 3025 4921 qua:
3071 4843 3383 4921 imaginaria
3411 4842 3603 4898 vendi-

2002 4919 2076 4975 tio
2122 4928 2256 4994 erat,
2291 4923 2559 4994 fiebatque
2606 4919 2701 4994 per
2743 4919 3425 4994 tes_et'_libram,_hoc_est
3452 4930 3596 4987 pra?-

2000 4991 2236 5047 sentibus
2253 4989 2491 5063 quinque
2512 4989 2733 5048 testibus
2762 5001 2814 5046 et
2841 4990 3161 5062 libripendc.
3201 4989 3273 5044 LE
3303 4989 3404 5043 Pu.

2071 5063 2184 5134 (22)
2229 5064 2377 5131 Quia
2397 5070 2445 5121 si
2474 5069 2695 5120 careret
2722 5063 2821 5120 hoc
2843 5065 2997 5134 jure.
3048 5064 3175 5116 Mira
3232 5066 3596 5115 correctorum

2000 5135 2270 5204 varietas;
2309 5140 2554 5209 caperet,
2596 5134 3062 5209 atieret.__abi_ret.
3114 5134 3588 5209 obiret,pcupernet,

2001 5201 2286 5282 reponunt,
2320 5201 2589 5282 et'melius
2638 5205 2770 5282 legit
2800 5205 3080 5282 Altigaltins
3114 5201 3591 5282 careretthJPa.

2071 5274 2183 5349 (23)
2216 5278 2514 5352 Oportebat
2526 5274 2755 5352 justum
2785 5274 2933 5333 illud
2954 5276 3199 5352 efﬁcere.
3249 5274 3591 5352 Facit_etiarn

2000 5340 2279 5405 locus'iste
2313 5365 2411 5421 pro
2441 5340 2647 5405 meritis
2703 5364 2953 5420 Operum,
2986 5340 3230 5421 "sicutet
3282 5342 3413 5396 illud
3449 5340 3596 5421 quod

1996 5422 2280 5546 isquitur:
2317 5419 2600 5480 Craterum
2628 5419 2887 5479 nec’bom'
2918 5434 3021 5479 nec
3050 5419 3192 5475 mali
3226 5428 3459 5477 merces,
3485 5419 3591 5469 etc.

2038 5506 2133 5546 an.

2038 5506 2133 5549 All.
