  <div class='ocr_page' id='page_1' title='image "/cluster/home/n/w/nwhite01/storage/ocr_20150623/2/hvd.32044096580329/165.png"; bbox 0 0 3980 6144; ppageno 0'>
   <div class='ocr_carea' id='block_1_1' title="bbox 398 228 505 293">
    <p class='ocr_par' dir='ltr' id='par_1_1' title="bbox 398 228 505 293">
     <span class='ocr_line' id='line_1_1' title="bbox 398 228 505 293; baseline 0.009 -1"><span class='ocrx_word' id='word_1_1' title='bbox 398 228 505 293; x_wconf 86' lang='grc'>319</span> 
     </span>
    </p>
   </div>
   <div class='ocr_carea' id='block_1_2' title="bbox 1105 196 2967 312">
    <p class='ocr_par' dir='ltr' id='par_1_2' title="bbox 1105 196 2967 312">
     <span class='ocr_line' id='line_1_2' title="bbox 1105 196 2967 312; baseline 0.001 -18"><span class='ocrx_word' id='word_1_2' title='bbox 1105 230 1543 296; x_wconf 84' lang='lat' dir='ltr'>TERTULLIANI</span> <span class='ocrx_word' id='word_1_3' title='bbox 1582 232 1848 298; x_wconf 74' lang='lat' dir='ltr'>eranum</span> <span class='ocrx_word' id='word_1_4' title='bbox 1885 233 2052 297; x_wconf 78' lang='lat' dir='ltr'>PARS</span> <span class='ocrx_word' id='word_1_5' title='bbox 2089 235 2157 299; x_wconf 82' lang='grc' dir='ltr'>ιι.</span> <span class='ocrx_word' id='word_1_6' title='bbox 2195 268 2265 282; x_wconf 88' lang='grc'><strong><em>-</em></strong></span> <span class='ocrx_word' id='word_1_7' title='bbox 2292 237 2518 303; x_wconf 81' lang='lat' dir='ltr'>SBRIES</span> <span class='ocrx_word' id='word_1_8' title='bbox 2546 236 2592 312; x_wconf 87' lang='lat'>1,</span> <span class='ocrx_word' id='word_1_9' title='bbox 2619 196 2967 300; x_wconf 81' lang='lat' dir='ltr'>POLEMlCA.</span> 
     </span>
    </p>
   </div>
   <div class='ocr_carea' id='block_1_3' title="bbox 3587 228 3697 293">
    <p class='ocr_par' dir='ltr' id='par_1_3' title="bbox 3587 228 3697 293">
     <span class='ocr_line' id='line_1_3' title="bbox 3587 228 3697 293; baseline 0 0"><span class='ocrx_word' id='word_1_10' title='bbox 3587 228 3697 293; x_wconf 81' lang='lat'>320</span> 
     </span>
    </p>
   </div>
   <div class='ocr_carea' id='block_1_4' title="bbox 402 357 3699 458">
    <p class='ocr_par' dir='ltr' id='par_1_4' title="bbox 402 357 3699 458">
     <span class='ocr_line' id='line_1_4' title="bbox 402 357 3699 458; baseline -0.001 -38"><span class='ocrx_word' id='word_1_11' title='bbox 402 363 644 428; x_wconf 90' lang='lat' dir='ltr'>stituere,</span> <span class='ocrx_word' id='word_1_12' title='bbox 687 360 838 418; x_wconf 90' lang='lat' dir='ltr'>salvo</span> <span class='ocrx_word' id='word_1_13' title='bbox 868 376 933 420; x_wconf 92' lang='lat' dir='ltr'>eo</span> <span class='ocrx_word' id='word_1_14' title='bbox 957 363 1101 433; x_wconf 92' lang='lat' dir='ltr'>quod</span> <span class='ocrx_word' id='word_1_15' title='bbox 1130 363 1425 435; x_wconf 87' lang='lat' dir='ltr'>dispectum</span> <span class='ocrx_word' id='word_1_16' title='bbox 1457 372 1555 431; x_wconf 90' lang='lat' dir='ltr'>est,</span> <span class='ocrx_word' id='word_1_17' title='bbox 1589 375 1781 422; x_wconf 74' lang='lat' dir='ltr'>caetera</span> <span class='ocrx_word' id='word_1_18' title='bbox 1812 365 1991 436; x_wconf 87' lang='lat' dir='ltr'>explo-</span> <span class='ocrx_word' id='word_1_19' title='bbox 2023 378 2069 458; x_wconf 61' lang='grc' dir='ltr'><strong>Α</strong></span> <span class='ocrx_word' id='word_1_20' title='bbox 2106 368 2392 442; x_wconf 90' lang='lat' dir='ltr'>metipsum</span> <span class='ocrx_word' id='word_1_21' title='bbox 2421 369 2621 426; x_wconf 90' lang='lat' dir='ltr'>erroris</span> <span class='ocrx_word' id='word_1_22' title='bbox 2647 375 2814 436; x_wconf 89' lang='lat' dir='ltr'>notet,</span> <span class='ocrx_word' id='word_1_23' title='bbox 2846 368 2899 422; x_wconf 92' lang='lat' dir='ltr'>in</span> <span class='ocrx_word' id='word_1_24' title='bbox 2940 359 3298 429; x_wconf 72' lang='lat' dir='ltr'>institutione,</span> <span class='ocrx_word' id='word_1_25' title='bbox 3329 374 3395 417; x_wconf 88' lang='lat' dir='ltr'>an</span> <span class='ocrx_word' id='word_1_26' title='bbox 3428 357 3482 416; x_wconf 92' lang='lat' dir='ltr'>in</span> <span class='ocrx_word' id='word_1_27' title='bbox 3512 359 3699 418; x_wconf 84' lang='lat' dir='ltr'>rescis-</span> 
     </span>
    </p>
   </div>
   <div class='ocr_carea' id='block_1_5' title="bbox 401 451 1992 527">
    <p class='ocr_par' dir='ltr' id='par_1_5' title="bbox 401 451 1992 527">
     <span class='ocr_line' id='line_1_5' title="bbox 401 451 1992 527; baseline 0 -20"><span class='ocrx_word' id='word_1_28' title='bbox 401 469 542 507; x_wconf 88' lang='lat' dir='ltr'>rare.</span> <span class='ocrx_word' id='word_1_29' title='bbox 576 451 841 527; x_wconf 59' lang='lat' dir='ltr'>Caeterum</span> <span class='ocrx_word' id='word_1_30' title='bbox 866 452 1023 509; x_wconf 83' lang='lat' dir='ltr'>facile</span> <span class='ocrx_word' id='word_1_31' title='bbox 1056 464 1133 509; x_wconf 91' lang='lat' dir='ltr'>est</span> <span class='ocrx_word' id='word_1_32' title='bbox 1155 453 1489 510; x_wconf 88' lang='lat' dir='ltr'>offendentes</span> <span class='ocrx_word' id='word_1_33' title='bbox 1519 456 1694 510; x_wconf 82' lang='lat' dir='ltr'>statim</span> <span class='ocrx_word' id='word_1_34' title='bbox 1727 455 1780 509; x_wconf 93' lang='lat' dir='ltr'>in</span> <span class='ocrx_word' id='word_1_35' title='bbox 1810 455 1992 509; x_wconf 88' lang='lat' dir='ltr'>homi—</span> 
     </span>
    </p>
   </div>
   <div class='ocr_carea' id='block_1_6' title="bbox 401 540 1991 613">
    <p class='ocr_par' dir='ltr' id='par_1_6' title="bbox 401 540 1991 613">
     <span class='ocr_line' id='line_1_6' title="bbox 401 540 1991 613; baseline 0.002 -19"><span class='ocrx_word' id='word_1_36' title='bbox 401 540 486 596; x_wconf 88' lang='lat' dir='ltr'>nis</span> <span class='ocrx_word' id='word_1_37' title='bbox 532 540 767 609; x_wconf 91' lang='lat' dir='ltr'>ruinam,</span> <span class='ocrx_word' id='word_1_38' title='bbox 810 550 1099 613; x_wconf 84' lang='lat' dir='ltr'>antequam</span> <span class='ocrx_word' id='word_1_39' title='bbox 1154 543 1519 599; x_wconf 89' lang='lat' dir='ltr'>conditionem</span> <span class='ocrx_word' id='word_1_40' title='bbox 1570 544 1689 611; x_wconf 90' lang='lat' dir='ltr'>ejus</span> <span class='ocrx_word' id='word_1_41' title='bbox 1743 544 1991 613; x_wconf 82' lang='lat' dir='ltr'>inspexe-</span> 
     </span>
    </p>
   </div>
   <div class='ocr_carea' id='block_1_7' title="bbox 400 629 1994 705">
    <p class='ocr_par' dir='ltr' id='par_1_7' title="bbox 400 629 1994 705">
     <span class='ocr_line' id='line_1_7' title="bbox 400 629 1994 705; baseline 0.001 -20"><span class='ocrx_word' id='word_1_42' title='bbox 400 629 527 695; x_wconf 83' lang='lat' dir='ltr'>rint,</span> <span class='ocrx_word' id='word_1_43' title='bbox 583 630 640 683; x_wconf 88' lang='lat' dir='ltr'>in</span> <span class='ocrx_word' id='word_1_44' title='bbox 696 640 969 687; x_wconf 86' lang='lat' dir='ltr'>auctorem</span> <span class='ocrx_word' id='word_1_45' title='bbox 1008 632 1211 687; x_wconf 84' lang='lat' dir='ltr'>referre</span> <span class='ocrx_word' id='word_1_46' title='bbox 1259 634 1405 703; x_wconf 92' lang='lat' dir='ltr'>quod</span> <span class='ocrx_word' id='word_1_47' title='bbox 1454 634 1663 699; x_wconf 90' lang='lat' dir='ltr'>accidit,</span> <span class='ocrx_word' id='word_1_48' title='bbox 1722 633 1848 705; x_wconf 86' lang='lat' dir='ltr'>quia</span> <span class='ocrx_word' id='word_1_49' title='bbox 1898 649 1994 687; x_wconf 89' lang='lat' dir='ltr'>nec</span> 
     </span>
    </p>
   </div>
   <div class='ocr_carea' id='block_1_8' title="bbox 397 720 1994 793">
    <p class='ocr_par' dir='ltr' id='par_1_8' title="bbox 397 720 1994 793">
     <span class='ocr_line' id='line_1_8' title="bbox 397 720 1994 793; baseline 0.001 -20"><span class='ocrx_word' id='word_1_50' title='bbox 397 720 628 773; x_wconf 87' lang='lat' dir='ltr'>auctoris</span> <span class='ocrx_word' id='word_1_51' title='bbox 684 720 989 776; x_wconf 85' lang='lat' dir='ltr'>examinata</span> <span class='ocrx_word' id='word_1_52' title='bbox 1044 720 1112 775; x_wconf 89' lang='lat' dir='ltr'>sit</span> <span class='ocrx_word' id='word_1_53' title='bbox 1157 721 1310 776; x_wconf 87' lang='lat' dir='ltr'>ratio.</span> <span class='ocrx_word' id='word_1_54' title='bbox 1373 722 1635 793; x_wconf 89' lang='lat' dir='ltr'>Denique,</span> <span class='ocrx_word' id='word_1_55' title='bbox 1678 730 1731 777; x_wconf 93' lang='lat' dir='ltr'>et</span> <span class='ocrx_word' id='word_1_56' title='bbox 1784 722 1994 777; x_wconf 87' lang='lat' dir='ltr'>bonitas</span> 
     </span>
    </p>
   </div>
   <div class='ocr_carea' id='block_1_9' title="bbox 400 809 1996 883">
    <p class='ocr_par' dir='ltr' id='par_1_9' title="bbox 400 809 1996 883">
     <span class='ocr_line' id='line_1_9' title="bbox 400 809 1996 883; baseline 0 -19"><span class='ocrx_word' id='word_1_57' title='bbox 400 809 500 864; x_wconf 90' lang='lat' dir='ltr'>Dei</span> <span class='ocrx_word' id='word_1_58' title='bbox 558 826 587 862; x_wconf 91' lang='lat' dir='ltr'>a</span> <span class='ocrx_word' id='word_1_59' title='bbox 648 810 941 878; x_wconf 90' lang='lat' dir='ltr'>primordio</span> <span class='ocrx_word' id='word_1_60' title='bbox 998 826 1221 881; x_wconf 85' lang='lat' dir='ltr'>Operum</span> <span class='ocrx_word' id='word_1_61' title='bbox 1278 821 1575 883; x_wconf 89' lang='lat' dir='ltr'>perspecta,</span> <span class='ocrx_word' id='word_1_62' title='bbox 1656 810 1996 882; x_wconf 88' lang='lat' dir='ltr'>persuadebit</span> 
     </span>
    </p>
   </div>
   <div class='ocr_carea' id='block_1_10' title="bbox 402 898 1995 972">
    <p class='ocr_par' dir='ltr' id='par_1_10' title="bbox 402 898 1995 972">
     <span class='ocr_line' id='line_1_10' title="bbox 402 898 1995 972; baseline 0.002 -20"><span class='ocrx_word' id='word_1_63' title='bbox 402 898 533 953; x_wconf 87' lang='lat' dir='ltr'>nihil</span> <span class='ocrx_word' id='word_1_64' title='bbox 570 916 600 952; x_wconf 91' lang='lat' dir='ltr'>a</span> <span class='ocrx_word' id='word_1_65' title='bbox 632 898 749 952; x_wconf 90' lang='lat' dir='ltr'>Deo</span> <span class='ocrx_word' id='word_1_66' title='bbox 777 898 901 953; x_wconf 92' lang='lat' dir='ltr'>mali</span> <span class='ocrx_word' id='word_1_67' title='bbox 930 899 1145 955; x_wconf 86' lang='lat' dir='ltr'>evenire</span> <span class='ocrx_word' id='word_1_68' title='bbox 1201 900 1441 969; x_wconf 86' lang='lat' dir='ltr'>potuisse</span> <span class='ocrx_word' id='word_1_69' title='bbox 1495 902 1630 972; x_wconf 76' lang='grc'>(24),</span> <span class='ocrx_word' id='word_1_70' title='bbox 1672 910 1725 956; x_wconf 92' lang='lat' dir='ltr'>et</span> <span class='ocrx_word' id='word_1_71' title='bbox 1780 901 1995 957; x_wconf 90' lang='lat' dir='ltr'>libertas</span> 
     </span>
    </p>
   </div>
   <div class='ocr_carea' id='block_1_11' title="bbox 404 987 1990 1058">
    <p class='ocr_par' dir='ltr' id='par_1_11' title="bbox 404 987 1990 1058">
     <span class='ocr_line' id='line_1_11' title="bbox 404 987 1990 1058; baseline 0.004 -18"><span class='ocrx_word' id='word_1_72' title='bbox 404 987 635 1042; x_wconf 87' lang='lat' dir='ltr'>hominis</span> <span class='ocrx_word' id='word_1_73' title='bbox 702 987 993 1058; x_wconf 75' lang='lat' dir='ltr'>recogitata</span> <span class='ocrx_word' id='word_1_74' title='bbox 1048 1002 1107 1042; x_wconf 90' lang='lat' dir='ltr'>se</span> <span class='ocrx_word' id='word_1_75' title='bbox 1164 988 1341 1058; x_wconf 88' lang='lat' dir='ltr'>potius</span> <span class='ocrx_word' id='word_1_76' title='bbox 1393 1006 1533 1044; x_wconf 89' lang='lat' dir='ltr'>ream</span> <span class='ocrx_word' id='word_1_77' title='bbox 1618 989 1865 1046; x_wconf 80' lang='lat' dir='ltr'>ostendet</span> <span class='ocrx_word' id='word_1_78' title='bbox 1923 991 1990 1055; x_wconf 84' lang='lat'>33,</span> 
     </span>
    </p>
   </div>
   <div class='ocr_carea' id='block_1_12' title="bbox 401 1075 1005 1146">
    <p class='ocr_par' dir='ltr' id='par_1_12' title="bbox 401 1075 1005 1146">
     <span class='ocr_line' id='line_1_12' title="bbox 401 1075 1005 1146; baseline 0.003 -17"><span class='ocrx_word' id='word_1_79' title='bbox 401 1075 543 1146; x_wconf 90' lang='lat' dir='ltr'>quod</span> <span class='ocrx_word' id='word_1_80' title='bbox 576 1077 689 1146; x_wconf 89' lang='lat' dir='ltr'>ipsa</span> <span class='ocrx_word' id='word_1_81' title='bbox 719 1076 1005 1132; x_wconf 86' lang='lat' dir='ltr'>commisit.</span> 
     </span>
    </p>
   </div>
   <div class='ocr_carea' id='block_1_13' title="bbox 1008 1221 1376 1279">
    <p class='ocr_par' dir='ltr' id='par_1_13' title="bbox 1008 1221 1376 1279">
     <span class='ocr_line' id='line_1_13' title="bbox 1008 1221 1376 1279; baseline 0.011 -4"><span class='ocrx_word' id='word_1_82' title='bbox 1008 1221 1230 1278; x_wconf 85' lang='lat' dir='ltr'>CAPUT</span> <span class='ocrx_word' id='word_1_83' title='bbox 1263 1221 1376 1279; x_wconf 81' lang='lat' dir='ltr'>VII.</span> 
     </span>
    </p>
   </div>
   <div class='ocr_carea' id='block_1_14' title="bbox 475 1343 1995 1413">
    <p class='ocr_par' dir='ltr' id='par_1_14' title="bbox 475 1343 1995 1413">
     <span class='ocr_line' id='line_1_14' title="bbox 475 1343 1995 1413; baseline 0.003 -15"><span class='ocrx_word' id='word_1_84' title='bbox 475 1343 582 1399; x_wconf 85' lang='lat' dir='ltr'>Hac</span> <span class='ocrx_word' id='word_1_85' title='bbox 612 1344 922 1401; x_wconf 85' lang='lat' dir='ltr'>definitione</span> <span class='ocrx_word' id='word_1_86' title='bbox 952 1346 1130 1401; x_wconf 80' lang='lat' dir='ltr'>omnia</span> <span class='ocrx_word' id='word_1_87' title='bbox 1177 1347 1292 1401; x_wconf 84' lang='lat' dir='ltr'>Deo</span> <span class='ocrx_word' id='word_1_88' title='bbox 1340 1348 1484 1401; x_wconf 90' lang='lat' dir='ltr'>salva</span> <span class='ocrx_word' id='word_1_89' title='bbox 1517 1356 1672 1413; x_wconf 89' lang='lat' dir='ltr'>sunt;</span> <span class='ocrx_word' id='word_1_90' title='bbox 1725 1356 1779 1403; x_wconf 91' lang='lat' dir='ltr'>et</span> <span class='ocrx_word' id='word_1_91' title='bbox 1806 1358 1995 1404; x_wconf 89' lang='lat' dir='ltr'>natura</span> 
     </span>
    </p>
   </div>
   <div class='ocr_carea' id='block_1_15' title="bbox 403 1431 1993 1506">
    <p class='ocr_par' dir='ltr' id='par_1_15' title="bbox 403 1431 1993 1506">
     <span class='ocr_line' id='line_1_15' title="bbox 403 1431 1993 1506; baseline 0.005 -22"><span class='ocrx_word' id='word_1_92' title='bbox 403 1431 677 1500; x_wconf 81' lang='lat' dir='ltr'>bonitatis,</span> <span class='ocrx_word' id='word_1_93' title='bbox 709 1444 759 1487; x_wconf 89' lang='lat' dir='ltr'>et</span> <span class='ocrx_word' id='word_1_94' title='bbox 783 1434 919 1489; x_wconf 85' lang='lat' dir='ltr'>ratio</span> <span class='ocrx_word' id='word_1_95' title='bbox 951 1434 1335 1504; x_wconf 84' lang='lat' dir='ltr'>dispositionis,</span> <span class='ocrx_word' id='word_1_96' title='bbox 1368 1446 1419 1489; x_wconf 92' lang='lat' dir='ltr'>et</span> <span class='ocrx_word' id='word_1_97' title='bbox 1440 1437 1788 1504; x_wconf 61' lang='lat' dir='ltr'>prarscientize</span> <span class='ocrx_word' id='word_1_98' title='bbox 1808 1447 1858 1491; x_wconf 89' lang='lat' dir='ltr'>et</span> <span class='ocrx_word' id='word_1_99' title='bbox 1890 1452 1993 1506; x_wconf 89' lang='lat' dir='ltr'>po-</span> 
     </span>
    </p>
   </div>
   <div class='ocr_carea' id='block_1_16' title="bbox 405 1516 1995 1595">
    <p class='ocr_par' dir='ltr' id='par_1_16' title="bbox 405 1516 1995 1595">
     <span class='ocr_line' id='line_1_16' title="bbox 405 1516 1995 1595; baseline 0.003 -20"><span class='ocrx_word' id='word_1_100' title='bbox 405 1516 576 1576; x_wconf 64' lang='lat'>293</span> <span class='ocrx_word' id='word_1_101' title='bbox 608 1522 784 1578; x_wconf 73' lang='lat' dir='ltr'>tentiee</span> <span class='ocrx_word' id='word_1_102' title='bbox 812 1524 984 1594; x_wconf 88' lang='lat' dir='ltr'>copia.</span> <span class='ocrx_word' id='word_1_103' title='bbox 1007 1524 1239 1595; x_wconf 77' lang='lat' dir='ltr'>Exigere</span> <span class='ocrx_word' id='word_1_104' title='bbox 1263 1533 1437 1579; x_wconf 89' lang='lat' dir='ltr'>tamen</span> <span class='ocrx_word' id='word_1_105' title='bbox 1466 1542 1496 1579; x_wconf 91' lang='lat' dir='ltr'>a</span> <span class='ocrx_word' id='word_1_106' title='bbox 1528 1526 1641 1579; x_wconf 90' lang='lat' dir='ltr'>Deo</span> <span class='ocrx_word' id='word_1_107' title='bbox 1691 1526 1854 1580; x_wconf 90' lang='lat' dir='ltr'>debes</span> <span class='ocrx_word' id='word_1_108' title='bbox 1875 1527 1920 1564; x_wconf 63' lang='lat'>3&quot;</span> <span class='ocrx_word' id='word_1_109' title='bbox 1941 1533 1995 1580; x_wconf 89' lang='lat' dir='ltr'>et</span> 
     </span>
    </p>
   </div>
   <div class='ocr_carea' id='block_1_17' title="bbox 406 1610 1999 1683">
    <p class='ocr_par' dir='ltr' id='par_1_17' title="bbox 406 1610 1999 1683">
     <span class='ocr_line' id='line_1_17' title="bbox 406 1610 1999 1683; baseline 0.002 -20"><span class='ocrx_word' id='word_1_110' title='bbox 406 1610 717 1683; x_wconf 78' lang='lat' dir='ltr'>gravitatem</span> <span class='ocrx_word' id='word_1_111' title='bbox 765 1628 1029 1666; x_wconf 88' lang='lat' dir='ltr'>summam</span> <span class='ocrx_word' id='word_1_112' title='bbox 1060 1623 1111 1667; x_wconf 91' lang='lat' dir='ltr'>et</span> <span class='ocrx_word' id='word_1_113' title='bbox 1167 1613 1323 1666; x_wconf 84' lang='lat' dir='ltr'>ﬁdem</span> <span class='ocrx_word' id='word_1_114' title='bbox 1386 1612 1706 1683; x_wconf 75' lang='lat' dir='ltr'>praecipuam</span> <span class='ocrx_word' id='word_1_115' title='bbox 1751 1614 1803 1668; x_wconf 91' lang='lat' dir='ltr'>in</span> <span class='ocrx_word' id='word_1_116' title='bbox 1852 1613 1999 1668; x_wconf 91' lang='lat' dir='ltr'>omni</span> 
     </span>
    </p>
   </div>
   <div class='ocr_carea' id='block_1_18' title="bbox 406 1666 2074 1770">
    <p class='ocr_par' dir='ltr' id='par_1_18' title="bbox 406 1666 2074 1770">
     <span class='ocr_line' id='line_1_18' title="bbox 406 1666 2074 1770; baseline 0.003 -19"><span class='ocrx_word' id='word_1_117' title='bbox 406 1698 743 1754; x_wconf 85' lang='lat' dir='ltr'>institutione</span> <span class='ocrx_word' id='word_1_118' title='bbox 766 1701 903 1768; x_wconf 85' lang='lat' dir='ltr'>ejus,</span> <span class='ocrx_word' id='word_1_119' title='bbox 938 1711 993 1753; x_wconf 89' lang='lat' dir='ltr'>ut</span> <span class='ocrx_word' id='word_1_120' title='bbox 1024 1700 1241 1755; x_wconf 84' lang='lat' dir='ltr'>desinas</span> <span class='ocrx_word' id='word_1_121' title='bbox 1270 1717 1511 1770; x_wconf 66' lang='lat' dir='ltr'>quaerere</span> <span class='ocrx_word' id='word_1_122' title='bbox 1538 1717 1604 1754; x_wconf 89' lang='lat' dir='ltr'>an</span> <span class='ocrx_word' id='word_1_123' title='bbox 1634 1703 1749 1757; x_wconf 93' lang='lat' dir='ltr'>Deo</span> <span class='ocrx_word' id='word_1_124' title='bbox 1784 1702 1999 1756; x_wconf 87' lang='lat' dir='ltr'>nolente</span> <span class='ocrx_word' id='word_1_125' title='bbox 2032 1666 2074 1742; x_wconf 75' lang='grc' dir='ltr'><strong>Β</strong></span> 
     </span>
    </p>
   </div>
   <div class='ocr_carea' id='block_1_19' title="bbox 406 1787 2006 1860">
    <p class='ocr_par' dir='ltr' id='par_1_19' title="bbox 406 1787 2006 1860">
     <span class='ocr_line' id='line_1_19' title="bbox 406 1787 2006 1860; baseline 0.003 -19"><span class='ocrx_word' id='word_1_126' title='bbox 406 1787 639 1856; x_wconf 90' lang='lat' dir='ltr'>potuerit</span> <span class='ocrx_word' id='word_1_127' title='bbox 674 1788 803 1856; x_wconf 84' lang='lat' dir='ltr'>quid</span> <span class='ocrx_word' id='word_1_128' title='bbox 861 1788 1100 1842; x_wconf 82' lang='lat' dir='ltr'>evenire.</span> <span class='ocrx_word' id='word_1_129' title='bbox 1150 1789 1365 1843; x_wconf 87' lang='lat' dir='ltr'>Tenens</span> <span class='ocrx_word' id='word_1_130' title='bbox 1421 1790 1561 1843; x_wconf 89' lang='lat' dir='ltr'>enim</span> <span class='ocrx_word' id='word_1_131' title='bbox 1604 1790 1921 1860; x_wconf 83' lang='lat' dir='ltr'>gravitatem</span> <span class='ocrx_word' id='word_1_132' title='bbox 1952 1800 2006 1845; x_wconf 87' lang='lat' dir='ltr'>et</span> 
     </span>
    </p>
   </div>
   <div class='ocr_carea' id='block_1_20' title="bbox 408 1874 2005 1950">
    <p class='ocr_par' dir='ltr' id='par_1_20' title="bbox 408 1874 2005 1950">
     <span class='ocr_line' id='line_1_20' title="bbox 408 1874 2005 1950; baseline 0.004 -23"><span class='ocrx_word' id='word_1_133' title='bbox 408 1874 569 1930; x_wconf 89' lang='lat' dir='ltr'>ﬁdem</span> <span class='ocrx_word' id='word_1_134' title='bbox 598 1876 695 1930; x_wconf 90' lang='lat' dir='ltr'>Dei</span> <span class='ocrx_word' id='word_1_135' title='bbox 729 1877 877 1942; x_wconf 90' lang='lat' dir='ltr'>boni,</span> <span class='ocrx_word' id='word_1_136' title='bbox 913 1877 1007 1930; x_wconf 90' lang='lat' dir='ltr'>sed</span> <span class='ocrx_word' id='word_1_137' title='bbox 1039 1878 1388 1933; x_wconf 86' lang='lat' dir='ltr'>rationalibus</span> <span class='ocrx_word' id='word_1_138' title='bbox 1434 1879 1855 1936; x_wconf 88' lang='lat' dir='ltr'>institutionibus</span> <span class='ocrx_word' id='word_1_139' title='bbox 1886 1882 2005 1950; x_wconf 87' lang='lat' dir='ltr'>ejus</span> 
     </span>
    </p>
   </div>
   <div class='ocr_carea' id='block_1_21' title="bbox 407 1964 2002 2038">
    <p class='ocr_par' dir='ltr' id='par_1_21' title="bbox 407 1964 2002 2038">
     <span class='ocr_line' id='line_1_21' title="bbox 407 1964 2002 2038; baseline 0.003 -18"><span class='ocrx_word' id='word_1_140' title='bbox 407 1964 788 2030; x_wconf 86' lang='lat' dir='ltr'>vindicandas,</span> <span class='ocrx_word' id='word_1_141' title='bbox 838 1982 939 2021; x_wconf 92' lang='lat' dir='ltr'>nec</span> <span class='ocrx_word' id='word_1_142' title='bbox 987 1968 1116 2022; x_wconf 90' lang='lat' dir='ltr'>illud</span> <span class='ocrx_word' id='word_1_143' title='bbox 1165 1969 1464 2035; x_wconf 83' lang='lat' dir='ltr'>miraberis,</span> <span class='ocrx_word' id='word_1_144' title='bbox 1513 1972 1656 2038; x_wconf 92' lang='lat' dir='ltr'>quod</span> <span class='ocrx_word' id='word_1_145' title='bbox 1698 1973 1842 2027; x_wconf 89' lang='lat' dir='ltr'>Deus</span> <span class='ocrx_word' id='word_1_146' title='bbox 1895 1986 2002 2025; x_wconf 89' lang='lat' dir='ltr'>non</span> 
     </span>
    </p>
   </div>
   <div class='ocr_carea' id='block_1_22' title="bbox 408 2061 2003 2137">
    <p class='ocr_par' dir='ltr' id='par_1_22' title="bbox 408 2061 2003 2137">
     <span class='ocr_line' id='line_1_22' title="bbox 408 2061 2003 2137; baseline 0.005 -23"><span class='ocrx_word' id='word_1_147' title='bbox 408 2061 769 2119; x_wconf 87' lang='lat' dir='ltr'>intercesserit</span> <span class='ocrx_word' id='word_1_148' title='bbox 816 2066 1078 2119; x_wconf 90' lang='lat' dir='ltr'>adversus</span> <span class='ocrx_word' id='word_1_149' title='bbox 1124 2081 1187 2120; x_wconf 90' lang='lat' dir='ltr'>ea</span> <span class='ocrx_word' id='word_1_150' title='bbox 1243 2083 1362 2137; x_wconf 77' lang='lat' dir='ltr'>quae</span> <span class='ocrx_word' id='word_1_151' title='bbox 1436 2067 1605 2123; x_wconf 87' lang='lat' dir='ltr'>uoluit</span> <span class='ocrx_word' id='word_1_152' title='bbox 1651 2069 1891 2137; x_wconf 80' lang='lat' dir='ltr'>evenire,</span> <span class='ocrx_word' id='word_1_153' title='bbox 1946 2074 2003 2122; x_wconf 90' lang='lat' dir='ltr'>ut</span> 
     </span>
    </p>
   </div>
   <div class='ocr_carea' id='block_1_23' title="bbox 407 2162 2001 2232">
    <p class='ocr_par' dir='ltr' id='par_1_23' title="bbox 407 2162 2001 2232">
     <span class='ocr_line' id='line_1_23' title="bbox 407 2162 2001 2232; baseline -0.001 -14"><span class='ocrx_word' id='word_1_154' title='bbox 407 2171 751 2219; x_wconf 86' lang='lat' dir='ltr'>conservaret</span> <span class='ocrx_word' id='word_1_155' title='bbox 780 2178 842 2216; x_wconf 91' lang='lat' dir='ltr'>ea</span> <span class='ocrx_word' id='word_1_156' title='bbox 873 2179 994 2232; x_wconf 51' lang='lat' dir='ltr'>qua.)</span> <span class='ocrx_word' id='word_1_157' title='bbox 1026 2162 1193 2217; x_wconf 91' lang='lat' dir='ltr'>voluit</span> <span class='ocrx_word' id='word_1_158' title='bbox 1218 2163 1290 2217; x_wconf 78' lang='lat'>35.</span> <span class='ocrx_word' id='word_1_159' title='bbox 1340 2163 1396 2218; x_wconf 88' lang='lat' dir='ltr'>Si</span> <span class='ocrx_word' id='word_1_160' title='bbox 1425 2165 1565 2218; x_wconf 88' lang='lat' dir='ltr'>enim</span> <span class='ocrx_word' id='word_1_161' title='bbox 1594 2166 1757 2221; x_wconf 90' lang='lat' dir='ltr'>semel</span> <span class='ocrx_word' id='word_1_162' title='bbox 1800 2164 2001 2220; x_wconf 88' lang='lat' dir='ltr'>homini</span> 
     </span>
    </p>
   </div>
   <div class='ocr_carea' id='block_1_24' title="bbox 406 2252 1998 2323">
    <p class='ocr_par' dir='ltr' id='par_1_24' title="bbox 406 2252 1998 2323">
     <span class='ocr_line' id='line_1_24' title="bbox 406 2252 1998 2323; baseline 0.002 -17"><span class='ocrx_word' id='word_1_163' title='bbox 406 2252 722 2321; x_wconf 83' lang='lat' dir='ltr'>permiserat</span> <span class='ocrx_word' id='word_1_164' title='bbox 767 2253 971 2307; x_wconf 85' lang='lat' dir='ltr'>arbitrii</span> <span class='ocrx_word' id='word_1_165' title='bbox 1030 2253 1324 2307; x_wconf 86' lang='lat' dir='ltr'>libertatem</span> <span class='ocrx_word' id='word_1_166' title='bbox 1356 2260 1405 2306; x_wconf 91' lang='lat' dir='ltr'>ct</span> <span class='ocrx_word' id='word_1_167' title='bbox 1436 2262 1774 2323; x_wconf 87' lang='lat' dir='ltr'>potestatem,</span> <span class='ocrx_word' id='word_1_168' title='bbox 1810 2263 1863 2307; x_wconf 92' lang='lat' dir='ltr'>et</span> <span class='ocrx_word' id='word_1_169' title='bbox 1915 2255 1998 2309; x_wconf 87' lang='lat' dir='ltr'>di-</span> 
     </span>
    </p>
   </div>
   <div class='ocr_carea' id='block_1_25' title="bbox 408 2341 2004 2413">
    <p class='ocr_par' dir='ltr' id='par_1_25' title="bbox 408 2341 2004 2413">
     <span class='ocr_line' id='line_1_25' title="bbox 408 2341 2004 2413; baseline 0.003 -20"><span class='ocrx_word' id='word_1_170' title='bbox 408 2357 515 2412; x_wconf 87' lang='lat' dir='ltr'>gne</span> <span class='ocrx_word' id='word_1_171' title='bbox 557 2341 890 2411; x_wconf 88' lang='lat' dir='ltr'>permiserat,</span> <span class='ocrx_word' id='word_1_172' title='bbox 923 2343 1063 2396; x_wconf 83' lang='lat' dir='ltr'>sicut</span> <span class='ocrx_word' id='word_1_173' title='bbox 1120 2342 1473 2411; x_wconf 69' lang='lat' dir='ltr'>ostendimus,</span> <span class='ocrx_word' id='word_1_174' title='bbox 1512 2344 1693 2413; x_wconf 82' lang='lat' dir='ltr'>utique</span> <span class='ocrx_word' id='word_1_175' title='bbox 1752 2343 2004 2397; x_wconf 52' lang='lat' dir='ltr'>fruendis</span> 
     </span>
    </p>
   </div>
   <div class='ocr_carea' id='block_1_26' title="bbox 408 2430 2001 2503">
    <p class='ocr_par' dir='ltr' id='par_1_26' title="bbox 408 2430 2001 2503">
     <span class='ocr_line' id='line_1_26' title="bbox 408 2430 2001 2503; baseline 0.003 -18"><span class='ocrx_word' id='word_1_176' title='bbox 408 2446 498 2485; x_wconf 89' lang='lat' dir='ltr'>eas</span> <span class='ocrx_word' id='word_1_177' title='bbox 554 2446 618 2485; x_wconf 90' lang='lat' dir='ltr'>ex</span> <span class='ocrx_word' id='word_1_178' title='bbox 701 2431 816 2500; x_wconf 84' lang='lat' dir='ltr'>ipsa</span> <span class='ocrx_word' id='word_1_179' title='bbox 876 2430 1229 2485; x_wconf 86' lang='lat' dir='ltr'>institutionis</span> <span class='ocrx_word' id='word_1_180' title='bbox 1284 2433 1599 2487; x_wconf 85' lang='lat' dir='ltr'>auctoritate</span> <span class='ocrx_word' id='word_1_181' title='bbox 1655 2432 2001 2503; x_wconf 82' lang='lat' dir='ltr'>permiserat;</span> 
     </span>
    </p>
   </div>
   <div class='ocr_carea' id='block_1_27' title="bbox 407 2519 1999 2592">
    <p class='ocr_par' dir='ltr' id='par_1_27' title="bbox 407 2519 1999 2592">
     <span class='ocr_line' id='line_1_27' title="bbox 407 2519 1999 2592; baseline 0.003 -20"><span class='ocrx_word' id='word_1_182' title='bbox 407 2519 659 2573; x_wconf 88' lang='lat' dir='ltr'>fruendas</span> <span class='ocrx_word' id='word_1_183' title='bbox 692 2531 868 2575; x_wconf 90' lang='lat' dir='ltr'>autem</span> <span class='ocrx_word' id='word_1_184' title='bbox 895 2528 1158 2591; x_wconf 90' lang='lat' dir='ltr'>quantum</span> <span class='ocrx_word' id='word_1_185' title='bbox 1200 2520 1253 2572; x_wconf 91' lang='lat' dir='ltr'>in</span> <span class='ocrx_word' id='word_1_186' title='bbox 1284 2522 1422 2590; x_wconf 92' lang='lat' dir='ltr'>ipso,</span> <span class='ocrx_word' id='word_1_187' title='bbox 1458 2522 1755 2575; x_wconf 90' lang='lat' dir='ltr'>secundum</span> <span class='ocrx_word' id='word_1_188' title='bbox 1805 2522 1999 2592; x_wconf 88' lang='lat' dir='ltr'>ipsum,</span> 
     </span>
    </p>
   </div>
   <div class='ocr_carea' id='block_1_28' title="bbox 408 2605 2004 2681">
    <p class='ocr_par' dir='ltr' id='par_1_28' title="bbox 408 2605 2004 2681">
     <span class='ocr_line' id='line_1_28' title="bbox 408 2605 2004 2681; baseline 0.004 -23"><span class='ocrx_word' id='word_1_189' title='bbox 408 2605 459 2658; x_wconf 90' lang='lat' dir='ltr'>id</span> <span class='ocrx_word' id='word_1_190' title='bbox 519 2617 599 2661; x_wconf 88' lang='lat' dir='ltr'>est</span> <span class='ocrx_word' id='word_1_191' title='bbox 648 2608 945 2662; x_wconf 90' lang='lat' dir='ltr'>secundum</span> <span class='ocrx_word' id='word_1_192' title='bbox 994 2608 1187 2671; x_wconf 92' lang='lat' dir='ltr'>Deum,</span> <span class='ocrx_word' id='word_1_193' title='bbox 1254 2609 1302 2662; x_wconf 90' lang='lat' dir='ltr'>id</span> <span class='ocrx_word' id='word_1_194' title='bbox 1360 2616 1441 2661; x_wconf 91' lang='lat' dir='ltr'>est</span> <span class='ocrx_word' id='word_1_195' title='bbox 1482 2608 1537 2661; x_wconf 91' lang='lat' dir='ltr'>in</span> <span class='ocrx_word' id='word_1_196' title='bbox 1596 2608 1841 2663; x_wconf 91' lang='lat' dir='ltr'>bonum:</span> <span class='ocrx_word' id='word_1_197' title='bbox 1880 2611 2004 2681; x_wconf 88' lang='lat' dir='ltr'>quis</span> 
     </span>
    </p>
   </div>
   <div class='ocr_carea' id='block_1_29' title="bbox 409 2693 2006 2767">
    <p class='ocr_par' dir='ltr' id='par_1_29' title="bbox 409 2693 2006 2767">
     <span class='ocr_line' id='line_1_29' title="bbox 409 2693 2006 2767; baseline 0.004 -20"><span class='ocrx_word' id='word_1_198' title='bbox 409 2693 550 2748; x_wconf 89' lang='lat' dir='ltr'>enim</span> <span class='ocrx_word' id='word_1_199' title='bbox 610 2694 868 2750; x_wconf 89' lang='lat' dir='ltr'>adversus</span> <span class='ocrx_word' id='word_1_200' title='bbox 896 2710 955 2748; x_wconf 92' lang='lat' dir='ltr'>se</span> <span class='ocrx_word' id='word_1_201' title='bbox 999 2695 1276 2764; x_wconf 89' lang='lat' dir='ltr'>permittet</span> <span class='ocrx_word' id='word_1_202' title='bbox 1325 2695 1562 2765; x_wconf 83' lang='lat' dir='ltr'>aliquid?</span> <span class='ocrx_word' id='word_1_203' title='bbox 1589 2707 1845 2767; x_wconf 89' lang='lat' dir='ltr'>quantum</span> <span class='ocrx_word' id='word_1_204' title='bbox 1876 2715 2006 2755; x_wconf 88' lang='lat' dir='ltr'>vero</span> 
     </span>
    </p>
   </div>
   <div class='ocr_carea' id='block_1_30' title="bbox 408 2782 2006 2854">
    <p class='ocr_par' dir='ltr' id='par_1_30' title="bbox 408 2782 2006 2854">
     <span class='ocr_line' id='line_1_30' title="bbox 408 2782 2006 2854; baseline 0.004 -20"><span class='ocrx_word' id='word_1_205' title='bbox 408 2782 462 2835; x_wconf 88' lang='lat' dir='ltr'>in</span> <span class='ocrx_word' id='word_1_206' title='bbox 493 2782 729 2851; x_wconf 88' lang='lat' dir='ltr'>homine,</span> <span class='ocrx_word' id='word_1_207' title='bbox 761 2782 1056 2838; x_wconf 89' lang='lat' dir='ltr'>secundum</span> <span class='ocrx_word' id='word_1_208' title='bbox 1096 2790 1275 2836; x_wconf 90' lang='lat' dir='ltr'>motus</span> <span class='ocrx_word' id='word_1_209' title='bbox 1320 2783 1584 2838; x_wconf 89' lang='lat' dir='ltr'>libertatis</span> <span class='ocrx_word' id='word_1_210' title='bbox 1631 2784 1821 2854; x_wconf 86' lang='lat' dir='ltr'>ipsius.</span> <span class='ocrx_word' id='word_1_211' title='bbox 1869 2785 2006 2853; x_wconf 90' lang='lat' dir='ltr'>Quis</span> 
     </span>
    </p>
   </div>
   <div class='ocr_carea' id='block_1_31' title="bbox 408 2870 2004 2945">
    <p class='ocr_par' dir='ltr' id='par_1_31' title="bbox 408 2870 2004 2945">
     <span class='ocr_line' id='line_1_31' title="bbox 408 2870 2004 2945; baseline 0.003 -21"><span class='ocrx_word' id='word_1_212' title='bbox 408 2870 552 2925; x_wconf 91' lang='lat' dir='ltr'>enim</span> <span class='ocrx_word' id='word_1_213' title='bbox 582 2887 691 2925; x_wconf 90' lang='lat' dir='ltr'>non</span> <span class='ocrx_word' id='word_1_214' title='bbox 722 2876 823 2926; x_wconf 91' lang='lat' dir='ltr'>hoc</span> <span class='ocrx_word' id='word_1_215' title='bbox 854 2879 1064 2941; x_wconf 74' lang='lat' dir='ltr'>praestat</span> <span class='ocrx_word' id='word_1_216' title='bbox 1097 2870 1166 2940; x_wconf 93' lang='lat' dir='ltr'>ei,</span> <span class='ocrx_word' id='word_1_217' title='bbox 1190 2871 1279 2926; x_wconf 93' lang='lat' dir='ltr'>cui</span> <span class='ocrx_word' id='word_1_218' title='bbox 1309 2872 1437 2944; x_wconf 87' lang='lat' dir='ltr'>quid</span> <span class='ocrx_word' id='word_1_219' title='bbox 1483 2873 1647 2927; x_wconf 87' lang='lat' dir='ltr'>semel</span> <span class='ocrx_word' id='word_1_220' title='bbox 1718 2874 1821 2927; x_wconf 86' lang='lat' dir='ltr'>frui</span> <span class='ocrx_word' id='word_1_221' title='bbox 1860 2891 2004 2945; x_wconf 66' lang='lat' dir='ltr'>prae-</span> 
     </span>
    </p>
   </div>
   <div class='ocr_carea' id='block_1_32' title="bbox 409 2961 2007 3037">
    <p class='ocr_par' dir='ltr' id='par_1_32' title="bbox 409 2961 2007 3037">
     <span class='ocr_line' id='line_1_32' title="bbox 409 2961 2007 3037; baseline 0.005 -24"><span class='ocrx_word' id='word_1_222' title='bbox 409 2968 532 3025; x_wconf 88' lang='lat' dir='ltr'>stat,</span> <span class='ocrx_word' id='word_1_223' title='bbox 564 2970 622 3014; x_wconf 94' lang='lat' dir='ltr'>ut</span> <span class='ocrx_word' id='word_1_224' title='bbox 659 2977 759 3032; x_wconf 90' lang='lat' dir='ltr'>pro</span> <span class='ocrx_word' id='word_1_225' title='bbox 806 2961 985 3016; x_wconf 92' lang='lat' dir='ltr'>animo</span> <span class='ocrx_word' id='word_1_226' title='bbox 1027 2972 1078 3017; x_wconf 91' lang='lat' dir='ltr'>et</span> <span class='ocrx_word' id='word_1_227' title='bbox 1130 2962 1356 3019; x_wconf 91' lang='lat' dir='ltr'>arbitrio</span> <span class='ocrx_word' id='word_1_228' title='bbox 1404 2976 1501 3017; x_wconf 90' lang='lat' dir='ltr'>suo</span> <span class='ocrx_word' id='word_1_229' title='bbox 1558 2961 1802 3017; x_wconf 82' lang='lat' dir='ltr'>fruatur?</span> <span class='ocrx_word' id='word_1_230' title='bbox 1839 2965 2007 3037; x_wconf 85' lang='lat' dir='ltr'>Igitur</span> 
     </span>
    </p>
   </div>
   <div class='ocr_carea' id='block_1_33' title="bbox 410 3050 2002 3121">
    <p class='ocr_par' dir='ltr' id='par_1_33' title="bbox 410 3050 2002 3121">
     <span class='ocr_line' id='line_1_33' title="bbox 410 3050 2002 3121; baseline 0.004 -18"><span class='ocrx_word' id='word_1_231' title='bbox 410 3065 747 3121; x_wconf 83' lang='lat' dir='ltr'>consequens</span> <span class='ocrx_word' id='word_1_232' title='bbox 766 3060 879 3105; x_wconf 89' lang='lat' dir='ltr'>erat</span> <span class='ocrx_word' id='word_1_233' title='bbox 906 3050 987 3105; x_wconf 89' lang='lat' dir='ltr'>uti</span> <span class='ocrx_word' id='word_1_234' title='bbox 1020 3051 1166 3105; x_wconf 90' lang='lat' dir='ltr'>Deus</span> <span class='ocrx_word' id='word_1_235' title='bbox 1196 3053 1467 3107; x_wconf 89' lang='lat' dir='ltr'>secederet</span> <span class='ocrx_word' id='word_1_236' title='bbox 1488 3067 1517 3104; x_wconf 89' lang='lat' dir='ltr'>a</span> <span class='ocrx_word' id='word_1_237' title='bbox 1558 3052 1804 3108; x_wconf 85' lang='lat' dir='ltr'>libertate</span> <span class='ocrx_word' id='word_1_238' title='bbox 1833 3055 2002 3109; x_wconf 88' lang='lat' dir='ltr'>semel</span> 
     </span>
    </p>
   </div>
   <div class='ocr_carea' id='block_1_34' title="bbox 410 3138 2006 3212">
    <p class='ocr_par' dir='ltr' id='par_1_34' title="bbox 410 3138 2006 3212">
     <span class='ocr_line' id='line_1_34' title="bbox 410 3138 2006 3212; baseline 0.002 -19"><span class='ocrx_word' id='word_1_239' title='bbox 410 3153 669 3193; x_wconf 78' lang='lat' dir='ltr'>concessa</span> <span class='ocrx_word' id='word_1_240' title='bbox 722 3138 942 3203; x_wconf 90' lang='lat' dir='ltr'>homini,</span> <span class='ocrx_word' id='word_1_241' title='bbox 968 3139 1021 3193; x_wconf 91' lang='lat' dir='ltr'>id</span> <span class='ocrx_word' id='word_1_242' title='bbox 1051 3150 1131 3195; x_wconf 88' lang='lat' dir='ltr'>est</span> <span class='ocrx_word' id='word_1_243' title='bbox 1179 3140 1478 3195; x_wconf 86' lang='lat' dir='ltr'>contineret</span> <span class='ocrx_word' id='word_1_244' title='bbox 1507 3140 1564 3193; x_wconf 90' lang='lat' dir='ltr'>in</span> <span class='ocrx_word' id='word_1_245' title='bbox 1614 3141 1902 3212; x_wconf 85' lang='lat' dir='ltr'>semetipso</span> <span class='ocrx_word' id='word_1_246' title='bbox 1951 3150 2006 3196; x_wconf 92' lang='lat' dir='ltr'>et</span> 
     </span>
    </p>
   </div>
   <div class='ocr_carea' id='block_1_35' title="bbox 414 3227 2008 3302">
    <p class='ocr_par' dir='ltr' id='par_1_35' title="bbox 414 3227 2008 3302">
     <span class='ocr_line' id='line_1_35' title="bbox 414 3227 2008 3302; baseline 0.003 -21"><span class='ocrx_word' id='word_1_247' title='bbox 414 3227 804 3297; x_wconf 62' lang='lat' dir='ltr'>prmscientiam</span> <span class='ocrx_word' id='word_1_248' title='bbox 837 3230 1335 3300; x_wconf 64' lang='lat' dir='ltr'>etlpraepotentiam</span> <span class='ocrx_word' id='word_1_249' title='bbox 1391 3246 1562 3292; x_wconf 88' lang='lat' dir='ltr'>suam,</span> <span class='ocrx_word' id='word_1_250' title='bbox 1595 3246 1690 3299; x_wconf 90' lang='lat' dir='ltr'>per</span> <span class='ocrx_word' id='word_1_251' title='bbox 1748 3246 1881 3302; x_wconf 88' lang='lat' dir='ltr'>quas</span> <span class='ocrx_word' id='word_1_252' title='bbox 1931 3231 2008 3285; x_wconf 87' lang='lat' dir='ltr'>in-</span> 
     </span>
    </p>
   </div>
   <div class='ocr_carea' id='block_1_36' title="bbox 414 3317 2009 3390">
    <p class='ocr_par' dir='ltr' id='par_1_36' title="bbox 414 3317 2009 3390">
     <span class='ocr_line' id='line_1_36' title="bbox 414 3317 2009 3390; baseline 0.001 -18"><span class='ocrx_word' id='word_1_253' title='bbox 414 3318 725 3373; x_wconf 89' lang='lat' dir='ltr'>tercessisse</span> <span class='ocrx_word' id='word_1_254' title='bbox 779 3319 1038 3389; x_wconf 91' lang='lat' dir='ltr'>potuisset</span> <span class='ocrx_word' id='word_1_255' title='bbox 1084 3318 1220 3388; x_wconf 82' lang='grc'>(25),</span> <span class='ocrx_word' id='word_1_256' title='bbox 1269 3334 1376 3390; x_wconf 93' lang='lat' dir='ltr'>quo</span> <span class='ocrx_word' id='word_1_257' title='bbox 1428 3319 1608 3373; x_wconf 92' lang='lat' dir='ltr'>minus</span> <span class='ocrx_word' id='word_1_258' title='bbox 1664 3318 1824 3373; x_wconf 90' lang='lat' dir='ltr'>homo</span> <span class='ocrx_word' id='word_1_259' title='bbox 1870 3317 2009 3374; x_wconf 91' lang='lat' dir='ltr'>male</span> 
     </span>
    </p>
   </div>
   <div class='ocr_carea' id='block_1_37' title="bbox 413 3406 2008 3480">
    <p class='ocr_par' dir='ltr' id='par_1_37' title="bbox 413 3406 2008 3480">
     <span class='ocr_line' id='line_1_37' title="bbox 413 3406 2008 3480; baseline 0 -21"><span class='ocrx_word' id='word_1_260' title='bbox 413 3406 658 3461; x_wconf 75' lang='lat' dir='ltr'>libertate</span> <span class='ocrx_word' id='word_1_261' title='bbox 693 3424 789 3461; x_wconf 91' lang='lat' dir='ltr'>sua</span> <span class='ocrx_word' id='word_1_262' title='bbox 820 3407 921 3461; x_wconf 88' lang='lat' dir='ltr'>frui</span> <span class='ocrx_word' id='word_1_263' title='bbox 952 3407 1257 3480; x_wconf 88' lang='lat' dir='ltr'>adgressus,</span> <span class='ocrx_word' id='word_1_264' title='bbox 1290 3408 1341 3461; x_wconf 89' lang='lat' dir='ltr'>in</span> <span class='ocrx_word' id='word_1_265' title='bbox 1374 3407 1667 3476; x_wconf 89' lang='lat' dir='ltr'>periculum</span> <span class='ocrx_word' id='word_1_266' title='bbox 1716 3408 2008 3465; x_wconf 86' lang='lat' dir='ltr'>laberetur.</span> 
     </span>
    </p>
   </div>
   <div class='ocr_carea' id='block_1_38' title="bbox 416 3494 2007 3561">
    <p class='ocr_par' dir='ltr' id='par_1_38' title="bbox 416 3494 2007 3561">
     <span class='ocr_line' id='line_1_38' title="bbox 416 3494 2007 3561; baseline -0.001 -12"><span class='ocrx_word' id='word_1_267' title='bbox 416 3496 469 3549; x_wconf 87' lang='lat' dir='ltr'>Si</span> <span class='ocrx_word' id='word_1_268' title='bbox 495 3494 639 3549; x_wconf 89' lang='lat' dir='ltr'>enim</span> <span class='ocrx_word' id='word_1_269' title='bbox 662 3494 1073 3560; x_wconf 90' lang='lat' dir='ltr'>intercessisset,</span> <span class='ocrx_word' id='word_1_270' title='bbox 1109 3494 1416 3550; x_wconf 64' lang='lat' dir='ltr'>recidisset</span> <span class='ocrx_word' id='word_1_271' title='bbox 1441 3494 1648 3549; x_wconf 89' lang='lat' dir='ltr'>arbitrii</span> <span class='ocrx_word' id='word_1_272' title='bbox 1682 3495 2007 3561; x_wconf 90' lang='lat' dir='ltr'>libertatem,</span> 
     </span>
    </p>
   </div>
   <div class='ocr_carea' id='block_1_39' title="bbox 414 3583 2011 3654">
    <p class='ocr_par' dir='ltr' id='par_1_39' title="bbox 414 3583 2011 3654">
     <span class='ocr_line' id='line_1_39' title="bbox 414 3583 2011 3654; baseline -0.003 -15"><span class='ocrx_word' id='word_1_273' title='bbox 414 3601 575 3654; x_wconf 86' lang='lat' dir='ltr'>quam</span> <span class='ocrx_word' id='word_1_274' title='bbox 607 3586 811 3640; x_wconf 90' lang='lat' dir='ltr'>ratione</span> <span class='ocrx_word' id='word_1_275' title='bbox 844 3595 895 3640; x_wconf 92' lang='lat' dir='ltr'>et</span> <span class='ocrx_word' id='word_1_276' title='bbox 920 3586 1163 3640; x_wconf 89' lang='lat' dir='ltr'>bonitate</span> <span class='ocrx_word' id='word_1_277' title='bbox 1211 3586 1547 3654; x_wconf 87' lang='lat' dir='ltr'>permiserat.</span> <span class='ocrx_word' id='word_1_278' title='bbox 1596 3583 1861 3654; x_wconf 80' lang='lat' dir='ltr'>Denique,</span> <span class='ocrx_word' id='word_1_279' title='bbox 1885 3594 2011 3654; x_wconf 88' lang='lat' dir='ltr'>puta</span> 
     </span>
    </p>
   </div>
   <div class='ocr_carea' id='block_1_40' title="bbox 415 3672 2012 3742">
    <p class='ocr_par' dir='ltr' id='par_1_40' title="bbox 415 3672 2012 3742">
     <span class='ocr_line' id='line_1_40' title="bbox 415 3672 2012 3742; baseline 0 -17"><span class='ocrx_word' id='word_1_280' title='bbox 415 3672 808 3741; x_wconf 84' lang='lat' dir='ltr'>intercessisse,</span> <span class='ocrx_word' id='word_1_281' title='bbox 837 3680 962 3742; x_wconf 90' lang='lat' dir='ltr'>puta</span> <span class='ocrx_word' id='word_1_282' title='bbox 991 3674 1277 3728; x_wconf 88' lang='lat' dir='ltr'>rescidisse</span> <span class='ocrx_word' id='word_1_283' title='bbox 1354 3672 1510 3728; x_wconf 91' lang='lat' dir='ltr'>illum</span> <span class='ocrx_word' id='word_1_284' title='bbox 1559 3672 1761 3726; x_wconf 86' lang='lat' dir='ltr'>arbitrii</span> <span class='ocrx_word' id='word_1_285' title='bbox 1792 3674 2012 3727; x_wconf 89' lang='lat' dir='ltr'>liberta-</span> 
     </span>
    </p>
   </div>
   <div class='ocr_carea' id='block_1_41' title="bbox 419 3760 2014 3831">
    <p class='ocr_par' dir='ltr' id='par_1_41' title="bbox 419 3760 2014 3831">
     <span class='ocr_line' id='line_1_41' title="bbox 419 3760 2014 3831; baseline 0.002 -18"><span class='ocrx_word' id='word_1_286' title='bbox 419 3769 524 3816; x_wconf 90' lang='lat' dir='ltr'>tem</span> <span class='ocrx_word' id='word_1_287' title='bbox 578 3760 708 3812; x_wconf 91' lang='lat' dir='ltr'>dum</span> <span class='ocrx_word' id='word_1_288' title='bbox 756 3769 970 3814; x_wconf 87' lang='lat' dir='ltr'>revocat</span> <span class='ocrx_word' id='word_1_289' title='bbox 1026 3760 1092 3813; x_wconf 92' lang='lat' dir='ltr'>ab</span> <span class='ocrx_word' id='word_1_290' title='bbox 1141 3763 1354 3828; x_wconf 92' lang='lat' dir='ltr'>arbore,</span> <span class='ocrx_word' id='word_1_291' title='bbox 1398 3762 1525 3815; x_wconf 92' lang='lat' dir='ltr'>dum</span> <span class='ocrx_word' id='word_1_292' title='bbox 1573 3760 1751 3831; x_wconf 90' lang='lat' dir='ltr'>ipsum</span> <span class='ocrx_word' id='word_1_293' title='bbox 1781 3761 2014 3816; x_wconf 86' lang='lat' dir='ltr'>circum-</span> 
     </span>
    </p>
   </div>
   <div class='ocr_carea' id='block_1_42' title="bbox 418 3847 2016 3920">
    <p class='ocr_par' dir='ltr' id='par_1_42' title="bbox 418 3847 2016 3920">
     <span class='ocr_line' id='line_1_42' title="bbox 418 3847 2016 3920; baseline 0.001 -18"><span class='ocrx_word' id='word_1_294' title='bbox 418 3850 733 3918; x_wconf 88' lang='lat' dir='ltr'>scriptorem</span> <span class='ocrx_word' id='word_1_295' title='bbox 759 3847 871 3916; x_wconf 84' lang='lat'>(26)</span> <span class='ocrx_word' id='word_1_296' title='bbox 927 3848 1207 3903; x_wconf 89' lang='lat' dir='ltr'>colubrum</span> <span class='ocrx_word' id='word_1_297' title='bbox 1253 3864 1284 3901; x_wconf 90' lang='lat' dir='ltr'>a</span> <span class='ocrx_word' id='word_1_298' title='bbox 1313 3864 1605 3920; x_wconf 87' lang='lat' dir='ltr'>congressu</span> <span class='ocrx_word' id='word_1_299' title='bbox 1676 3848 1891 3905; x_wconf 64' lang='lat' dir='ltr'>feminae</span> <span class='ocrx_word' id='word_1_300' title='bbox 1930 3866 2016 3904; x_wconf 90' lang='lat' dir='ltr'>ar-</span> 
     </span>
    </p>
   </div>
   <div class='ocr_carea' id='block_1_43' title="bbox 419 3937 2015 4005">
    <p class='ocr_par' dir='ltr' id='par_1_43' title="bbox 419 3937 2015 4005">
     <span class='ocr_line' id='line_1_43' title="bbox 419 3937 2015 4005; baseline -0.001 -13"><span class='ocrx_word' id='word_1_301' title='bbox 419 3948 524 4005; x_wconf 89' lang='lat' dir='ltr'>cet,</span> <span class='ocrx_word' id='word_1_302' title='bbox 557 3952 735 3991; x_wconf 90' lang='lat' dir='ltr'>nonnc</span> <span class='ocrx_word' id='word_1_303' title='bbox 792 3938 1115 3993; x_wconf 88' lang='lat' dir='ltr'>exclamaret</span> <span class='ocrx_word' id='word_1_304' title='bbox 1170 3938 1449 3993; x_wconf 89' lang='lat' dir='ltr'>Marcion:</span> <span class='ocrx_word' id='word_1_305' title='bbox 1500 3937 1546 3993; x_wconf 93' lang='grc' dir='ltr'><strong>Ο</strong></span> <span class='ocrx_word' id='word_1_306' title='bbox 1575 3938 1850 3993; x_wconf 91' lang='lat' dir='ltr'>dominum</span> <span class='ocrx_word' id='word_1_307' title='bbox 1881 3938 2015 3993; x_wconf 88' lang='lat' dir='ltr'>futi-</span> 
     </span>
    </p>
   </div>
   <div class='ocr_carea' id='block_1_44' title="bbox 419 4023 2018 4098">
    <p class='ocr_par' dir='ltr' id='par_1_44' title="bbox 419 4023 2018 4098">
     <span class='ocr_line' id='line_1_44' title="bbox 419 4023 2018 4098; baseline 0.001 -19"><span class='ocrx_word' id='word_1_308' title='bbox 419 4027 522 4079; x_wconf 89' lang='lat' dir='ltr'>lem</span> <span class='ocrx_word' id='word_1_309' title='bbox 557 4025 691 4096; x_wconf 86' lang='lat'>(2&#39;7),</span> <span class='ocrx_word' id='word_1_310' title='bbox 742 4024 1068 4094; x_wconf 90' lang='lat' dir='ltr'>instabilem,</span> <span class='ocrx_word' id='word_1_311' title='bbox 1130 4023 1425 4094; x_wconf 88' lang='lat' dir='ltr'>inﬁdelem,</span> <span class='ocrx_word' id='word_1_312' title='bbox 1458 4025 1851 4082; x_wconf 90' lang='lat' dir='ltr'>rescindentem</span> <span class='ocrx_word' id='word_1_313' title='bbox 1898 4042 2018 4098; x_wconf 66' lang='lat' dir='ltr'>qua:</span> 
     </span>
    </p>
   </div>
   <div class='ocr_carea' id='block_1_45' title="bbox 419 4114 2020 4185">
    <p class='ocr_par' dir='ltr' id='par_1_45' title="bbox 419 4114 2020 4185">
     <span class='ocr_line' id='line_1_45' title="bbox 419 4114 2020 4185; baseline 0.001 -17"><span class='ocrx_word' id='word_1_314' title='bbox 419 4114 681 4170; x_wconf 82' lang='lat' dir='ltr'>instituit!</span> <span class='ocrx_word' id='word_1_315' title='bbox 733 4114 839 4168; x_wconf 89' lang='lat' dir='ltr'>Cur</span> <span class='ocrx_word' id='word_1_316' title='bbox 905 4114 1220 4185; x_wconf 90' lang='lat' dir='ltr'>permiserat</span> <span class='ocrx_word' id='word_1_317' title='bbox 1266 4114 1497 4169; x_wconf 89' lang='lat' dir='ltr'>liberum</span> <span class='ocrx_word' id='word_1_318' title='bbox 1529 4115 1830 4182; x_wconf 87' lang='lat' dir='ltr'>arbitrium,</span> <span class='ocrx_word' id='word_1_319' title='bbox 1856 4115 1906 4170; x_wconf 91' lang='lat' dir='ltr'>si</span> <span class='ocrx_word' id='word_1_320' title='bbox 1936 4116 2020 4169; x_wconf 91' lang='lat' dir='ltr'>in-</span> 
     </span>
    </p>
   </div>
   <div class='ocr_carea' id='block_1_46' title="bbox 423 4202 2022 4278">
    <p class='ocr_par' dir='ltr' id='par_1_46' title="bbox 423 4202 2022 4278">
     <span class='ocr_line' id='line_1_46' title="bbox 423 4202 2022 4278; baseline 0.001 -21"><span class='ocrx_word' id='word_1_321' title='bbox 423 4204 692 4260; x_wconf 82' lang='lat' dir='ltr'>tercedit?</span> <span class='ocrx_word' id='word_1_322' title='bbox 722 4219 818 4259; x_wconf 91' lang='lat' dir='ltr'>cur</span> <span class='ocrx_word' id='word_1_323' title='bbox 872 4202 1173 4272; x_wconf 90' lang='lat' dir='ltr'>intercedit,</span> <span class='ocrx_word' id='word_1_324' title='bbox 1208 4202 1251 4257; x_wconf 92' lang='lat' dir='ltr'>si</span> <span class='ocrx_word' id='word_1_325' title='bbox 1278 4202 1563 4273; x_wconf 80' lang='lat' dir='ltr'>permisit?</span> <span class='ocrx_word' id='word_1_326' title='bbox 1590 4203 1774 4278; x_wconf 87' lang='lat' dir='ltr'>Eligat</span> <span class='ocrx_word' id='word_1_327' title='bbox 1801 4204 1890 4259; x_wconf 91' lang='lat' dir='ltr'>ubi</span> <span class='ocrx_word' id='word_1_328' title='bbox 1935 4221 2022 4259; x_wconf 89' lang='lat' dir='ltr'>se-</span> 
     </span>
    </p>
   </div>
   <div class='ocr_carea' id='block_1_47' title="bbox 2101 450 3698 532">
    <p class='ocr_par' dir='ltr' id='par_1_47' title="bbox 2101 450 3698 532">
     <span class='ocr_line' id='line_1_47' title="bbox 2101 450 3698 532; baseline -0.005 -19"><span class='ocrx_word' id='word_1_329' title='bbox 2101 458 2275 515; x_wconf 89' lang='lat' dir='ltr'>sione.</span> <span class='ocrx_word' id='word_1_330' title='bbox 2297 463 2486 517; x_wconf 88' lang='lat' dir='ltr'>Nonne</span> <span class='ocrx_word' id='word_1_331' title='bbox 2517 470 2643 517; x_wconf 89' lang='lat' dir='ltr'>tunc</span> <span class='ocrx_word' id='word_1_332' title='bbox 2675 460 2846 532; x_wconf 89' lang='lat' dir='ltr'>magis</span> <span class='ocrx_word' id='word_1_333' title='bbox 2886 458 3148 529; x_wconf 90' lang='lat' dir='ltr'>deceptus</span> <span class='ocrx_word' id='word_1_334' title='bbox 3176 472 3242 510; x_wconf 88' lang='lat' dir='ltr'>ex</span> <span class='ocrx_word' id='word_1_335' title='bbox 3283 450 3698 524; x_wconf 85' lang='lat' dir='ltr'>impraescientia</span> 
     </span>
    </p>
   </div>
   <div class='ocr_carea' id='block_1_48' title="bbox 2103 540 3697 617">
    <p class='ocr_par' dir='ltr' id='par_1_48' title="bbox 2103 540 3697 617">
     <span class='ocr_line' id='line_1_48' title="bbox 2103 540 3697 617; baseline -0.005 -15"><span class='ocrx_word' id='word_1_336' title='bbox 2103 546 2270 607; x_wconf 90' lang='lat' dir='ltr'>futuri</span> <span class='ocrx_word' id='word_1_337' title='bbox 2327 551 2625 617; x_wconf 86' lang='lat' dir='ltr'>videretur,</span> <span class='ocrx_word' id='word_1_338' title='bbox 2674 565 2795 605; x_wconf 92' lang='lat' dir='ltr'>cum</span> <span class='ocrx_word' id='word_1_339' title='bbox 2852 543 3194 603; x_wconf 81' lang='lat' dir='ltr'>obstitisset?</span> <span class='ocrx_word' id='word_1_340' title='bbox 3254 549 3305 599; x_wconf 93' lang='lat' dir='ltr'>et</span> <span class='ocrx_word' id='word_1_341' title='bbox 3345 542 3489 614; x_wconf 91' lang='lat' dir='ltr'>quod</span> <span class='ocrx_word' id='word_1_342' title='bbox 3541 540 3697 611; x_wconf 90' lang='lat' dir='ltr'>quasi</span> 
     </span>
    </p>
   </div>
   <div class='ocr_carea' id='block_1_49' title="bbox 2102 630 3698 711">
    <p class='ocr_par' dir='ltr' id='par_1_49' title="bbox 2102 630 3698 711">
     <span class='ocr_line' id='line_1_49' title="bbox 2102 630 3698 711; baseline -0.005 -19"><span class='ocrx_word' id='word_1_343' title='bbox 2102 638 2358 711; x_wconf 78' lang='lat' dir='ltr'>ignorans</span> <span class='ocrx_word' id='word_1_344' title='bbox 2397 640 2668 710; x_wconf 90' lang='lat' dir='ltr'>quomodo</span> <span class='ocrx_word' id='word_1_345' title='bbox 2712 654 2998 694; x_wconf 90' lang='lat' dir='ltr'>evasurum</span> <span class='ocrx_word' id='word_1_346' title='bbox 3034 645 3180 691; x_wconf 89' lang='lat' dir='ltr'>esset</span> <span class='ocrx_word' id='word_1_347' title='bbox 3219 632 3540 695; x_wconf 87' lang='lat' dir='ltr'>indulserat,</span> <span class='ocrx_word' id='word_1_348' title='bbox 3571 630 3698 701; x_wconf 89' lang='lat' dir='ltr'>quis</span> 
     </span>
    </p>
   </div>
   <div class='ocr_carea' id='block_1_50' title="bbox 2103 719 3695 796">
    <p class='ocr_par' dir='ltr' id='par_1_50' title="bbox 2103 719 3695 796">
     <span class='ocr_line' id='line_1_50' title="bbox 2103 719 3695 796; baseline -0.007 -13"><span class='ocrx_word' id='word_1_349' title='bbox 2103 746 2210 785; x_wconf 90' lang='lat' dir='ltr'>non</span> <span class='ocrx_word' id='word_1_350' title='bbox 2241 730 2478 787; x_wconf 82' lang='lat' dir='ltr'>diceret?</span> <span class='ocrx_word' id='word_1_351' title='bbox 2508 730 2613 784; x_wconf 91' lang='lat' dir='ltr'>Sed</span> <span class='ocrx_word' id='word_1_352' title='bbox 2654 728 2755 785; x_wconf 88' lang='lat' dir='ltr'>etsi</span> <span class='ocrx_word' id='word_1_353' title='bbox 2788 727 3093 796; x_wconf 71' lang='lat' dir='ltr'>praescierat</span> <span class='ocrx_word' id='word_1_354' title='bbox 3124 723 3262 780; x_wconf 91' lang='lat' dir='ltr'>male</span> <span class='ocrx_word' id='word_1_355' title='bbox 3301 722 3574 777; x_wconf 89' lang='lat' dir='ltr'>hominem</span> <span class='ocrx_word' id='word_1_356' title='bbox 3608 719 3695 773; x_wconf 84' lang='lat' dir='ltr'>ie-</span> 
     </span>
    </p>
   </div>
   <div class='ocr_carea' id='block_1_51' title="bbox 2104 812 3697 888">
    <p class='ocr_par' dir='ltr' id='par_1_51' title="bbox 2104 812 3697 888">
     <span class='ocr_line' id='line_1_51' title="bbox 2104 812 3697 888; baseline -0.007 -16"><span class='ocrx_word' id='word_1_357' title='bbox 2104 819 2377 875; x_wconf 88' lang='lat' dir='ltr'>stitutione</span> <span class='ocrx_word' id='word_1_358' title='bbox 2409 835 2507 874; x_wconf 91' lang='lat' dir='ltr'>sua</span> <span class='ocrx_word' id='word_1_359' title='bbox 2536 833 2779 882; x_wconf 91' lang='lat' dir='ltr'>usurum,</span> <span class='ocrx_word' id='word_1_360' title='bbox 2813 816 2944 888; x_wconf 90' lang='lat' dir='ltr'>quid</span> <span class='ocrx_word' id='word_1_361' title='bbox 2977 820 3083 870; x_wconf 91' lang='lat' dir='ltr'>tam</span> <span class='ocrx_word' id='word_1_362' title='bbox 3113 814 3333 884; x_wconf 86' lang='lat' dir='ltr'>dignum</span> <span class='ocrx_word' id='word_1_363' title='bbox 3365 812 3504 874; x_wconf 90' lang='lat' dir='ltr'>Deo,</span> <span class='ocrx_word' id='word_1_364' title='bbox 3535 826 3697 880; x_wconf 87' lang='lat' dir='ltr'>quam</span> 
     </span>
    </p>
   </div>
   <div class='ocr_carea' id='block_1_52' title="bbox 2101 900 3700 981">
    <p class='ocr_par' dir='ltr' id='par_1_52' title="bbox 2101 900 3700 981">
     <span class='ocr_line' id='line_1_52' title="bbox 2101 900 3700 981; baseline -0.007 -17"><span class='ocrx_word' id='word_1_365' title='bbox 2101 910 2354 981; x_wconf 81' lang='lat' dir='ltr'>gravitas,</span> <span class='ocrx_word' id='word_1_366' title='bbox 2397 926 2557 979; x_wconf 91' lang='lat' dir='ltr'>quam</span> <span class='ocrx_word' id='word_1_367' title='bbox 2590 908 2725 964; x_wconf 85' lang='lat' dir='ltr'>tides</span> <span class='ocrx_word' id='word_1_368' title='bbox 2753 907 3151 962; x_wconf 87' lang='lat' dir='ltr'>institutionum</span> <span class='ocrx_word' id='word_1_369' title='bbox 3180 902 3653 973; x_wconf 89' lang='lat' dir='ltr'>qualiumcumque</span> <span class='ocrx_word' id='word_1_370' title='bbox 3672 900 3700 953; x_wconf 73' lang='lat' dir='ltr'>‘f</span> 
     </span>
    </p>
   </div>
   <div class='ocr_carea' id='block_1_53' title="bbox 2104 988 3703 1065">
    <p class='ocr_par' dir='ltr' id='par_1_53' title="bbox 2104 988 3703 1065">
     <span class='ocr_line' id='line_1_53' title="bbox 2104 988 3703 1065; baseline -0.008 -12"><span class='ocrx_word' id='word_1_371' title='bbox 2104 999 2339 1055; x_wconf 87' lang='lat' dir='ltr'>Vidisset</span> <span class='ocrx_word' id='word_1_372' title='bbox 2376 1000 2536 1055; x_wconf 93' lang='lat' dir='ltr'>homo</span> <span class='ocrx_word' id='word_1_373' title='bbox 2592 998 2637 1053; x_wconf 92' lang='lat' dir='ltr'>si</span> <span class='ocrx_word' id='word_1_374' title='bbox 2687 1014 2793 1054; x_wconf 88' lang='lat' dir='ltr'>non</span> <span class='ocrx_word' id='word_1_375' title='bbox 2841 999 2974 1053; x_wconf 90' lang='lat' dir='ltr'>bene</span> <span class='ocrx_word' id='word_1_376' title='bbox 3022 994 3393 1065; x_wconf 83' lang='lat' dir='ltr'>dispunxisset</span> <span class='ocrx_word' id='word_1_377' title='bbox 3447 989 3497 1026; x_wconf 79' lang='grc'>³6</span> <span class='ocrx_word' id='word_1_378' title='bbox 3551 988 3703 1059; x_wconf 90' lang='lat' dir='ltr'>quod</span> 
     </span>
    </p>
   </div>
   <div class='ocr_carea' id='block_1_54' title="bbox 2103 1077 3703 1158">
    <p class='ocr_par' dir='ltr' id='par_1_54' title="bbox 2103 1077 3703 1158">
     <span class='ocr_line' id='line_1_54' title="bbox 2103 1077 3703 1158; baseline -0.008 -15"><span class='ocrx_word' id='word_1_379' title='bbox 2103 1089 2239 1145; x_wconf 88' lang='lat' dir='ltr'>bene</span> <span class='ocrx_word' id='word_1_380' title='bbox 2266 1090 2580 1158; x_wconf 87' lang='lat' dir='ltr'>acceperat;</span> <span class='ocrx_word' id='word_1_381' title='bbox 2618 1096 2675 1143; x_wconf 93' lang='lat' dir='ltr'>ut</span> <span class='ocrx_word' id='word_1_382' title='bbox 2705 1087 2818 1158; x_wconf 91' lang='lat' dir='ltr'>ipse</span> <span class='ocrx_word' id='word_1_383' title='bbox 2848 1088 2894 1125; x_wconf 78' lang='lat'>37</span> <span class='ocrx_word' id='word_1_384' title='bbox 2925 1084 3031 1157; x_wconf 87' lang='lat' dir='ltr'>legi</span> <span class='ocrx_word' id='word_1_385' title='bbox 3091 1100 3216 1141; x_wconf 91' lang='lat' dir='ltr'>reus</span> <span class='ocrx_word' id='word_1_386' title='bbox 3256 1081 3445 1138; x_wconf 81' lang='lat' dir='ltr'>fuisset</span> <span class='ocrx_word' id='word_1_387' title='bbox 3473 1077 3559 1133; x_wconf 92' lang='lat' dir='ltr'>cui</span> <span class='ocrx_word' id='word_1_388' title='bbox 3593 1078 3703 1132; x_wconf 91' lang='lat' dir='ltr'>ob-</span> 
     </span>
    </p>
   </div>
   <div class='ocr_carea' id='block_1_55' title="bbox 2103 1165 3705 1250">
    <p class='ocr_par' dir='ltr' id='par_1_55' title="bbox 2103 1165 3705 1250">
     <span class='ocr_line' id='line_1_55' title="bbox 2103 1165 3705 1250; baseline -0.009 -17"><span class='ocrx_word' id='word_1_389' title='bbox 2103 1177 2254 1250; x_wconf 89' lang='lat' dir='ltr'>sequi</span> <span class='ocrx_word' id='word_1_390' title='bbox 2300 1177 2576 1243; x_wconf 88' lang='lat' dir='ltr'>noluisset,</span> <span class='ocrx_word' id='word_1_391' title='bbox 2619 1192 2726 1231; x_wconf 89' lang='lat' dir='ltr'>non</span> <span class='ocrx_word' id='word_1_392' title='bbox 2758 1184 2815 1230; x_wconf 93' lang='lat' dir='ltr'>ut</span> <span class='ocrx_word' id='word_1_393' title='bbox 2844 1173 3124 1248; x_wconf 85' lang='lat' dir='ltr'>lcgislator</span> <span class='ocrx_word' id='word_1_394' title='bbox 3178 1172 3294 1243; x_wconf 91' lang='lat' dir='ltr'>ipse</span> <span class='ocrx_word' id='word_1_395' title='bbox 3320 1169 3561 1225; x_wconf 89' lang='lat' dir='ltr'>fraudem</span> <span class='ocrx_word' id='word_1_396' title='bbox 3590 1165 3705 1235; x_wconf 82' lang='lat' dir='ltr'>legi</span> 
     </span>
    </p>
   </div>
   <div class='ocr_carea' id='block_1_56' title="bbox 2102 1254 3697 1336">
    <p class='ocr_par' dir='ltr' id='par_1_56' title="bbox 2102 1254 3697 1336">
     <span class='ocr_line' id='line_1_56' title="bbox 2102 1254 3697 1336; baseline -0.01 -14"><span class='ocrx_word' id='word_1_397' title='bbox 2102 1283 2215 1323; x_wconf 66' lang='lat' dir='ltr'>sum</span> <span class='ocrx_word' id='word_1_398' title='bbox 2244 1267 2463 1333; x_wconf 87' lang='lat' dir='ltr'>faceret,</span> <span class='ocrx_word' id='word_1_399' title='bbox 2496 1281 2603 1322; x_wconf 88' lang='lat' dir='ltr'>non</span> <span class='ocrx_word' id='word_1_400' title='bbox 2643 1265 2869 1321; x_wconf 89' lang='lat' dir='ltr'>sinendo</span> <span class='ocrx_word' id='word_1_401' title='bbox 2895 1264 3264 1336; x_wconf 66' lang='lat' dir='ltr'>praescriptum</span> <span class='ocrx_word' id='word_1_402' title='bbox 3302 1260 3422 1329; x_wconf 87' lang='lat' dir='ltr'>ejus</span> <span class='ocrx_word' id='word_1_403' title='bbox 3462 1254 3697 1328; x_wconf 88' lang='lat' dir='ltr'>impleri.</span> 
     </span>
    </p>
   </div>
   <div class='ocr_carea' id='block_1_57' title="bbox 2102 1346 3708 1427">
    <p class='ocr_par' dir='ltr' id='par_1_57' title="bbox 2102 1346 3708 1427">
     <span class='ocr_line' id='line_1_57' title="bbox 2102 1346 3708 1427; baseline -0.007 -17"><span class='ocrx_word' id='word_1_404' title='bbox 2102 1356 2227 1411; x_wconf 68' lang='lat' dir='ltr'>Hrec</span> <span class='ocrx_word' id='word_1_405' title='bbox 2254 1356 2567 1427; x_wconf 84' lang='lat' dir='ltr'>dignissime</span> <span class='ocrx_word' id='word_1_406' title='bbox 2598 1365 2945 1427; x_wconf 87' lang='lat' dir='ltr'>peroraturus</span> <span class='ocrx_word' id='word_1_407' title='bbox 2974 1354 3027 1408; x_wconf 90' lang='lat' dir='ltr'>in</span> <span class='ocrx_word' id='word_1_408' title='bbox 3075 1354 3397 1416; x_wconf 90' lang='lat' dir='ltr'>Creatorem,</span> <span class='ocrx_word' id='word_1_409' title='bbox 3430 1346 3477 1404; x_wconf 94' lang='lat' dir='ltr'>si</span> <span class='ocrx_word' id='word_1_410' title='bbox 3531 1346 3708 1400; x_wconf 90' lang='lat' dir='ltr'>libero</span> 
     </span>
    </p>
   </div>
   <div class='ocr_carea' id='block_1_58' title="bbox 2102 1439 3711 1514">
    <p class='ocr_par' dir='ltr' id='par_1_58' title="bbox 2102 1439 3711 1514">
     <span class='ocr_line' id='line_1_58' title="bbox 2102 1439 3711 1514; baseline -0.007 -15"><span class='ocrx_word' id='word_1_411' title='bbox 2102 1446 2321 1500; x_wconf 88' lang='lat' dir='ltr'>arbitrio</span> <span class='ocrx_word' id='word_1_412' title='bbox 2353 1444 2586 1501; x_wconf 90' lang='lat' dir='ltr'>hominis</span> <span class='ocrx_word' id='word_1_413' title='bbox 2623 1460 2687 1499; x_wconf 88' lang='lat' dir='ltr'>ex</span> <span class='ocrx_word' id='word_1_414' title='bbox 2746 1443 3150 1514; x_wconf 86' lang='lat' dir='ltr'>providenentia</span> <span class='ocrx_word' id='word_1_415' title='bbox 3179 1448 3232 1495; x_wconf 91' lang='lat' dir='ltr'>et</span> <span class='ocrx_word' id='word_1_416' title='bbox 3278 1439 3539 1508; x_wconf 89' lang='lat' dir='ltr'>potentia,</span> <span class='ocrx_word' id='word_1_417' title='bbox 3573 1450 3711 1506; x_wconf 84' lang='lat' dir='ltr'>quas</span> 
     </span>
    </p>
   </div>
   <div class='ocr_carea' id='block_1_59' title="bbox 2105 1529 3707 1607">
    <p class='ocr_par' dir='ltr' id='par_1_59' title="bbox 2105 1529 3707 1607">
     <span class='ocr_line' id='line_1_59' title="bbox 2105 1529 3707 1607; baseline -0.007 -17"><span class='ocrx_word' id='word_1_418' title='bbox 2105 1535 2300 1607; x_wconf 83' lang='lat' dir='ltr'>exigis,</span> <span class='ocrx_word' id='word_1_419' title='bbox 2333 1533 2504 1592; x_wconf 62' lang='lat'>294</span> <span class='ocrx_word' id='word_1_420' title='bbox 2553 1534 2863 1601; x_wconf 89' lang='lat' dir='ltr'>obstitisset,</span> <span class='ocrx_word' id='word_1_421' title='bbox 2931 1548 3075 1589; x_wconf 89' lang='lat' dir='ltr'>nunc</span> <span class='ocrx_word' id='word_1_422' title='bbox 3130 1531 3222 1587; x_wconf 90' lang='lat' dir='ltr'>tibi</span> <span class='ocrx_word' id='word_1_423' title='bbox 3269 1529 3542 1583; x_wconf 87' lang='lat' dir='ltr'>insusurra</span> <span class='ocrx_word' id='word_1_424' title='bbox 3609 1539 3707 1595; x_wconf 86' lang='lat' dir='ltr'>pro</span> 
     </span>
    </p>
   </div>
   <div class='ocr_carea' id='block_1_60' title="bbox 2108 1614 3711 1695">
    <p class='ocr_par' dir='ltr' id='par_1_60' title="bbox 2108 1614 3711 1695">
     <span class='ocr_line' id='line_1_60' title="bbox 2108 1614 3711 1695; baseline -0.008 -16"><span class='ocrx_word' id='word_1_425' title='bbox 2108 1623 2363 1679; x_wconf 90' lang='lat' dir='ltr'>Creatore</span> <span class='ocrx_word' id='word_1_426' title='bbox 2410 1633 2463 1677; x_wconf 91' lang='lat' dir='ltr'>et</span> <span class='ocrx_word' id='word_1_427' title='bbox 2507 1624 2845 1695; x_wconf 87' lang='lat' dir='ltr'>gravitatem,</span> <span class='ocrx_word' id='word_1_428' title='bbox 2875 1630 2929 1678; x_wconf 89' lang='lat' dir='ltr'>et</span> <span class='ocrx_word' id='word_1_429' title='bbox 2953 1621 3285 1693; x_wconf 89' lang='lat' dir='ltr'>patientiam,</span> <span class='ocrx_word' id='word_1_430' title='bbox 3317 1626 3368 1673; x_wconf 92' lang='lat' dir='ltr'>et</span> <span class='ocrx_word' id='word_1_431' title='bbox 3416 1615 3596 1679; x_wconf 89' lang='lat' dir='ltr'>ﬁdem,</span> <span class='ocrx_word' id='word_1_432' title='bbox 3624 1614 3711 1667; x_wconf 88' lang='lat' dir='ltr'>in-</span> 
     </span>
    </p>
   </div>
   <div class='ocr_carea' id='block_1_61' title="bbox 2111 1702 3710 1775">
    <p class='ocr_par' dir='ltr' id='par_1_61' title="bbox 2111 1702 3710 1775">
     <span class='ocr_line' id='line_1_61' title="bbox 2111 1702 3710 1775; baseline -0.006 -9"><span class='ocrx_word' id='word_1_433' title='bbox 2111 1711 2479 1769; x_wconf 91' lang='lat' dir='ltr'>stitutionibus</span> <span class='ocrx_word' id='word_1_434' title='bbox 2526 1711 2636 1766; x_wconf 92' lang='lat' dir='ltr'>suis</span> <span class='ocrx_word' id='word_1_435' title='bbox 2665 1710 2864 1775; x_wconf 89' lang='lat' dir='ltr'>functo,</span> <span class='ocrx_word' id='word_1_436' title='bbox 2896 1719 2954 1765; x_wconf 93' lang='lat' dir='ltr'>ut</span> <span class='ocrx_word' id='word_1_437' title='bbox 2981 1718 3033 1764; x_wconf 93' lang='lat' dir='ltr'>et</span> <span class='ocrx_word' id='word_1_438' title='bbox 3062 1707 3412 1764; x_wconf 88' lang='lat' dir='ltr'>rationalibus</span> <span class='ocrx_word' id='word_1_439' title='bbox 3443 1714 3497 1760; x_wconf 91' lang='lat' dir='ltr'>et</span> <span class='ocrx_word' id='word_1_440' title='bbox 3525 1702 3710 1759; x_wconf 88' lang='lat' dir='ltr'>bonis-</span> 
     </span>
    </p>
   </div>
   <div class='ocr_carea' id='block_1_62' title="bbox 2713 1851 3107 1909">
    <p class='ocr_par' dir='ltr' id='par_1_62' title="bbox 2713 1851 3107 1909">
     <span class='ocr_line' id='line_1_62' title="bbox 2713 1851 3107 1909; baseline -0.008 -2"><span class='ocrx_word' id='word_1_441' title='bbox 2713 1853 2931 1909; x_wconf 85' lang='lat' dir='ltr'>CAPUT</span> <span class='ocrx_word' id='word_1_442' title='bbox 2971 1851 3107 1905; x_wconf 88' lang='lat' dir='ltr'>VIII.</span> 
     </span>
    </p>
   </div>
   <div class='ocr_carea' id='block_1_63' title="bbox 2180 1975 3713 2052">
    <p class='ocr_par' dir='ltr' id='par_1_63' title="bbox 2180 1975 3713 2052">
     <span class='ocr_line' id='line_1_63' title="bbox 2180 1975 3713 2052; baseline -0.003 -18"><span class='ocrx_word' id='word_1_443' title='bbox 2180 1981 2367 2052; x_wconf 89' lang='lat' dir='ltr'>Neque</span> <span class='ocrx_word' id='word_1_444' title='bbox 2395 1979 2542 2035; x_wconf 89' lang='lat' dir='ltr'>enim</span> <span class='ocrx_word' id='word_1_445' title='bbox 2567 1979 2631 2034; x_wconf 88' lang='lat' dir='ltr'>ad</span> <span class='ocrx_word' id='word_1_446' title='bbox 2660 1978 2951 2035; x_wconf 89' lang='lat' dir='ltr'>vivendum</span> <span class='ocrx_word' id='word_1_447' title='bbox 2992 1975 3332 2033; x_wconf 91' lang='lat' dir='ltr'>solummodo</span> <span class='ocrx_word' id='word_1_448' title='bbox 3378 1975 3713 2044; x_wconf 86' lang='lat' dir='ltr'>produxerat</span> 
     </span>
    </p>
   </div>
   <div class='ocr_carea' id='block_1_64' title="bbox 2113 2067 3713 2136">
    <p class='ocr_par' dir='ltr' id='par_1_64' title="bbox 2113 2067 3713 2136">
     <span class='ocr_line' id='line_1_64' title="bbox 2113 2067 3713 2136; baseline -0.002 -13"><span class='ocrx_word' id='word_1_449' title='bbox 2113 2070 2405 2134; x_wconf 87' lang='lat' dir='ltr'>hominem,</span> <span class='ocrx_word' id='word_1_450' title='bbox 2440 2078 2504 2126; x_wconf 91' lang='lat' dir='ltr'>ut</span> <span class='ocrx_word' id='word_1_451' title='bbox 2556 2086 2668 2125; x_wconf 89' lang='lat' dir='ltr'>non</span> <span class='ocrx_word' id='word_1_452' title='bbox 2697 2070 2762 2123; x_wconf 89' lang='lat' dir='ltr'>ad</span> <span class='ocrx_word' id='word_1_453' title='bbox 2804 2078 2945 2125; x_wconf 91' lang='lat' dir='ltr'>recte</span> <span class='ocrx_word' id='word_1_454' title='bbox 2972 2067 3282 2136; x_wconf 90' lang='lat' dir='ltr'>vivendum,</span> <span class='ocrx_word' id='word_1_455' title='bbox 3340 2067 3391 2121; x_wconf 93' lang='lat' dir='ltr'>in</span> <span class='ocrx_word' id='word_1_456' title='bbox 3458 2075 3713 2135; x_wconf 79' lang='lat' dir='ltr'>reSpectu</span> 
     </span>
    </p>
   </div>
   <div class='ocr_carea' id='block_1_65' title="bbox 2111 2154 3716 2229">
    <p class='ocr_par' dir='ltr' id='par_1_65' title="bbox 2111 2154 3716 2229">
     <span class='ocr_line' id='line_1_65' title="bbox 2111 2154 3716 2229; baseline -0.004 -16"><span class='ocrx_word' id='word_1_457' title='bbox 2111 2159 2316 2215; x_wconf 89' lang='lat' dir='ltr'>scilicet</span> <span class='ocrx_word' id='word_1_458' title='bbox 2344 2159 2441 2213; x_wconf 93' lang='lat' dir='ltr'>Dei</span> <span class='ocrx_word' id='word_1_459' title='bbox 2472 2159 2715 2229; x_wconf 84' lang='lat' dir='ltr'>legisque</span> <span class='ocrx_word' id='word_1_460' title='bbox 2761 2158 2901 2227; x_wconf 87' lang='lat' dir='ltr'>ejus.</span> <span class='ocrx_word' id='word_1_461' title='bbox 2947 2157 3117 2228; x_wconf 84' lang='lat' dir='ltr'>Igitur</span> <span class='ocrx_word' id='word_1_462' title='bbox 3161 2156 3339 2211; x_wconf 87' lang='lat' dir='ltr'>vivere</span> <span class='ocrx_word' id='word_1_463' title='bbox 3385 2154 3601 2228; x_wconf 86' lang='lat' dir='ltr'>quidem</span> <span class='ocrx_word' id='word_1_464' title='bbox 3632 2154 3716 2210; x_wconf 90' lang='lat' dir='ltr'>illi</span> 
     </span>
    </p>
   </div>
   <div class='ocr_carea' id='block_1_66' title="bbox 2111 2244 3715 2319">
    <p class='ocr_par' dir='ltr' id='par_1_66' title="bbox 2111 2244 3715 2319">
     <span class='ocr_line' id='line_1_66' title="bbox 2111 2244 3715 2319; baseline -0.002 -17"><span class='ocrx_word' id='word_1_465' title='bbox 2111 2248 2228 2319; x_wconf 92' lang='lat' dir='ltr'>ipse</span> <span class='ocrx_word' id='word_1_466' title='bbox 2258 2249 2592 2318; x_wconf 66' lang='lat' dir='ltr'>prmstiterat,</span> <span class='ocrx_word' id='word_1_467' title='bbox 2628 2247 2762 2302; x_wconf 82' lang='lat' dir='ltr'>facto</span> <span class='ocrx_word' id='word_1_468' title='bbox 2791 2246 2845 2300; x_wconf 93' lang='lat' dir='ltr'>in</span> <span class='ocrx_word' id='word_1_469' title='bbox 2875 2246 3107 2301; x_wconf 89' lang='lat' dir='ltr'>animam</span> <span class='ocrx_word' id='word_1_470' title='bbox 3135 2247 3338 2313; x_wconf 90' lang='lat' dir='ltr'>vivam;</span> <span class='ocrx_word' id='word_1_471' title='bbox 3384 2244 3541 2315; x_wconf 87' lang='lat' dir='ltr'>lrecte</span> <span class='ocrx_word' id='word_1_472' title='bbox 3576 2258 3715 2300; x_wconf 89' lang='lat' dir='ltr'>vero</span> 
     </span>
    </p>
   </div>
   <div class='ocr_carea' id='block_1_67' title="bbox 2114 2332 3711 2407">
    <p class='ocr_par' dir='ltr' id='par_1_67' title="bbox 2114 2332 3711 2407">
     <span class='ocr_line' id='line_1_67' title="bbox 2114 2332 3711 2407; baseline -0.004 -14"><span class='ocrx_word' id='word_1_473' title='bbox 2114 2338 2294 2393; x_wconf 88' lang='lat' dir='ltr'>vivere</span> <span class='ocrx_word' id='word_1_474' title='bbox 2340 2335 2709 2403; x_wconf 87' lang='lat' dir='ltr'>demandarat,</span> <span class='ocrx_word' id='word_1_475' title='bbox 2766 2334 3041 2390; x_wconf 90' lang='lat' dir='ltr'>admonito</span> <span class='ocrx_word' id='word_1_476' title='bbox 3097 2334 3151 2388; x_wconf 92' lang='lat' dir='ltr'>in</span> <span class='ocrx_word' id='word_1_477' title='bbox 3196 2333 3331 2407; x_wconf 85' lang='lat' dir='ltr'>legis</span> <span class='ocrx_word' id='word_1_478' title='bbox 3370 2332 3711 2403; x_wconf 89' lang='lat' dir='ltr'>obsequium.</span> 
     </span>
    </p>
   </div>
   <div class='ocr_carea' id='block_1_68' title="bbox 2113 2423 3719 2494">
    <p class='ocr_par' dir='ltr' id='par_1_68' title="bbox 2113 2423 3719 2494">
     <span class='ocr_line' id='line_1_68' title="bbox 2113 2423 3719 2494; baseline -0.001 -15"><span class='ocrx_word' id='word_1_479' title='bbox 2113 2427 2189 2481; x_wconf 91' lang='lat' dir='ltr'>Ita</span> <span class='ocrx_word' id='word_1_480' title='bbox 2218 2441 2324 2481; x_wconf 87' lang='lat' dir='ltr'>non</span> <span class='ocrx_word' id='word_1_481' title='bbox 2368 2426 2419 2479; x_wconf 91' lang='lat' dir='ltr'>in</span> <span class='ocrx_word' id='word_1_482' title='bbox 2450 2434 2674 2480; x_wconf 92' lang='lat' dir='ltr'>mortem</span> <span class='ocrx_word' id='word_1_483' title='bbox 2704 2424 3007 2482; x_wconf 90' lang='lat' dir='ltr'>institutum</span> <span class='ocrx_word' id='word_1_484' title='bbox 3054 2423 3329 2479; x_wconf 89' lang='lat' dir='ltr'>hominem</span> <span class='ocrx_word' id='word_1_485' title='bbox 3376 2423 3587 2494; x_wconf 89' lang='lat' dir='ltr'>probat,</span> <span class='ocrx_word' id='word_1_486' title='bbox 3619 2424 3719 2493; x_wconf 90' lang='lat' dir='ltr'>qui</span> 
     </span>
    </p>
   </div>
   <div class='ocr_carea' id='block_1_69' title="bbox 2112 2514 3721 2586">
    <p class='ocr_par' dir='ltr' id='par_1_69' title="bbox 2112 2514 3721 2586">
     <span class='ocr_line' id='line_1_69' title="bbox 2112 2514 3721 2586; baseline -0.001 -17"><span class='ocrx_word' id='word_1_487' title='bbox 2112 2531 2257 2571; x_wconf 88' lang='lat' dir='ltr'>nunc</span> <span class='ocrx_word' id='word_1_488' title='bbox 2284 2515 2431 2583; x_wconf 88' lang='lat' dir='ltr'>cupit</span> <span class='ocrx_word' id='word_1_489' title='bbox 2484 2515 2540 2569; x_wconf 90' lang='lat' dir='ltr'>in</span> <span class='ocrx_word' id='word_1_490' title='bbox 2566 2514 2727 2569; x_wconf 91' lang='lat' dir='ltr'>vitam</span> <span class='ocrx_word' id='word_1_491' title='bbox 2770 2514 3092 2579; x_wconf 88' lang='lat' dir='ltr'>restitutum,</span> <span class='ocrx_word' id='word_1_492' title='bbox 3130 2516 3349 2570; x_wconf 81' lang='lat' dir='ltr'>malens</span> <span class='ocrx_word' id='word_1_493' title='bbox 3405 2514 3721 2586; x_wconf 78' lang='lat' dir='ltr'>peccatoris</span> 
     </span>
    </p>
   </div>
   <div class='ocr_carea' id='block_1_70' title="bbox 2114 2600 3719 2676">
    <p class='ocr_par' dir='ltr' id='par_1_70' title="bbox 2114 2600 3719 2676">
     <span class='ocr_line' id='line_1_70' title="bbox 2114 2600 3719 2676; baseline -0.004 -16"><span class='ocrx_word' id='word_1_494' title='bbox 2114 2606 2528 2676; x_wconf 73' lang='lat' dir='ltr'>pwnitentiam,</span> <span class='ocrx_word' id='word_1_495' title='bbox 2560 2621 2730 2676; x_wconf 81' lang='lat' dir='ltr'>quam</span> <span class='ocrx_word' id='word_1_496' title='bbox 2761 2608 3001 2659; x_wconf 84' lang='lat' dir='ltr'>mortem</span> <span class='ocrx_word' id='word_1_497' title='bbox 3035 2603 3252 2671; x_wconf 72' lang='lat' dir='ltr'>(Ezech.</span> <span class='ocrx_word' id='word_1_498' title='bbox 3278 2617 3434 2670; x_wconf 85' lang='lat' dir='ltr'>xvm,</span> <span class='ocrx_word' id='word_1_499' title='bbox 3460 2602 3574 2665; x_wconf 86' lang='lat'>23).</span> <span class='ocrx_word' id='word_1_500' title='bbox 3598 2600 3719 2674; x_wconf 88' lang='lat' dir='ltr'>Igi-</span> 
     </span>
    </p>
   </div>
   <div class='ocr_carea' id='block_1_71' title="bbox 2117 2691 3718 2765">
    <p class='ocr_par' dir='ltr' id='par_1_71' title="bbox 2117 2691 3718 2765">
     <span class='ocr_line' id='line_1_71' title="bbox 2117 2691 3718 2765; baseline -0.001 -18"><span class='ocrx_word' id='word_1_501' title='bbox 2117 2701 2223 2765; x_wconf 92' lang='lat' dir='ltr'>tur,</span> <span class='ocrx_word' id='word_1_502' title='bbox 2259 2694 2559 2750; x_wconf 86' lang='lat' dir='ltr'>sicutDeus</span> <span class='ocrx_word' id='word_1_503' title='bbox 2588 2692 2789 2748; x_wconf 91' lang='lat' dir='ltr'>homini</span> <span class='ocrx_word' id='word_1_504' title='bbox 2820 2691 2943 2750; x_wconf 75' lang='lat' dir='ltr'>vitae</span> <span class='ocrx_word' id='word_1_505' title='bbox 2972 2695 3169 2747; x_wconf 86' lang='lat' dir='ltr'>statum</span> <span class='ocrx_word' id='word_1_506' title='bbox 3190 2691 3422 2755; x_wconf 84' lang='lat' dir='ltr'>induxit,</span> <span class='ocrx_word' id='word_1_507' title='bbox 3452 2691 3525 2745; x_wconf 89' lang='lat' dir='ltr'>ita</span> <span class='ocrx_word' id='word_1_508' title='bbox 3554 2692 3718 2746; x_wconf 91' lang='lat' dir='ltr'>homo</span> 
     </span>
    </p>
   </div>
   <div class='ocr_carea' id='block_1_72' title="bbox 2114 2781 3719 2853">
    <p class='ocr_par' dir='ltr' id='par_1_72' title="bbox 2114 2781 3719 2853">
     <span class='ocr_line' id='line_1_72' title="bbox 2114 2781 3719 2853; baseline -0.002 -12"><span class='ocrx_word' id='word_1_509' title='bbox 2114 2787 2215 2841; x_wconf 87' lang='lat' dir='ltr'>sibi</span> <span class='ocrx_word' id='word_1_510' title='bbox 2254 2786 2445 2842; x_wconf 92' lang='lat' dir='ltr'>mortis</span> <span class='ocrx_word' id='word_1_511' title='bbox 2482 2794 2676 2842; x_wconf 90' lang='lat' dir='ltr'>statum</span> <span class='ocrx_word' id='word_1_512' title='bbox 2721 2786 2976 2840; x_wconf 89' lang='lat' dir='ltr'>attraxit:</span> <span class='ocrx_word' id='word_1_513' title='bbox 3010 2791 3064 2839; x_wconf 92' lang='lat' dir='ltr'>et</span> <span class='ocrx_word' id='word_1_514' title='bbox 3119 2786 3223 2840; x_wconf 92' lang='lat' dir='ltr'>hoc</span> <span class='ocrx_word' id='word_1_515' title='bbox 3266 2800 3374 2839; x_wconf 90' lang='lat' dir='ltr'>non</span> <span class='ocrx_word' id='word_1_516' title='bbox 3428 2798 3520 2853; x_wconf 90' lang='lat' dir='ltr'>per</span> <span class='ocrx_word' id='word_1_517' title='bbox 3568 2781 3719 2838; x_wconf 88' lang='lat' dir='ltr'>inﬁr-</span> 
     </span>
    </p>
   </div>
   <div class='ocr_carea' id='block_1_73' title="bbox 2114 2872 3719 2945">
    <p class='ocr_par' dir='ltr' id='par_1_73' title="bbox 2114 2872 3719 2945">
     <span class='ocr_line' id='line_1_73' title="bbox 2114 2872 3719 2945; baseline -0.001 -17"><span class='ocrx_word' id='word_1_518' title='bbox 2114 2876 2376 2945; x_wconf 78' lang='lat' dir='ltr'>mitatem,</span> <span class='ocrx_word' id='word_1_519' title='bbox 2430 2874 2585 2929; x_wconf 91' lang='lat' dir='ltr'>sicuti</span> <span class='ocrx_word' id='word_1_520' title='bbox 2642 2890 2741 2930; x_wconf 91' lang='lat' dir='ltr'>nec</span> <span class='ocrx_word' id='word_1_521' title='bbox 2772 2890 2869 2944; x_wconf 86' lang='lat' dir='ltr'>per</span> <span class='ocrx_word' id='word_1_522' title='bbox 2924 2874 3307 2945; x_wconf 85' lang='lat' dir='ltr'>ignorantiam,</span> <span class='ocrx_word' id='word_1_523' title='bbox 3342 2890 3410 2929; x_wconf 92' lang='lat' dir='ltr'>ne</span> <span class='ocrx_word' id='word_1_524' title='bbox 3454 2872 3583 2945; x_wconf 90' lang='lat' dir='ltr'>quid</span> <span class='ocrx_word' id='word_1_525' title='bbox 3615 2888 3719 2927; x_wconf 89' lang='lat' dir='ltr'>au-</span> 
     </span>
    </p>
   </div>
   <div class='ocr_carea' id='block_1_74' title="bbox 2116 2960 3721 3033">
    <p class='ocr_par' dir='ltr' id='par_1_74' title="bbox 2116 2960 3721 3033">
     <span class='ocr_line' id='line_1_74' title="bbox 2116 2960 3721 3033; baseline -0.002 -15"><span class='ocrx_word' id='word_1_526' title='bbox 2116 2962 2251 3018; x_wconf 88' lang='lat' dir='ltr'>ctori</span> <span class='ocrx_word' id='word_1_527' title='bbox 2282 2964 2649 3032; x_wconf 90' lang='lat' dir='ltr'>imputaretur.</span> <span class='ocrx_word' id='word_1_528' title='bbox 2679 2961 2817 3017; x_wconf 92' lang='lat' dir='ltr'>Nam</span> <span class='ocrx_word' id='word_1_529' title='bbox 2845 2961 2946 3017; x_wconf 87' lang='lat' dir='ltr'>etsi</span> <span class='ocrx_word' id='word_1_530' title='bbox 2975 2964 3198 3031; x_wconf 79' lang='lat' dir='ltr'>angelus</span> <span class='ocrx_word' id='word_1_531' title='bbox 3227 2962 3318 3033; x_wconf 91' lang='lat' dir='ltr'>qui</span> <span class='ocrx_word' id='word_1_532' title='bbox 3359 2960 3589 3025; x_wconf 84' lang='lat' dir='ltr'>seduxit,</span> <span class='ocrx_word' id='word_1_533' title='bbox 3618 2961 3721 3015; x_wconf 87' lang='lat' dir='ltr'>sed</span> 
     </span>
    </p>
   </div>
   <div class='ocr_carea' id='block_1_75' title="bbox 2111 3049 3719 3123">
    <p class='ocr_par' dir='ltr' id='par_1_75' title="bbox 2111 3049 3719 3123">
     <span class='ocr_line' id='line_1_75' title="bbox 2111 3049 3719 3123; baseline -0.001 -20"><span class='ocrx_word' id='word_1_534' title='bbox 2111 3050 2246 3107; x_wconf 92' lang='lat' dir='ltr'>liber</span> <span class='ocrx_word' id='word_1_535' title='bbox 2274 3058 2324 3105; x_wconf 90' lang='lat' dir='ltr'>et</span> <span class='ocrx_word' id='word_1_536' title='bbox 2353 3067 2465 3106; x_wconf 75' lang='lat' dir='ltr'>suae</span> <span class='ocrx_word' id='word_1_537' title='bbox 2506 3049 2792 3120; x_wconf 89' lang='lat' dir='ltr'>potestatis</span> <span class='ocrx_word' id='word_1_538' title='bbox 2812 3050 2904 3121; x_wconf 92' lang='lat' dir='ltr'>qui</span> <span class='ocrx_word' id='word_1_539' title='bbox 2935 3052 3188 3106; x_wconf 90' lang='lat' dir='ltr'>seductus</span> <span class='ocrx_word' id='word_1_540' title='bbox 3210 3060 3319 3117; x_wconf 91' lang='lat' dir='ltr'>est;</span> <span class='ocrx_word' id='word_1_541' title='bbox 3344 3051 3436 3105; x_wconf 90' lang='lat' dir='ltr'>sed</span> <span class='ocrx_word' id='word_1_542' title='bbox 3468 3050 3649 3123; x_wconf 82' lang='lat' dir='ltr'>imago</span> <span class='ocrx_word' id='word_1_543' title='bbox 3667 3058 3719 3105; x_wconf 91' lang='lat' dir='ltr'>et</span> 
     </span>
    </p>
   </div>
   <div class='ocr_carea' id='block_1_76' title="bbox 2113 3139 3722 3210">
    <p class='ocr_par' dir='ltr' id='par_1_76' title="bbox 2113 3139 3722 3210">
     <span class='ocr_line' id='line_1_76' title="bbox 2113 3139 3722 3210; baseline -0.002 -15"><span class='ocrx_word' id='word_1_544' title='bbox 2113 3141 2400 3196; x_wconf 91' lang='lat' dir='ltr'>similitudo</span> <span class='ocrx_word' id='word_1_545' title='bbox 2431 3140 2552 3209; x_wconf 92' lang='lat' dir='ltr'>Dei,</span> <span class='ocrx_word' id='word_1_546' title='bbox 2581 3139 2769 3196; x_wconf 90' lang='lat' dir='ltr'>fortior</span> <span class='ocrx_word' id='word_1_547' title='bbox 2796 3140 3027 3210; x_wconf 82' lang='lat' dir='ltr'>angelo;</span> <span class='ocrx_word' id='word_1_548' title='bbox 3061 3140 3158 3195; x_wconf 93' lang='lat' dir='ltr'>sed</span> <span class='ocrx_word' id='word_1_549' title='bbox 3200 3140 3407 3196; x_wconf 82' lang='lat' dir='ltr'>afﬂatus</span> <span class='ocrx_word' id='word_1_550' title='bbox 3424 3139 3524 3195; x_wconf 92' lang='lat' dir='ltr'>Dei</span> <span class='ocrx_word' id='word_1_551' title='bbox 3552 3154 3722 3210; x_wconf 86' lang='lat' dir='ltr'>gene-</span> 
     </span>
    </p>
   </div>
   <div class='ocr_carea' id='block_1_77' title="bbox 2114 3228 3720 3301">
    <p class='ocr_par' dir='ltr' id='par_1_77' title="bbox 2114 3228 3720 3301">
     <span class='ocr_line' id='line_1_77' title="bbox 2114 3228 3720 3301; baseline -0.004 -15"><span class='ocrx_word' id='word_1_552' title='bbox 2114 3230 2291 3287; x_wconf 91' lang='lat' dir='ltr'>rosior</span> <span class='ocrx_word' id='word_1_553' title='bbox 2320 3228 2508 3299; x_wconf 90' lang='lat' dir='ltr'>spiritu</span> <span class='ocrx_word' id='word_1_554' title='bbox 2557 3228 2835 3295; x_wconf 87' lang='lat' dir='ltr'>materiali,</span> <span class='ocrx_word' id='word_1_555' title='bbox 2896 3243 3003 3299; x_wconf 90' lang='lat' dir='ltr'>quo</span> <span class='ocrx_word' id='word_1_556' title='bbox 3048 3229 3244 3301; x_wconf 86' lang='lat' dir='ltr'>angeli,</span> <span class='ocrx_word' id='word_1_557' title='bbox 3287 3228 3720 3285; x_wconf 60' lang='lat' dir='ltr'>constituerunt:</span> 
     </span>
    </p>
   </div>
   <div class='ocr_carea' id='block_1_78' title="bbox 2121 3316 3723 3389">
    <p class='ocr_par' dir='ltr' id='par_1_78' title="bbox 2121 3316 3723 3389">
     <span class='ocr_line' id='line_1_78' title="bbox 2121 3316 3723 3389; baseline -0.004 -13"><span class='ocrx_word' id='word_1_558' title='bbox 2121 3321 2228 3389; x_wconf 82' lang='lat' dir='ltr'>Qui</span> <span class='ocrx_word' id='word_1_559' title='bbox 2254 3320 2419 3388; x_wconf 83' lang='lat' dir='ltr'>facit,</span> <span class='ocrx_word' id='word_1_560' title='bbox 2450 3317 2624 3387; x_wconf 89' lang='lat' dir='ltr'>inquit</span> <span class='ocrx_word' id='word_1_561' title='bbox 2653 3318 2823 3386; x_wconf 84' lang='lat' dir='ltr'>(Psal.</span> <span class='ocrx_word' id='word_1_562' title='bbox 2849 3332 2972 3381; x_wconf 84' lang='lat' dir='ltr'>cm,</span> <span class='ocrx_word' id='word_1_563' title='bbox 3004 3319 3068 3382; x_wconf 73' lang='grc' dir='ltr'>ὃς</span> <span class='ocrx_word' id='word_1_564' title='bbox 3118 3319 3277 3373; x_wconf 85' lang='lat' dir='ltr'>Hebr.</span> <span class='ocrx_word' id='word_1_565' title='bbox 3310 3332 3350 3383; x_wconf 82' lang='grc' dir='ltr'>ι,</span> <span class='ocrx_word' id='word_1_566' title='bbox 3382 3316 3723 3389; x_wconf 82' lang='lat' dir='ltr'>7),spiritus</span> 
     </span>
    </p>
   </div>
   <div class='ocr_carea' id='block_1_79' title="bbox 2115 3404 3729 3480">
    <p class='ocr_par' dir='ltr' id='par_1_79' title="bbox 2115 3404 3729 3480">
     <span class='ocr_line' id='line_1_79' title="bbox 2115 3404 3729 3480; baseline -0.001 -17"><span class='ocrx_word' id='word_1_567' title='bbox 2115 3408 2341 3480; x_wconf 80' lang='lat' dir='ltr'>angelos</span> <span class='ocrx_word' id='word_1_568' title='bbox 2371 3410 2427 3463; x_wconf 86' lang='lat' dir='ltr'>et</span> <span class='ocrx_word' id='word_1_569' title='bbox 2443 3408 2791 3477; x_wconf 82' lang='lat' dir='ltr'>apparitores</span> <span class='ocrx_word' id='word_1_570' title='bbox 2812 3408 3106 3475; x_wconf 84' lang='lat' dir='ltr'>ﬂammam</span> <span class='ocrx_word' id='word_1_571' title='bbox 3128 3408 3275 3479; x_wconf 84' lang='lat' dir='ltr'>ignis</span> <span class='ocrx_word' id='word_1_572' title='bbox 3298 3407 3437 3475; x_wconf 83' lang='lat'><strong>(28).</strong></span> <span class='ocrx_word' id='word_1_573' title='bbox 3459 3404 3599 3473; x_wconf 84' lang='lat' dir='ltr'>Quia</span> <span class='ocrx_word' id='word_1_574' title='bbox 3618 3420 3729 3461; x_wconf 88' lang='lat' dir='ltr'>nec</span> 
     </span>
    </p>
   </div>
   <div class='ocr_carea' id='block_1_80' title="bbox 2118 3493 3724 3563">
    <p class='ocr_par' dir='ltr' id='par_1_80' title="bbox 2118 3493 3724 3563">
     <span class='ocr_line' id='line_1_80' title="bbox 2118 3493 3724 3563; baseline -0.003 -12"><span class='ocrx_word' id='word_1_575' title='bbox 2118 3496 2531 3551; x_wconf 90' lang='lat' dir='ltr'>universitatem</span> <span class='ocrx_word' id='word_1_576' title='bbox 2563 3494 2767 3549; x_wconf 88' lang='lat' dir='ltr'>homini</span> <span class='ocrx_word' id='word_1_577' title='bbox 2801 3494 3123 3562; x_wconf 75' lang='lat' dir='ltr'>subiecisset</span> <span class='ocrx_word' id='word_1_578' title='bbox 3144 3495 3356 3551; x_wconf 84' lang='lat' dir='ltr'>inﬁrmo</span> <span class='ocrx_word' id='word_1_579' title='bbox 3383 3493 3724 3563; x_wconf 88' lang='lat' dir='ltr'>dominandi,</span> 
     </span>
    </p>
   </div>
   <div class='ocr_carea' id='block_1_81' title="bbox 2119 3581 3729 3657">
    <p class='ocr_par' dir='ltr' id='par_1_81' title="bbox 2119 3581 3729 3657">
     <span class='ocr_line' id='line_1_81' title="bbox 2119 3581 3729 3657; baseline -0.003 -16"><span class='ocrx_word' id='word_1_580' title='bbox 2119 3595 2173 3641; x_wconf 91' lang='lat' dir='ltr'>et</span> <span class='ocrx_word' id='word_1_581' title='bbox 2200 3600 2307 3640; x_wconf 90' lang='lat' dir='ltr'>non</span> <span class='ocrx_word' id='word_1_582' title='bbox 2338 3583 2531 3654; x_wconf 88' lang='lat' dir='ltr'>potiori</span> <span class='ocrx_word' id='word_1_583' title='bbox 2562 3583 2788 3657; x_wconf 89' lang='lat' dir='ltr'>angelis,</span> <span class='ocrx_word' id='word_1_584' title='bbox 2816 3582 3016 3655; x_wconf 90' lang='lat' dir='ltr'>quibus</span> <span class='ocrx_word' id='word_1_585' title='bbox 3046 3584 3178 3638; x_wconf 87' lang='lat' dir='ltr'>nihil</span> <span class='ocrx_word' id='word_1_586' title='bbox 3209 3584 3311 3638; x_wconf 91' lang='lat' dir='ltr'>tale</span> <span class='ocrx_word' id='word_1_587' title='bbox 3342 3582 3608 3651; x_wconf 87' lang='lat' dir='ltr'>subjecit;</span> <span class='ocrx_word' id='word_1_588' title='bbox 3642 3581 3729 3637; x_wconf 89' lang='lat' dir='ltr'>sic</span> 
     </span>
    </p>
   </div>
   <div class='ocr_carea' id='block_1_82' title="bbox 2120 3669 3727 3744">
    <p class='ocr_par' dir='ltr' id='par_1_82' title="bbox 2120 3669 3727 3744">
     <span class='ocr_line' id='line_1_82' title="bbox 2120 3669 3727 3744; baseline -0.002 -16"><span class='ocrx_word' id='word_1_589' title='bbox 2120 3689 2220 3729; x_wconf 91' lang='lat' dir='ltr'>nec</span> <span class='ocrx_word' id='word_1_590' title='bbox 2249 3673 2386 3744; x_wconf 88' lang='lat' dir='ltr'>legis</span> <span class='ocrx_word' id='word_1_591' title='bbox 2415 3671 2630 3743; x_wconf 90' lang='lat' dir='ltr'>pondus</span> <span class='ocrx_word' id='word_1_592' title='bbox 2660 3671 3029 3741; x_wconf 86' lang='lat' dir='ltr'>imposuisset,</span> <span class='ocrx_word' id='word_1_593' title='bbox 3070 3672 3113 3727; x_wconf 94' lang='lat' dir='ltr'>si</span> <span class='ocrx_word' id='word_1_594' title='bbox 3145 3672 3325 3744; x_wconf 89' lang='lat' dir='ltr'>gravis</span> <span class='ocrx_word' id='word_1_595' title='bbox 3370 3671 3456 3726; x_wconf 87' lang='lat' dir='ltr'>lex</span> <span class='ocrx_word' id='word_1_596' title='bbox 3487 3669 3727 3725; x_wconf 89' lang='lat' dir='ltr'>invalido</span> 
     </span>
    </p>
   </div>
   <div class='ocr_carea' id='block_1_83' title="bbox 2123 3759 3732 3831">
    <p class='ocr_par' dir='ltr' id='par_1_83' title="bbox 2123 3759 3732 3831">
     <span class='ocr_line' id='line_1_83' title="bbox 2123 3759 3732 3831; baseline -0.001 -14"><span class='ocrx_word' id='word_1_597' title='bbox 2123 3761 2453 3825; x_wconf 89' lang='lat' dir='ltr'>sustinendi;</span> <span class='ocrx_word' id='word_1_598' title='bbox 2512 3776 2612 3816; x_wconf 90' lang='lat' dir='ltr'>nec</span> <span class='ocrx_word' id='word_1_599' title='bbox 2660 3776 2819 3831; x_wconf 90' lang='lat' dir='ltr'>quem</span> <span class='ocrx_word' id='word_1_600' title='bbox 2874 3761 3234 3817; x_wconf 84' lang='lat' dir='ltr'>excusabilem</span> <span class='ocrx_word' id='word_1_601' title='bbox 3288 3760 3450 3817; x_wconf 92' lang='lat' dir='ltr'>sciret</span> <span class='ocrx_word' id='word_1_602' title='bbox 3504 3759 3732 3815; x_wconf 89' lang='lat' dir='ltr'>nomine</span> 
     </span>
    </p>
   </div>
   <div class='ocr_carea' id='block_1_84' title="bbox 2124 3847 3723 3915">
    <p class='ocr_par' dir='ltr' id='par_1_84' title="bbox 2124 3847 3723 3915">
     <span class='ocr_line' id='line_1_84' title="bbox 2124 3847 3723 3915; baseline -0.003 -10"><span class='ocrx_word' id='word_1_603' title='bbox 2124 3850 2524 3915; x_wconf 89' lang='lat' dir='ltr'>imbecillitatis,</span> <span class='ocrx_word' id='word_1_604' title='bbox 2556 3865 2679 3904; x_wconf 91' lang='lat' dir='ltr'>eum</span> <span class='ocrx_word' id='word_1_605' title='bbox 2702 3850 2751 3888; x_wconf 76' lang='lat'>33</span> <span class='ocrx_word' id='word_1_606' title='bbox 2781 3847 3093 3906; x_wconf 88' lang='lat' dir='ltr'>deﬁnitione</span> <span class='ocrx_word' id='word_1_607' title='bbox 3124 3849 3311 3905; x_wconf 86' lang='lat' dir='ltr'>mortis</span> <span class='ocrx_word' id='word_1_608' title='bbox 3350 3847 3723 3913; x_wconf 85' lang='lat' dir='ltr'>convenisset;</span> 
     </span>
    </p>
   </div>
   <div class='ocr_carea' id='block_1_85' title="bbox 2126 3935 3733 4011">
    <p class='ocr_par' dir='ltr' id='par_1_85' title="bbox 2126 3935 3733 4011">
     <span class='ocr_line' id='line_1_85' title="bbox 2126 3935 3733 4011; baseline -0.002 -16"><span class='ocrx_word' id='word_1_609' title='bbox 2126 3950 2415 4011; x_wconf 86' lang='lat' dir='ltr'>postremo,</span> <span class='ocrx_word' id='word_1_610' title='bbox 2456 3953 2564 3993; x_wconf 88' lang='lat' dir='ltr'>non</span> <span class='ocrx_word' id='word_1_611' title='bbox 2599 3938 2865 4009; x_wconf 91' lang='lat' dir='ltr'>libertate,</span> <span class='ocrx_word' id='word_1_612' title='bbox 2923 3954 3025 3996; x_wconf 87' lang='lat' dir='ltr'>nec</span> <span class='ocrx_word' id='word_1_613' title='bbox 3070 3946 3335 4008; x_wconf 88' lang='lat' dir='ltr'>potestate</span> <span class='ocrx_word' id='word_1_614' title='bbox 3381 3935 3586 3992; x_wconf 89' lang='lat' dir='ltr'>arbitrii</span> <span class='ocrx_word' id='word_1_615' title='bbox 3643 3936 3733 3992; x_wconf 85' lang='lat' dir='ltr'>fe-</span> 
     </span>
    </p>
   </div>
   <div class='ocr_carea' id='block_1_86' title="bbox 2127 4026 3732 4099">
    <p class='ocr_par' dir='ltr' id='par_1_86' title="bbox 2127 4026 3732 4099">
     <span class='ocr_line' id='line_1_86' title="bbox 2127 4026 3732 4099; baseline -0.002 -15"><span class='ocrx_word' id='word_1_616' title='bbox 2127 4029 2285 4084; x_wconf 91' lang='lat' dir='ltr'>cisset</span> <span class='ocrx_word' id='word_1_617' title='bbox 2304 4027 2596 4093; x_wconf 87' lang='lat' dir='ltr'>inﬁrmum,</span> <span class='ocrx_word' id='word_1_618' title='bbox 2629 4029 2725 4083; x_wconf 85' lang='lat' dir='ltr'>sed</span> <span class='ocrx_word' id='word_1_619' title='bbox 2764 4028 2945 4099; x_wconf 90' lang='lat' dir='ltr'>potius</span> <span class='ocrx_word' id='word_1_620' title='bbox 2972 4026 3275 4084; x_wconf 89' lang='lat' dir='ltr'>defectione</span> <span class='ocrx_word' id='word_1_621' title='bbox 3306 4042 3517 4083; x_wconf 87' lang='lat' dir='ltr'>earum.</span> <span class='ocrx_word' id='word_1_622' title='bbox 3544 4027 3732 4096; x_wconf 80' lang='lat' dir='ltr'>Atque</span> 
     </span>
    </p>
   </div>
   <div class='ocr_carea' id='block_1_87' title="bbox 2129 4115 3735 4185">
    <p class='ocr_par' dir='ltr' id='par_1_87' title="bbox 2129 4115 3735 4185">
     <span class='ocr_line' id='line_1_87' title="bbox 2129 4115 3735 4185; baseline -0.002 -12"><span class='ocrx_word' id='word_1_623' title='bbox 2129 4119 2263 4175; x_wconf 91' lang='lat' dir='ltr'>adeo</span> <span class='ocrx_word' id='word_1_624' title='bbox 2291 4117 2541 4173; x_wconf 90' lang='lat' dir='ltr'>eumdem</span> <span class='ocrx_word' id='word_1_625' title='bbox 2592 4116 2886 4185; x_wconf 89' lang='lat' dir='ltr'>hominem,</span> <span class='ocrx_word' id='word_1_626' title='bbox 2938 4116 3186 4172; x_wconf 89' lang='lat' dir='ltr'>eamdem</span> <span class='ocrx_word' id='word_1_627' title='bbox 3234 4115 3587 4171; x_wconf 89' lang='lat' dir='ltr'>substantiam</span> <span class='ocrx_word' id='word_1_628' title='bbox 3607 4115 3735 4169; x_wconf 87' lang='lat' dir='ltr'>ani-</span> 
     </span>
    </p>
   </div>
   <div class='ocr_carea' id='block_1_88' title="bbox 2131 4202 3732 4275">
    <p class='ocr_par' dir='ltr' id='par_1_88' title="bbox 2131 4202 3732 4275">
     <span class='ocr_line' id='line_1_88' title="bbox 2131 4202 3732 4275; baseline -0.003 -14"><span class='ocrx_word' id='word_1_629' title='bbox 2131 4223 2252 4274; x_wconf 82' lang='lat' dir='ltr'>mae,</span> <span class='ocrx_word' id='word_1_630' title='bbox 2294 4206 2541 4263; x_wconf 91' lang='lat' dir='ltr'>eumdem</span> <span class='ocrx_word' id='word_1_631' title='bbox 2572 4204 2705 4261; x_wconf 70' lang='lat' dir='ltr'>Adae</span> <span class='ocrx_word' id='word_1_632' title='bbox 2742 4213 2960 4275; x_wconf 87' lang='lat' dir='ltr'>statum,</span> <span class='ocrx_word' id='word_1_633' title='bbox 3009 4204 3197 4261; x_wconf 90' lang='lat' dir='ltr'>eadem</span> <span class='ocrx_word' id='word_1_634' title='bbox 3255 4203 3458 4259; x_wconf 86' lang='lat' dir='ltr'>arbitrii</span> <span class='ocrx_word' id='word_1_635' title='bbox 3503 4202 3732 4258; x_wconf 90' lang='lat' dir='ltr'>libertas</span> 
     </span>
    </p>
   </div>
   <div class='ocr_carea' id='block_1_89' title="bbox 492 4304 3733 4455">
    <p class='ocr_par' dir='ltr' id='par_1_89' title="bbox 492 4304 3733 4455">
     <span class='ocr_line' id='line_1_89' title="bbox 492 4304 3733 4455; baseline -0.001 -16"><span class='ocrx_word' id='word_1_636' title='bbox 492 4384 541 4422; x_wconf 84' lang='lat'>33</span> <span class='ocrx_word' id='word_1_637' title='bbox 598 4384 845 4441; x_wconf 88' lang='lat' dir='ltr'>Ostendit</span> <span class='ocrx_word' id='word_1_638' title='bbox 874 4384 1097 4455; x_wconf 75' lang='lat' dir='ltr'>Pamel.</span> <span class='ocrx_word' id='word_1_639' title='bbox 1139 4383 1309 4439; x_wconf 82' lang='lat' dir='ltr'>Seml.</span> <span class='ocrx_word' id='word_1_640' title='bbox 1343 4382 1606 4455; x_wconf 43' lang='lat' dir='ltr'>3’sllabcs</span> <span class='ocrx_word' id='word_1_641' title='bbox 1643 4387 1775 4455; x_wconf 81' lang='lat' dir='ltr'>Jun.</span> <span class='ocrx_word' id='word_1_642' title='bbox 1796 4304 2372 4441; x_wconf 41' lang='lat' dir='ltr'>gagieiuifcriiaiifs&#39;ao</span> <span class='ocrx_word' id='word_1_643' title='bbox 2408 4384 2770 4455; x_wconf 87' lang='lat' dir='ltr'>Depunxisset</span> <span class='ocrx_word' id='word_1_644' title='bbox 2816 4384 3030 4442; x_wconf 86' lang='lat' dir='ltr'>Pamel.</span> <span class='ocrx_word' id='word_1_645' title='bbox 3068 4386 3238 4441; x_wconf 82' lang='lat' dir='ltr'>Seml.</span> <span class='ocrx_word' id='word_1_646' title='bbox 3303 4380 3525 4441; x_wconf 83' lang='lat' dir='ltr'>Oberth.</span> <span class='ocrx_word' id='word_1_647' title='bbox 3578 4380 3624 4418; x_wconf 77' lang='grc'>³⁷</span> <span class='ocrx_word' id='word_1_648' title='bbox 3661 4383 3733 4437; x_wconf 92' lang='lat' dir='ltr'>Ut</span> 
     </span>
    </p>
   </div>
   <div class='ocr_carea' id='block_1_90' title="bbox 424 4454 2585 4527">
    <p class='ocr_par' dir='ltr' id='par_1_90' title="bbox 424 4454 2585 4527">
     <span class='ocr_line' id='line_1_90' title="bbox 424 4454 2585 4527; baseline 0.001 -17"><span class='ocrx_word' id='word_1_649' title='bbox 424 4455 529 4527; x_wconf 90' lang='lat' dir='ltr'>ipsi</span> <span class='ocrx_word' id='word_1_650' title='bbox 570 4458 692 4527; x_wconf 86' lang='lat' dir='ltr'>Rig.</span> <span class='ocrx_word' id='word_1_651' title='bbox 725 4458 913 4511; x_wconf 79' lang='lat' dir='ltr'>Latin.</span> <span class='ocrx_word' id='word_1_652' title='bbox 957 4461 1014 4509; x_wconf 91' lang='lat' dir='ltr'>ut</span> <span class='ocrx_word' id='word_1_653' title='bbox 1044 4454 1193 4510; x_wconf 83' lang='lat' dir='ltr'>abest</span> <span class='ocrx_word' id='word_1_654' title='bbox 1224 4454 1438 4510; x_wconf 82' lang='lat' dir='ltr'>Pamel.</span> <span class='ocrx_word' id='word_1_655' title='bbox 1475 4456 1644 4511; x_wconf 83' lang='lat' dir='ltr'>Seml.</span> <span class='ocrx_word' id='word_1_656' title='bbox 1678 4456 1726 4493; x_wconf 77' lang='grc'>³⁸</span> <span class='ocrx_word' id='word_1_657' title='bbox 1753 4454 1887 4527; x_wconf 87' lang='lat' dir='ltr'>Cum</span> <span class='ocrx_word' id='word_1_658' title='bbox 1917 4456 2126 4513; x_wconf 74' lang='lat' dir='ltr'>Parnel.</span> <span class='ocrx_word' id='word_1_659' title='bbox 2164 4459 2333 4513; x_wconf 82' lang='lat' dir='ltr'>Seml.</span> <span class='ocrx_word' id='word_1_660' title='bbox 2365 4454 2585 4513; x_wconf 25' lang='lat' dir='ltr'>Ober’lh.</span> 
     </span>
    </p>
   </div>
   <div class='ocr_carea' id='block_1_91' title="bbox 1826 4526 2324 4591">
    <p class='ocr_par' dir='ltr' id='par_1_91' title="bbox 1826 4526 2324 4591">
     <span class='ocr_line' id='line_1_91' title="bbox 1826 4526 2324 4591; baseline 0.004 -2"><span class='ocrx_word' id='word_1_661' title='bbox 1826 4526 2324 4591; x_wconf 90' lang='lat' dir='ltr'>Commentarius.</span> 
     </span>
    </p>
   </div>
   <div class='ocr_carea' id='block_1_92' title="bbox 496 4606 2100 4702">
    <p class='ocr_par' dir='ltr' id='par_1_92' title="bbox 496 4606 2100 4702">
     <span class='ocr_line' id='line_1_92' title="bbox 496 4606 2100 4702; baseline -0.002 -38"><span class='ocrx_word' id='word_1_662' title='bbox 496 4610 799 4702; x_wconf 58' lang='lat' dir='ltr'>(24)LNihil</span> <span class='ocrx_word' id='word_1_663' title='bbox 820 4628 853 4666; x_wconf 91' lang='lat' dir='ltr'>a</span> <span class='ocrx_word' id='word_1_664' title='bbox 882 4613 989 4702; x_wconf 70' lang='grc' dir='ltr'>ζ)ςο</span> <span class='ocrx_word' id='word_1_665' title='bbox 1015 4606 1159 4702; x_wconf 65' lang='lat' dir='ltr'>mali</span> <span class='ocrx_word' id='word_1_666' title='bbox 1179 4607 1694 4702; x_wconf 50' lang='lat' dir='ltr'>euenirepgtgtisse,</span> <span class='ocrx_word' id='word_1_667' title='bbox 1713 4606 2023 4702; x_wconf 48' lang='lat' dir='ltr'>etc.J__I:acit</span> <span class='ocrx_word' id='word_1_668' title='bbox 2054 4626 2100 4702; x_wconf 70' lang='grc' dir='ltr'><strong>Β</strong></span> 
     </span>
    </p>
   </div>
   <div class='ocr_carea' id='block_1_93' title="bbox 423 4677 2024 4761">
    <p class='ocr_par' dir='ltr' id='par_1_93' title="bbox 423 4677 2024 4761">
     <span class='ocr_line' id='line_1_93' title="bbox 423 4677 2024 4761; baseline -0.002 -26"><span class='ocrx_word' id='word_1_669' title='bbox 423 4677 717 4761; x_wconf 46' lang='grc' dir='ltr'>ριίἐιμηςὴοα</span> <span class='ocrx_word' id='word_1_670' title='bbox 736 4691 788 4737; x_wconf 91' lang='lat' dir='ltr'>et</span> <span class='ocrx_word' id='word_1_671' title='bbox 816 4681 1077 4761; x_wconf 81' lang='lat' dir='ltr'>quidquid</span> <span class='ocrx_word' id='word_1_672' title='bbox 1120 4678 1290 4761; x_wconf 88' lang='lat' dir='ltr'>capite</span> <span class='ocrx_word' id='word_1_673' title='bbox 1319 4677 1686 4761; x_wconf 77' lang='lat' dir='ltr'>praecedenti,</span> <span class='ocrx_word' id='word_1_674' title='bbox 1719 4687 1782 4761; x_wconf 35' lang='lat' dir='ltr'>cit</span> <span class='ocrx_word' id='word_1_675' title='bbox 1811 4677 2024 4761; x_wconf 75' lang='lat' dir='ltr'>duobus</span> 
     </span>
    </p>
   </div>
   <div class='ocr_carea' id='block_1_94' title="bbox 423 4748 2020 4824">
    <p class='ocr_par' dir='ltr' id='par_1_94' title="bbox 423 4748 2020 4824">
     <span class='ocr_line' id='line_1_94' title="bbox 423 4748 2020 4824; baseline -0.003 -17"><span class='ocrx_word' id='word_1_676' title='bbox 423 4752 685 4824; x_wconf 78' lang='lat' dir='ltr'>capitibus</span> <span class='ocrx_word' id='word_1_677' title='bbox 732 4748 1084 4824; x_wconf 79' lang='lat' dir='ltr'>sequentibus</span> <span class='ocrx_word' id='word_1_678' title='bbox 1147 4748 1422 4824; x_wconf 83' lang='lat' dir='ltr'>tractatur,</span> <span class='ocrx_word' id='word_1_679' title='bbox 1481 4760 1665 4805; x_wconf 88' lang='lat' dir='ltr'>contra</span> <span class='ocrx_word' id='word_1_680' title='bbox 1711 4748 2020 4824; x_wconf 88' lang='lat' dir='ltr'>_Calvinum</span> 
     </span>
    </p>
   </div>
   <div class='ocr_carea' id='block_1_95' title="bbox 422 4820 2020 4894">
    <p class='ocr_par' dir='ltr' id='par_1_95' title="bbox 422 4820 2020 4894">
     <span class='ocr_line' id='line_1_95' title="bbox 422 4820 2020 4894; baseline -0.001 -17"><span class='ocrx_word' id='word_1_681' title='bbox 422 4820 655 4878; x_wconf 47' lang='lat' dir='ltr'>et’alios</span> <span class='ocrx_word' id='word_1_682' title='bbox 725 4820 829 4894; x_wconf 78' lang='lat' dir='ltr'>qui</span> <span class='ocrx_word' id='word_1_683' title='bbox 870 4826 1041 4879; x_wconf 88' lang='lat' dir='ltr'>Deum</span> <span class='ocrx_word' id='word_1_684' title='bbox 1103 4823 1363 4877; x_wconf 89' lang='lat' dir='ltr'>malorum</span> <span class='ocrx_word' id='word_1_685' title='bbox 1395 4828 1666 4876; x_wconf 89' lang='lat' dir='ltr'>auctorem</span> <span class='ocrx_word' id='word_1_686' title='bbox 1705 4820 1881 4875; x_wconf 82' lang='lat' dir='ltr'>facere</span> <span class='ocrx_word' id='word_1_687' title='bbox 1912 4836 2020 4876; x_wconf 91' lang='lat' dir='ltr'>non</span> 
     </span>
    </p>
   </div>
   <div class='ocr_carea' id='block_1_96' title="bbox 422 4896 879 4952">
    <p class='ocr_par' dir='ltr' id='par_1_96' title="bbox 422 4896 879 4952">
     <span class='ocr_line' id='line_1_96' title="bbox 422 4896 879 4952; baseline 0.002 -4"><span class='ocrx_word' id='word_1_688' title='bbox 422 4901 689 4948; x_wconf 89' lang='lat' dir='ltr'>verentur.</span> <span class='ocrx_word' id='word_1_689' title='bbox 738 4896 879 4952; x_wconf 78' lang='lat' dir='ltr'>PAM.</span> 
     </span>
    </p>
   </div>
   <div class='ocr_carea' id='block_1_97' title="bbox 495 4962 2023 5039">
    <p class='ocr_par' dir='ltr' id='par_1_97' title="bbox 495 4962 2023 5039">
     <span class='ocr_line' id='line_1_97' title="bbox 495 4962 2023 5039; baseline 0 -22"><span class='ocrx_word' id='word_1_690' title='bbox 495 4964 608 5034; x_wconf 75' lang='grc'>(25)</span> <span class='ocrx_word' id='word_1_691' title='bbox 640 4968 933 5039; x_wconf 12' lang='grc' dir='ltr'>ΔΡενῄιμιαε</span> <span class='ocrx_word' id='word_1_692' title='bbox 969 4964 1351 5039; x_wconf 76' lang='lat' dir='ltr'>intercessisse</span> <span class='ocrx_word' id='word_1_693' title='bbox 1382 4965 1672 5039; x_wconf 66' lang='lat' dir='ltr'>potuisset,</span> <span class='ocrx_word' id='word_1_694' title='bbox 1722 4962 2023 5039; x_wconf 80' lang='lat' dir='ltr'>Intercede-</span> 
     </span>
    </p>
   </div>
   <div class='ocr_carea' id='block_1_98' title="bbox 422 5033 2020 5105">
    <p class='ocr_par' dir='ltr' id='par_1_98' title="bbox 422 5033 2020 5105">
     <span class='ocr_line' id='line_1_98' title="bbox 422 5033 2020 5105; baseline 0 -18"><span class='ocrx_word' id='word_1_695' title='bbox 422 5033 551 5089; x_wconf 86' lang='lat' dir='ltr'>bant</span> <span class='ocrx_word' id='word_1_696' title='bbox 583 5036 783 5092; x_wconf 90' lang='lat' dir='ltr'>tribuni</span> <span class='ocrx_word' id='word_1_697' title='bbox 807 5033 1033 5093; x_wconf 78' lang='lat' dir='ltr'>senatus</span> <span class='ocrx_word' id='word_1_698' title='bbox 1089 5033 1347 5090; x_wconf 88' lang='lat' dir='ltr'>consultis</span> <span class='ocrx_word' id='word_1_699' title='bbox 1382 5033 1533 5105; x_wconf 78' lang='lat' dir='ltr'>apud</span> <span class='ocrx_word' id='word_1_700' title='bbox 1565 5035 1858 5097; x_wconf 84' lang='lat' dir='ltr'>Romanos,</span> <span class='ocrx_word' id='word_1_701' title='bbox 1893 5034 2020 5088; x_wconf 91' lang='lat' dir='ltr'>dum</span> 
     </span>
    </p>
   </div>
   <div class='ocr_carea' id='block_1_99' title="bbox 424 5105 2022 5163">
    <p class='ocr_par' dir='ltr' id='par_1_99' title="bbox 424 5105 2022 5163">
     <span class='ocr_line' id='line_1_99' title="bbox 424 5105 2022 5163; baseline 0 -4"><span class='ocrx_word' id='word_1_702' title='bbox 424 5106 708 5162; x_wconf 82' lang='lat' dir='ltr'>obstabant</span> <span class='ocrx_word' id='word_1_703' title='bbox 745 5125 810 5163; x_wconf 90' lang='lat' dir='ltr'>ue</span> <span class='ocrx_word' id='word_1_704' title='bbox 863 5108 1066 5163; x_wconf 88' lang='lat' dir='ltr'>ﬁerent.</span> <span class='ocrx_word' id='word_1_705' title='bbox 1100 5107 1190 5161; x_wconf 91' lang='lat' dir='ltr'>Sic</span> <span class='ocrx_word' id='word_1_706' title='bbox 1218 5115 1271 5160; x_wconf 91' lang='lat' dir='ltr'>et</span> <span class='ocrx_word' id='word_1_707' title='bbox 1328 5120 1483 5160; x_wconf 90' lang='lat' dir='ltr'>mox:</span> <span class='ocrx_word' id='word_1_708' title='bbox 1519 5126 1541 5156; x_wconf 76' lang='grc' dir='ltr'><strong><em>α</em></strong></span> <span class='ocrx_word' id='word_1_709' title='bbox 1597 5105 1652 5159; x_wconf 90' lang='lat' dir='ltr'>Si</span> <span class='ocrx_word' id='word_1_710' title='bbox 1683 5105 1827 5159; x_wconf 91' lang='lat' dir='ltr'>enim</span> <span class='ocrx_word' id='word_1_711' title='bbox 1855 5105 2022 5161; x_wconf 81' lang='lat' dir='ltr'>inter-</span> 
     </span>
    </p>
   </div>
   <div class='ocr_carea' id='block_1_100' title="bbox 427 5179 997 5234">
    <p class='ocr_par' dir='ltr' id='par_1_100' title="bbox 427 5179 997 5234">
     <span class='ocr_line' id='line_1_100' title="bbox 427 5179 997 5234; baseline 0 -3"><span class='ocrx_word' id='word_1_712' title='bbox 427 5179 702 5233; x_wconf 91' lang='lat' dir='ltr'>cessisset.</span> <span class='ocrx_word' id='word_1_713' title='bbox 740 5201 763 5229; x_wconf 81' lang='grc'><strong>»</strong></span> <span class='ocrx_word' id='word_1_714' title='bbox 815 5181 997 5234; x_wconf 71' lang='grc' dir='ltr'>ΒΗΕΝ.</span> 
     </span>
    </p>
   </div>
   <div class='ocr_carea' id='block_1_101' title="bbox 499 5264 2021 5338">
    <p class='ocr_par' dir='ltr' id='par_1_101' title="bbox 499 5264 2021 5338">
     <span class='ocr_line' id='line_1_101' title="bbox 499 5264 2021 5338; baseline -0.001 -18"><span class='ocrx_word' id='word_1_715' title='bbox 499 5271 613 5337; x_wconf 87' lang='grc'>(26)</span> <span class='ocrx_word' id='word_1_716' title='bbox 640 5269 938 5325; x_wconf 79' lang='lat' dir='ltr'>Calabrum</span> <span class='ocrx_word' id='word_1_717' title='bbox 954 5268 1521 5338; x_wconf 78' lang='lat' dir='ltr'>circumscriptorem.</span> <span class='ocrx_word' id='word_1_718' title='bbox 1540 5266 1653 5320; x_wconf 84' lang='lat' dir='ltr'>Hoc</span> <span class='ocrx_word' id='word_1_719' title='bbox 1671 5273 1752 5320; x_wconf 90' lang='lat' dir='ltr'>est</span> <span class='ocrx_word' id='word_1_720' title='bbox 1771 5264 2021 5335; x_wconf 88' lang='lat' dir='ltr'>decepto-</span> 
     </span>
    </p>
   </div>
   <div class='ocr_carea' id='block_1_102' title="bbox 426 5336 2018 5409">
    <p class='ocr_par' dir='ltr' id='par_1_102' title="bbox 426 5336 2018 5409">
     <span class='ocr_line' id='line_1_102' title="bbox 426 5336 2018 5409; baseline -0.003 -15"><span class='ocrx_word' id='word_1_721' title='bbox 426 5356 561 5394; x_wconf 90' lang='lat' dir='ltr'>rem.</span> <span class='ocrx_word' id='word_1_722' title='bbox 591 5340 882 5406; x_wconf 72' lang='lat' dir='ltr'>Iuvenalis,</span> <span class='ocrx_word' id='word_1_723' title='bbox 927 5340 1039 5395; x_wconf 91' lang='lat' dir='ltr'>Sat.</span> <span class='ocrx_word' id='word_1_724' title='bbox 1073 5356 1169 5405; x_wconf 85' lang='lat' dir='ltr'>xv,</span> <span class='ocrx_word' id='word_1_725' title='bbox 1206 5362 1227 5389; x_wconf 73' lang='grc' dir='ltr'>ο(</span> <span class='ocrx_word' id='word_1_726' title='bbox 1272 5336 1533 5409; x_wconf 81' lang='lat' dir='ltr'>pupillum</span> <span class='ocrx_word' id='word_1_727' title='bbox 1562 5339 1625 5409; x_wconf 84' lang='lat' dir='ltr'>ad</span> <span class='ocrx_word' id='word_1_728' title='bbox 1652 5338 1779 5405; x_wconf 90' lang='lat' dir='ltr'>jura</span> <span class='ocrx_word' id='word_1_729' title='bbox 1817 5352 2018 5409; x_wconf 88' lang='lat' dir='ltr'>vocan-</span> 
     </span>
    </p>
   </div>
   <div class='ocr_carea' id='block_1_103' title="bbox 426 5408 2017 5483">
    <p class='ocr_par' dir='ltr' id='par_1_103' title="bbox 426 5408 2017 5483">
     <span class='ocr_line' id='line_1_103' title="bbox 426 5408 2017 5483; baseline -0.002 -17"><span class='ocrx_word' id='word_1_730' title='bbox 426 5421 626 5470; x_wconf 91' lang='lat' dir='ltr'>tem....</span> <span class='ocrx_word' id='word_1_731' title='bbox 675 5411 1223 5483; x_wconf 64' lang='lat' dir='ltr'>circumscriptorem1</span> <span class='ocrx_word' id='word_1_732' title='bbox 1295 5430 1319 5460; x_wconf 68' lang='grc' dir='ltr'><strong>υ</strong></span> <span class='ocrx_word' id='word_1_733' title='bbox 1374 5408 1511 5483; x_wconf 66' lang='lat' dir='ltr'>l‘iam</span> <span class='ocrx_word' id='word_1_734' title='bbox 1557 5408 2017 5477; x_wconf 89' lang='lat' dir='ltr'>circumscribere,</span> 
     </span>
    </p>
   </div>
   <div class='ocr_carea' id='block_1_104' title="bbox 427 5480 1562 5560">
    <p class='ocr_par' dir='ltr' id='par_1_104' title="bbox 427 5480 1562 5560">
     <span class='ocr_line' id='line_1_104' title="bbox 427 5480 1562 5560; baseline -0.004 -21"><span class='ocrx_word' id='word_1_735' title='bbox 427 5480 1008 5560; x_wconf 81' lang='lat' dir='ltr'>etiamcircumvenire</span> <span class='ocrx_word' id='word_1_736' title='bbox 1039 5480 1342 5560; x_wconf 30' lang='lat' dir='ltr'>‘signiﬁcat.</span> <span class='ocrx_word' id='word_1_737' title='bbox 1374 5480 1562 5560; x_wconf 55' lang='lat' dir='ltr'>Enen:</span> 
     </span>
    </p>
   </div>
   <div class='ocr_carea' id='block_1_105' title="bbox 499 5551 2019 5629">
    <p class='ocr_par' dir='ltr' id='par_1_105' title="bbox 499 5551 2019 5629">
     <span class='ocr_line' id='line_1_105' title="bbox 499 5551 2019 5629; baseline -0.003 -18"><span class='ocrx_word' id='word_1_738' title='bbox 499 5555 613 5629; x_wconf 85' lang='lat'>(2&#39;7)</span> <span class='ocrx_word' id='word_1_739' title='bbox 637 5558 678 5616; x_wconf 92' lang='lat'><em>0</em></span> <span class='ocrx_word' id='word_1_740' title='bbox 704 5558 999 5617; x_wconf 83' lang='lat' dir='ltr'>dominum</span> <span class='ocrx_word' id='word_1_741' title='bbox 1018 5551 1273 5627; x_wconf 76' lang='lat' dir='ltr'>futilem,</span> <span class='ocrx_word' id='word_1_742' title='bbox 1304 5560 1407 5612; x_wconf 86' lang='lat' dir='ltr'>etc.</span> <span class='ocrx_word' id='word_1_743' title='bbox 1440 5551 1693 5610; x_wconf 84' lang='lat' dir='ltr'>Faciebat</span> <span class='ocrx_word' id='word_1_744' title='bbox 1711 5551 1851 5610; x_wconf 91' lang='lat' dir='ltr'>enim</span> <span class='ocrx_word' id='word_1_745' title='bbox 1879 5552 2019 5608; x_wconf 88' lang='lat' dir='ltr'>Mar-</span> 
     </span>
    </p>
   </div>
   <div class='ocr_carea' id='block_1_106' title="bbox 2126 4603 3733 4676">
    <p class='ocr_par' dir='ltr' id='par_1_106' title="bbox 2126 4603 3733 4676">
     <span class='ocr_line' id='line_1_106' title="bbox 2126 4603 3733 4676; baseline -0.004 -12"><span class='ocrx_word' id='word_1_746' title='bbox 2126 4610 2250 4665; x_wconf 90' lang='lat' dir='ltr'>cion</span> <span class='ocrx_word' id='word_1_747' title='bbox 2293 4611 2469 4663; x_wconf 88' lang='lat' dir='ltr'>Deum</span> <span class='ocrx_word' id='word_1_748' title='bbox 2498 4606 2930 4663; x_wconf 88' lang='lat' dir='ltr'>irrationabiliter</span> <span class='ocrx_word' id='word_1_749' title='bbox 2958 4607 3187 4676; x_wconf 92' lang='lat' dir='ltr'>bonum,</span> <span class='ocrx_word' id='word_1_750' title='bbox 3219 4614 3277 4660; x_wconf 90' lang='lat' dir='ltr'>ut</span> <span class='ocrx_word' id='word_1_751' title='bbox 3313 4603 3485 4661; x_wconf 90' lang='lat' dir='ltr'>videri</span> <span class='ocrx_word' id='word_1_752' title='bbox 3524 4611 3733 4675; x_wconf 80' lang='lat' dir='ltr'>potest,</span> 
     </span>
    </p>
   </div>
   <div class='ocr_carea' id='block_1_107' title="bbox 2131 4676 3592 4755">
    <p class='ocr_par' dir='ltr' id='par_1_107' title="bbox 2131 4676 3592 4755">
     <span class='ocr_line' id='line_1_107' title="bbox 2131 4676 3592 4755; baseline -0.007 -18"><span class='ocrx_word' id='word_1_753' title='bbox 2131 4696 2249 4751; x_wconf 86' lang='lat' dir='ltr'>cap.</span> <span class='ocrx_word' id='word_1_754' title='bbox 2285 4685 2315 4755; x_wconf 76' lang='grc'>6</span> <span class='ocrx_word' id='word_1_755' title='bbox 2354 4681 2517 4755; x_wconf 87' lang='lat' dir='ltr'>hujus</span> <span class='ocrx_word' id='word_1_756' title='bbox 2546 4679 2730 4755; x_wconf 14' lang='lat' dir='ltr'>lib._7et</span> <span class='ocrx_word' id='word_1_757' title='bbox 2760 4678 2879 4755; x_wconf 78' lang='lat' dir='ltr'>aliis</span> <span class='ocrx_word' id='word_1_758' title='bbox 2909 4677 2961 4731; x_wconf 92' lang='lat' dir='ltr'>in</span> <span class='ocrx_word' id='word_1_759' title='bbox 3004 4678 3174 4755; x_wconf 85' lang='lat' dir='ltr'>locis._</span> <span class='ocrx_word' id='word_1_760' title='bbox 3211 4677 3288 4755; x_wconf 72' lang='lat' dir='ltr'>La</span> <span class='ocrx_word' id='word_1_761' title='bbox 3316 4676 3416 4755; x_wconf 54' lang='lat' dir='ltr'>PE.</span> <span class='ocrx_word' id='word_1_762' title='bbox 3583 4746 3592 4755; x_wconf 81' lang='lat'><strong><em>_</em></strong></span> 
     </span>
    </p>
   </div>
   <div class='ocr_carea' id='block_1_108' title="bbox 2207 4750 3726 4822">
    <p class='ocr_par' dir='ltr' id='par_1_108' title="bbox 2207 4750 3726 4822">
     <span class='ocr_line' id='line_1_108' title="bbox 2207 4750 3726 4822; baseline -0.006 -15"><span class='ocrx_word' id='word_1_763' title='bbox 2207 4753 2318 4818; x_wconf 90' lang='grc'>(28)</span> <span class='ocrx_word' id='word_1_764' title='bbox 2354 4754 2419 4807; x_wconf 88' lang='lat' dir='ltr'>Et</span> <span class='ocrx_word' id='word_1_765' title='bbox 2447 4753 2802 4822; x_wconf 67' lang='lat' dir='ltr'>apparitores</span> <span class='ocrx_word' id='word_1_766' title='bbox 2830 4752 3123 4822; x_wconf 73' lang='lat' dir='ltr'>ﬂammam</span> <span class='ocrx_word' id='word_1_767' title='bbox 3152 4750 3321 4820; x_wconf 80' lang='lat' dir='ltr'>ignis.</span> <span class='ocrx_word' id='word_1_768' title='bbox 3358 4750 3726 4822; x_wconf 88' lang='lat' dir='ltr'>Parum_inte_-</span> 
     </span>
    </p>
   </div>
   <div class='ocr_carea' id='block_1_109' title="bbox 2130 4817 3722 4891">
    <p class='ocr_par' dir='ltr' id='par_1_109' title="bbox 2130 4817 3722 4891">
     <span class='ocr_line' id='line_1_109' title="bbox 2130 4817 3722 4891; baseline -0.004 -16"><span class='ocrx_word' id='word_1_769' title='bbox 2130 4832 2242 4875; x_wconf 87' lang='lat' dir='ltr'>rest</span> <span class='ocrx_word' id='word_1_770' title='bbox 2268 4817 2446 4877; x_wconf 90' lang='lat' dir='ltr'>utrum</span> <span class='ocrx_word' id='word_1_771' title='bbox 2478 4817 2543 4876; x_wconf 71' lang='lat' dir='ltr'>ex</span> <span class='ocrx_word' id='word_1_772' title='bbox 2574 4821 2740 4891; x_wconf 87' lang='lat' dir='ltr'>Epist.</span> <span class='ocrx_word' id='word_1_773' title='bbox 2776 4817 2840 4873; x_wconf 90' lang='lat' dir='ltr'>ad</span> <span class='ocrx_word' id='word_1_774' title='bbox 2874 4821 3147 4885; x_wconf 65' lang='lat' dir='ltr'>Hebraeos,</span> <span class='ocrx_word' id='word_1_775' title='bbox 3175 4817 3293 4889; x_wconf 78' lang='lat' dir='ltr'>cap.</span> <span class='ocrx_word' id='word_1_776' title='bbox 3328 4834 3343 4871; x_wconf 81' lang='grc' dir='ltr'>ι</span> <span class='ocrx_word' id='word_1_777' title='bbox 3409 4817 3577 4891; x_wconf 83' lang='lat' dir='ltr'>(quod</span> <span class='ocrx_word' id='word_1_778' title='bbox 3635 4818 3722 4870; x_wconf 84' lang='lat' dir='ltr'>af-</span> 
     </span>
    </p>
   </div>
   <div class='ocr_carea' id='block_1_110' title="bbox 2127 4889 3729 4961">
    <p class='ocr_par' dir='ltr' id='par_1_110' title="bbox 2127 4889 3729 4961">
     <span class='ocr_line' id='line_1_110' title="bbox 2127 4889 3729 4961; baseline -0.004 -15"><span class='ocrx_word' id='word_1_779' title='bbox 2127 4892 2302 4948; x_wconf 89' lang='lat' dir='ltr'>ﬁrmat</span> <span class='ocrx_word' id='word_1_780' title='bbox 2332 4889 2640 4961; x_wconf 69' lang='lat' dir='ltr'>Pamelius),</span> <span class='ocrx_word' id='word_1_781' title='bbox 2674 4907 2741 4947; x_wconf 88' lang='lat' dir='ltr'>an</span> <span class='ocrx_word' id='word_1_782' title='bbox 2772 4908 2844 4947; x_wconf 78' lang='lat' dir='ltr'>ex</span> <span class='ocrx_word' id='word_1_783' title='bbox 2882 4892 3021 4948; x_wconf 89' lang='lat' dir='ltr'>Psal.</span> <span class='ocrx_word' id='word_1_784' title='bbox 3050 4906 3163 4947; x_wconf 81' lang='lat' dir='ltr'>CIII.</span> <span class='ocrx_word' id='word_1_785' title='bbox 3218 4891 3360 4945; x_wconf 89' lang='lat' dir='ltr'>Licet</span> <span class='ocrx_word' id='word_1_786' title='bbox 3395 4889 3537 4943; x_wconf 89' lang='lat' dir='ltr'>enim</span> <span class='ocrx_word' id='word_1_787' title='bbox 3568 4896 3729 4961; x_wconf 76' lang='lat' dir='ltr'>vocet</span> 
     </span>
    </p>
   </div>
   <div class='ocr_carea' id='block_1_111' title="bbox 2127 4959 3734 5036">
    <p class='ocr_par' dir='ltr' id='par_1_111' title="bbox 2127 4959 3734 5036">
     <span class='ocr_line' id='line_1_111' title="bbox 2127 4959 3734 5036; baseline -0.005 -15"><span class='ocrx_word' id='word_1_788' title='bbox 2127 4964 2422 5032; x_wconf 85' lang='lat' dir='ltr'>Apostolus</span> <span class='ocrx_word' id='word_1_789' title='bbox 2463 4959 2608 5036; x_wconf 62' lang='grc' dir='ltr'>πυρόξ</span> <span class='ocrx_word' id='word_1_790' title='bbox 2664 4965 2846 5036; x_wconf 80' lang='grc' dir='ltr'>φλόγα,</span> <span class='ocrx_word' id='word_1_791' title='bbox 2905 4978 2999 5019; x_wconf 92' lang='lat' dir='ltr'>seu</span> <span class='ocrx_word' id='word_1_792' title='bbox 3057 4963 3323 5036; x_wconf 85' lang='lat' dir='ltr'>flammam</span> <span class='ocrx_word' id='word_1_793' title='bbox 3387 4961 3545 5032; x_wconf 85' lang='lat' dir='ltr'>ignis,</span> <span class='ocrx_word' id='word_1_794' title='bbox 3590 4959 3734 5036; x_wconf 84' lang='lat' dir='ltr'>illud</span> 
     </span>
    </p>
   </div>
   <div class='ocr_carea' id='block_1_112' title="bbox 2128 5032 3732 5102">
    <p class='ocr_par' dir='ltr' id='par_1_112' title="bbox 2128 5032 3732 5102">
     <span class='ocr_line' id='line_1_112' title="bbox 2128 5032 3732 5102; baseline -0.003 -12"><span class='ocrx_word' id='word_1_795' title='bbox 2128 5037 2288 5093; x_wconf 86' lang='lat' dir='ltr'>citate</span> <span class='ocrx_word' id='word_1_796' title='bbox 2346 5032 2557 5091; x_wconf 84' lang='lat' dir='ltr'>Psalmo</span> <span class='ocrx_word' id='word_1_797' title='bbox 2588 5032 2716 5102; x_wconf 74' lang='lat' dir='ltr'>cui,</span> <span class='ocrx_word' id='word_1_798' title='bbox 2748 5032 2909 5090; x_wconf 82' lang='lat' dir='ltr'>versu</span> <span class='ocrx_word' id='word_1_799' title='bbox 2938 5038 2988 5098; x_wconf 84' lang='grc'>5,</span> <span class='ocrx_word' id='word_1_800' title='bbox 3040 5035 3131 5088; x_wconf 90' lang='lat' dir='ltr'>ubi</span> <span class='ocrx_word' id='word_1_801' title='bbox 3164 5035 3412 5096; x_wconf 89' lang='lat' dir='ltr'>habetur,</span> <span class='ocrx_word' id='word_1_802' title='bbox 3461 5036 3516 5089; x_wconf 87' lang='lat' dir='ltr'>et</span> <span class='ocrx_word' id='word_1_803' title='bbox 3555 5032 3732 5085; x_wconf 79' lang='lat' dir='ltr'>mini-</span> 
     </span>
    </p>
   </div>
   <div class='ocr_carea' id='block_1_113' title="bbox 2129 5103 3727 5178">
    <p class='ocr_par' dir='ltr' id='par_1_113' title="bbox 2129 5103 3727 5178">
     <span class='ocr_line' id='line_1_113' title="bbox 2129 5103 3727 5178; baseline -0.004 -15"><span class='ocrx_word' id='word_1_804' title='bbox 2129 5113 2275 5165; x_wconf 88' lang='lat' dir='ltr'>stros</span> <span class='ocrx_word' id='word_1_805' title='bbox 2306 5112 2433 5164; x_wconf 85' lang='lat' dir='ltr'>tuos</span> <span class='ocrx_word' id='word_1_806' title='bbox 2458 5109 2647 5178; x_wconf 80' lang='lat' dir='ltr'>ignem</span> <span class='ocrx_word' id='word_1_807' title='bbox 2680 5112 2968 5164; x_wconf 86' lang='lat' dir='ltr'>urentem.</span> <span class='ocrx_word' id='word_1_808' title='bbox 2992 5106 3050 5159; x_wconf 90' lang='lat' dir='ltr'>In</span> <span class='ocrx_word' id='word_1_809' title='bbox 3072 5120 3251 5176; x_wconf 77' lang='lat' dir='ltr'>graeco</span> <span class='ocrx_word' id='word_1_810' title='bbox 3283 5114 3366 5178; x_wconf 83' lang='lat' dir='ltr'>est</span> <span class='ocrx_word' id='word_1_811' title='bbox 3393 5103 3727 5178; x_wconf 37' lang='grc' dir='ltr'>πῦρ-φλέγω.</span> 
     </span>
    </p>
   </div>
   <div class='ocr_carea' id='block_1_114' title="bbox 2128 5174 3731 5247">
    <p class='ocr_par' dir='ltr' id='par_1_114' title="bbox 2128 5174 3731 5247">
     <span class='ocr_line' id='line_1_114' title="bbox 2128 5174 3731 5247; baseline -0.004 -14"><span class='ocrx_word' id='word_1_812' title='bbox 2128 5179 2259 5234; x_wconf 84' lang='lat' dir='ltr'>Mihi</span> <span class='ocrx_word' id='word_1_813' title='bbox 2286 5174 2498 5235; x_wconf 74' lang='lat' dir='ltr'>videtur</span> <span class='ocrx_word' id='word_1_814' title='bbox 2525 5180 2629 5234; x_wconf 90' lang='lat' dir='ltr'>hoc</span> <span class='ocrx_word' id='word_1_815' title='bbox 2659 5178 2711 5232; x_wconf 91' lang='lat' dir='ltr'>in</span> <span class='ocrx_word' id='word_1_816' title='bbox 2743 5178 2862 5233; x_wconf 90' lang='lat' dir='ltr'>loco</span> <span class='ocrx_word' id='word_1_817' title='bbox 2890 5174 3119 5247; x_wconf 82' lang='lat' dir='ltr'>Vulgata</span> <span class='ocrx_word' id='word_1_818' title='bbox 3158 5175 3340 5231; x_wconf 88' lang='lat' dir='ltr'>versio</span> <span class='ocrx_word' id='word_1_819' title='bbox 3373 5174 3545 5245; x_wconf 86' lang='lat' dir='ltr'>magis</span> <span class='ocrx_word' id='word_1_820' title='bbox 3582 5189 3731 5227; x_wconf 88' lang='lat' dir='ltr'>con-</span> 
     </span>
    </p>
   </div>
   <div class='ocr_carea' id='block_1_115' title="bbox 2169 5247 3727 5323">
    <p class='ocr_par' dir='ltr' id='par_1_115' title="bbox 2169 5247 3727 5323">
     <span class='ocr_line' id='line_1_115' title="bbox 2169 5247 3727 5323; baseline -0.004 -19"><span class='ocrx_word' id='word_1_821' title='bbox 2169 5266 2322 5306; x_wconf 91' lang='lat' dir='ltr'>ruere</span> <span class='ocrx_word' id='word_1_822' title='bbox 2348 5250 2533 5314; x_wconf 90' lang='lat' dir='ltr'>textui,</span> <span class='ocrx_word' id='word_1_823' title='bbox 2566 5266 2728 5320; x_wconf 88' lang='lat' dir='ltr'>quam</span> <span class='ocrx_word' id='word_1_824' title='bbox 2756 5249 2935 5323; x_wconf 87' lang='lat' dir='ltr'>versio</span> <span class='ocrx_word' id='word_1_825' title='bbox 2991 5247 3354 5323; x_wconf 55' lang='lat' dir='ltr'>Tertulliani.</span> <span class='ocrx_word' id='word_1_826' title='bbox 3384 5247 3508 5300; x_wconf 90' lang='lat' dir='ltr'>Sive</span> <span class='ocrx_word' id='word_1_827' title='bbox 3538 5251 3727 5323; x_wconf 66' lang='lat' dir='ltr'>autern</span> 
     </span>
    </p>
   </div>
   <div class='ocr_carea' id='block_1_116' title="bbox 2150 5316 3729 5392">
    <p class='ocr_par' dir='ltr' id='par_1_116' title="bbox 2150 5316 3729 5392">
     <span class='ocr_line' id='line_1_116' title="bbox 2150 5316 3729 5392; baseline -0.006 -12"><span class='ocrx_word' id='word_1_828' title='bbox 2150 5316 2299 5392; x_wconf 64' lang='grc' dir='ltr'>ϐεδε,</span> <span class='ocrx_word' id='word_1_829' title='bbox 2331 5316 2625 5390; x_wconf 80' lang='lat' dir='ltr'>ﬂammam</span> <span class='ocrx_word' id='word_1_830' title='bbox 2642 5322 2807 5391; x_wconf 80' lang='lat' dir='ltr'>ignis,</span> <span class='ocrx_word' id='word_1_831' title='bbox 2832 5322 2944 5375; x_wconf 85' lang='lat' dir='ltr'>sive</span> <span class='ocrx_word' id='word_1_832' title='bbox 2979 5322 3165 5391; x_wconf 88' lang='lat' dir='ltr'>ignem</span> <span class='ocrx_word' id='word_1_833' title='bbox 3187 5321 3469 5381; x_wconf 83' lang='lat' dir='ltr'>urentem,</span> <span class='ocrx_word' id='word_1_834' title='bbox 3498 5316 3729 5392; x_wconf 71' lang='lat' dir='ltr'>perinde</span> 
     </span>
    </p>
   </div>
   <div class='ocr_carea' id='block_1_117' title="bbox 2127 5384 3726 5465">
    <p class='ocr_par' dir='ltr' id='par_1_117' title="bbox 2127 5384 3726 5465">
     <span class='ocr_line' id='line_1_117' title="bbox 2127 5384 3726 5465; baseline -0.002 -1"><span class='ocrx_word' id='word_1_835' title='bbox 2127 5384 2227 5464; x_wconf 66' lang='lat' dir='ltr'>est.</span> <span class='ocrx_word' id='word_1_836' title='bbox 2264 5384 2509 5465; x_wconf 79' lang='lat' dir='ltr'>varietas</span> <span class='ocrx_word' id='word_1_837' title='bbox 2548 5409 2636 5464; x_wconf 90' lang='lat' dir='ltr'>illa</span> <span class='ocrx_word' id='word_1_838' title='bbox 2662 5384 2816 5464; x_wconf 31' lang='lat' dir='ltr'>“nata</span> <span class='ocrx_word' id='word_1_839' title='bbox 2856 5384 3069 5462; x_wconf 61' lang='lat' dir='ltr'>videtur</span> <span class='ocrx_word' id='word_1_840' title='bbox 3124 5424 3196 5462; x_wconf 83' lang='lat' dir='ltr'>ex</span> <span class='ocrx_word' id='word_1_841' title='bbox 3243 5408 3407 5462; x_wconf 85' lang='lat' dir='ltr'>Hebr.</span> <span class='ocrx_word' id='word_1_842' title='bbox 3453 5384 3588 5463; x_wconf 57' lang='lat'><strong>15.15</strong></span> <span class='ocrx_word' id='word_1_843' title='bbox 3617 5415 3726 5464; x_wconf 67' lang='lat' dir='ltr'>ws-</span> 
     </span>
    </p>
   </div>
   <div class='ocr_carea' id='block_1_118' title="bbox 2125 5480 3723 5610">
    <p class='ocr_par' dir='ltr' id='par_1_118' title="bbox 2125 5480 3723 5610">
     <span class='ocr_line' id='line_1_118' title="bbox 2125 5480 3723 5610; baseline -0.003 -74"><span class='ocrx_word' id='word_1_844' title='bbox 2125 5481 2280 5610; x_wconf 54' lang='lat' dir='ltr'>giéog</span> <span class='ocrx_word' id='word_1_845' title='bbox 2294 5482 2480 5551; x_wconf 84' lang='lat' dir='ltr'>ignem</span> <span class='ocrx_word' id='word_1_846' title='bbox 2512 5487 2772 5539; x_wconf 84' lang='lat' dir='ltr'>urentem</span> <span class='ocrx_word' id='word_1_847' title='bbox 2799 5495 2897 5537; x_wconf 89' lang='lat' dir='ltr'>seu</span> <span class='ocrx_word' id='word_1_848' title='bbox 2918 5480 3313 5550; x_wconf 81' lang='lat' dir='ltr'>ﬂammantem</span> <span class='ocrx_word' id='word_1_849' title='bbox 3342 5486 3489 5533; x_wconf 89' lang='lat' dir='ltr'>recte</span> <span class='ocrx_word' id='word_1_850' title='bbox 3512 5483 3723 5533; x_wconf 87' lang='lat' dir='ltr'>vertes.</span> 
     </span>
     <span class='ocr_line' id='line_1_119' title="bbox 2283 5566 2340 5610; baseline -0.035 0"><span class='ocrx_word' id='word_1_851' title='bbox 2283 5566 2340 5610; x_wconf 68' lang='grc' dir='ltr'>Β.</span> 
     </span>
    </p>
   </div>
   <div class='ocr_carea' id='block_1_119' title="bbox 2283 5566 2340 5612">
    <p class='ocr_par' dir='ltr' id='par_1_119' title="bbox 2283 5566 2340 5612">
     <span class='ocr_line' id='line_1_120' title="bbox 2283 5566 2340 5612; baseline -0.07 0"><span class='ocrx_word' id='word_1_852' title='bbox 2283 5566 2340 5612; x_wconf 81' lang='lat' dir='ltr'>R.</span> 
     </span>
    </p>
   </div>
  </div>
