4032 6152
275 288 372 347 321

269 427 319 471 et
349 426 613 488 potestas,
642 417 900 472 victorem
932 416 1098 473 efﬁcit
1126 417 1292 474 hodie
1321 419 1390 474 de
1418 419 1611 474 eodem
1635 420 1873 491 diabolo,

272 522 391 562 cum
425 507 728 561 secundum
758 505 1076 578 obsequium
1095 506 1280 580 legum
1310 509 1429 577 ejus
1447 509 1864 566 administratur.

910 648 1132 705 CAPUT
1172 649 1270 703 IX.

340 775 574 846 Quoquo
623 781 823 839 tamen,
873 773 1076 845 inquis,
1126 776 1290 830 modo
1321 773 1615 829 substantia
1643 773 1869 831 Creato-

271 867 339 920 ris
368 864 561 919 delicti
587 880 756 935 capax
787 852 1074 929 invenitur,
1122 879 1245 919 cum
1292 862 1518 918 adﬂatus
1561 864 1677 934 Dei,
1709 863 1761 918 id
1789 873 1872 921 est

270 954 468 1017 anima,
502 954 558 1007 in
603 952 826 1008 homine
872 952 1117 1024 deliquit.
1157 953 1272 1008 Nec
1301 960 1484 1024 potest
1510 967 1621 1008 non
1651 953 1718 1007 ad
1757 954 1868 1009 ori-

275 1044 507 1117 ginalem
539 1043 588 1081 39
635 1058 901 1098 summam
943 1042 1129 1098 referri
1158 1037 1434 1113 corruptio
1467 1041 1752 1112 portionis.
1785 1043 1868 1098 Ad

269 1133 366 1187 hoc
428 1130 832 1202 interpretanda
887 1129 986 1186 erit
1041 1131 1269 1202 qualitas
1318 1130 1529 1187 animae.
1572 1132 1631 1184 In
1681 1131 1870 1204 primis

267 1219 584 1286 tenendum,
615 1219 760 1291 quod
804 1219 997 1276 Grmca
1040 1219 1325 1292 Scriptura
1353 1219 1586 1292 signavit
1612 1219 1750 1292 (29),
1785 1221 1866 1274 af-

267 1309 450 1365 ﬂatum
505 1311 813 1375 nominans,
866 1324 977 1365 non
1023 1309 1294 1380 spiritum.
1341 1309 1570 1378 Quidam
1606 1310 1752 1366 enim
1799 1311 1868 1370 de

266 1398 463 1454 Graeco
523 1398 959 1470 interpretantes,
1017 1413 1126 1454 non
1189 1399 1481 1472 rec0gitata
1536 1399 1862 1467 differentia,

265 1504 366 1544 nec
406 1495 600 1544 curata
628 1487 950 1560 preprietate
977 1489 1286 1554 verborum,
1319 1505 1415 1560 pro
1452 1489 1661 1560 afﬂatu
1689 1492 1865 1562 spiri-

269 1583 390 1634 tum
420 1585 654 1647 ponunt,
687 1585 741 1631 et
777 1575 907 1632 dant
936 1577 1206 1633 haereticis
1245 1577 1588 1634 occasionem
1617 1578 1865 1650 Spiritum

266 1668 364 1723 Dei
391 1666 593 1722 delicto
623 1661 794 1721 295
842 1664 1170 1732 infuscandi,
1215 1666 1269 1720 id
1296 1674 1377 1722 est
1420 1666 1598 1739 ipsum
1645 1669 1865 1733 Deum;

1487 290 1608 350 LIB.
1651 291 1696 350 Il
1735 291 1896 352 ADV.
1936 291 2343 359 MARCIONEM.

3464 315 3568 372 322

1982 421 2128 476 Deus
2156 421 2222 477 de
2252 423 2443 493 spiritu
2475 441 2594 481 suo.
2628 427 2884 500 Denique,
2918 447 3040 488 cum
3079 437 3363 495 manifeste
3389 442 3571 514 Scrip-

1984 519 2101 564 tura
2125 511 2265 566 dicat
2295 513 2458 583 (Gen.
2491 532 2549 582 Il,
2591 519 2648 586 7)
2682 518 2843 574 ﬂasse
2872 521 3042 576 Deum
3073 526 3126 578 in
3158 525 3349 584 faciem
3388 511 3566 586 homi-

1980 600 2082 665 nis,
2125 609 2178 654 et
2213 600 2410 659 factum
2454 605 2726 662 hominem
2757 609 2812 662 in
2841 610 3073 666 animam
3121 615 3314 685 vivam,
3345 635 3453 674 non
3516 621 3567 675 in

1981 689 2229 758 spiritum
2257 691 2670 766 vivificatorem,
2706 701 2973 768 separavit
3021 716 3136 755 eam
3184 718 3216 756 a
3264 706 3570 762 conditione

1978 776 2215 834 factoris.
2250 779 2402 852 Opus
2440 785 2588 838 enim
2625 785 2770 840 aliud
2788 787 2860 841 sit
2888 803 3111 845 necesse
3140 801 3221 845 est
3249 795 3316 846 ab
3347 796 3568 863 artifice,

1977 866 2030 920 id
2062 876 2146 922 est
2191 868 2414 924 inferius
2452 872 2679 928 artiﬁce.
2739 875 2855 930 Nec
2896 892 3091 932 urceus
3131 881 3274 934 enim
3325 880 3497 937 factus
3543 900 3572 938 a

1978 953 2163 1026 ﬁgulo,
2195 956 2314 1029 ipse
2345 959 2448 1013 erit
2494 959 2738 1035 figulus;
2790 965 2862 1018 ita
2908 980 3011 1020 nec
3057 966 3286 1022 adﬂatus
3333 967 3506 1024 factus
3543 987 3574 1026 a

1976 1043 2184 1113 spiritu,
2218 1045 2340 1100 ideo
2369 1047 2471 1102 erit
2520 1049 2760 1121 spiritus.
2797 1054 2978 1124 Ipsum
3013 1055 3156 1122 quod
3187 1055 3382 1120 anima,
3415 1058 3572 1113 voci-

1979 1139 2118 1186 tatus
2142 1140 2224 1188 est
2252 1134 2430 1190 flatus.
2461 1138 2597 1193 Vide
2627 1139 2784 1196 etiam
2816 1159 2883 1196 ne
2913 1143 2981 1198 de
3030 1144 3209 1199 afﬂata
3262 1146 3574 1203 conditione

1977 1221 2242 1277 transierit
2325 1224 2380 1279 in
2449 1226 2684 1297 aliquam
2761 1229 3162 1287 diminutiorem
3240 1235 3572 1304 qualitatem.

1975 1311 2141 1381 Ergo,
2173 1311 2371 1384 inquis,
2417 1316 2613 1372 dedisti
2643 1319 2837 1374 animae
2864 1320 3227 1378 infirmitatem
3290 1341 3452 1396 supra
3481 1342 3575 1382 ne-

1975 1407 2171 1472 gatam.
2204 1402 2381 1473 Plane,
2411 1419 2534 1458 cum
2582 1406 2730 1462 illam
2777 1408 2952 1478 exigis
2995 1411 3108 1466 Deo
3141 1429 3349 1482 parem,
3384 1414 3438 1468 id
3469 1423 3570 1481 est,

1974 1487 2169 1545 dedicti
2197 1490 2516 1561 immunem,
2548 1494 2668 1551 dico
2717 1497 3009 1557 infirmam.
3047 1501 3183 1556 Cum
3212 1518 3340 1559 vero
3379 1504 3447 1558 ad
3477 1520 3572 1559 an-

1977 1578 2157 1648 gelum
2213 1591 2553 1648 provocatur,
2604 1582 2876 1641 fortiorem
2925 1586 3208 1643 defendam
3239 1606 3464 1647 necesse
3490 1600 3575 1648 est

1977 1669 2262 1723 Dominum
2320 1670 2730 1741 universitatis;
2802 1676 2888 1730 cui
2939 1677 3049 1745 jam
3107 1679 3282 1751 angeli
3333 1680 3571 1735 admini-

273 1765 321 1812 et
348 1762 610 1826 usurpata
646 1755 761 1823 jam
791 1755 1017 1825 quaestio
1064 1728 1166 1811 est.
1215 1728 1458 1830 Intellige
1487 1756 1665 1826 itaque
1715 1728 1868 1812 afﬂa;
1904 1728 1948 1806 Β
1983 1766 2121 1811 trant
2151 1758 2332 1827 (Hebr.
2368 1774 2411 1828 1,
2457 1761 2546 1832 14)
2584 1779 2597 1815 :
2645 1728 2735 1832 qui
2782 1728 3566 1839 etiamavangeﬁlo:

278 1855 390 1901 tum
417 1846 674 1899 minorem
708 1844 902 1915 spiritu
942 1859 1060 1900 esse
1091 1845 1160 1910 ίιο,
1190 1844 1287 1900 etsi
1318 1845 1387 1900 de
1426 1844 1617 1916 spiritu
1658 1846 1869 1916 accidit,

286 1943 344 1988 ut
372 1933 600 1989 aurulam
631 1934 778 2003 ejus,
807 1947 917 1988 non
964 1939 1147 1989 tamen
1175 1933 1440 2004 spiritum.
1472 1934 1609 1989 Nam
1655 1943 1708 1991 et
1743 1951 1873 1990 aura

281 2030 439 2081 vento
468 2022 657 2089 rarior,
716 2022 816 2078 etsi
846 2021 914 2076 de
959 2030 1117 2078 vento
1146 2038 1301 2094 aura,
1334 2038 1442 2078 non
1475 2029 1652 2078 tamen
1683 2031 1872 2079 ventus

270 2128 417 2168 aura.
454 2111 609 2182 Capit
637 2110 799 2167 etiam
826 2110 1121 2184 imaginem
1166 2112 1393 2184 spiritus
1421 2112 1600 2167 dicere
1626 2112 1740 2184 (30)
1767 2112 1872 2167 ﬂa-

271 2211 401 2257 tum.
435 2201 577 2255 Nam
606 2209 662 2255 et
689 2200 816 2258 ideo
854 2201 1016 2256 homo
1044 2199 1228 2274 imago
1257 2201 1382 2272 Dei,
1403 2202 1457 2256 id
1487 2213 1570 2257 est
1599 2202 1820 2274 spiritus
1853 2220 1868 2257 ε

268 2290 412 2346 Deus
439 2290 589 2345 enim
639 2289 882 2360 spiritus.
934 2291 1118 2362 Imago
1163 2305 1295 2363 ergo
1340 2290 1576 2361 spiritus,
1611 2291 1768 2347 flatus
1797 2292 1865 2350 ίιι.

269 2381 457 2449 Porro,
488 2380 679 2451 imago
705 2379 919 2436 veritati
942 2395 1050 2436 non
1073 2394 1461 2452 usquequaque
1479 2380 1868 2452 aquuabitur.

265 2469 428 2524 Aliud
459 2477 548 2524 est
594 2469 740 2524 enim
786 2469 1085 2528 secundum
1111 2468 1388 2526 veritatem
1433 2485 1570 2538 esse,
1603 2469 1752 2526 aliud
1780 2471 1870 2541 ip-

264 2576 374 2616 sam
436 2559 727 2616 veritatem
785 2574 924 2615 esse.
982 2557 1071 2614 Sic
1117 2566 1170 2614 et
1216 2557 1480 2627 adﬂatus,
1528 2575 1650 2614 cum
1689 2561 1871 2631 imago

263 2651 322 2706 sit
350 2649 610 2721 spiritus,
648 2663 758 2704 non
813 2655 984 2720 potest
1027 2648 1105 2702 ita
1151 2647 1440 2718 imaginem
1489 2649 1590 2704 Dei
1645 2665 1869 2722 compa-

264 2755 379 2795 rare
401 2739 476 2807 4³,
508 2749 572 2795 ut
604 2737 736 2810 quia
762 2739 981 2806 veritas,
1012 2736 1067 2791 id
1105 2747 1186 2791 est
1215 2736 1459 2806 spiritus,
1485 2737 1538 2792 id
1589 2745 1670 2795 est
1698 2739 1867 2810 Deus,

263 2827 377 2884 sine
404 2827 610 2884 delicto
637 2833 740 2895 est,
786 2825 909 2881 ideo
957 2833 1010 2882 et
1047 2823 1282 2892 afﬂatus,
1313 2825 1366 2879 id
1395 2833 1475 2880 est
1518 2824 1716 2897 imago,
1759 2842 1866 2883 non

267 2915 519 2971 debuerit
558 2913 842 2970 admisisse
881 2913 1153 2970 delictum.
1183 2914 1244 2967 In
1284 2913 1388 2969 hoc
1426 2913 1526 2968 erit
1554 2915 1732 2986 imago
1761 2915 1870 2969 mi-

1979 1857 2058 1902 est
2082 1843 2258 1902 296
2284 1846 2338 1919 (Ι
2358 1849 2479 1904 Cor.
2502 1865 2580 1917 vr,
2595 1850 2672 1920 2).
2693 1852 2736 1906 si
2756 1850 2808 1905 in
2832 1852 2930 1907 Dei
2950 1853 3068 1925 lege
3087 1856 3405 1923 constiterit,
3428 1861 3572 1928 quod

1977 1937 2032 1990 in
2065 1936 2358 2006 primordio
2385 1938 2577 1993 noluit.
2609 1941 2720 1995 Hoc
2759 1940 2935 2012 ipsum
2974 1959 3106 2014 ergo
3147 1945 3323 2013 potuit
3348 1945 3575 2002 adﬂatus

1979 2024 2076 2081 Dei
2105 2024 2405 2082 admittere.
2437 2027 2637 2097 Potuit,
2669 2028 2766 2083 sed
2797 2043 2906 2084 non
2940 2029 3144 2086 debuit.
3170 2031 3407 2088 Potuisse
3433 2035 3575 2089 enim

1979 2113 2179 2179 habuit,
2216 2129 2318 2185 per
2345 2115 2654 2172 substantiae
2685 2117 3004 2189 exilitatem,
3046 2136 3151 2192 qua
3197 2120 3428 2189 afﬂatus,
3469 2138 3578 2179 non

1979 2202 2241 2274 spiritus:
2290 2218 2400 2257 non
2431 2202 2685 2261 debuisse
2712 2215 2910 2277 autem,
2957 2223 3055 2279 per
3093 2208 3299 2263 arbitrii
3341 2217 3576 2280 potesta-

1981 2299 2105 2354 tem,
2139 2306 2242 2361 qua
2271 2292 2427 2362 liber,
2459 2308 2566 2350 non
2595 2309 2783 2350 servus
2815 2315 2830 2361 ;
2864 2295 3154 2352 adsistente
3205 2297 3430 2366 amplius
3472 2297 3574 2352 de-

1979 2379 2365 2435 monstratione
2419 2397 2528 2437 non
2592 2382 2936 2455 delinquendi
2992 2385 3094 2439 sub
3162 2385 3577 2443 comminatione

1979 2467 2264 2539 moriendi,
2309 2485 2416 2542 qua
2471 2471 2872 2529 substrueretur
2899 2473 3218 2530 substantiae
3255 2475 3488 2546 exilitas,
3522 2483 3576 2530 et

1979 2566 2263 2628 regeretur
2305 2560 2584 2615 sententiae
2629 2560 2868 2617 libertas.
2915 2563 3099 2633 Itaque
3140 2579 3248 2620 non
3306 2580 3400 2634 per
3447 2563 3576 2620 illud

1973 2645 2088 2715 jam
2135 2646 2303 2705 videri
2352 2658 2529 2720 potest
2585 2651 2770 2705 anima
2813 2650 3124 2722 deliquisse,
3156 2652 3299 2723 quod
3340 2653 3417 2706 illi
3453 2669 3574 2708 cum

1978 2736 2094 2791 Deo
2152 2736 2311 2792 afﬁne
2358 2745 2459 2807 est,
2511 2754 2612 2810 per
2663 2741 3078 2796 adﬂatumzsed
3135 2757 3233 2812 per
3259 2741 3390 2796 illud
3425 2743 3576 2812 quod
3622 2770 3634 2779 -

1976 2825 2289 2882 substantiae
2327 2828 2569 2898 accessit,
2598 2827 2652 2882 id
2696 2837 2779 2885 est
2831 2846 2930 2901 per
2967 2829 3196 2886 liberum
3240 2829 3518 2887 arbitrium
3557 2853 3572 2901 ;

1975 2913 2146 2968 aDeo
2175 2915 2389 2986 quidem
2436 2916 2770 2973 rationaliter
2815 2919 3182 2989 adtributum;
3229 2922 3295 2975 ab
3351 2920 3578 2976 homine

271 3019 374 3060 nor
416 3004 664 3075 veritate,
695 3011 749 3058 et
806 3001 1021 3057 afﬂatus
1072 3000 1262 3072 spiritu
1302 3001 1546 3070 inferior,
1576 3001 1781 3057 habens
1811 3002 1876 3057 il—
1907 3017 1950 3096 ε
1981 3016 2131 3067 vero,
2163 3019 2269 3073 qua
2306 3004 2472 3059 voluit
2500 3005 2778 3077 agitatum.
2810 3006 2970 3077 Quod
3034 3009 3081 3064 si
3128 3010 3200 3064 ita
3241 3026 3299 3064 se
3354 3011 3574 3078 habent,

281 3093 367 3147 las
396 3092 583 3163 utique
621 3093 795 3147 lineas
841 3091 962 3160 Dei,
1010 3107 1122 3162 qua
1175 3090 1496 3146 immortalis
1525 3090 1720 3160 anima,
1769 3107 1874 3164 qua

276 3183 453 3238 libera
482 3190 531 3236 et
560 3182 636 3236 sui
683 3180 910 3250 arbitrii,
964 3196 1074 3251 qua
1126 3179 1352 3252 praescia
1403 3179 1737 3252 plerumque,
1769 3197 1874 3252 qua

271 3271 572 3338 rationalis,
595 3286 764 3344 capax
797 3270 1099 3325 intellectus
1137 3278 1187 3325 et
1219 3269 1458 3326 scientiae
1489 3285 1503 3322 :
1539 3277 1717 3324 tamen
1738 3276 1790 3324 et
1818 3269 1869 3309 43

270 3362 325 3416 in
359 3360 444 3415 his
473 3358 678 3432 imago,
709 3367 762 3415 et
792 3375 920 3428 non,
952 3375 1125 3430 usque
1174 3359 1244 3414 ad
1295 3359 1466 3430 ipsam
1510 3359 1622 3417 vim
1679 3358 1875 3414 divini-

270 3448 435 3518 tatis;
497 3447 580 3503 sic
637 3463 736 3504 nec
783 3463 956 3520 usque
1004 3448 1075 3502 ad
1122 3446 1489 3522 integritatem
1546 3463 1581 3502 ει
1626 3447 1872 3518 delicto;

267 3539 394 3612 quia
442 3539 551 3594 hoc
598 3537 699 3593 soli
752 3538 868 3594 Deo
916 3537 1076 3604 cedit,
1127 3536 1184 3593 id
1234 3544 1326 3592 est
1363 3537 1625 3604 veritati;
1675 3544 1729 3592 et
1772 3537 1878 3594 hoc

268 3629 446 3684 solum
501 3627 728 3700 imagini
775 3643 886 3683 non
943 3627 1090 3683 licet.
1142 3625 1292 3684 Sicut
1320 3625 1460 3683 enim
1489 3626 1691 3697 imago,
1751 3642 1877 3685 cum

270 3733 461 3774 omnes
501 3717 678 3773 lineas
724 3717 988 3788 exprimat
1041 3715 1306 3786 veritatis,
1350 3716 1400 3772 vi
1447 3717 1495 3753 44
1548 3725 1728 3770 tamen
1764 3716 1880 3785 ipsa

271 3816 444 3873 caret,
478 3822 592 3862 non
624 3805 826 3861 habens
858 3814 1064 3861 motum
1090 3823 1104 3872 ;
1144 3805 1221 3860 ita
1247 3812 1302 3861 et
1336 3803 1515 3859 anima
1551 3805 1733 3877 imago
1761 3805 1876 3878 spi-

273 3895 430 3960 ritus,
463 3895 646 3949 solam
675 3893 782 3949 vim
827 3895 945 3961 eius
988 3893 1294 3966 eXprimere
1333 3909 1442 3950 non
1471 3893 1658 3959 valuit,
1689 3892 1745 3947 id
1773 3901 1879 3965 est,

274 3999 385 4040 non
434 3983 791 4056 delinquendi
843 3982 1147 4040 felicitatem
1178 3983 1244 4038 4⁵.
1277 3983 1544 4039 Caeterum
1592 3998 1700 4039 non
1739 3990 1883 4040 esset

276 4073 480 4141 anima,
514 4072 612 4128 sed
643 4071 896 4145 spiritus;
927 4087 1028 4128 nec
1059 4075 1241 4138 homo,
1273 4071 1366 4144 qui
1395 4070 1630 4127 animam
1661 4071 1883 4127 sortitus

278 4171 380 4228 est,
405 4161 506 4219 sed
534 4163 703 4220 Deus.
752 4163 820 4218 Et
856 4163 992 4218 alias
1037 4170 1240 4231 autem,
1271 4177 1380 4220 non
1413 4177 1572 4219 omne
1599 4161 1744 4233 quod
1781 4160 1882 4216 Dei

281 4251 404 4320 erit,
441 4252 579 4307 deus
617 4252 910 4308 habebitur
942 4271 955 4308 :
987 4259 1044 4308 ut
1075 4251 1388 4324 expostules
1418 4253 1589 4308 Deum
1635 4256 1689 4306 et
1724 4248 1884 4304 afﬂa-

1982 3089 2160 3144 omnis
2184 3090 2294 3159 jam
2324 3091 2424 3147 Dei
2449 3093 2733 3162 dispositio
2755 3097 2822 3150 de
2848 3096 2975 3151 mali
2998 3098 3417 3166 exprobratione
3449 3116 3578 3170 pun-

1981 3186 2159 3252 gatur.
2211 3180 2452 3236 Libertas
2499 3180 2642 3236 enim
2689 3183 2896 3238 arbitrii
2945 3201 3052 3240 non
3098 3185 3147 3239 ei
3174 3186 3384 3254 culpam
3424 3204 3577 3244 suam

1983 3275 2219 3338 respuet,
2261 3284 2292 3322 a
2332 3283 2438 3341 quo
2466 3270 2590 3325 data
2634 3279 2734 3338 est,
2779 3270 2874 3326 sed
2915 3287 2947 3326 a
2976 3287 3085 3343 quo
3132 3288 3240 3328 non
3282 3281 3342 3328 ut
3393 3275 3581 3332 debuit

1984 3357 2352 3413 administrata
2405 3368 2504 3415 est.
2541 3359 2697 3428 Quod
2752 3361 3013 3434 deniqueE
3043 3363 3243 3416 malum
3302 3362 3582 3420 adscribes

1986 3445 2229 3502 Creatori
2284 3447 2334 3484 ἰδ
2383 3448 2410 3502 ⁶Ρ
2464 3449 2509 3503 si
2563 3449 2818 3506 delictum
2873 3449 3102 3516 homini,
3162 3467 3270 3506 non
3328 3451 3430 3507 erit
3484 3451 3582 3508 Dei

1984 3535 2130 3607 quod
2167 3543 2268 3601 est,
2318 3535 2550 3592 hominis
2580 3555 2593 3596 :
2625 3552 2726 3594 nec
2779 3539 2924 3593 idem
2969 3539 3247 3595 habendus
3288 3548 3372 3596 est
3399 3540 3581 3597 delicti

1986 3631 2170 3680 auctor
2216 3624 2305 3696 qui
2372 3625 2640 3684 invenitur
2692 3626 3030 3695 interdictor,
3062 3628 3172 3684 imo
3217 3636 3272 3684 et
3318 3631 3578 3685 condem-

1987 3723 2162 3770 nator.
2201 3713 2256 3768 Si
2307 3730 2450 3770 mors
2479 3715 2703 3782 malum,
2736 3733 2836 3772 nec
2882 3733 3030 3773 mors
3077 3719 3454 3775 comminatori
3482 3734 3580 3775 suo

1987 3803 2082 3858 sed
2113 3804 2470 3875 contemptori
2501 3803 2662 3860 faciet
2689 3805 2963 3873 invidiam,
2994 3816 3052 3863 ut
3071 3807 3299 3863 auctori.
3323 3809 3584 3863 Contem-

1989 3891 2166 3948 nendo
2193 3895 2335 3949 enim
2381 3910 2501 3950 eam
2535 3893 2663 3953 fecit
2693 3914 2707 3965 ;
2751 3909 2859 3952 non
2898 3895 3081 3968 utique
3111 3895 3364 3964 futuram,
3399 3896 3446 3952 si
3477 3912 3585 3954 non

1989 3983 2418 4054 contempsisset.

2618 4125 2842 4185 CAPUT
2881 4124 2954 4182 Χ.

2067 4249 2192 4316 Sed,
2225 4249 2325 4306 etsi
2352 4250 2399 4288 4⁷
2423 4251 2490 4305 ab
2520 4251 2738 4307 homine
2780 4253 2834 4306 in
2863 4252 3140 4310 diabolum
3185 4252 3592 4327 transcripseris

283 4346 416 4408 tum,
449 4337 508 4395 id
545 4347 630 4397 est
675 4356 906 4397 vacuum
941 4358 971 4397 a
999 4341 1216 4410 delicto,
1257 4341 1382 4415 quia
1427 4340 1527 4397 Dei
1555 4339 1627 4396 sit
1658 4337 1884 4395 afﬂatus.
1919 4328 1966 4408 Β
1999 4338 2122 4393 mali
2177 4335 2411 4408 elogium
2469 4338 2606 4409 (3t),
2656 4345 2713 4392 ut
2751 4339 2803 4391 in
2847 4340 2899 4376 48
2951 4341 3323 4399 instinctorem
3356 4342 3541 4398 delicti
3575 4362 3587 4398 :

283 4427 397 4486 Nec
422 4438 480 4486 tu
520 4431 666 4486 enim
705 4431 752 4487 si
791 4431 846 4485 in
895 4431 1075 4488 tibiam
1104 4431 1664 4503 ﬂaveris,.hominem
1695 4428 1885 4484 tibiam

283 4518 500 4587 feceris,
532 4536 858 4594 quamquam
905 4521 974 4579 de
1021 4523 1200 4579 anima
1231 4533 1322 4579 tua
1372 4520 1608 4592 ﬂeveris,
1651 4518 1786 4576 sicut
1833 4524 1888 4574 et

1993 4427 2074 4483 uti
2103 4426 2183 4482 sic
2213 4440 2428 4497 quoque
2466 4425 2518 4480 in
2564 4425 2872 4482 Greatorem
2903 4428 3109 4499 dirigas
3138 4430 3370 4502 culpam,
3403 4439 3461 4486 ut
3491 4449 3591 4485 au-

1995 4525 2199 4575 ctorem
2228 4515 2447 4586 diaboli,
2481 4514 2574 4588 qui
2599 4514 2724 4570 facit
2753 4517 2975 4589 angelos
2994 4517 3217 4587 spiritus
3250 4537 3263 4576 :
3295 4535 3427 4588 ergo
3446 4521 3590 4590 quod

1647 4665 1840 4729 Variae
1903 4666 2217 4729 lectiones.

359 4791 407 4830 3°
434 4792 714 4869 Origipem
752 4791 1115 4869 Ven_e_t.___Rig.
1145 4790 1196 4831 ἰο
1219 4789 1510 4869 Spiritum,
1537 4791 1708 4869 S_e_m_l.
1768 4789 1988 4869 Qberth.
2021 4787 2066 4825 41
2097 4787 2212 4869 Del.
2244 4783 2472 4869 adﬂatus
2500 4781 2715 4869 (iamet.
2754 4781 3007 4869 Samii“?
3045 4779 3398 4869 Cpm'pariare
3433 4778 3595 4869 Ciac-

288 4880 414 4922 con.
452 4866 504 4904 4³
532 4853 628 4921 "Ut
663 4868 800 4922 Jun.
851 4866 901 4937 {*4
940 4853 1301 4937 Vitavconjic‘.
1362 4867 1532 4922 Seml.
1565 4864 1614 4904 4⁵
1644 4859 2218 4937 Facultatem_eo-uijc.
2252 4856 2468 4937 Pet-mel.
2504 4856 2557 4937 f5
2603 4855 2877 4912 Discribes
2938 4855 3120 4912 Venet.
3164 4855 3284 4925 Rig.
3311 4853 3595 4926 describes

286 4937 502 4995 Pamel.
537 4939 709 4996 Seml.
743 4939 791 4976 ἠ
820 4936 960 5004 Non,
980 4929 1389 4996 inserit'Seml.
1418 4950 1562 4993 nunc
1587 4937 1726 4992 Jun.
1766 4932 1816 4969 48
1843 4931 1904 4987 In
1942 4931 2094 4987 abest
2127 4929 2297 4987 Scml.
2321 4930 2536 4986 Pamel.

1701 5059 2201 5124 Commentarius.

360 5190 475 5264 (29)
519 5191 672 5261 Quod
714 5193 909 5264 Graeca
938 5191 1238 5264 Scriptura
1267 5192 1536 5262 signavit,
1570 5197 1672 5246 etc.
1722 5188 1887 5264 [tecte

288 5261 482 5318 Graaca
529 5279 634 5319 vox
663 5263 791 5331 πνοῆ
821 5266 886 5318 ad
945 5261 1243 5334 marginem
1274 5261 1522 5319 adnotata.
1570 5269 1652 5317 est
1671 5277 1710 5334 _a
1740 5261 1893 5334 Rhe-

292 5349 458 5407 nano,
490 5336 556 5390 ad
596 5351 760 5407 quam
792 5335 880 5391 hic
909 5332 1099 5390 alludit
1129 5346 1351 5402 auctor;
1385 5351 1506 5389 nam
1558 5349 1641 5407 _ea_
1669 5332 1893 5407 legitur,

290 5404 494 5478 Genes.
528 5423 589 5473 ιι,
615 5404 740 5462 ἠοη
789 5422 921 5462 vero
965 5411 1198 5478 πνεῦμας
1242 5421 1406 5478 quare
1451 5405 1678 5478 proinde
1731 5404 1891 5478 etiam

288 5476 560 5546 interpres
600 5479 798 5533 latinus
837 5485 978 5534 recte
1018 5475 1290 5533 transtulit
1333 5476 1690 5546 spiraculum
1739 5475 1892 5539 vitae,

288 5551 985 5630 qugfinadﬂatumauctor,
1017 5566 1145 5630 non,
1172 5563 1303 5604 vero
1333 5548 1624 5630 spiritum.
1645 5547 1784 5603 Pan.

367 5621 482 5693 (30)
522 5617 684 5698 Cap-it
716 5623 892 5680 etiam
937 5622 1249 5695 imaginem
1277 5617 1514 5700 spiritus
1555 5617 1756 5686 dicere,
1790 5623 1892 5676 etc.

1995 5185 2061 5240 Et
2089 5183 2176 5237 hic
2205 5180 2358 5253 vides
2389 5179 2660 5253 quomodo
2697 5178 2866 5253 verbo
2897 5181 3053 5252 capit
3091 5186 3289 5253 utatur.
3335 5175 3451 5253 Hoc
3493 5185 3596 5239 est,

2002 5250 2453 5327 ﬂatussigniﬁcat
2481 5252 2641 5327 etiam
2695 5250 2984 5327 imaginem
3043 5250 3284 5322 Spiritus,
3334 5251 3449 5306 sive
3501 5263 3600 5317 po-

2005 5335 2106 5382 test
2137 5323 2454 5396 dici'imago
2485 5325 2742 5398 spiritus.
2772 5323 2963 5398 Pium.
2992 5395 3001 5398 _
3154 5395 3203 5398 η
3239 5393 3275 5398 μ
3474 5389 3483 5398 _

2074 5398 2188 5468 (31)
2228 5393 2664 5471 Transcripserts
2697 5395 2840 5448 mali
2860 5394 3122 5465 elogium.
3153 5393 3276 5471 Mali
3308 5393 3603 5471 prOprieta~

2004 5463 2093 5524 tes'
2110 5484 2300 5525 omnes
2334 5463 2549 5540 diabolo
2581 5469 2790 5540 tribuas
2827 5483 2839 5518 :
2873 5463 3054 5540 ea’est
3083 5463 3226 5540 enim
3265 5463 3424 5540 hujus
3452 5463 3603 5516 vocis

2002 5549 2158 5613 nota,
2181 5538 2547 5613 Tertullianus
2576 5538 2691 5594 Lib.
2739 5537 2782 5592 Ι.
2832 5535 2956 5593 adv.
2991 5534 3326 5592 Marcionem
3357 5534 3427 5613 ita
3472 5548 3605 5590 usus

2003 5618 2103 5669 est.
2135 5610 2214 5667 Le
2244 5611 2338 5676 Pa.
