3980 6144
389 306 492 372 323

1097 295 1540 362 TERTULLIANI
1576 298 1845 360 OPERUM
1883 293 2048 361 PARS
2087 301 2148 363 ll.
2192 294 2502 363 -SERIES
2542 301 2588 376 l,
2624 302 2969 363 POLEMICA.

3578 305 3683 363 3'24

391 442 563 495 factus
588 453 618 490 a
648 436 761 489 Deo
791 440 891 495 est,
911 430 964 485 id
987 437 1068 487 est
1087 429 1329 503 angelus,
1354 427 1406 483 id
1432 428 1534 484 erit
1563 429 1683 497 ejus
1711 427 1805 499 qui
1825 426 1980 495 fecit;
2015 443 2063 523 Α
2096 445 2126 485 a
2183 431 2300 486 Deo
2363 431 2419 485 in
2465 429 2669 485 bonum
2718 430 2987 497 conditus,
3028 438 3083 486 ut
3127 447 3160 487 a
3221 433 3365 487 bono
3407 430 3686 488 conditore

385 523 529 596 quod
558 529 742 578 autem
790 519 966 577 factus
994 535 1025 573 α
1073 518 1187 575 Deo
1213 532 1324 572 non
1366 524 1470 587 est,
1499 515 1554 571 id
1603 521 1686 571 est
1713 514 1980 585 diabolus,
2015 514 2037 522 '

386 614 437 667 id
469 618 550 668 est
579 609 807 676 delator,
839 616 1085 680 superest
1137 612 1197 659 ut
1254 604 1371 676 ipse
1427 618 1549 659 sese
1586 601 1795 668 fecerit,
1835 602 1986 658 defe-

386 700 558 756 rendo
578 699 644 755 de
672 700 822 768 Deo;
854 705 909 752 et
935 696 1153 768 quidem
1179 694 1375 750 falsum
1399 691 1628 766 :primo,
1658 690 1805 764 quod
1837 692 1986 748 Deus

386 792 507 847 illos
545 807 610 845 ex
640 788 790 845 omni
823 788 973 861 ligno
997 786 1162 841 edere
1184 784 1461 849 vetuisset,
1486 781 1684 838 dehinc
1702 781 1854 854 quasi
1869 796 1987 837 mo-

387 878 540 934 rituri
595 893 705 933 non
757 883 957 940 essent,
997 876 1043 931 si
1094 872 1332 930 edissent
1364 890 1377 927 :
1411 871 1586 940 tertio,
1636 871 1791 943 quasi
1836 871 1984 928 Deus

384 969 495 1026 illis
524 966 808 1024 invidisset
834 964 1188 1021 divinitatem.
1223 963 1377 1019 Unde
1405 961 1569 1034 igitur
1596 960 1797 1019 malitia
1823 978 1980 1019 men-

385 1057 525 1114 dacii
554 1064 607 1113 et
650 1055 871 1113 fallaciae
913 1055 969 1110 in
1019 1053 1286 1121 homines,
1320 1060 1373 1108 et
1403 1050 1637 1107 infamia:
1667 1051 1723 1106 in
1753 1052 1925 1107 Deum
1953 1052 1985 1108 Ἰ

385 1164 416 1203 a
444 1148 558 1202 Deo
585 1145 770 1218 utique
796 1160 924 1210 non,
962 1143 1056 1215 qui
1083 1151 1135 1198 et
1162 1140 1412 1215 angelum
1457 1156 1522 1197 ex
1550 1141 1727 1196 forma
1755 1154 1982 1213 Operum

386 1239 653 1293 bonorum
707 1232 939 1290 instituit
982 1234 1206 1288 bonum.
1257 1229 1503 1302 Denique
1551 1228 1981 1299 sapientissimus

386 1324 627 1382 omnium
659 1322 858 1392 editur,
889 1330 1178 1390 antequam
1209 1317 1458 1374 diabolus
1490 1335 1505 1384 ;
1540 1317 1640 1374 nisi
1668 1320 1869 1374 malum
1898 1325 1983 1374 est

386 1413 673 1488 sapientia.
692 1414 758 1469 Et
789 1413 837 1467 si
864 1412 1078 1468 evolvas
1088 1407 1387 1465 Ezechielis
1405 1408 1742 1480 prOphetiam
1755 1408 1976 1479 (Ezech.

386 1518 593 1572 xxvm,
630 1502 745 1574 i2),
800 1499 957 1558 facile
1012 1499 1416 1574 animadvertes
1476 1504 1585 1553 tam
1641 1496 1980 1553 institutione

385 1594 587 1650 bonum
618 1591 877 1662 angelum
926 1588 1099 1653 illum,
1144 1602 1305 1660 quam
1335 1593 1527 1655 sponte
1554 1592 1884 1656 corruptum.
1916 1588 1977 1642 In

388 1678 618 1754 persdna
645 1680 695 1718 ἰθ
742 1677 883 1734 enim
934 1674 1198 1748 principis
1245 1674 1372 1739 Sor,
1413 1674 1483 1727 ad
1529 1672 1799 1728 diabolum
1850 1689 1979 1745 pro-

385 1771 662 1829 nuntiatur
693 1787 706 1824 :
734 1770 805 1824 Et
832 1769 1023 1838 factus
1061 1768 1147 1821 est
1181 1780 1364 1821 sermo
1392 1764 1622 1820 Domini
1650 1763 1721 1818 ad
1751 1782 1860 1829 me,
1887 1764 1980 1822 di-

387 1878 517 1919 cens
539 1880 557 1916 :
579 1860 693 1916 Fili
713 1857 979 1923 hominis,
997 1869 1154 1911 sume
1164 1853 1473 1925 planctum,
1484 1869 1651 1927 super
1664 1856 1985 1928 principem

388 1954 527 2017 Sur;
554 1952 611 2004 et
641 1947 786 2004 dices
798 1948 851 2003 ei
878 1946 928 1984 ⁵ο
959 1960 972 2001 :
996 1946 1121 2000 Haec
1142 1943 1279 2000 dicit
1298 1944 1568 2001 Dominus
1587 1962 1605 1999 :
1635 1944 1709 2000 Tu
1729 1944 1985 2016 resigna-

387 2040 581 2096 culum
616 2032 1024 2093 similitudinis
1053 2031 1167 2103 (qui
1197 2031 1400 2088 scilicet
1428 2032 1790 2104 integritatem
1819 2029 1984 2090 297

387 2124 641 2199 imaginis
682 2133 739 2179 et
791 2120 1164 2177 similitudinis
1208 2118 1615 2192 resignaveris),
1647 2121 1851 2192 plenus
1894 2137 1985 2178 δα..

381 2218 605 2291 pientia
640 2213 709 2282 51,
732 2227 939 2271 corona
954 2208 1170 2267 decoris
1197 2210 1327 2282 (hoc
1362 2218 1422 2265 ut
1449 2207 1874 2265 eminentissimo
1893 2225 1984 2266 an-

386 2306 653 2378 gelorum,
710 2310 771 2359 ut
801 2299 1145 2373 archangelo,
1174 2306 1236 2356 ut
1262 2296 1666 2371 sapientissimo
1693 2297 1980 2369 omnium),

387 2396 451 2451 in
487 2393 703 2452 deliciis
747 2390 1003 2466 paradisi
1031 2390 1130 2446 Dei
1160 2388 1249 2444 tui
1276 2392 1445 2445 natus
1475 2403 1531 2444 es
1561 2386 1691 2457 (illic
1717 2386 1862 2442 enim
1891 2386 1983 2443 ubi

388 2486 534 2541 Deus
582 2484 639 2539 in
677 2479 921 2537 secunda
965 2476 1273 2535 animalium
1312 2477 1498 2548 figurae
1531 2474 1850 2532 formatione
1880 2491 1982 2530 an-

387 2573 542 2649 gelos
576 2573 820 2643 fecerat).
862 2567 1125 2642 Lapidem
1152 2568 1431 2639 optimum
1466 2565 1706 2621 indutus
1735 2580 1832 2635 es;
1858 2582 1984 2622 sar-

387 2664 565 2728 dium,
589 2661 896 2733 topazium,
908 2657 1296 2728 smaragdum,
1312 2654 1750 2723 carbunculum,
1762 2656 1984 2728 sapphi-

338 2776 343 2783 -
385 2769 538 2817 rum,
543 2752 758 2825 jaspin,
772 2748 1115 2822 lyncurium,
1128 2746 1392 2810 achaten,
1410 2744 1811 2817 amethystum,
1824 2743 1984 2817 chry-

387 2841 683 2906 solithum,
706 2837 1006 2910 beryllum,
1048 2833 1394 2908 onychinum
1414 2833 1493 2900 52;
1516 2837 1572 2890 et
1592 2849 1735 2890 auro
1754 2833 1984 2905 replesti

387 2929 588 2988 horrea
621 2932 744 2996 tua,
775 2931 832 2982 et
860 2926 1152 2982 thesauros
1176 2928 1319 2981 tuos.
1351 2925 1437 2979 Ex
1464 2940 1574 2995 qua
1605 2923 1695 2980 die
1723 2925 1982 2981 conditus

385 3035 598 3085 es,cum
622 3015 839 3074 Cherub
861 3015 912 3054 53
917 3016 1079 3087 posui
1096 3015 1224 3072 tein
1241 3016 1436 3071 monte
1450 3017 1644 3071 sancto
1665 3015 1795 3082 Dei;
1810 3014 1984 3085 fuisti
2012 3018 2057 3103 θ

383 3111 449 3166 in
471 3107 652 3163 medio
685 3104 942 3178 lapidum
962 3106 1288 3177 igneorum;
1314 3105 1489 3173 fuisti
1518 3103 1978 3177 invituperabilis

384 3199 448 3255 in
465 3184 658 3254 diebus
680 3195 820 3263 tuis,
846 3210 919 3251 ex
937 3209 1047 3265 qua
1070 3191 1159 3247 die
1187 3191 1451 3248 conditus
1474 3207 1548 3257 es,
1581 3192 1753 3248 donec
1782 3196 1981 3250 inven-

385 3290 462 3343 ta:
476 3287 615 3340 sunt
632 3283 857 3339 laesura:
875 3284 989 3336 ture
1008 3279 1229 3350 (33).De
1250 3279 1626 3336 multitudine
1646 3282 1980 3350 negotiatio-

380 3374 475 3430 nis
506 3377 624 3428 tua:
649 3386 880 3444 promas
903 3374 1030 3425 tuas
1057 3368 1312 3440 replesti,
1328 3372 1384 3424 et
1409 3367 1697 3439 deliquisti
1718 3386 1737 3422 :
1756 3375 1812 3422 et
1831 3376 1982 3423 caete-

382 3478 463 3519 ra.
487 3460 627 3531 Quae
655 3460 721 3514 ad
753 3457 1159 3532 sugillationem
1191 3455 1390 3529 angeli,
1420 3470 1529 3511 non
1560 3455 1623 3511 ad
1654 3454 1800 3512 illius
1826 3456 1979 3528 prin-

382 3551 517 3623 cipis
538 3548 760 3622 prOprio
791 3544 1415 3625 pertinerelmanifestum
1432 3552 1534 3617 est,
1554 3559 1622 3601 eo
1648 3544 1792 3617 quod
1821 3560 1981 3625 nemo

382 3637 664 3696 hominum
695 3637 751 3692 in
782 3635 1034 3708 paradiso
1065 3634 1165 3689 Dei
1198 3641 1354 3688 natus
1374 3635 1445 3688 sit
1479 3650 1494 3702 ;
1524 3648 1593 3688 ne
1613 3631 1733 3704 ipse
1762 3634 1981 3704 quidem

382 3730 575 3794 Adam,
608 3725 898 3783 translatus
927 3724 1111 3795 potius
1138 3723 1305 3780 illuc:
1353 3738 1453 3779 nec
1479 3737 1604 3779 cum
1637 3721 1849 3778 Cherub
1876 3738 1978 3794 po-

383 3819 522 3875 situs
548 3817 604 3872 in
634 3822 815 3871 monte
843 3820 1028 3869 sancto
1057 3812 1177 3878 Dei,
1212 3811 1266 3865 id
1287 3819 1388 3881 est,
1421 3810 1475 3865 in
1504 3811 1834 3867 sublimitate
1861 3827 1976 3867 ca:-

381 3906 524 3974 lesti,
573 3904 641 3962 de
694 3920 798 3977 qua
842 3902 1092 3958 Satanam
1147 3899 1412 3957 Dominus
1458 3916 1673 3975 quoque
1709 3901 1977 3959 decidisse

382 4003 611 4054 testatur
639 4012 657 4064 ;
686 4009 788 4050 nec
817 3991 957 4048 inter
1010 3989 1219 4062 lapides
1254 3989 1444 4063 igneos
1473 3989 1807 4057 demoratus,
1837 3991 1980 4049 inter

380 4094 711 4159 gemmantes
756 4082 995 4137 siderum
1039 4078 1344 4138 ardentium
1392 4078 1588 4148 radios,
1628 4080 1772 4137 unde
1817 4080 1977 4138 etiam

381 4173 540 4249 quasi
571 4172 754 4246 fulgur
780 4170 1033 4241 dejectus
1064 4176 1148 4225 est
1178 4169 1422 4225 Satanas.
1466 4169 1575 4226 Sed
1616 4170 1735 4243 ipse
1789 4180 1980 4229 auctor

379 4262 589 4332 delicti,
617 4262 673 4319 in
694 4275 922 4334 persona
951 4260 1250 4331 peccatoris
1275 4260 1374 4317 viri
1401 4259 1757 4317 denotabatur
1785 4279 1800 4329 ;
1832 4269 1974 4319 retro

384 4353 605 4429 quidem
686 4348 1129 4423 invituperabilis
1199 4365 1231 4406 a
1298 4348 1389 4408 die
1456 4349 1784 4408 conditionis
1839 4367 1972 4423 suae,

2095 517 2588 590 invituperabilium
2660 518 3048 589 conditionum,
3123 528 3176 576 et
3232 520 3475 576 excultus
3536 523 3685 577 omni

2092 606 2269 678 gloria
2334 606 2601 680 angelica,
2656 615 2710 665 et
2756 607 2899 678 apud
2945 609 3116 664 Deum
3173 611 3515 674 constitutus,
3574 628 3684 682 qua

2068 696 2271 751 ’bonus
2330 696 2471 767 apud
2536 697 2737 752 bonum
2784 716 2800 752 :
2854 705 3037 768 postea
3113 713 3241 756 vero
3296 715 3327 753 a
3393 701 3685 773 semetipso

2090 785 2376 841 translatus
2404 784 2460 840 in
2488 785 2710 840 malum.
2767 788 2857 843 Ea:
2898 804 3002 860 quo
3058 788 3227 853 enim,
3278 788 3469 859 inquit,
3500 805 3685 863 appa-

2089 878 2342 932 ruerunt
2367 875 2587 931 laesura:
2617 879 2731 931 luce
2751 894 2770 931 :
2792 876 2864 931 illi
2903 893 2995 931 eas
3022 890 3297 949 reputans,
3337 878 3539 949 quibus
3568 880 3685 935 sci-

2087 964 2214 1038 licet
2269 965 2407 1021 laasit
2460 964 2735 1021 hominem
2782 967 3021 1034 ejectum
3068 982 3099 1021 a
3141 966 3239 1020 Dei
3278 965 3539 1038 obsequio
3586 968 3683 1023 5":

2089 1034 2143 1110 ei
2190 1071 2251 1111 ex
2301 1054 2393 1110 illo
2452 1050 2699 1127 deliquit,
2751 1072 2816 1111 ex
2875 1071 2985 1126 quo
3034 1056 3292 1112 delictum
3350 1034 3685 1130 seminavit;

2089 1151 2246 1216 atque
2309 1143 2383 1198 ita
2440 1143 2639 1199 exinde
2719 1142 3120 1218 negotiationis,
3177 1145 3232 1199 id
3312 1155 3411 1211 est,
3466 1145 3688 1201 malitiae

2087 1248 2198 1286 sum
2255 1232 2660 1287 multitudinem
2702 1233 2945 1289 exercuit
2976 1251 2990 1298 ;
3021 1234 3337 1290 delictorum
3395 1233 3603 1290 scilicet
3638 1244 3690 1292 et

2087 1335 2367 1390 sensuum,
2401 1336 2513 1377 non
2542 1320 2718 1377 minus
2766 1328 2820 1376 et
2864 1320 2982 1393 ipse
3030 1321 3185 1376 liberi
3226 1322 3434 1378 arbitrii
3472 1325 3683 1379 institu-

2087 1418 2175 1465 tus
2204 1416 2266 1465 ut
2292 1410 2532 1479 spiritus.
2565 1408 2708 1465 Nihil
2738 1410 2880 1465 enim
2912 1411 3060 1466 Deus
3100 1410 3399 1482 proximum
3431 1411 3533 1467 sibi
3576 1427 3686 1468 non

2086 1496 2329 1554 libertate
2363 1498 2632 1567 ejusmodi
2661 1497 2980 1556 ordinasset.
3010 1499 3184 1570 Quem
3236 1509 3415 1556 tamen
3453 1509 3509 1556 et
3540 1517 3684 1572 prte-

2085 1586 2388 1644 damnando
2440 1593 2662 1642 testatus
2700 1592 2783 1641 est
2827 1587 2896 1642 ab
2952 1586 3310 1645 institutionis
3352 1588 3528 1645 forma
3555 1590 3687 1647 libi-

2086 1679 2213 1735 dine
2235 1676 2452 1748 propria
2481 1682 2754 1746 conceptae
2803 1676 2942 1732 ultro
2974 1675 3192 1732 malitiae
3219 1661 3552 1734 exorbitasse
3582 1697 3597 1745 ;
3635 1690 3691 1737 et

2091 1771 2455 1823 commeatum
2508 1763 2914 1837 operationibus
2960 1764 3079 1834 ejus
3124 1764 3483 1834 admetiendo,
3518 1768 3686 1824 ratio-

2092 1872 2211 1911 nem
2253 1854 2502 1911 bonitatis
2531 1868 2644 1909 suae
2674 1852 2822 1924 egit;
2853 1852 3042 1910 eodem
3062 1854 3286 1910 consilio
3305 1864 3357 1911 et
3387 1856 3551 1913 homo
3589 1872 3689 1913 ea-

2090 1944 2211 2000 dem
2250 1942 2455 1999 arbitrii
2502 1943 2747 1998 libertate
2803 1941 3028 2001 elideret
3073 1944 3187 2015 (33)
3227 1943 3530 2018 inimicum,
3582 1961 3692 2020 qua

2090 2032 2395 2088 succiderat
2424 2030 2501 2087 illi
2533 2048 2547 2096 ;
2582 2030 2819 2101 probans
2850 2047 3026 2100 suam,
3058 2047 3168 2089 non
3194 2031 3297 2087 Dei
3327 2031 3537 2104 culpam
3567 2051 3582 2102 ;
3635 2042 3692 2091 et

2092 2124 2163 2179 ita
2193 2122 2424 2178 salutem
2470 2120 2636 2192 digne
2663 2137 2765 2193 per
2791 2120 3068 2178 victoriam
3099 2130 3455 2195 recuperaret,
3486 2130 3540 2179 et
3568 2123 3687 2180 dia-

2092 2210 2252 2267 bolus
2279 2209 2514 2265 amarius
2554 2208 2838 2279 puniretur
2865 2209 2932 2264 ab
2971 2224 3056 2276 eo,
3103 2226 3264 2283 quem
3303 2210 3518 2267 eliserat
3566 2221 3691 2270 ante

2092 2299 2370 2368 devictus;
2401 2305 2453 2353 et
2498 2298 2647 2353 Deus
2677 2304 2825 2353 tanto
2849 2298 3022 2370 magis
3054 2299 3232 2354 bonus
3262 2297 3431 2358 298
3473 2300 3689 2357 inveni-

2090 2397 2259 2457 retur,
2318 2386 2602 2444 sustinens'
2636 2387 2906 2444 hominem
2958 2388 3335 2464 gloriosiorem
3384 2390 3440 2445 in
3470 2393 3686 2465 paradi-

2091 2492 2235 2545 sum,
2266 2477 2332 2532 ad
2388 2475 2659 2533 licentiam
2697 2476 3048 2548 decerpendaa
3088 2478 3301 2536 arboris
3328 2479 3452 2538 vitae
3476 2481 3588 2553 jam
3616 2483 3689 2538 de

2091 2566 2200 2624 vite
2229 2580 2627 2638 regressurum.

2703 2708 2931 2767 CAPUT
2968 2708 3069 2765 Χῐ.

2162 2833 2332 2906 Igitur
2351 2848 2524 2906 usque
2534 2831 2602 2890 ad
2620 2830 2875 2890 delictum
2887 2833 3135 2907 hominis,
3151 2835 3303 2893 Deus
3328 2851 3362 2892 a
3389 2834 3691 2911 primordio

2090 2928 2294 2976 tantum
2339 2922 2535 2990 bonus,
2583 2921 2777 2978 exinde
2822 2923 3008 2992 judex,
3057 2930 3110 2980 et
3155 2940 3399 2994 severus,
3442 2934 3495 2982 et
3537 2928 3688 2998 quod

2084 3012 2414 3068 Marcionita
2441 3011 2645 3079 velunt,
2663 3026 2861 3068 saevus.
2885 3012 3075 3069 Statim
3102 3014 3374 3072 mulierin
3400 3015 3686 3074 doloribus

2088 3116 2302 3172 parere,
2341 3108 2397 3156 et
2424 3101 2541 3157 viro
2569 3103 2772 3158 servire
2799 3101 3090 3160 damnatur
3118 3105 3283 3175 (Gen.
3315 3121 3397 3174 ιιι,
3432 3108 3519 3175 16)
3547 3125 3559 3164 :
3585 3108 3685 3165 sed

2087 3206 2207 3262 quae
2234 3198 2357 3245 ante
2381 3189 2497 3247 sine
2525 3189 2633 3244 ulla
2668 3190 3075 3249 contristatione
3111 3208 3210 3263 per
3249 3193 3684 3252 benedictionem

2087 3278 2479 3335 incrementum
2512 3277 2733 3350 generis
2761 3278 2876 3350 (34)
2905 3280 3166 3351 audierat,
3211 3283 3453 3341 Crescite
3474 3291 3684 3341 tantum

2089 3372 2146 3423 et
2164 3366 2640 3440 multiplicamini
2663 3382 2676 3435 ;
2709 3366 2941 3439 sedj‘quae
2963 3369 3017 3424 in
3045 3370 3399 3442 adjutorium
3418 3376 3683 3447 masculo,

2088 3471 2196 3512 non
2232 3455 2290 3511 in
2346 3454 2628 3511 servitium
2682 3454 2860 3512 fuerat
2893 3457 3175 3515 destinata.
3222 3460 3409 3517 Statim
3439 3471 3491 3517 et
3545 3472 3688 3522 terra

2088 3545 2226 3601 male
2245 3542 2446 3600 dicitur
2473 3544 2633 3614 (Gen.
2668 3559 2750 3611 tu,
2784 3546 2874 3615 18)
2902 3560 2918 3616 ;
2950 3545 3048 3602 sed
3077 3553 3201 3604 ante
3228 3548 3532 3607 benedicta.
3554 3551 3686 3609 Sta-

2087 3634 2181 3690 tim
2213 3631 2395 3688 tribuli
2424 3639 2477 3688 et
2505 3632 2711 3703 spinae:
2742 3633 2833 3689 sed
2853 3634 3502 3710 antefoenum,etherbae,
3536 3649 3591 3698 et
3605 3658 3687 3700 ar-

2085 3722 2282 3780 borum
2316 3723 2607 3778 fructuosa.
2640 3720 2829 3779 Statim
2878 3723 3048 3780 sudor
3077 3733 3130 3781 et
3166 3725 3318 3783 labor
3349 3729 3541 3801 panis;
3581 3732 3684 3788 sed

2085 3818 2208 3869 ante
2237 3826 2305 3868 ex
2357 3811 2506 3867 omni
2532 3809 2682 3883 ligno
2711 3810 2882 3869 victus
2910 3812 3183 3883 immunis,
3214 3824 3270 3872 et
3296 3815 3546 3874 alimenta
3582 3836 3683 3877 se-

2086 3916 2234 3957 cura.
2282 3898 2490 3956 Exinde
2542 3900 2705 3957 homo
2752 3899 2820 3955 ad
2860 3908 3082 3974 terram,
3116 3903 3211 3959 sed
3256 3911 3383 3961 ante
3412 3905 3479 3963 de
3511 3915 3682 3968 terra.

2083 3990 2295 4047 Exinde
2348 3989 2419 4044 ad
2455 3998 2703 4057 mortem,
2746 3989 2844 4046 sed
2898 4000 3025 4048 ante
3068 3991 3138 4047 ad
3177 3992 3360 4050 vitam.
3390 3994 3598 4054 Exinde
3623 3999 3681 4056 in

2084 4078 2311 4136 scorteis
2332 4076 2575 4135 vestibus
2601 4077 2734 4151 (35),
2769 4078 2867 4135 sed
2896 4087 3021 4136 ante
3047 4079 3164 4139 sine
3191 4084 3448 4155 scrupulo
3476 4087 3682 4148 nudus.

2048 4216 2063 4225 .
2085 4170 2164 4225 Ita
2193 4168 2340 4241 prior
2374 4168 2587 4226 bonitas
2634 4168 2738 4226 Dei
2761 4171 3057 4228 secundum
3087 4182 3332 4230 naturam
3363 4192 3378 4246 ;
3418 4178 3682 4235 severitas

2084 4259 2374 4330 posterior,
2433 4258 2732 4317 secundum
2785 4275 3020 4318 causam.
3091 4259 3191 4317 llla
3241 4262 3505 4337 ingenita,
3559 4268 3681 4326 haec

2082 4349 2332 4408 accidens
2379 4366 2394 4406 :
2457 4349 2551 4408 illa
2606 4350 2847 4424 propria,
2904 4352 3022 4408 haec
3074 4354 3477 4411 accommodata
3532 4356 3679 4415 :itla

1749 4499 1940 4569 Variae
1995 4505 2310 4569 lectiones.

451 4611 502 4655 49
538 4616 825 4671 Personam
884 4608 1053 4668 Seml.
1091 4608 1310 4667 Oberth.
1342 4605 1393 4648 5°
1429 4606 1489 4664 Ei
1506 4607 1644 4683 add.
1662 4609 1787 4665 Lat.
1811 4609 1857 4646 51
1888 4609 2083 4683 Plenus
2111 4607 2566 4683 sapientia‘abest
2594 4607 2931 4683 Seml._mss.
2977 4609 3150 4683 inquit
3174 4627 3303 4683 non
3343 4613 3569 4672 habent.
3606 4619 3678 4675 At

378 4690 630 4747 versione
648 4686 783 4740 LXX
809 4683 959 4739 nihil
986 4683 1174 4739 simile
1200 4684 1468 4754 reperias.
1496 4681 1885 4755 Insertumiex
1904 4681 2147 4755 Hebraeo,
2171 4680 2258 4739 uel
2296 4680 2532 4751 Vulgata
2557 4684 2733 4755 putat
2761 4680 3127 4755 .lunrlidd.‘52
3154 4682 3458 4755 Onychium
3487 4690 3673 4745 Paris.

382 4764 549 4819 Fran.
580 4758 630 4796 53
658 4756 952 4810 Cherubim
996 4754 1165 4810 Seml.
1208 4752 1305 4809 cui
1332 4752 1734 4810 contradicunt
1784 4754 1947 4810 lectio
1978 4753 2135 4809 Hebr.
2184 4766 2403 4808 necnon
2432 4753 2610 4808 versio
2654 4752 2843 4808 Graeca
2881 4753 3015 4808 LXX
3042 4752 3449 4824 interpretum,
3481 4763 3680 4818 caeteri

381 4833 623 4903 denique
652 4828 891 4903 editores
918 4830 987 4903 ut
1018 4825 1231 4903 Pamel.
1266 4824 1625 4903 Rig._Ve_net._
1646 4826 1832 4896 Fran;
1856 4840 1959 4898 pro
1991 4824 2223 4880 Cherub.
2247 4826 2408 4881 stant
2440 4837 2651 4892 omnes,
2673 4826 2732 4880 et
2771 4824 3008 4894 Vulgata
3045 4824 3225 4897 fauet.
3256 4826 3304 4867 ⁵4
3332 4828 3579 4886 Electum
3608 4832 3679 4888 ad

380 4903 479 4957 Dei
509 4894 829 4971 obsequium
861 4897 1048 4953 Latin.
1084 4895 1314 4952 tlcctum
1337 4894 1375 4951 ’a
1395 4894 1519 4966 Dei,
1559 4894 1733 4951 Rhen.

1766 4994 2271 5059 Commentarius.

451 5115 567 5188 (3t)
588 5115 765 5171 Donec
785 5112 1035 5188 inventa:
1054 5110 1423 5188 suntlaesurfe
1444 5110 1828 5188 tumLtesurte
1850 5119 1973 5167 sunt
2082 5111 2274 5188 Adami
2293 5108 2870 5188 _dcfendit_hic_locus,
2896 5120 3089 5188 contra
3118 5114 3419 5175 haereticos.
3451 5117 3526 5175 Ls:
3573 5119 3671 5177 Pa.

419 5182 598 5261 eccata
639 5200 775 5261 qua;
815 5185 1063 5261 animam
1092 5183 1546 5261 lmdunt._Gra2ce
1575 5182 1720 5238 enim
1742 5185 1975 5240 habetur
2153 5183 2266 5255 (34)
2283 5183 2390 5261 Per
2408 5182 2861 5261 benedictionum
2882 5184 3285 5261 incrementem
3311 5193 3551 5261 generis.
3580 5195 3679 5247 Po-

378 5252 677 5337 ἂδικήμςιταζ
699 5255 814 5312 Lib.
856 5255 1109 5337 deﬁat,
1140 5269 1260 5337 cap.
1308 5255 1367 5326 '7,
1417 5256 1789 5337 decrescentes
1843 5270 1974 5337 opes
2082 5252 2185 5337 test
2212 5252 2332 5311 esse
2356 5252 2529 5337 figura
2559 5253 2777 5337 Graeca;
2803 5272 2902 5337 per
2928 5252 3363 5337 benedictionem
3380 5262 3677 5319 secundum

377 5324 535 5393 vocat
562 5331 818 5388 laesuras:
845 5349 867 5380 «
902 5324 1292 5383 Demonstrans
1321 5324 1419 5399 per
1447 5324 1807 5399 abjectionem
1835 5324 1972 5381 divi-
2079 5324 2472 5399 incrementum
2498 5328 2716 5399 generis
2748 5324 2991 5385 audierat
3027 5348 3041 5390 ;
3084 5331 3330 5392 Crescite
3365 5341 3570 5392 tantum
3618 5340 3679 5394 ει

378 5407 571 5466 tiaram
595 5401 882 5475 ,lwsuras
934 5412 1147 5474 quoque
1194 5395 1380 5454 earum
1425 5395 1819 5471 computandas
1863 5413 1971 5456 non
2076 5395 2578 5475 multiplicamini.
2611 5397 2796 5457 linem.

2076 5470 2271 5604 Β
2292 5470 2512 5532 Exinde
2540 5473 2602 5533 in
2631 5473 2863 5536 scorteis
2892 5476 3087 5538 vestib.
3111 5477 3378 5539 Pelliceas
3396 5477 3675 5555 intelligit.

2125 5558 2264 5610 BEN.

375 5474 1055 5623 ’Ἵὲὲῖἑέιᾟὶνωιτίς
1087 5543 1347 5623 ubertate;
1374 5540 1629 5611 ειίάενεεν
1662 5548 1766 5602 θιο·
1790 5541 1968 5601 Αωί⁵’

376 5615 493 5685 sein
540 5615 649 5681 non
703 5619 921 5679 omnino
975 5615 1138 5677 fuisse
1194 5615 1494 5678 libertatem
1532 5623 1657 5696 post
1691 5622 1969 5695 peccatum
