4032 6152
271 331 360 390 3ἳό

1462 323 1589 385 LIB.
1635 323 1702 383 ll.
1741 323 1898 383 ADV.
1934 318 2338 383 MARCIONEM.

3451 320 3562 382 3‘26

266 457 416 520 edito,
457 456 574 509 haec
619 452 874 509 adhibita.
918 453 1030 508 Nec
1090 458 1280 509 natura
1325 450 1472 507 enim
1518 451 1849 522 inoperatam
1880 464 1926 543 Α
1955 467 2022 506 na
2059 457 2112 506 et
2145 449 2422 522 terrigena
2474 449 2590 522 (38)
2647 448 2916 507 animalia.
2977 448 3170 504 Omnia
3227 458 3282 504 ut
3339 449 3557 506 bonitas

270 545 436 600 debuit
465 542 798 599 continuisse
836 541 1152 608 bonitatem,
1181 556 1280 597 nec
1327 556 1490 597 causa
1535 540 1845 595 dissimula-

274 646 363 688 tam
392 633 628 690 evasisse
673 631 1036 686 severitatem.
1069 629 1310 686 Alteram
1356 628 1484 695 sibi,
1515 629 1736 683 alteram
1770 629 1848 685 rei

274 724 403 778 Deus
439 719 710 791 prastitit.
744 718 923 788 Incipe
951 734 1097 775 nunc
1123 720 1280 774 etiam
1308 716 1504 787 iudicis
1550 724 1745 772 statum
1791 725 1849 772 ut

273 808 473 866 afﬁnem
538 807 667 863 mali
733 823 978 880 arguere,
1049 808 1137 878 qui
1204 806 1401 862 idcirco
1456 805 1615 860 alium
1675 806 1849 860 Deum

273 893 536 950 somniasti
563 892 906 948 solummodo
948 894 1172 956 bonum,
1203 892 1328 962 quia
1359 906 1464 946 non
1506 898 1663 962 potes
1697 890 1848 961 iudi-

273 995 738 1052 cem:quauquam
789 987 842 1034 et
885 979 1037 1034 illum
1084 986 1144 1035 ut
1197 979 1433 1049 judicem
1490 979 1847 1036 ostendimus.

272 1073 364 1126 Aut
419 1071 463 1124 si
511 1085 623 1124 non
663 1069 928 1138 judicem,
962 1075 1107 1125 certe
1164 1083 1473 1141 perversum
1520 1083 1582 1123 ac
1628 1083 1850 1138 vanum,

271 1159 561 1230 disciplinae
599 1173 709 1214 non
746 1158 1102 1227 vindicandae,
1147 1158 1201 1214 id
1249 1166 1351 1223 est,
1385 1172 1495 1213 non
1542 1157 1853 1228 iudicandae

268 1247 699 1304 constitutorem.
728 1246 848 1302 Non
879 1247 1141 1318 reprobas
1168 1256 1348 1304 autem
1390 1247 1565 1301 Deum
1588 1244 1852 1315 iudicem,

269 1339 350 1410 qui
397 1352 509 1391 non
557 1335 793 1404 iudicem
843 1336 1016 1391 Deum
1048 1336 1283 1407 probas?
1313 1336 1488 1406 Ipsam
1537 1335 1654 1390 sine
1688 1334 1854 1390 dubio

265 1427 523 1498 justitiam
573 1440 830 1481 accusare
877 1423 1121 1490 debebis,
1163 1440 1284 1496 quae
1323 1423 1560 1494 iudicem
1611 1431 1850 1496 praestat,

265 1525 347 1572 aut
401 1524 456 1570 et
515 1529 640 1571 eam
680 1513 733 1568 in
779 1513 993 1585 species
1041 1512 1264 1567 malitiae
1309 1513 1592 1584 deputare,
1644 1512 1700 1567 id
1749 1519 1853 1582 est,

266 1603 580 1675 iniustitiam
654 1604 708 1658 in
779 1602 963 1658 titulos
1017 1601 1274 1659 bonitatis
1329 1601 1647 1659 adscribere.
1704 1603 1857 1657 Nunc

269 1693 402 1748 enim
452 1691 665 1762 iustitia
720 1691 944 1755 malum,
989 1689 1034 1745 si
1091 1689 1354 1757 iniustitia
1400 1691 1622 1746 bonum.
1665 1691 1850 1755 Porro,

1953 539 2222 611 concepit,
2253 539 2326 593 ita
2353 537 2598 608 iustititia
2649 537 2912 594 distinxit.
2943 538 3136 594 Totum
3165 540 3268 594 hoc
3315 539 3558 610 iudicato

1955 628 2276 700 dispositum
2304 637 2356 682 et
2383 628 2690 683 ordinatum
2747 637 2848 682 est.
2881 626 3072 681 Omnis
3120 628 3276 694 situs,
3331 628 3558 683 habitus

1956 717 2365 782 elementorum,
2395 715 2641 781 effectus,
2687 725 2889 782 motus,
2937 721 3130 784 status,
3191 727 3364 781 ortus,
3395 732 3557 772 occa-

1957 821 2051 860 sus
2077 804 2434 879 singulorum,
2487 804 2688 875 iudicia
2743 812 2867 860 sunt
2925 804 3231 873 Creatoris;
3292 821 3360 858 ne
3405 816 3560 876 putes

1958 909 2081 948 eum
2111 893 2304 948 exinde
2331 895 2564 964 iudicem
2621 893 3008 956 definiendum,
3055 909 3163 964 quo
3204 893 3401 947 malum
3434 910 3552 948 cae-

1959 982 2057 1053 pit,
2089 989 2244 1053 atque
2277 983 2346 1036 ita
2377 982 2642 1052 justitiam
2664 984 2730 1036 (lc
2775 998 2966 1036 caussa
2996 982 3121 1036 mali
3169 981 3425 1037 offusces.
3467 984 3561 1038 His

1961 1072 2104 1127 enim
2159 1071 2332 1126 modis
2379 1071 2711 1128 ostendimus
2731 1067 2861 1128 eum
2894 1088 3017 1127 cum
3049 1072 3284 1126 auctrice
3315 1072 3560 1127 omnium

1961 1160 2201 1214 bonitate
2231 1160 2492 1230 prodisse,
2526 1171 2584 1216 ut
2615 1170 2666 1214 et
2697 1161 2869 1232 ipsam
2893 1160 3184 1231 ingenitam
3225 1161 3336 1216 Deo
3369 1172 3421 1215 ct
3458 1177 3561 1216 na-

1964 1249 2212 1318 turalem,
2245 1265 2345 1306 nec
2381 1250 2731 1305 obventitiam
2779 1251 3160 1322 deputandam,
3195 1267 3314 1322 quae
3345 1250 3399 1306 in
3453 1252 3562 1306 Do-

1962 1338 2110 1395 mino
2139 1338 2355 1395 inventa
2384 1339 2454 1394 sit
2481 1337 2798 1395 arbitratrix
2835 1353 3061 1410 Operum
3091 1340 3230 1410 ejus.

2542 1480 2768 1537 CAPUT
2821 1479 2973 1539 XIII.

2035 1603 2271 1674 Atenim,
2306 1611 2366 1661 ut
2392 1603 2590 1660 malum
2620 1613 2805 1676 postea
2841 1605 3041 1676 erupit,
3092 1613 3252 1678 atque
3295 1604 3422 1662 inde
3445 1605 3560 1676 iam

1964 1695 2129 1765 coepit
2161 1694 2371 1749 bonitas
2401 1693 2491 1748 Dei
2514 1707 2637 1748 cum
2667 1693 2984 1748 adversario
3013 1708 3196 1763 agere,
3234 1692 3378 1749 aliud
3419 1709 3562 1765 quo-

269 1799 384 1840 cum
434 1780 648 1854 cogeris
704 1779 1020 1849 iniustitiam
1067 1779 1134 1834 de
1190 1779 1440 1850 pessimis
1489 1779 1854 1851 pronuntiare,
1892 1762 1935 1840 Β
1963 1762 2067 1859 que
2096 1784 2376 1858 negotium
2411 1781 2603 1836 eadem
2643 1781 2736 1835 illa
2759 1781 2966 1850 iustitia
2995 1762 3092 1836 Dei
3137 1790 3290 1838 nacta
3321 1792 3404 1839 est
3437 1762 3563 1851 iam

273 1874 456 1927 eodem
497 1871 635 1944 iugo
683 1868 896 1942 urgeris
936 1867 1197 1939 justitiam
1243 1869 1311 1924 de
1353 1868 1570 1940 Optimis
1618 1884 1857 1926 censere.

275 1959 414 2014 Nihil
443 1961 577 2014 enim
606 1957 859 2013 aemulum
891 1956 1017 2010 mali
1065 1970 1172 2012 non
1213 1955 1441 2024 bonum,
1472 1955 1610 2012 sicut
1639 1963 1690 2012 et
1732 1956 1858 2012 boni

279 2049 518 2104 aemulum
548 2047 686 2103 nihil
715 2062 826 2103 non
854 2046 1075 2101 malum.
1108 2046 1283 2120 Igitur
1309 2054 1513 2118 quanto
1540 2047 1742 2103 malum
1773 2047 1861 2101 in-

261 2138 480 2209 iustitia,
516 2144 666 2193 tanto
696 2137 897 2191 bonum
922 2135 1146 2206 iustitia.
1179 2136 1291 2191 Nec
1332 2135 1535 2206 species
1563 2136 1860 2193 solummo-

267 2230 351 2295 do,
384 2227 482 2283 sed
516 2228 694 2282 tutela
722 2225 1023 2298 reputanda
1053 2224 1337 2294 bonitatis;
1363 2223 1486 2298 quia
1515 2224 1732 2282 bonitas
1760 2227 1862 2281 nisi

261 2318 459 2390 iustitia
509 2323 754 2389 regatur,
802 2323 862 2371 ut
911 2315 1058 2386 iusta
1103 2316 1191 2385 sit,
1243 2331 1350 2371 non
1400 2316 1501 2372 erit
1543 2316 1772 2384 bonitas,
1816 2315 1862 2371 si

263 2408 456 2479 iniusta
505 2407 604 2462 sit.
639 2405 786 2461 Nihil
834 2404 976 2460 enim
1005 2406 1226 2474 bonum,
1257 2406 1400 2478 quod
1441 2406 1731 2477 iniustum;
1764 2407 1862 2463 bo-

265 2513 383 2553 num
414 2505 606 2553 autem
635 2509 821 2563 omne,
848 2494 990 2566 quod
1023 2496 1257 2565 justum.

753 2633 927 2693 299
979 2636 1206 2693 CAPUT
1253 2637 1382 2693 XII.

324 2765 400 2822 Ita
427 2763 480 2821 si
511 2762 753 2820 societas
781 2771 832 2818 et
861 2762 1187 2836 conSpiratio
1218 2763 1474 2820 bonitatis
1503 2773 1663 2839 atque
1702 2765 1862 2836 iusti-

261 2859 340 2912 tia:
369 2852 775 2925 separationem
807 2868 988 2908 earum
1031 2868 1138 2927 non
1178 2860 1352 2925 potest
1379 2869 1574 2927 capere
1596 2855 1732 2926 (36),
1757 2870 1862 2927 quo

263 2961 351 3002 ore
377 2942 684 3001 constitues
713 2941 1078 2998 diversitatem
1109 2943 1338 2998 duorum
1369 2944 1596 3000 deorum
1630 2945 1682 2998 in
1713 2960 1868 3016 sepa-

1953 1875 2266 1932 -secundum
2294 1871 2669 1928 adversionem
2698 1870 3001 1943 dirigendae
3031 1871 3280 1926 bonitatis
3322 1871 3454 1943 (39),
3505 1877 3566 1930 ut

1967 1963 2202 2034 seposita
2232 1961 2486 2018 libertate
2516 1961 2636 2031 ejus
2667 1961 2804 2032 (40),
2836 1977 2942 2032 qua
2970 1970 3024 2016 et
3051 1961 3192 2017 ultro
3221 1961 3362 2016 Deus
3392 1962 3567 2019 bonus

1971 2069 2069 2126 pro
2097 2051 2308 2107 meritis
2323 2051 2591 2122 cujusque
2619 2058 2896 2120 pensetur,
2921 2050 3099 2122 dignis
3117 2049 3399 2120 offeratur,
3431 2048 3568 2106 indi-

1969 2143 2092 2217 gnis
2146 2143 2468 2214 denegetur,
2501 2139 2728 2212 ingratis
2757 2141 3068 2208 auferatur;
3115 2139 3340 2212 proinde
3394 2142 3568 2199 omni-

1969 2234 2070 2288 bus
2095 2231 2303 2288 aemulis
2329 2229 2651 2286 vindicetur.
2682 2231 2769 2285 Ita
2809 2246 2966 2286 omne
3011 2231 3117 2286 hoc
3147 2229 3371 2299 iustitiae
3431 2247 3568 2302 opus

1970 2322 2276 2394 procuratio
2326 2319 2586 2376 bonitatis
2637 2328 2753 2388 est,
2788 2321 2930 2391 quod
2974 2320 3269 2390 judicando
3330 2321 3566 2388 damnat,

1969 2411 2114 2484 quod
2155 2409 2461 2465 damnando
2481 2409 2653 2480 punit,
2675 2409 2839 2481 quod,
2873 2418 2931 2463 ut
2967 2408 3165 2476 dicitis,
3217 2410 3370 2465 saevit
3401 2427 3416 2482 ;
3467 2411 3573 2466 uti-

1969 2517 2073 2574 que
2104 2501 2248 2558 bono
2279 2515 2388 2556 non
2419 2499 2562 2554 malo
2594 2496 2826 2570 proﬁcit.
2872 2497 3118 2570 Denique
3161 2499 3326 2554 timor
3383 2498 3570 2567 iudicii

1973 2591 2040 2646 ad
2079 2591 2303 2656 bonum,
2335 2604 2444 2644 non
2475 2589 2543 2643 ad
2566 2588 2765 2643 malum
2795 2587 3025 2644 confert.
3064 2588 3188 2645 Non
3235 2590 3377 2644 enim
3405 2586 3568 2644 suffi-

1970 2680 2148 2737 ciebat
2177 2681 2377 2734 bonum
2416 2675 2593 2733 300
2647 2694 2743 2748 per
2774 2679 3120 2749 semetipsum
3173 2677 3568 2743 commendari,

1940 2769 2082 2844 iam
2112 2770 2212 2824 sub
2262 2767 2573 2823 adversario
2627 2765 2900 2822 laborans.
2941 2767 3073 2821 Nam
3139 2766 3237 2822 etsi
3293 2781 3573 2821 commen-

1969 2858 2144 2916 dabile
2173 2872 2268 2928 per
2297 2857 2670 2925 semetipsum,
2703 2871 2810 2910 non
2866 2863 3045 2911 tamen
3077 2863 3129 2910 et
3183 2856 3572 2922 conservabile,

1974 2949 2103 3019 quia
2138 2944 2500 3016 expugnabile
2528 2946 2636 3014 iam
2669 2961 2768 3017 per
2795 2945 3183 3014 adversarium,
3215 2944 3317 3000 nisi
3365 2944 3446 3000 vis
3475 2944 3576 3000 ali-

265 3034 492 3100 ratione,
515 3047 762 3087 seorsum
792 3031 1060 3102 deputans
1089 3033 1247 3086 deum
1286 3033 1519 3098 bonum,
1541 3040 1593 3088 et
1623 3049 1866 3090 seorsum
1905 3050 1948 3129 ε
1977 3049 2082 3106 qua
2115 3041 2368 3103 praeesset
2407 3031 2651 3100 timendi,
2697 3048 2817 3103 quae
2845 3033 3048 3088 bonum
3101 3032 3260 3089 etiam
3329 3032 3576 3089 nolentes

271 3122 435 3177 deum
465 3121 697 3189 iustum?
729 3121 845 3176 Illic
891 3121 1137 3176 οοηςίεῑὶι
1163 3120 1386 3190 bonum,
1422 3122 1509 3176 ubi
1555 3130 1609 3178 et
1635 3123 1862 3191 justum.

273 3212 322 3265 A
372 3210 662 3281 primordio
707 3211 942 3281 denique
989 3221 1198 3268 creator
1244 3219 1352 3266 tam
1396 3213 1588 3284 bonus,
1613 3229 1774 3284 quam
1816 3224 1871 3271 et

263 3301 476 3371 iustus,
505 3299 700 3370 pariter
744 3307 800 3354 et
847 3308 1131 3371 utrumque
1175 3287 1461 3372 processit.
1495 3301 1712 3356 Bonitas
1752 3302 1870 3372 eius

267 3398 495 3462 Operata
526 3399 608 3444 est
640 3389 922 3455 mundum,
953 3389 1157 3459 iustitia
1186 3390 1458 3446 modulata
1479 3399 1563 3446 est
1590 3392 1727 3463 (37‘),
1747 3407 1870 3464 quae

265 3479 431 3533 etiam
485 3486 603 3532 tum
650 3478 914 3533 mundum
957 3478 1218 3548 judicatit
1247 3495 1311 3534 ex
1343 3480 1503 3534 bonis
1539 3479 1866 3550 faciendum,

265 3567 392 3638 quia
424 3581 550 3622 cum
581 3566 836 3622 bonitatis
883 3567 1109 3623 consilio
1149 3567 1426 3637 judicavit.
1458 3568 1687 3624 Iustitiae
1736 3585 1872 3640 epus

266 3666 370 3722 est,
411 3656 559 3727 quod
614 3655 758 3712 inter
805 3657 979 3712 lucem
1029 3663 1085 3712 et
1133 3657 1386 3713 tenebras
1432 3658 1697 3729 separatio
1736 3674 1870 3731 pro-

270 3747 515 3800 nuntiata
563 3753 670 3814 est,
703 3746 840 3802 inter
869 3745 1010 3800 diem
1060 3755 1115 3802 et
1160 3755 1393 3813 noctem,
1427 3747 1565 3803 inter
1595 3748 1790 3804 coelum
1819 3758 1873 3805 et

276 3843 515 3902 terram,
566 3835 712 3890 inter
783 3851 977 3906 aquam
1037 3835 1372 3907 superiorem
1421 3844 1474 3894 et
1540 3836 1872 3908 inferiorem,

277 3923 414 3978 inter
441 3923 614 3978 maris
643 3931 838 3979 emtum
885 3931 939 3979 et
995 3924 1161 3980 aridae
1217 3923 1438 3991 molem,
1480 3924 1620 3981 inter
1649 3926 1875 3981 lumina-

281 4010 358 4065 ria
388 4013 598 4082 majora
648 4023 704 4067 et
749 4012 986 4077 minora,
1013 4013 1202 4067 diurna
1231 4022 1392 4084 atque
1421 4024 1701 4082 nocturna,
1734 4014 1879 4072 inter

285 4115 480 4158 marem
519 4110 573 4158 et
618 4099 910 4171 feminam;
941 4101 1082 4158 inter
1121 4102 1368 4159 arborem
1415 4103 1703 4175 agnitionis
1733 4121 1877 4163 mor-

287 4188 356 4245 tis
382 4198 435 4247 et
459 4191 607 4262 vitae,
639 4191 780 4248 inter
806 4192 996 4250 orbem
1025 4200 1081 4249 et
1109 4191 1442 4264 paradisum,
1478 4191 1618 4248 inter
1645 4193 1878 4265 aquige-

1976 3130 2248 3195 appetere,
2287 3129 2341 3176 et
2387 3121 2658 3176 custodire
2713 3121 3085 3190 compelleret.
3145 3123 3430 3188 Caeterum,
3500 3129 3581 3179 tot

1977 3207 2248 3265 illecebris
2303 3208 2429 3262 mali
2486 3207 2922 3280 expugnantibus
2979 3209 3202 3272 bonum,
3263 3209 3385 3278 quis
3442 3208 3575 3264 illud

1980 3306 2278 3370 appeteret,
2309 3296 2456 3370 quod
2487 3296 2704 3366 impune
2733 3297 3148 3352 contemneret?
3179 3296 3314 3364 Quis
3341 3295 3580 3350 custodi-

1979 3399 2085 3455 ret,
2121 3389 2268 3460 quod
2297 3388 2412 3442 sine
2444 3387 2684 3459 pericqu
2712 3386 3026 3441 amitteret?
3053 3384 3447 3456 Legis(Matth.
3479 3399 3576 3457 vn,

1984 3481 2073 3551 I3)
2101 3480 2244 3535 mali
2283 3480 2432 3534 viam
2489 3477 2690 3546 latam,
2748 3483 2802 3530 et
2865 3475 3034 3531 multo
3081 3473 3503 3546 frequentiorem
3562 3491 3576 3532 :

1981 3583 2159 3624 nonne
2186 3583 2374 3622 omnes
2403 3565 2492 3619 illa
2522 3565 2833 3620 laberentur
2863 3564 2931 3630 55,
2964 3563 3011 3618 si
3043 3562 3173 3618 nihil
3203 3562 3257 3617 in
3287 3562 3379 3616 illa
3420 3561 3577 3617 time-

1981 3665 2128 3712 retur
2151 3653 2181 3709 ?
2207 3655 2500 3710 Horremus
2531 3650 2795 3706 terribiles
2851 3649 3026 3704 minas
3071 3649 3362 3716 Creatoris,
3413 3657 3465 3704 et
3495 3649 3580 3706 vix

1982 3762 2012 3802 a
2038 3746 2181 3802 malo
2202 3745 2481 3800 avellimur
2512 3761 2524 3798 :
2556 3740 2709 3814 quid,
2751 3741 2796 3796 si
2842 3740 2973 3795 nihil
3033 3739 3324 3795 minaretur
3348 3738 3376 3792 ‘2
3433 3740 3582 3795 Hanc

1979 3837 2241 3908 justitiam
2271 3835 2474 3890 malum
2503 3833 2670 3900 dices,
2705 3846 2826 3904 quae
2856 3830 2994 3885 malo
3035 3845 3146 3884 non
3175 3829 3320 3883 favet
3348 3829 3374 3884 εἰ
3433 3829 3580 3884 Hanc

1985 3927 2186 3982 bonum
2217 3923 2464 3998 negabis,
2497 3939 2615 3994 quae
2638 3922 2784 3977 bono
2805 3920 2855 3958 ⁵6
2885 3918 3194 3991 prospicit?
3222 3919 3339 3974 Νοη
3379 3915 3426 3956 ⁵⁷
3448 3932 3585 3989 qua-

1985 4016 2092 4072 lem
2132 4021 2346 4086 oportet
2385 4016 2554 4070 Deum
2604 4011 2765 4066 velles
2820 4010 2870 4048 58
2915 4008 3068 4080 (ﬁt);
3138 4008 3350 4081 qualem
3418 4008 3585 4064 males

1989 4103 2266 4176 expediret
2295 4103 2323 4158 ‘I
2352 4101 2452 4157 sub
2475 4115 2583 4174 quo
2611 4099 2812 4155 delicta
2835 4097 3182 4170 gauderent?
3212 4096 3299 4154 cui
3338 4096 3587 4153 diabolus

1990 4191 2239 4248 illuderet
2259 4192 2286 4248 ?
2316 4190 2468 4248 illum
2497 4190 2698 4246 bonum
2746 4186 3012 4258 iudicares
3041 4187 3237 4253 Deum,
3270 4185 3365 4258 qui
3403 4185 3583 4242 homi-

1611 4347 1642 4378 -s
1660 4316 1854 4380 Varize
1909 4321 2219 4384 lectiones.

363 4438 412 4479 ⁵⁵
436 4439 640 4499 Omnes
678 4440 1026 4498 illaberentur
1055 4441 1272 4500 Parnel.
1309 4439 1478 4500 Seml.
1502 4439 1550 4479 ⁵⁸
1578 4440 1702 4496 Non
1730 4443 1939 4498 inserit
1978 4441 2154 4502 Rhen.
2188 4439 2289 4500 Sed
2320 4440 2459 4496 tunc
2497 4433 2881 4498 omittendum
2914 4432 3160 4512 negabis.
3210 4430 3256 4476 5"
3284 4436 3406 4495 Non
3434 4435 3588 4497 abest

295 4511 464 4570 Rhea.
493 4516 668 4571 Fran.
702 4513 831 4570 Lat.
865 4515 998 4572 Jun.
1043 4515 1092 4552 ⁵⁸
1121 4514 1213 4572 Vel
1245 4531 1364 4588 pro.
1396 4512 1562 4569 velles
1591 4514 1711 4569 Lat.
1744 4514 1880 4570 Jun.

1694 4635 2194 4702 Commentarius.

307 4831 317 4842 .
512 4763 600 4818 Ita
630 4761 681 4816 si
709 4762 944 4854 societas
973 4763 1028 4816 et
1056 4761 1399 4833 conspiratio
1429 4759 1698 4854 I‘Jon‘t'tatis
1725 4764 1868 4854 atque

1997 4757 2315 4854 {alienissima
2341 4763 2518 4854 Ῑῃγενῆ
2546 4763 2650 4854 τῶῖ
2667 4757 2827 4854 (nitor.
2843 4755 2927 4842 .LB
2952 4756 3050 4813 PR.

297 4834 538 4894 iustitia:
567 4834 984 4905 separatione":
1003 4847 1202 4905 eorum
1223 4850 1337 4890 non
1354 4837 1538 4905 potest
1564 4850 1780 4904 capere.
1804 4835 1891 4890 Sic

295 4910 352 4955 et
403 4904 803 4977 emendandum
847 4904 1057 4959 censuit
1103 4904 1525 4975 Latiniusiquod
1551 4907 1715 4975 vulgo
1746 4905 1886 4977 legi-

297 4981 409 5043 tur,
438 4998 461 5023 ι
509 4975 865 5040 Separatione
907 4991 1088 5029 earum
1135 4991 1244 5031 non
1291 4983 1467 5045 potest
1511 4991 1720 5034 carere.
1773 4975 1819 5027 »θ
1840 4977 1897 5030 In

294 5046 601 5118 exemplari
635 5046 914 5101 Pithceano
944 5046 1143 5118 legitur
1178 5065 1192 5102 :
1230 5067 1255 5098 α
1286 5048 1683 5118 separationem
1711 5063 1897 5103 eorum

293 5117 643 5200 nopo‘potest
671 5133 881 5200 carere.
914 5136 939 5170 ι
981 5117 1140 5200 biber
1182 5117 1384 5200 Ursini,
1422 5119 1672 5200 S_eptimi_i
1701 5120 1896 5200 stylum

291 5188 522 5263 exhibet
571 5209 664 5263 se
701 5190 796 5255 Ita,
823 5188 866 5243 si
907 5189 1134 5263 societas
1179 5197 1231 5246 et
1283 5188 1616 5263 conspiratio
1646 5188 1900 5246 bonitatis

289 5269 462 5331 atque
487 5260 720 5332 justitia;
748 5261 1087 5334 separatione
1109 5276 1297 5318 eorum
1318 5260 1437 5317 non'
1456 5268 1631 5334 potest
1657 5278 1895 5329 currere,

290 5347 409 5404 quo
440 5346 556 5396 ore,
589 5352 619 5384 ο
654 5340 758 5388 etc.
789 5333 917 5388 Itis.

365 5404 491 5478 (εἴ)
533 5405 1102 5478 Justittajnodulata
1139 5405 1586 5478 est.7Legendum
1619 5407 1898 5478 crederem

285 5475 598 5549 moderata
631 5480 738 5534 est.
769 5476 839 5531 Et
863 5477 1111 5549 quamvis
1138 5477 1298 5534 nullis
1328 5475 1603 5535 codicibus
1624 5477 1811 5548 fretus,
1845 5477 1899 5535 id

290 5547 650 5617 conjicienda
681 5546 897 5604 tantum
918 5546 1260 5604 affirmarem.
1293 5549 1370 5606 LE
1401 5549 1502 5605 Pa.

328 5620 496 5698 “(38)
516 5621 968 5698 Inter_aquigena
986 5624 1041 5679 et
1063 5623 1367 5698 terrigena.
1391 5621 1695 5698 Delectatur
1716 5622 1786 5698 iis
1805 5638 1904 5680 ve-

291 5691 463 5751 cib‘us
500 5706 624 5768 quae
662 5691 976 5756 Graecarum
1020 5707 1123 5754 usu
1163 5691 1488 5769 dérivantur,
1520 5693 1672 5777 quasi
1699 5694 1878 5759 dicere

2069 4825 2184 4905 '(3'9)
2202 4825 2689 4905 Negotiiimﬁacta
2718 4833 2800 4905 est
2821 4831 2947 4905 jam
2967 4825 3284 4905 secundum
3310 4825 3592 4905 adversio—

1998 4901 2128 4962 nein
2159 4901 2468 4976 dirigenda:
2501 4903 2796 4976 bonitatis.
2831 4903 2943 4959 Hoc
2968 4909 3068 4970 est,
3097 4901 3594 4976 Adirigendazboni-

2002 4977 2124 5032 tatis
2143 4973 2305 5046 prout
2338 4984 2576 5030 mentem
2614 4974 2838 5046 quisque
2865 4989 3014 5030 suam
3045 4973 3112 5028 ad
3167 4973 3269 5029 Dei
3307 4974 3598 5032 bonitatem

2002 5049 2254 5102 advertit.
2285 5048 2413 5103 Βία.

2079 5119 2193 5189 (40)
2233 5121 2295 5177 Ut
2315 5119 2556 5190 seposita,
2573 5117 2832 5175 libertate
2875 5119 3016 5190 ejus.
3051 5119 3140 5174 Sic
3192 5118 3390 5175 habent
3417 5134 3599 5174 exem-

2007 5191 2196 5262 plaria,
2233 5206 2332 5262 nec
2353 5189 2672 5262 inconcinne
2703 5189 3068 5260 explicabitur
3095 5191 3147 5245 in
3176 5191 3317 5247 hunc
3345 5207 3562 5247 sensum
3586 5208 3598 5247 :

2006 5261 2073 5320 Ut
2104 5261 2348 5335 seposita
2376 5261 2570 5318 divinae
2600 5261 2854 5335 bonitatis
2874 5262 3221 5335 liberalitate,
3253 5272 3431 5334 quaet
3463 5264 3601 5335 ultro

2006 5335 2154 5391 Deus
2171 5333 2362 5390 bonus
2384 5341 2485 5402 est,
2517 5335 2628 5406 iam
2657 5333 2839 5392 divina
2867 5334 2962 5390 illa
2991 5335 3204 5393 bonitas
3245 5333 3346 5406 pro
3392 5333 3597 5389 meritis

2007 5407 2272 5479 cuiusque
2303 5416 2582 5478 pensetur.
2615 5407 2745 5464 Βία.

2081 5474 2345 5554 (ΜῘ-Νοὴ
2373 5480 2598 5554 qualem
2619 5482 2838 5554 Oportet
2861 5479 3038 5554 Datim
3066 5476 3254 5554 velles2
3284 5474 3605 5554 InAPithcea-

2007 5545 2308 5627 adlegitur
2342 5569 2354 5611 :
2380 5545 2924 5627 &__Qualern_0portet
2950 5549 3124 5608 Deum
3153 5545 3317 5605 velles
3336 5546 3364 5603 7
3401 5545 3601 5619 Quales

2009 5621 2218 5700 malles,
2247 5621 2530 5698 expediret
2559 5622 2587 5680 ‘2
2622 5643 2647 5672 ν
2679 5621 2808 5680 th.
