4032 6152
510 307 613 370 327

1196 301 1639 363 TERTULLIANI
1674 300 1939 363 OPERUM
1979 300 2146 363 PARS
2185 302 2253 361 ΙΙ.
2295 334 2363 345 -
2401 299 2629 362 SERIES
2666 301 2709 371 Ι,
2751 298 3093 360 POLEMICA.

3687 301 3800 361 328

506 450 630 489 nem
666 437 849 503 posset
873 427 1045 500 magis
1084 429 1282 482 malum
1308 428 1487 483 facere
1538 428 1819 483 securitate
1868 426 2101 481 delicti?
2134 442 2181 519 Α
2210 427 2423 498 species
2465 429 2519 483 in
2566 425 2939 499 ambiguitate,
2990 427 3324 496 turbantem;
3364 426 3489 498 quia
3527 428 3666 482 mala
3717 428 3799 483 di-

505 520 639 588 Quis
668 518 796 574 boni
850 526 1057 586 auctor,
1090 516 1192 570 nisi
1251 517 1342 587 qui
1392 526 1445 570 et
1511 516 1787 572 exactor?
1844 515 2094 581 Proinde,

504 609 628 679 quis
688 608 811 662 mali
870 615 1180 671 extraneus,
1237 606 1338 660 nisi
1385 606 1474 677 qui
1533 612 1587 659 et
1643 606 1928 661 inimicus?
1966 603 2098 671 Quis

502 699 771 762 inimicus,
803 698 901 751 nisi
933 696 1023 767 qui
1054 703 1105 750 et
1152 705 1484 768 expugnator
1511 695 1539 748 εἰ
1578 693 1708 761 Quis
1736 702 2094 766 expugnator,

502 785 604 839 nisi
631 785 721 857 qui
751 792 803 839 et
836 785 1098 855 punitor?
1127 782 1215 837 Sic
1265 789 1409 839 totus
1459 782 1607 837 Deus
1636 782 1811 836 bonus
1837 791 1935 849 est,
1968 783 2092 837 dum

501 891 599 945 pro
622 875 764 929 bono
794 873 973 928 omnia
1004 881 1103 926 est.
1154 871 1242 926 Sic
1280 870 1514 941 denique
1570 871 1933 941 omnipotens,
1966 870 2093 941 quia

502 972 557 1017 et
584 963 802 1033 juvandi
833 971 888 1016 et
932 960 1163 1015 laedendi
1220 966 1430 1030 potens.
1480 960 1659 1013 Minus
1737 966 1837 1024 est,
1888 966 2093 1012 tantum

498 1052 663 1107 modo
714 1051 990 1121 prodesse,
1025 1050 1148 1121 quia
1180 1064 1287 1103 non
1340 1049 1484 1103 aliud
1539 1047 1670 1119 quid
1720 1048 1889 1119 possit
1933 1065 2090 1119 quam

498 1141 780 1213 prodesse.
821 1141 902 1194 De
931 1137 1194 1209 ejusmodi
1217 1153 1319 1208 qua
1363 1136 1557 1193 ﬁducia
1602 1137 1803 1192 bonum
1858 1152 2088 1206 sperem,

499 1228 541 1282 si
570 1229 675 1283 hoc
713 1225 884 1281 solum
934 1226 1152 1296 potest?
1191 1227 1461 1295 quomodo
1509 1224 1829 1281 innocentiae
1875 1240 2089 1280 merce-

497 1316 616 1372 dem
647 1324 833 1384 secter,
861 1314 907 1368 si
935 1329 1044 1371 non
1066 1322 1119 1368 et
1147 1314 1411 1369 nocentiae
1449 1320 1688 1383 spectem
1714 1313 1803 1367 59?
1833 1311 2090 1369 Difﬁdam

496 1422 718 1462 necesse
748 1412 848 1470 est,
881 1421 947 1459 ne
984 1420 1081 1459 nec
1110 1402 1330 1459 alteram
1366 1413 1571 1473 partem
1623 1412 1989 1458 remuneretur
2017 1403 2087 1470 δο,

494 1495 587 1567 qui
616 1501 901 1564 utramque
930 1508 1040 1548 non
1077 1492 1258 1549 valuit.
1310 1493 1494 1563 Usque
1523 1493 1655 1548 adeo
1678 1492 1891 1560 justilia
1928 1494 2086 1545 etiam

494 1583 773 1655 plenitudo
814 1594 896 1639 est
923 1582 1223 1638 divinitatis
1262 1581 1431 1650 ipsius
1460 1582 1720 1637 exhibens
1749 1580 1921 1633 Deum
1956 1594 2087 1648 per-

494 1672 714 1745 fectum,
745 1680 799 1727 et
828 1684 1055 1742 patrem,
1079 1679 1133 1725 et
1161 1669 1475 1724 dominum:
1508 1676 1737 1739 patrem,
1762 1666 2080 1735 clementia;

493 1763 794 1829 dominum,
853 1758 1171 1830 disciplina;
1248 1762 1478 1828 patrem,
1536 1762 1800 1827 potestate
1854 1757 2083 1827 blanda;

493 1849 789 1911 dominum,
823 1862 1013 1903 severa
1048 1864 1060 1899 :
1094 1856 1320 1916 patrem,
1340 1844 1671 1915 diligendum
1702 1845 1844 1916 g‘pie;
1901 1846 2084 1900 domi-

492 1956 641 2006 num,
676 1935 975 1992 timendum
1009 1934 1313 1990 necessarie
1346 1952 1359 1989 :
1392 1933 1749 2010 diligendum,
1808 1935 1933 2007 quia
1962 1950 2086 1989 ma-

492 2029 553 2084 lit
604 2024 1055 2094 misericordiam,
1089 2040 1247 2095 quam
1302 2023 1628 2079 sacrificium
1672 2025 1844 2095 (Psal.
1905 2042 1977 2092 vr,
2008 2027 2083 2095 6;

495 2118 690 2175 Ezech.
731 2131 937 2182 χχχιιι,
971 2114 1099 2186 11);
1131 2122 1183 2170 et
1215 2114 1528 2179 timendum,
1568 2115 1695 2185 quia
1723 2115 1857 2169 nolit
1885 2130 2083 2185 pecca-

494 2216 606 2263 tum
649 2205 1052 2278 :diligendum,
1093 2203 1220 2274 quia
1269 2202 1419 2256 malit
1465 2202 1837 2273 pmnitentiam
1891 2220 2085 2273 pecca-

494 2298 646 2365 toris,
679 2309 838 2365 quam
868 2301 1131 2360 mortem;
1165 2300 1219 2346 et
1261 2292 1581 2358 timendum,
1611 2295 1736 2363 quia
1790 2291 1921 2347 nolit
1949 2309 2083 2363 pec-

492 2395 701 2442 catores
731 2383 815 2437 sui
840 2384 953 2451 jam
982 2396 1089 2435 non
1120 2380 1465 2452 poenitentes.
1499 2381 1625 2436 ldeo
1654 2381 1739 2435 lex
1793 2389 2082 2454 utrumque

492 2475 699 2542 definit,
730 2473 935 2543 Diliges
965 2474 1160 2539 Deum,
1191 2480 1245 2525 et
1270 2470 1498 2526 Timebz’s
1517 2473 1714 2526 Deum.
1740 2470 1898 2525 Aliud
1926 2471 2082 2527 obse-

493 2562 667 2620 cutori
706 2559 1014 2632 proposuit,
1042 2558 1189 2614 aliud
1212 2558 1560 2613 exorbitatori
1588 2558 1724 2629 (42).

1084 2647 1309 2701 CAPUT
1346 2646 1491 2701 XIV.

563 2738 725 2797 θυι
765 2738 847 2793 Ad
906 2736 1083 2793 omnia
1116 2736 1211 2789 tibi
1257 2735 1491 2791 occurrit
1518 2736 1663 2789 Deus
1702 2755 1714 2792 :
1752 2734 1895 2791 idem
1951 2751 2081 2807 per-

488 2831 710 2896 cutiens,
741 2828 836 2883 sed
884 2835 937 2882 et
992 2841 1221 2895 sanans;
1261 2824 1609 2889 mortiﬁcans,
1643 2825 1738 2879 sed
1788 2833 1841 2879 et
1902 2825 2081 2882 viviﬁ-

488 2936 653 2984 cans;
685 2917 996 2980 humilians,
1026 2915 1121 2969 sed
1176 2923 1227 2969 et
1256 2913 1552 2968 sublimans
1584 2929 1600 2979 ;
1647 2913 1884 2969 condens
1913 2914 2074 2978 mala,

486 3010 581 3065 sed
613 3018 665 3063 et
706 3021 889 3079 pacem
925 3004 1126 3059 faciens
1152 3006 1337 3071 (Deut.
1373 3018 1577 3071 xxxiii,
1641 3003 1762 3072 39):
1797 3012 1857 3059 ut
1914 3003 2077 3059 etiam

2210 527 2442 583 cuntur,
2492 526 2546 571 et
2606 516 2843 581 delicta,
2899 522 2953 569 et
3000 514 3311 585 supplicia;
3364 517 3564 585 passim
3610 517 3798 573 volunt

2207 620 2328 659 eum
2386 605 2721 661 conditorem
2768 602 2996 674 intelligi
3051 603 3337 669 malorum,
3386 612 3445 660 ut
3496 605 3708 660 malitia:
3745 606 3796 643 62

2205 704 2390 749 auctor
2426 693 2781 750 renuntietur.
2810 693 2922 747 Nos
2967 700 3139 747 autem
3186 693 3423 748 adhibita
3452 693 3795 750 distinctione

2204 785 2483 853 utriusque
2514 782 2720 847 formae,
2752 781 3013 851 separatis
3042 782 3199 836 malis
3245 783 3423 839 delicti
3460 785 3510 822 6³
3554 794 3607 839 et
3637 785 3793 840 malis

2204 871 2472 943 supplicii,
2513 871 2672 925 malis
2699 872 2870 940 culpa:
2900 878 2953 927 et
2980 871 3137 926 malis
3168 889 3361 943 poena},
3394 890 3552 929 suum
3592 875 3792 947 cuique

2204 960 2341 1031 parti
2396 960 2685 1016 deﬁnimus
2740 960 2787 997 δ”
2864 968 3187 1027 auctorem;
3248 963 3515 1018 malorum
3568 965 3791 1034 quidem

2202 1049 2405 1120 peccati
2437 1060 2491 1105 et
2534 1050 2725 1119 culpae,
2759 1049 3052 1116 diabolum,
3085 1053 3347 1107 malorum
3377 1068 3509 1108 vero
3539 1054 3790 1123 supplicii

2199 1148 2251 1193 et
2304 1154 2496 1209 preme,
2532 1140 2705 1193 Deum
2754 1149 3067 1205 creatorem;
3130 1149 3188 1194 ut
3242 1141 3338 1195 illa
3386 1158 3508 1212 pars
3572 1145 3791 1199 malitiae

2201 1227 2501 1297 deputetur,
2546 1228 2649 1281 ista
2670 1226 2913 1295 justitiae,
2948 1228 3087 1282 mala
3125 1229 3403 1285 condentis
3434 1230 3483 1268 6⁵
3519 1230 3710 1299 judieii
3741 1232 3792 1271 66

2198 1316 2457 1371 adversus
2490 1315 2630 1369 mala
2674 1315 2852 1371 delicti
2901 1316 2969 1369 67.
3008 1317 3088 1371 De
3135 1317 3218 1372 his
3256 1333 3386 1388 ergo
3416 1331 3625 1376 creator
3656 1336 3795 1391 pro-

2198 1403 2377 1459 titetur
2421 1405 2595 1469 malis,
2641 1420 2762 1476 quae
2804 1412 3110 1477 congruunt
3149 1407 3341 1475 judici.
3396 1407 3528 1477 Qua)
3573 1410 3787 1482 quidem

2197 1492 2305 1546 illis
2350 1492 2491 1545 mala
2534 1499 2677 1560 sunt,
2708 1494 2903 1563 quibus
2947 1494 3342 1565 rependuntur,
3383 1506 3636 1553 caeterum
3685 1514 3789 1554 suo

2195 1580 2411 1635 nomine
2468 1581 2629 1646 bona,
2678 1596 2786 1651 qua
2824 1582 2990 1650 justa,
3029 1588 3084 1635 et
3128 1584 3395 1641 bonorum
3454 1585 3785 1656 defensoria,

2194 1677 2248 1723 et
2299 1669 2614 1724 delictorum
2669 1668 2902 1739 inimica,
2943 1678 3103 1743 atque
3159 1671 3213 1728 in
3267 1674 3371 1730 hoc
3425 1675 3630 1739 ordine,
3664 1676 3784 1733 Deo

2193 1757 2372 1828 digna.
2430 1760 2535 1812 Aut
2593 1758 2759 1829 proba
2813 1774 2876 1813 ea
2937 1759 3157 1830 injusta,
3210 1772 3267 1817 ut
3324 1763 3518 1833 probes
3568 1764 3784 1819 malitiae

2194 1845 2521 1915 deputanda,
2554 1846 2607 1899 id
2656 1854 2757 1915 est,
2788 1846 3064 1915 injustitiar
3094 1851 3235 1903 mala
3277 1869 3288 1906 :
3338 1852 3462 1921 quia
3491 1852 3535 1905 si
3560 1852 3786 1919 justitiae

2192 1943 2370 2003 erunt,
2399 1936 2512 2003 jam
2557 1936 2695 1991 mala
2741 1951 2851 1991 non
2895 1948 3073 2003 erunt,
3104 1940 3198 1993 sed
3246 1940 3415 2008 bona;
3468 1942 3619 1995 malis
3662 1952 3787 1996 tan-

2195 2024 2470 2079 tummodo
2527 2024 2683 2091 mala,
2733 2025 2930 2096 quibus
2996 2026 3154 2081 etiam
3221 2028 3426 2083 directo
3482 2031 3623 2085 bona
3688 2047 3791 2101 pro

2192 2112 2345 2167 malis
2375 2113 2715 2167 damnantur.
2749 2114 3026 2169 Constitue
3076 2116 3240 2186 igitur
3273 2118 3469 2186 injuste
3510 2119 3788 2175 hominem

2192 2201 2387 2258 divinae
2404 2203 2540 2273 legis
2566 2202 2933 2258 voluntarium
2964 2212 3398 2275 contemptorem
3431 2208 3482 2261 id
3508 2208 3785 2279 retulisse,

2189 2304 2297 2359 quo
2327 2288 2500 2343 noluit
2544 2290 2595 2327 68
2652 2290 2919 2359 caruisse;
2951 2290 3149 2359 injuste
3198 2294 3451 2349 malitiam
3499 2296 3597 2350 {Pili
3640 2295 3787 2351 illius

2191 2377 2471 2442 imbribus,
2512 2377 2708 2434 dehinc
2755 2388 2809 2434 et
2859 2380 3077 2449 ignibus
3110 2396 3333 2451 caesam;
3369 2383 3567 2451 injuste
3612 2385 3784 2456 (Egy-

2192 2477 2337 2535 ptum
2389 2466 2783 2537 foedissimam,
2833 2469 3313 2537 superstitiosam,
3364 2471 3595 2543 amplius
3649 2474 3784 2529 hos-

2190 2554 2318 2625 pitis
2355 2554 2543 2626 pepuli
2574 2555 3029 2624 conﬂictatricem,
3060 2558 3374 2630 decemplici
3420 2564 3782 2633 castigatione

2188 2657 2519 2712 percussam.
2553 2643 2773 2699 Indurat
2801 2660 2895 2699 cor
2940 2646 3258 2713 Pharaonis;
3294 2649 3389 2704 sed
3428 2650 3477 2688 69
3506 2663 3783 2709 meruerat

2190 2734 2244 2784 in
2276 2732 2500 2787 exitium
2540 2732 2954 2801 subministrari,
2986 2736 3079 2806 qui
3101 2736 3214 2805 jam
3243 2747 3533 2809 negaverat
3569 2741 3778 2809 Deum;

2189 2821 2280 2891 qui
2321 2822 2437 2890 jam
2488 2822 2695 2892 legatos
2739 2823 2859 2890 ejus
2911 2823 3066 2879 toties
3112 2827 3377 2895 superbus
3434 2838 3775 2896 excusserat;

2187 2910 2277 2983 qui
2304 2911 2418 2978 jam
2450 2912 2654 2982 p0pulo
2682 2911 2917 2966 laborem
2940 2914 3122 2983 operis
3148 2914 3455 2982 adiecerat:
3481 2924 3781 2989 postremo,

2187 3018 2293 3073 qua
2321 3000 2603 3071 Egyptius
2648 2997 2822 3056 302
2871 3000 3000 3056 olim
3046 3002 3160 3057 Deo
3192 3018 3319 3058 reus
3357 3004 3532 3059 fuerat
3561 3005 3787 3078 gentilis

484 3108 538 3157 et
576 3074 717 3155 hinc'
753 3097 799 3134 δι
858 3094 1212 3166 respondeam
1289 3092 1579 3148 haereticis.
1607 3093 1746 3149 Ecce
1790 3093 1952 3160 enim,
1987 3094 2075 3147 in-
2112 3074 2154 3152 Β
2184 3089 2526 3157 idololatria),
2562 3089 2675 3142 ibin
2724 3100 2779 3144 et
2824 3090 3150 3147 crocodilum
3193 3092 3350 3147 citius
3409 3074 3591 3149 colens
3638 3095 3784 3166 (53),

484 3190 718 3262 quiunt,
787 3189 900 3257 ipse
946 3200 1004 3238 se
1072 3183 1407 3239 conditorem
1460 3182 1738 3253 profitetur
1791 3183 2073 3250 malorum,

485 3280 677 3335 dicens
709 3295 722 3331 :
757 3279 865 3349 Ego
892 3291 1018 3331 sum
1048 3274 1146 3346 qui
1173 3273 1343 3329 condo
1363 3272 1519 3327 mala
1547 3273 1675 3341 (Isa.
1694 3286 1822 3339 XLV,
1852 3271 1933 3342 7).
1952 3270 2077 3327 Am-

483 3367 627 3443 plexi
654 3366 794 3422 enim
824 3362 1070 3423 vocabuli
1126 3361 1583 3428 communionem,
1641 3360 1775 3415 duas
1812 3361 2077 3417 malorum

2188 3196 2347 3251 quam
2388 3178 2560 3232 Deum
2590 3178 2793 3234 vivum.
2825 3179 3036 3249 Impetit
3090 3180 3140 3217 ’ῖο
3186 3188 3239 3234 et
3285 3182 3462 3251 ipsum
3493 3184 3781 3255 pepulum,

2186 3268 2284 3325 sed
2314 3268 2601 3339 ingratum.
2654 3268 2882 3323 Immisit
2926 3277 2980 3325 et
3040 3269 3218 3340 pueris
3276 3286 3455 3341 ursos,
3486 3272 3580 3328 sed
3637 3273 3781 3329 irre-

2189 3357 2496 3416 verentibus
2524 3358 2579 3411 in
2604 3356 2945 3426 Prophetam.

1849 3513 2039 3577 Variae
2084 3517 2394 3577 lectiones.

552 3626 601 3662 ⁵9
632 3624 878 3697 Speciem
922 3621 1099 3697 Seml._
1124 3620 1298 3697 lihen.
1325 3638 1342 3674 :
1374 3618 1531 3697 nullo
1561 3634 1729 3697 sensu
1746 3623 1910 3691 atque
1929 3621 2103 3697 etiam
2132 3616 2722 3697 gorztra‘eqemplqria.
2754 3615 2804 3654 δο
2827 3614 3303 3697 βρηιυηοιθιαῐίι.
3338 3619 3382 3657 61
3416 3618 3512 3675 Hic
3532 3623 3774 3697 ΔΡιιιηεί.

482 3700 650 3755 Seml.
673 3688 741 3732 ’62
768 3689 975 3764 ~Injuste
1028 3693 1152 3764 add.
1190 3696 1361 3764 Frmt.
1406 3691 1462 3764 f3
1490 3690 1771 3764 Delictis...
1802 3688 2090 3764 _Suppliciis
2122 3692 2288 3747 Seml.
2325 3691 2371 3726 5"
2404 3688 2756 3764 Defendimus
2819 3690 2985 3764 Seinl.
3038 3695 3256 3764 contra
3285 3707 3495 3747 onmes.
3526 3692 3575 3729 6⁵
3622 3695 3776 3749 Con-

478 3768 626 3821 denti
658 3760 847 3820 Paris:
874 3764 922 3800 οδ
951 3762 1157 3816 Judicia
1190 3762 1358 3816 Seml.
1404 3762 1584 3816 Venet.
1619 3761 1832 3816 Pamel.
1859 3764 1974 3831 Itig.
2011 3763 2103 3819 sed
2130 3764 2409 3817 rationem
2440 3762 2729 3831 sequimur
2759 3760 3106 3829 magistram.
3142 3762 3278 3816 Edd.
3313 3765 3357 3800 '37
3389 3764 3597 3819 Delicta
3644 3767 3772 3821 alii.

479 3838 529 3878 σε
557 3837 741 3894 Voluit
787 3835 970 3891 Paris.
1022 3834 1139 3903 Κίρ.
1190 3836 1363 3888 Fran.
1412 3832 1627 3886 Pamel.
1671 3834 1856 3889 Venet.
1914 3830 1962 3869 69
2011 3834 2078 3889 Et
2126 3834 2293 3889 Seml.
2351 3832 2400 3868 το
2430 3830 2693 3903 Impendit
2732 3831 2907 3888 Venet.
2943 3832 3062 3901 Ilig.
3109 3832 3333 3904 impedit
3378 3836 3550 3892 Rhen.
3595 3838 3772 3893 Seml.

1875 3984 2372 4048 Commentarius.

549 4094 665 4168 (42)
689 4092 860 4168 Aliud
890 4089 1668 4168 exorbitatori.“Morigerum7
1707 4098 1761 4168 et
1812 4091 2070 4148 rebellem

478 4163 591 4224 sive
619 4163 1014 4237 delinquentem
1056 4165 1138 4217 his
1166 4163 1422 4237 vocibus,
1448 4164 1764 4237 obseculorz:
1789 4171 1842 4217 et
1899 4180 2072 4220 exor-

477 4234 917 4305 bitatorimotat.
946 4234 1215 4291 Vocabulo
1234 4234 1553 4290 exorbitare
1574 4234 1804 4290 utiturin
1826 4237 2067 4294 Exhort.

476 4312 548 4366 ad
576 4315 718 4366 cast.
750 4328 768 4365 :
831 4328 855 4359 α
887 4306 990 4376 Qui
1054 4307 1119 4360 de
1181 4305 1523 4376 monogamia
1577 4306 1897 4367 cxhorbitat,
1929 4326 1956 4357 ι)
2016 4316 2069 4362 et

477 4384 635 4463 Apol.
669 4396 722 4435 v1
764 4398 778 4463 ς
794 4400 831 4463 λι
864 4377 1149 4463 Sina‘nullo
1179 4377 1627 4463 desciverunt‘?‘si
1648 4379 1699 4431 in
1741 4378 2069 4463 nullonexor-

478 4448 822 4510 bitaverunt‘?
852 4470 876 4501 η
913 4448 1187 4516 Sidonius,
1220 4449 1376 4519 epist.
1412 4452 1500 4515 11,
1525 4448 1614 4503 lib.
1641 4464 1737 4502 Vlll
1771 4466 1783 4501 :
1814 4468 1837 4499 ε
1871 4448 2069 4504 Vereor

476 4523 788 4596 hujusmodi
818 4518 1298 4596 a_cath_olicze_fidei
1337 4518 2002 4596 regulisexorbitaturum.
2040 4541 2061 4570 ››

476 4592 611 4650 [tein
639 4596 809 4650 Julius
838 4592 1101 4647 Firmicus
1132 4592 1196 4646 de
1212 4608 1401 4647 errore
1423 4594 1573 4661 prof.
1607 4592 1765 4661 relig.
1791 4610 1808 4645 :
1844 4610 1866 4639 «
1900 4592 2011 4646 Nec
2037 4608 2068 4645 a

477 4667 800 4723 salutaribus
830 4664 935 4719 tuis
966 4664 1177 4735 legibus
1207 4663 1472 4718 exorbitat
1508 4678 1650 4719 nunc
1669 4661 1859 4719 consul
1888 4670 2068 4717 noster

476 4736 844 4793 Posthumius.
881 4755 906 4787 »
941 4735 1019 4789 LE
1050 4735 1145 4788 Pa.
1749 4747 1752 4751 ’

547 4809 660 4879 (43)
690 4810 811 4863 Ibin
832 4811 903 4879 get
933 4806 1274 4879 crocodilum
1320 4805 1489 4879 citius
1518 4805 1727 4879 colens.
1785 4804 2068 4879 Egyptios

475 4874 845 4947 superstitioni
898 4877 1022 4932 olim
1101 4891 1212 4947 prae
1269 4876 1472 4929 cmtcris
1540 4876 1786 4946 gentibus
1855 4874 2068 4947 deditos

475 4945 707 5027 constat,
770 4947 1010 5027 illudque.
1042 4945 1560 5027 traditur_ApoI_og..,
1616 4949 1719 5027 24.;
1777 4963 1899 5027 nam
1928 4946 2066 5027 adeo

475 5020 625 5075 fuere
654 5016 1038 5088 superstitiosi,
1068 5024 1129 5088 ut
1156 5016 1319 5072 variis
1350 5016 1401 5069 in
1444 5017 1574 5072 locis
1595 5019 1774 5073 varios
1803 5017 1903 5088 sibi
1931 5017 2065 5071 deos

474 5085 777 5154 statuerint,
816 5091 892 5141 τὸν
920 5085 1071 5160 ³¹Απ⁷ιν
1113 5085 1161 5160 ἐγ
1192 5087 1584 5160 Μεμφι,...-τὸνν
1609 5090 1783 5160 τράγον
1831 5087 1878 5139 ἐν
1910 5088 2065 5160 νΜέν-

474 5164 603 5229 δητι,
649 5161 738 5213 τὸν
791 5159 1101 5230 κροκόδειλον
1130 5156 1178 5209 ἐν
1319 5153 1532 5230 Μύριδος
1578 5153 1722 5230 λίμνῂ
1757 5159 2064 5230 (Ιιυϐἰίζηαις

473 5228 538 5289 de
568 5228 832 5301 asa-01.),
858 5251 881 5280 α
914 5228 1053 5299 Apin
1082 5228 1265 5301 colunt
1312 5229 1367 5283 in
1399 5229 1531 5283 urbe
1566 5228 1906 5301 rumpat...
1941 5229 2061 5301 Hir-

472 5321 593 5360 cum
660 5306 714 5357 in
772 5299 904 5357 urbe
953 5300 1222 5367 Mendete,
1269 5309 1322 5355 et
1385 5299 1715 5354 crocodilum
1771 5300 1823 5354 in
1871 5299 2063 5368 palude

472 5374 713 5447 Myridis.
746 5393 771 5425 ιο
814 5374 1073 5447 Δ(ἶιριῐιεξιιδ
1128 5372 1279 5425 Alex.
1337 5368 1569 5447 madrig.
1617 5385 1697 5435 ut,
1755 5385 1803 5425 c.
1855 5375 1905 5424 2.
1962 5369 2059 5447 Ubi

471 5440 754 5504 collatione
807 5445 937 5501 facta
1021 5450 1241 5498 ornatus
1319 5440 1599 5513 muliebris
1670 5457 1793 5498 cum
1848 5441 2062 5513 templis

472 5520 866 5592 Egyptiorum,
926 5514 1184 5573 describit
1276 5520 1329 5569 et
1382 5510 1665 5592 ampliﬁcat
1754 5510 2058 5592 temporum

472 5584 812 5665 structuram,
863 5597 915 5648 et
972 5592 1285 5647 ornamenta
1337 5584 1535 5663 quibus
1582 5584 1913 5649 illustrantﬂr
1970 5584 2057 5651 ;si

2180 4107 2333 4183 περὶ
2357 4089 2658 4163 intraveris,
2689 4090 2884 4183 inquit,
2915 4105 3029 4181 non
3053 4090 3216 4181 Deus,
3244 4077 3343 4183 nsed
3391 4091 3509 4183 risu
3540 4093 3769 4183 dignum

2180 4163 2462 4237 exhibetur
2501 4161 2929 4237 spectaculum,
2980 4161 3036 4237 οἵ)
3092 4162 3185 4233 γὰρ
3243 4162 3348 4224 θεὸς
3402 4164 3430 4216 ὁ
3457 4161 3772 4237 νζητοῦξμενρς

2177 4234 2311 4288 ἔνδον
2386 4231 2711 4325 εὕρεξῆσεταε,
2773 4235 2841 4325 ἐφ’
2904 4234 2957 4285 ὅν
3015 4231 3335 4325 ἐσξὲύσαμεν,
3425 4231 3655 4307 αἴλουρός
3707 4234 3767 4290 δὲ

2177 4307 2202 4325 Ἃ
2412 4308 2458 4325 I5
2546 4324 2555 4325 κ
2774 4324 2781 4325 κ
2834 4306 2879 4325 ,I
2924 4307 2946 4325 ﬂ
2994 4324 2997 4325 ν
3246 4308 3264 4323 ⁸(
3520 4313 3545 4325 ω
3692 4311 3715 4325 n

2099 4295 2204 4374 οῆ
2287 4295 2611 4378 κροκόδειλὸς,
2766 4295 3016 4378 ᾳῦῖόχθων
3070 4305 3195 4378 ὄλφις,
3229 4295 3265 4360 'a
3295 4295 3358 4378 fit
3410 4295 3649 4361 TOIOGT'OVV
3691 4311 3773 4377 θη-

2179 4375 2469 4448 ptovﬁNon
2518 4378 2659 4431 enim
2706 4376 2781 4449 ibi
2828 4375 2972 4429 Dens
3015 4375 3470 4449 qui_requiritur,
3520 4375 3766 4449 apparet,

2179 4446 2242 4502 ad
2293 4465 2455 4520 quem
2504 4448 2942 4520 properabamus,
2977 4448 3083 4520 sed
3122 4446 3387 4520 felis,_aut
3436 4446 3769 4520 crocodilus,

2177 4528 2267 4574 aut
2312 4517 2540 4590 serpens
2587 4517 2857 4590 indigena,
2886 4524 2978 4590 aut
3020 4517 3117 4572 lale
3157 4517 3432 4590 quidpiam
3478 4520 3697 4576 animal.
3739 4517 3766 4574 xi

2175 4591 2266 4646 Sic
2320 4587 2595 4664 Diodorus
2627 4587 3003 4664 ‘Siculusllib,
3037 4604 3056 4641 ι
3106 4587 3369 4664 Biblioth.
3401 4607 3414 4647 :
3448 4591 3508 4643 Ol
3540 4591 3627 4664 μὲν
3655 4596 3769 4647 ναοὶ

2174 4664 2514 4732 κάλλιστοιω.
2570 4659 2703 4732 ἔνδον
2751 4658 2814 4732 δὲ
2861 4658 2920 4732 ἤν
2973 4662 3120 4732 ζ-ῃτῇς
3170 4680 3254 4713 τον
3309 4662 3431 4725 θεὸν,
3479 4658 3771 4732 ἢ’πίϐηκός

2177 4736 2385 4799 ὲστιν,ἢ
2429 4727 2552 4805 ἶϐις,
2670 4731 2926 4805 τράγος,ᾒ
2966 4727 3211 4805 aucupes.
3277 4753 3298 4779 (ι
3366 4727 3591 4805 ΔΤιειῐιίριεὶ
3648 4727 3771 4804 qui-

2174 4805 2298 4860 dem
2366 4803 2816 4875 pulcherrima,...
2870 4801 3097 4875 si__vero
3155 4804 3325 4875 Deum
3363 4801 3523 4858 intus
3565 4801 3763 4875 quaesi-

2174 4877 2334 4945 veris,
2367 4871 2458 4928 aut
2486 4872 2641 4928 simia
2674 4882 2771 4945 est,
2802 4878 2894 4925 aut
2922 4871 3035 4945 ibis
3070 4880 3160 4945 aut
3190 4874 3391 4942 hircus,
3423 4885 3515 4929 aut
3553 4871 3696 4932 félis.
3735 4897 3761 4930 n

2171 4942 2331 5020 Idem
2358 4945 2465 5020 lib._
2486 4946 2553 5000 de
2600 4944 2785 5020 D_ecal.
2820 4943 2981 5020 tradit
3010 4942 3174 5020 Philo
3200 4945 3437 5020 Judaeus:
3475 4946 3628 5003 Mitto
3660 4950 3767 5020 Cy-

2173 5016 2349 5070 rillum
2405 5016 2559 5088 Alex.
2616 5018 2771 5071 Hom.
2830 5014 2896 5069 de
2940 5017 3101 5084 festis
3143 5016 3369 5083 Pasch.;
3404 5014 3763 5088 Pomponium

2170 5088 2385 5153 Melam,
2437 5087 2529 5140 lib.
2563 5103 2609 5155 1;
2657 5088 2993 5149 Juvenalem,
3027 5088 3137 5143 Sat.
3198 5103 3298 5144 xv.
3347 5089 3503 5144 Addo
3541 5087 3763 5146 tantum

2168 5157 2282 5211 ibin
2314 5173 2462 5213 avem
2494 5173 2616 5212 esse
2646 5157 2865 5212 ciconize
2895 5157 3145 5224 similem,
3175 5173 3295 5226 quae
3324 5160 3555 5215 locustas
3577 5172 3632 5217 et
3663 5179 3763 5217 an-

2167 5246 2305 5299 gues
2343 5231 2689 5302 vorat,iunde
2726 5229 2793 5283 ab
2808 5228 3512 5302 _1Egyptiis_superstitiose
3542 5234 3760 5302 colitur,

2167 5309 2220 5354 et
2250 5300 2490 5355 numinis
2530 5301 2646 5357 loco
2677 5309 2775 5355 est.
2807 5300 2958 5354 Tales
2988 5300 3190 5354 bestias
3221 5300 3457 5357 inﬁnitas
3498 5302 3552 5357 in
3593 5300 3766 5360 anna;
3806 5314 3809 5317 ‘

2166 5370 2313 5447 libus
2342 5371 2913 5447 relertAConstangnus
2940 5371 3225 5447 Manasses,
3258 5382 3330 5447 e_t_
3354 5376 3534 5447 Nilum
3576 5374 3763 5447 ipsum

2166 5442 2352 5571 aeu]:
2368 5443 2473 5571 silit:
2503 5441 2721 5501 ﬁnxisse
2752 5443 3040 5517 Egyptios
3060 5442 3247 5499 scribit
3289 5441 3627 5512 Heliodorus,
3663 5449 3758 5507 lib.

2163 5530 2243 5571 IX.
2276 5529 2352 5571 LE
2382 5529 2480 5573 PR.
