4032 6152
257 311 345 372 329

832 427 1058 484 CAPUT
1094 428 1214 485 XV.

209 506 214 513 ’
312 517 577 574 Justitiam
605 531 739 590 ergo
770 516 948 588 primo
975 517 1184 586 judicis
1211 517 1423 589 dispice
1450 517 1495 556 τι
1530 534 1542 568 :
1584 517 1745 587 cujus
1784 517 1830 572 si

255 608 370 664 ratio
405 606 760 673 constiterit,
811 614 942 662 tunc
995 615 1048 660 et
1106 607 1409 674 severitas;
1466 614 1521 662 et
1571 623 1667 678 per
1711 622 1829 676 quin

256 699 497 756 severitas
538 696 804 763 decurrit,
857 696 1053 751 rationi
1083 704 1133 751 et
1160 696 1377 766 justitite
1416 696 1826 765 reputabuntur.

253 790 317 843 Ac
347 804 409 842 ne
450 785 703 857 pluribus
750 785 1123 850 immorentur,
1155 785 1379 840 asscrite
1426 801 1618 840 causas
1663 793 1828 840 canc-

256 892 327 930 ras
367 891 611 947 quoque,
638 883 697 929 ut
743 875 1037 930 sententias
1101 874 1476 930 condemnetis
1514 892 1526 927 :
1576 880 1830 928 excusate

255 965 444 1029 delicta,
470 971 527 1017 ut
561 961 773 1032 judicia
822 963 1140 1033 reprobetis.
1202 961 1374 1017 Nolite
1433 963 1830 1034 reprehendere

249 1052 507 1123 judicem,
560 1051 659 1106 sed
709 1050 966 1106 revincite
1020 1050 1226 1106 malum
1269 1050 1527 1119 judicem.
1578 1052 1718 1104 Nam
1775 1057 1830 1104 et

251 1143 288 1196 si
320 1141 362 1178 72
390 1147 609 1210 patrum
651 1139 847 1194 delicta
891 1156 956 1195 ex
1009 1141 1060 1178 73
1107 1139 1233 1194 ﬁliis
1291 1139 1564 1213 exigebat,
1629 1139 1829 1192 duritia

250 1229 418 1303 pepuli
450 1228 580 1284 talia
610 1229 851 1284 remedia
885 1228 1245 1300 compulerat,
1278 1237 1336 1283 ut
1367 1229 1448 1288 vel
1497 1228 1829 1299 posteritati-

250 1323 335 1374 bus
362 1318 478 1372 suis
530 1317 923 1390 prospicientes
964 1319 1074 1391 legi
1118 1319 1313 1373 divinae
1362 1319 1661 1374 obedirent.
1695 1317 1827 1385 Quis

249 1409 375 1464 enim
440 1423 554 1463 non
628 1407 802 1478 magis
877 1406 1114 1464 ﬁliorum
1169 1409 1398 1463 salutem
1457 1424 1617 1476 quam
1674 1422 1827 1462 suam

244 1505 380 1553 curet
416 1497 444 1550 ‘P
475 1497 584 1552 Sed
625 1496 726 1550 etsi
763 1496 1059 1554 benedictio
1115 1505 1326 1568 patrum
1380 1497 1571 1552 semini
1615 1511 1827 1568 quoque

245 1602 424 1642 eorum
455 1585 851 1650 destinabatur,
899 1585 1016 1640 sine
1061 1586 1173 1641 ullo
1218 1587 1400 1642 adhuc
1444 1587 1633 1642 merito
1662 1586 1822 1651 ejus;

243 1692 327 1732 cur
362 1690 468 1730 non
503 1683 559 1730 et
605 1682 788 1731 reatus
825 1686 1038 1746 patrum
1075 1675 1132 1729 in
1175 1674 1312 1730 ﬁlios
1359 1690 1574 1748 quoque
1625 1675 1828 1730 redun-

1457 307 1586 367 LIB.
1636 306 1684 367 II
1721 304 1873 366 ADV.
1915 304 2313 368 MARCIONEM.

1816 517 1828 528 .
1865 447 1912 524 Α
1942 427 2158 501 quidem
2182 429 2419 528 judicent
2459 431 2728 528 admittis,
2769 451 2863 493 eos
2906 455 3034 497 vero
3075 452 3256 500 motus
3294 454 3349 502 et
3393 465 3526 507 sen-

3427 325 3533 386 330

1941 533 2055 586 sus,
2088 534 2188 590 per
2215 534 2356 590 quos
2379 519 2608 590 judicat,
2656 523 2907 581 destruis.
2953 529 3122 586 Deum
3179 549 3280 590 nos
3318 551 3352 592 a
3393 554 3524 610 pro-

1938 607 2116 677 pehtis
2143 616 2192 663 et
2220 609 2517 700 aChristp,
2548 628 2653 667 non
2686 629 2719 668 a
2752 615 3101 688 philosOphis,
3149 638 3246 678 nec
3274 625 3340 680 ab
3387 607 3526 700 Epi-

1937 711 2086 763 curo,
2119 697 2417 757 erudimur.
2450 697 2552 765 Qui
2583 702 2850 758 credimus
2880 707 3050 761 Deum
3083 709 3250 764 etiam
3292 713 3342 767 in
3374 697 3528 772 terris

1940 785 2138 858 egisse,
2188 793 2242 841 et
2289 787 2511 842 humani
2559 789 2774 846 habitus
2820 794 3178 852 humilitatem
3225 805 3529 874 suscepisse

1939 889 2005 929 ex
2035 889 2198 930 causa
2240 876 2490 932 humanm
2539 880 2748 951 salutis,
2782 881 2946 957 longe
2993 903 3182 942 sumus
3218 903 3250 941 a
3306 900 3528 949 senten-

1942 962 2011 1017 tia
2048 978 2235 1018 eorum
2265 965 2358 1036 qui
2390 967 2578 1022 nolunt
2608 969 2784 1023 Deum
2815 986 3006 1028 curare
3035 975 3352 1048 quidquam.
3399 982 3531 1038 Inde

1937 1052 2085 1108 venit
2116 1053 2183 1106 ad
2212 1054 2498 1110 haereticos
2547 1073 2759 1130 quoque
2804 1060 3047 1119 deﬁnitio
3097 1066 3410 1133 ejusmodi:
3473 1073 3532 1128 Si

1935 1140 2082 1194 Deus
2112 1140 2379 1211 irascitur,
2416 1151 2465 1198 et
2507 1148 2805 1216 aemulatur,
2856 1157 2911 1206 et
2955 1152 3244 1220 extollitur,
3295 1165 3348 1211 et
3398 1175 3530 1215 exa-

1937 1229 2203 1294 cerbatur,
2234 1245 2365 1300 ergo
2399 1239 2452 1286 et
2498 1243 2896 1305 corrumpetur,
2946 1255 3079 1312 ergo
3135 1250 3188 1297 et
3242 1246 3527 1304 morietur.

1935 1318 2076 1372 Bene
2113 1327 2294 1373 autem
2335 1319 2480 1389 quod
2509 1322 2936 1381 Christianorum
2992 1340 3110 1395 est,
3169 1333 3332 1388 etiam
3391 1352 3533 1393 mor-

1937 1415 2083 1460 tuum
2134 1406 2302 1460 Deum
2342 1408 2603 1476 credere,
2654 1418 2708 1466 et
2755 1421 2932 1469 tamen
2984 1417 3253 1476 viventem
3299 1423 3353 1477 in
3409 1441 3530 1483 aevo

1935 1509 2192 1550 aevorum.
2225 1495 2560 1564 Stultissimi,
2599 1499 2692 1569 qui
2721 1501 2789 1556 de
2835 1503 3086 1560 humanis
3144 1508 3339 1565 divinae
3384 1529 3528 1583 prae-

1931 1581 2276 1671 judicantso,
2334 1593 2413 1652 ut,
2474 1587 2728 1655 quoniam
2791 1591 2845 1644 in
2901 1592 3120 1649 homine
3176 1581 3528 1671 eorruptoriae

1939 1670 2264 1727 conditionis
2306 1672 2576 1728 habentur
2631 1676 2941 1745 hujusmodi
2998 1685 3308 1752 passiones,
3349 1670 3530 1746 idcir-

248 1765 435 1818 daret?
473 1763 628 1830 Sicut
655 1745 848 1834 gratia,
907 1762 984 1818 ita
1031 1771 1085 1820 et
1135 1763 1345 1819 offensa
1427 1745 1500 1820 ut
1514 1779 1607 1834 per
1663 1771 1833 1818 totum
1865 1745 1908 1821 Β
1940 1775 2003 1817 co
2033 1760 2166 1816 etin
2199 1761 2312 1815 Deo
2344 1761 2591 1830 ejusdem
2631 1772 2804 1820 status
2844 1745 3235 1828 existimentur.
3270 1745 3534 1835 Discerne

251 1868 411 1925 genus
439 1860 491 1907 et
545 1852 730 1926 gratia
768 1852 1128 1921 decurreret,
1186 1860 1241 1908 et
1289 1852 1522 1908 offensa.
1566 1851 1724 1909 Salvo
1770 1867 1834 1908 eo

257 1941 396 2011 quod
422 1947 605 2010 postea
635 1941 860 1996 decerni
889 1941 1084 1997 habeat
1117 1959 1131 1996 :
1181 1956 1288 1997 non
1341 1940 1577 1998 dicturos
1625 1942 1836 1998 acidam

259 2043 405 2086 uvam
456 2038 632 2100 patres
676 2030 1035 2086 manducasse
1070 2075 1084 2102 ,
1117 2038 1170 2086 et
1224 2029 1459 2086 ﬁliorum
1506 2031 1691 2087 dentes
1737 2032 1836 2086 ob-

249 2120 508 2190 stupuisse
542 2120 775 2187 (Jerem.
817 2135 988 2185 xxxx,
1023 2119 1113 2190 29)
1146 2137 1162 2187 ;
1195 2119 1251 2174 id
1287 2130 1394 2175 est-
1439 2135 1546 2175 non
1586 2128 1836 2192 sumptu-

244 2225 358 2264 rum
385 2216 595 2278 patrem
633 2209 895 2264 delictum
933 2207 1046 2274 filii,
1093 2224 1194 2264 nec
1249 2208 1420 2264 tilium
1450 2209 1702 2264 delictum
1731 2224 1836 2281 pa-

247 2298 334 2352 tris
364 2316 378 2359 ;
440 2299 542 2353 sed
589 2295 1023 2369 unumquemque
1050 2297 1228 2354 delicti
1261 2297 1344 2352 sui
1381 2312 1530 2353 reum
1578 2297 1836 2366 futurum,

246 2395 294 2442 ut
340 2393 463 2456 post
509 2384 767 2440 duritiam
821 2385 1005 2459 p0puli
1031 2427 1046 2457 ,
1096 2387 1298 2443 duritia
1357 2387 1492 2458 legis
1560 2387 1835 2454 edomita,

245 2472 442 2542 justitia
487 2474 608 2542 jam
666 2489 776 2529 non
823 2489 1016 2548 genus,
1074 2475 1170 2530 sed
1235 2489 1495 2546 personas
1546 2474 1836 2545 judicaret.

248 2561 570 2635 Quanquam
629 2562 678 2617 si
720 2563 1077 2636 Evangelium
1129 2563 1373 2620 veritatis
1436 2563 1714 2635 accipias,
1774 2563 1840 2618 ad

246 2667 371 2723 quos
401 2653 685 2724 pertineat
711 2652 972 2707 sententia
1011 2652 1284 2709 reddentis
1331 2653 1386 2707 in
1442 2652 1580 2708 ﬁlios
1625 2660 1842 2726 patrum

248 2741 432 2797 delicta
481 2756 796 2813 cognosces
827 2759 844 2810 ;
875 2742 942 2796 ad
989 2741 1110 2797 illos
1154 2741 1361 2798 scilicet
1401 2743 1490 2812 qui
1531 2743 1671 2796 hanc
1699 2740 1843 2798 ultro

246 2831 342 2887 sibi
384 2831 726 2887 sententiam
764 2831 975 2888 fuerant
1020 2832 1310 2904 irrogaturi
1344 2852 1358 2887 :
1394 2833 1633 2903 Sanguis
1679 2832 1844 2887 illius

244 2937 407 2992 super
436 2921 638 2993 capita
665 2925 864 2976 nostra
895 2925 949 2975 et
986 2921 1238 2990 ﬁliorum
1267 2925 1594 2978 nostrorum
1633 2919 1851 2988 (Matth.

1941 1849 2291 1920 substantias,
2322 1858 2377 1905 et
2407 1865 2538 1906 suos
2587 1850 2666 1907 eis
2716 1853 2979 1911 distribue
3028 1875 3238 1927 sensus,
3298 1871 3402 1918 tam
3449 1867 3532 1922 di-

1940 1953 2148 2010 versos,
2196 1954 2364 2009 quam
2409 1941 2722 1997 substantiae
2777 1943 3017 2015 exigunt,
3078 1947 3202 2004 licet
3257 1952 3536 2010 vocabulis

1943 2026 2343 2084 communicare
2395 2029 2696 2087 videantur.
2770 2032 2906 2087 Nam
2976 2042 3029 2090 et
3106 2037 3418 2110 dexteram,
3481 2051 3536 2098 et

1944 2118 2130 2172 oculos
2155 2118 2288 2186 (44),
2320 2127 2373 2173 et
2398 2119 2565 2188 pedes
2606 2119 2704 2174 Dei
2746 2120 2994 2194 legimus,
3053 2141 3151 2182 nec
3195 2127 3321 2184 ideo
3359 2138 3536 2187 tamen

1943 2205 2192 2260 humanis
2239 2207 2692 2276 comparabuntur
2725 2251 2740 2276 ,
2766 2211 2892 2281 quia
2944 2212 3010 2267 de
3047 2216 3406 2286 appellatione
3449 2235 3537 2276 so-

1944 2295 2175 2350 ciantur.
2232 2293 2445 2360 Quanta
2480 2297 2580 2352 erit
2625 2297 2904 2356 diversitas
2959 2301 3126 2358 divini
3182 2307 3429 2376 corporis
3488 2319 3542 2364 et

1945 2381 2189 2447 humani,
2222 2383 2325 2438 sub
2356 2382 2565 2438 eisdem
2612 2385 2918 2442 nominibus
2946 2390 3313 2448 membrorum
3345 2435 3359 2463 ,
3394 2403 3539 2452 tanta

1948 2471 2050 2526 erit
2079 2479 2133 2527 et
2161 2471 2324 2527 animi
2357 2470 2528 2527 divini
2557 2481 2610 2529 et
2664 2474 2885 2530 humani
2921 2476 3251 2550 differentia,
3301 2484 3404 2538 sub
3433 2484 3541 2540 eis-

1947 2560 2068 2615 dem
2109 2560 2232 2616 licet
2260 2561 2538 2617 vocabulis
2590 2577 2868 2628 sensuum,
2899 2580 3037 2637 quos
3081 2575 3188 2622 tam
3245 2579 3540 2644 corrupto-

1948 2649 2059 2704 rios
2111 2647 2277 2706 efﬁcit
2330 2650 2383 2704 in
2457 2650 2675 2706 homine
2740 2644 3167 2725 corruptibilitas
3226 2659 3542 2715 substantiae

1950 2739 2223 2804 humanae,
2259 2755 2419 2810 quam
2439 2738 2866 2808 iucorruptorios
2906 2741 2959 2796 in
2999 2743 3114 2798 Deo
3155 2744 3320 2802 efficit
3367 2747 3546 2804 incor-

1952 2825 2274 2897 ruptibilitas
2331 2826 2643 2881 substantiae
2692 2827 2908 2883 divinae.
2957 2830 3112 2886 Certe
3167 2833 3340 2888 Deum
3379 2833 3548 2890 conﬁ-

1964 2914 2098 2970 teris
2142 2924 2441 2971 creatorem
2492 2915 2520 2970 ?
2559 2915 2757 2983 Certe,
2817 2917 3016 2988 inquis.
3075 2917 3360 2986 Quomodo
3416 2939 3551 2996 ergo

247 3022 434 3073 xxvii,
476 3009 590 3078 25).
641 3008 755 3062 Hoc
803 3008 850 3044 ’Μ
892 3007 1076 3078 itaque
1125 3006 1303 3064 omnis
1359 3006 1697 3078 providentia
1744 3006 1843 3060 Dei
1875 3012 1998 3107 ciu
2050 3003 2166 3057 Deo
2206 3004 2500 3058 humanum
2556 3002 2760 3074 aliquid
2808 3006 3101 3073 existimas,
3152 3017 3205 3064 et
3257 3025 3363 3066 non
3421 3013 3554 3068 divi-

253 3096 486 3163 censuit,
516 3096 654 3168 quod
683 3097 801 3165 jam
821 3096 1088 3152 audierat.

865 3237 1091 3294 CAPUT
1119 3237 1270 3294 XVI.

317 3362 475 3420 Bona
503 3361 669 3436 igitur
697 3371 749 3417 et
779 3362 1054 3428 severitas,
1087 3360 1210 3432 quia
1253 3364 1415 3432 justa,
1451 3360 1494 3416 si
1533 3360 1706 3415 bonus
1749 3361 1849 3430 ju-

246 3453 374 3520 dex,
407 3452 464 3506 id
496 3460 584 3509 est
610 3452 810 3521 justus.
845 3451 974 3507 Item
1005 3457 1198 3506 caetera
1241 3450 1402 3518 bona,
1439 3465 1534 3520 per
1570 3466 1690 3522 quae
1721 3465 1854 3520 opus

247 3539 428 3598 303
476 3542 683 3596 bonum
751 3541 921 3596 currit
965 3541 1122 3595 bonae
1185 3539 1484 3598 severitatis
1518 3580 1532 3604 ,
1572 3539 1685 3594 sive
1738 3539 1853 3607 ira,

253 3632 367 3686 sive
419 3629 695 3685 aemulatio
727 3669 742 3697 ,
788 3629 904 3686 sive
959 3620 1181 3687 savitia.
1234 3629 1430 3684 Debita
1483 3628 1624 3683 enim
1676 3626 1857 3683 omnia

256 3720 377 3776 haec
431 3726 563 3774 sunt
611 3716 912 3774 severitatis
965 3717 1016 3757 ’⁷⁵
1044 3761 1060 3790 ,
1117 3718 1258 3773 sicut
1307 3719 1565 3773 severitas
1618 3717 1858 3772 debitum

259 3817 338 3862 est
369 3808 623 3878 justitias.
679 3806 1015 3863 Vindicanda
1065 3806 1167 3863 erit
1229 3807 1280 3845 ’³6
1336 3806 1638 3878 procacitas
1691 3804 1862 3860 tetatis

266 3896 654 3953 verecundiam
694 3895 962 3952 debentis.
1010 3899 1186 3967 Atque
1232 3895 1306 3950 ita
1370 3911 1476 3952 non
1522 3902 1775 3965 poterunt
1814 3894 1860 3932 τι

263 3986 429 4053 judici
477 3986 802 4057 exprobrari
850 4001 971 4057 quae
1015 3985 1180 4054 judici
1229 3984 1478 4041 accidunt
1528 3985 1598 4052 τε,
1629 3982 1866 4040 carentia

269 4083 320 4128 et
348 4075 466 4145 ipsa
491 4076 673 4147 culpa,
709 4075 848 4131 sicut
876 4081 930 4130 et
968 4074 1017 4113 79
1040 4073 1226 4144 judex.
1267 4072 1413 4140 Quid
1449 4072 1612 4141 enim,
1645 4072 1691 4128 si
1745 4087 1866 4128 mc-

269 4161 451 4218 dicum
478 4165 703 4237 quidem
733 4164 882 4221 dicas
919 4178 1038 4219 esse
1084 4163 1303 4230 debere,
1353 4161 1679 4220 ferramenta
1736 4176 1866 4218 vero

275 4252 394 4320 ejus
422 4268 671 4321 accuses,
701 4254 848 4324 quod
880 4260 1090 4323 secent,
1111 4262 1164 4308 et
1190 4252 1424 4320 inurant,
1481 4261 1534 4308 et
1584 4251 1864 4322 imputent,

282 4347 338 4394 et
397 4342 810 4399 constrictent‘?
880 4341 1096 4414 quando
1144 4341 1262 4396 sine
1313 4339 1671 4396 instrumento
1738 4339 1870 4394 artis

276 4430 515 4488 medicus
534 4446 660 4486 esse
707 4445 818 4486 non
854 4430 1045 4500 possit.
1081 4429 1187 4486 Sed
1243 4444 1436 4486 accusa
1485 4427 1624 4484 male
1671 4441 1870 4482 secan-

282 4524 416 4584 tem,
475 4520 782 4590 importune
839 4528 1224 4591 amputantem,
1284 4528 1487 4576 temere
1542 4517 1869 4582 inurentem,

276 4616 440 4678 atque
471 4610 544 4664 ita
573 4609 902 4666 ferramenta
937 4625 1150 4682 quoque
1185 4610 1303 4678 ejus
1343 4653 1358 4676 ,
1408 4614 1467 4662 ut
1509 4605 1651 4660 mala
1705 4603 1874 4660 mini-

279 4698 461 4770 steria,
492 4697 854 4770 reprehende.
891 4698 1121 4755 Proinde
1175 4704 1258 4753 est
1308 4697 1473 4766 enim,
1531 4710 1655 4751 cum
1701 4694 1875 4749 Deum

1945 3105 2078 3144 num
2133 3090 2338 3144 omne?
2385 3090 2561 3158 Quem
2616 3090 2787 3145 Deum
2850 3107 2960 3146 non
3011 3110 3184 3166 negas
3213 3141 3228 3167 ,
3277 3098 3553 3156 confiteris

1951 3194 2060 3232 non
2106 3177 2424 3232 humanum.
2484 3176 2761 3248 Siquidem
2810 3179 2980 3234 Deum
3029 3183 3355 3250 confitendo,
3415 3203 3553 3257 prm-

1948 3265 2201 3337 judicasti
2233 3265 2412 3338 utique
2441 3264 2592 3321 illum
2633 3266 2699 3320 ab
2755 3267 2899 3322 omni
2955 3268 3314 3327 humanarum
3360 3274 3554 3329 condi-

1951 3358 2156 3414 tionum
2228 3355 2484 3430 qualitate
2559 3355 2855 3413 diversum.
2927 3357 3115 3424 Porro,
3183 3357 3358 3416 304
3432 3377 3554 3418 cum

1954 3446 2150 3518 pariter
2193 3459 2458 3518 agnoscas
2505 3445 2782 3501 hominem
2823 3459 2856 3498 a
2902 3445 3018 3501 Deo
3065 3446 3309 3503 inﬂatum
3337 3449 3390 3506 in
3433 3452 3552 3506 ani-

1958 3551 2102 3590 mam
2135 3535 2331 3602 vivam,
2377 3549 2485 3590 non
2524 3535 2696 3592 Deum
2737 3536 2803 3590 ab
2861 3535 3102 3607 homine,
3160 3539 3293 3594 satis
3345 3555 3558 3609 perver-

1965 3641 2087 3680 sum
2119 3631 2218 3689 est,
2251 3633 2310 3680 ut
2338 3623 2390 3677 in
2418 3625 2533 3680 Deo
2571 3624 2750 3694 potius
2791 3625 3026 3680 humana
3055 3627 3374 3695 constituas,
3397 3645 3559 3701 quam

1967 3715 2022 3768 in
2057 3711 2274 3768 homine
2305 3711 2520 3779 divina;
2562 3712 2616 3766 in
2671 3713 2901 3769 hominis
2938 3714 3176 3788 imagine
3228 3717 3399 3772 Deum
3454 3717 3561 3772 im-

1967 3803 2106 3858 buas
2159 3801 2334 3872 potius
2391 3817 2553 3874 quam
2616 3802 2715 3856 Dei
2778 3803 3068 3858 hominem.
3129 3805 3198 3860 Et
3259 3805 3376 3862 haec
3428 3821 3559 3880 ergo

1970 3890 2154 3962 imago
2191 3890 2458 3946 censenda
2486 3898 2569 3946 est
2609 3890 2711 3944 Dei
2749 3890 2802 3944 in
2841 3891 3081 3959 homine,
3138 3894 3282 3965 quod
3337 3895 3559 3951 eosdem

1974 3991 2150 4035 motus
2177 3986 2232 4034 et
2267 3994 2459 4034 sensus
2495 3980 2691 4033 habeat
2736 3979 3004 4035 humanus
3047 3981 3282 4053 animus,
3338 3998 3477 4055 quos
3508 3993 3562 4039 et

1974 4068 2143 4136 Deus,
2177 4067 2302 4122 licet
2337 4083 2448 4122 non
2493 4066 2627 4121 tales
2661 4066 2852 4138 quales
2898 4067 3059 4126 Deus.
3101 4071 3205 4127 Pro
3250 4071 3559 4129 substantia

1976 4156 2119 4212 enim
2177 4162 2232 4210 et
2281 4163 2450 4212 status
2486 4170 2676 4211 eorum
2725 4163 2781 4210 et
2811 4157 2986 4214 exitus
3012 4159 3231 4232 distant.
3293 4160 3558 4231 Denique,

1932 4237 1936 4243 ’
1976 4243 2278 4301 contrarios
2317 4259 2510 4298 eorum
2568 4259 2778 4311 sensus,
2837 4245 3111 4304 lenitatem
3151 4249 3296 4316 dico,
3346 4248 3560 4320 patien-

1981 4335 2108 4390 tiam
2133 4375 2147 4401 ,
2195 4330 2654 4397 misericordiam,
2717 4333 2996 4406 ipsamque
3047 4337 3328 4393 matricem
3375 4351 3565 4394 earum

1980 4425 2291 4491 bonitatem,
2324 4437 2416 4477 cur
2445 4420 2629 4477 divina
2660 4424 2978 4491 praesumitis
3014 4423 3043 4478 ?
3078 4425 3191 4481 Nec
3221 4435 3401 4484 tamen
3439 4444 3564 4500 per-

1983 4513 2122 4570 fecte
2178 4529 2241 4569 ea
2287 4510 2616 4576 obtinemus,
2664 4510 2793 4580 quia
2859 4511 3006 4566 solus
3069 4513 3213 4566 Deus
3267 4514 3561 4582 perfectus.

1984 4605 2063 4658 Ita
2091 4611 2144 4658 et
2171 4601 2292 4657 illas
2321 4600 2551 4673 species,
2579 4597 2672 4652 iras
2703 4597 2822 4653 dico
2852 4597 2898 4633 81
2927 4607 2980 4653 et
3019 4599 3441 4668 exasperationis
3493 4603 3562 4665 83,

1989 4707 2098 4748 non
2125 4697 2229 4746 tam
2253 4690 2478 4747 feliciter
2508 4686 2764 4760 patimur,
2805 4685 2928 4757 quia
2979 4686 3124 4741 solus
3171 4686 3318 4740 Deus
3362 4686 3430 4742 de
3477 4687 3564 4743 in-

1661 4845 1850 4906 Varias
1893 4845 2204 4906 lectiones.

346 4985 398 5024 τι
433 4987 658 5057 Despice
687 4987 862 5044 Rhen.
895 4984 944 5023 ⁷2
975 4983 1028 5038 Si
1061 4985 1248 5041 omitt.
1281 4983 1450 5039 Seml.
1481 4979 1530 5018 ’⁷³
1550 4980 1630 5034 De
1665 4978 1832 5036 Seml.

346 5060 388 5097 ;;
443 5060 493 5096 ra
530 5059 796 5097 Αρροιιιιηι
843 5059 1008 5097 Vnan
1063 5055 1235 5097 .met
1274 5054 1323 5091 79
1352 5053 1418 5097 Et
1447 5053 1594 5097 mal-
1631 5051 1801 5097 Sam]-
1835 5047 1848 5085 ε

1953 4977 2051 5030 Hac
2081 4977 2255 5032 Rhen.
2286 4973 2334 5010 ⁷⁵
2362 4971 2646 5030 Severitati
2675 4972 2794 5096 Rip.
2820 4971 2869 5008 ἰθ
2886 4971 3015 5025 Erat
3041 4973 3173 5027 Jun.
3205 4968 3252 5007 ’⁷⁷
3285 4971 3578 5030 Potuerunt

1957 5048 2214 5097 rmdicant
2242 5046 2421 5097 Paris.
2457 5047 2628 5097 Fran.
2659 5043 2706 5079 δι
2761 5042 2981 5097 ’ταξὰἱοο
3013 5059 3110 5097 vro
3141 5044 3235 5097 ira:
3257 5043 3378 5097 dico
3400 5046 3568 5097 Sami.

273 5058 409 5113 alii.
443 5060 493 5096 78
522 5043 801 5116 Accedunt
843 5059 1029 5115 Venet.
1062 5055 1240 5112 Seml.
1274 5054 1323 5091 79
1352 5053 1418 5108 Et
1447 5053 1595 5124 negl.
1631 5051 1801 5108 Seml.
1835 5047 1884 5085 30
1911 5047 2214 5103 Prazdicant
2242 5046 2421 5100 Paris.
2457 5047 2628 5099 Fran.
2659 5043 2706 5079 ει

275 5131 568 5188 mendose.
597 5130 650 5167 ⁸2
679 5127 1130 5200 Exasperationes
1159 5125 1235 5182 id.

2812 5042 2981 5098 aedico
3006 5059 3110 5114 pro
3141 5044 3235 5098 irae
3257 5043 3378 5101 dico
3400 5046 3568 5103 Seml.

1685 5242 2184 5308 Commentarius.

2001 5383 2102 5441 est,
2153 5370 2237 5445 ad
2271 5370 2565 5445 marginem
2606 5365 3146 5445 annotavimus._Est
3203 5367 3445 5445 ejusdem
3500 5381 3580 5445 ar-

2001 5436 2243 5518 gumenti
2270 5436 2425 5518 liber'
2459 5441 2652 5518 incerti
2696 5437 3257 5518 auctoris,_.{or_tassis
3315 5436 3580 5506 Rhabani,

2007 5509 2149 5572 inter
2175 5529 2345 5587 Opera
2371 5515 2432 5569 B.
2469 5513 2786 5585 Hieronymi
2812 5519 2941 5567 tom.
2962 5509 3054 5568 IV.
3086 5511 3226 5565 Plut.

360 5386 481 5456 (44)
513 5385 660 5441 Nam
687 5387 745 5439 et
782 5383 1080 5456 dexteram,
1107 5383 1165 5456 et
1212 5380 1422 5456 oculos.
1454 5379 1513 5456 B_.
1556 5373 1890 5456 Augustinus

279 5449 384 5511 lib.
426 5449 491 5513 de
517 5457 831 5529 praesentia
861 5455 960 5511 Dei
990 5452 1069 5529 ad
1106 5450 1455 5529 Dardanum,
1487 5449 1756 5529 latissime
1785 5453 1893 5500 tra-

276 5536 406 5583 ctat
435 5519 710 5601 quémodo
739 5527 851 5583 Deo
881 5525 1245 5582 attribuuntur
1262 5522 1500 5601 dextra,
1533 5519 1684 5601 oeuli
1704 5522 1892 5601 etpe-

276 5601 411 5664 des.
455 5591 775 5673 Scripturas
822 5607 1002 5654 autem
1034 5637 1050 5666 ,
1091 5611 1157 5652 ex
1185 5594 1384 5667 quibus
1435 5591 1489 5646 id
1539 5591 1882 5662 desumptum

580 5709 830 5764 PATROL.
881 5707 946 5764 Il.
3301 5683 3360 5737 u
