3980 6144
500 261 602 320 831

1176 253 1618 315 TERTULLIANI
1655 252 1921 314 OPERUM
1957 250 2124 314 PARS
2173 255 2242 315 II.
2274 250 2346 301 Α-
2383 254 2615 317 SERIBS
2657 254 2701 324 Ι,
2744 253 3095 314 POLEMICA.

3685 251 3796 313 332

501 384 966 456 corruptibilitatis
1021 383 1351 453 preprietatc
1399 380 1547 437 felix.
1618 382 1884 437 Irascetur
1924 381 2088 447 enim,
2122 400 2168 479 Α
2197 383 2356 438 Dices
2393 382 2640 448 forsitan,
2672 381 2789 436 hac
2818 380 2972 436 etiam
3006 379 3259 435 humanis
3304 377 3513 449 legibus
3541 376 3797 433 determi-

499 478 593 532 sed
624 490 734 530 non
783 473 1192 530 exacerbabitur
1221 473 1289 539 8³,
1341 471 1431 525 sed
1490 486 1596 525 non
1652 471 2091 542 perirlilabitur:

498 564 815 632 movebitur,
875 563 967 618 sed
1042 576 1153 617 non
1230 566 1521 616 evertetur.
1607 559 1800 615 Omnia
1866 575 2090 615 necesse

494 662 577 710 est
619 653 871 709 adhibeat
926 658 1150 723 propter
1207 650 1429 719 omnia;
1481 657 1556 705 tot
1608 664 1822 718 sensus,
1864 656 1995 721 quot
2040 656 2093 704 et

498 757 727 801 causas:
761 747 816 796 et
861 739 995 794 iram
1051 745 1268 810 propter
1315 739 1585 799 scelestos,
1643 746 1696 792 et
1747 735 1909 790 bilem
1964 749 2092 805 pro-

495 841 616 904 pter
643 831 883 906 ingratos
906 870 922 897 ,
951 838 1006 885 et
1033 826 1429 883 aemulationem
1478 833 1697 898 propter
1722 825 2007 895 superbos,
2040 831 2094 879 et

498 919 759 994 quicquid
804 933 916 975 non
944 917 1159 989 expedit
1201 916 1377 971 malis.
1426 915 1514 971 Sic
1565 923 1619 971 et
1663 914 2090 970 misericordiam

496 1019 721 1082 propter
747 1013 1015 1073 errantes,
1047 1015 1101 1062 et
1158 1005 1473 1078 patientiam
1517 1013 1741 1076 prOpter
1790 1019 1900 1061 non
1950 1002 2089 1058 resi—

499 1098 781 1171 piscentes,
826 1105 880 1153 et
926 1095 1293 1172 prastanliam
1338 1103 1563 1165 propter
1614 1101 1888 1148 merentes
1943 1090 2087 1164 (45),

496 1195 551 1244 et
577 1186 838 1259 quidquid
862 1184 1019 1241 bonis
1048 1200 1184 1254 opus
1210 1192 1311 1240 est.
1348 1184 1483 1251 Qua
1522 1182 1704 1238 omnia
1750 1180 1950 1252 patitur
1989 1193 2088 1235 suo

497 1291 669 1341 more,
715 1288 824 1346 quo
849 1290 970 1330 eum
1000 1273 1111 1345 pati
1151 1272 1446 1336 condecet;
1481 1278 1704 1343 pr0pter
1740 1285 1900 1342 quem
1927 1268 2087 1325 homo

497 1364 688 1420 eadem
714 1362 936 1433 patitur,
959 1377 1114 1432 aque
1142 1376 1242 1415 suo
1266 1374 1436 1415 more.

1068 1449 1296 1505 CAPUT
1334 1448 1510 1517 xvu.

569 1541 695 1596 Haec
739 1539 919 1611 itaque
973 1538 1210 1609 dispecta
1257 1544 1427 1593 totum
1464 1536 1709 1591 ordinem
1747 1533 1843 1589 Dei
1887 1533 2088 1602 judicis

497 1628 809 1701 Operarium
865 1634 919 1681 et
968 1628 1067 1695 (ut
1124 1624 1344 1697 dignius
1404 1622 1654 1692 dixerim)
1727 1628 2085 1692 protectorem

497 1715 777 1775 catholica
822 1720 875 1768 et
910 1726 1133 1767 summa
1196 1711 1342 1766 illius
1412 1709 1668 1764 bonitatis
1720 1709 1835 1780 (46)
1899 1719 2087 1765 osten-

497 1804 632 1859 dunt
662 1817 859 1874 :quam
915 1806 1176 1855 semotam
1233 1813 1268 1853 a
1306 1796 1587 1868 judicariis
1624 1798 1893 1866 sensibus,
1925 1807 1979 1854 et
2031 1797 2089 1853 in

495 1907 598 1947 suo
620 1897 763 1945 statu
781 1904 968 1960 puram
1008 1887 1203 1942 nolunt
1238 1886 1569 1943 Marcionita
1615 1888 1671 1942 in
1724 1887 1917 1943 eodem
1971 1887 2088 1943 Deo

494 1993 812 2053 agnoscere,
849 1978 1121 2049 pluentem
1150 1992 1312 2049 super
1341 1977 1516 2032 bonos
1546 1983 1602 2032 et
1629 1976 1887 2042 malos,et
1916 1975 2087 2032 solem

496 2084 656 2125 suum
684 2065 815 2123 oriri
867 2066 1152 2123 facientem
1195 2066 1245 2103 3*
1292 2081 1455 2137 super
1512 2066 1693 2136 justos
1746 2068 1806 2120 ut
1858 2066 2086 2135 injustos

496 2160 520 2229 (
550 2157 745 2217 Matth.
777 2171 834 2228 v,
865 2156 958 2227 45)
989 2172 1003 2213 :
1040 2155 1183 2225 quod
1212 2155 1348 2210 alius
1376 2156 1526 2211 Deus
1554 2155 1773 2212 omnino
1794 2169 1901 2209 non
1938 2170 2083 2225 pra-

494 2255 617 2302 stat.
649 2246 791 2300 Nam
820 2244 921 2299 etsi
950 2245 1056 2301 hoc
1110 2259 1330 2316 quoque
1378 2244 1749 2300 testimonium
1778 2242 1981 2298 Christi
2030 2243 2083 2297 in

495 2335 802 2392 Creatorem
831 2333 1067 2389 Marcion
1097 2333 1164 2389 de
1201 2332 1492 2406 Evangelia
1523 2332 1745 2389 eradere
1782 2346 1943 2387 ausus
1979 2342 2080 2398 est,

493 2424 592 2480 sed
630 2423 747 2495 ipse
793 2422 1031 2478 mundus
1087 2421 1387 2495 inscriptus
1434 2430 1518 2478 est
1560 2421 1693 2495 (47),
1750 2429 1805 2477 et
1858 2420 2006 2477 omni
2053 2438 2083 2477 a

493 2512 822 2569 conscientia
841 2511 1045 2587 legitur
1075 2528 1091 2580 ;
1131 2518 1184 2566 et
1212 2512 1314 2566 erit
1340 2511 1458 2568 hac
1486 2512 1604 2582 ipsa
1640 2511 1896 2582 patientia
1926 2511 2084 2566 Crea-

492 2603 627 2659 toris
665 2602 720 2656 in
745 2601 1010 2672 judicium
1056 2601 1106 2638 8⁵
1140 2598 1423 2657 Marcionis
1455 2615 1469 2656 :
1509 2600 1601 2655 illa
1640 2598 1894 2671 patientia
1917 2642 1931 2667 ,
1959 2616 2080 2671 qua

490 2697 764 2764 exspectat
829 2689 1198 2761 paenitentiam
1286 2688 1468 2760 potius
1522 2689 1825 2760 peccatoris
1920 2705 2079 2759 quam

490 2788 719 2836 mortem
743 2822 758 2845 ,
815 2786 870 2835 et
924 2778 1127 2837 mavult
1171 2777 1599 2839 misericordiam
1652 2794 1811 2851 quam
1870 2778 2076 2834 sacriﬁ-

490 2869 635 2925 cium
666 2870 823 2939 (Osee
849 2884 927 2934 γι,
959 2868 1017 2939 6)
1048 2886 1061 2938 ;
1099 2876 1344 2925 avertens
1359 2869 1471 2938 jam
1500 2867 1823 2923 destinatum
1860 2867 2081 2924 exitium

2200 473 2340 527 nari.
2377 472 2481 527 Sed
2512 482 2634 526 ante
2663 471 2947 542 Lycurgos
2977 477 3029 525 et
3066 470 3294 525 Solonas
3327 483 3515 525 omnes
3548 509 3562 535 ,
3613 468 3797 522 Moses

2200 570 2253 616 et
2284 563 2453 615 Deus.
2485 561 2641 616 Nulla
2691 558 2976 631 posteritas
3014 574 3123 613 non
3152 574 3183 613 a
3215 557 3523 629 primordiis
3577 557 3791 626 accipit.

2200 651 2403 705 Tamen
2433 665 2542 705 non
2562 664 2597 703 a
2625 655 2716 704 tuo
2742 649 2855 703 Deo
2887 647 3076 702 didicit
3102 648 3323 703 Creator
3364 662 3515 701 meus
3543 644 3795 714 praescri-

2200 739 2393 795 bere88
2425 741 2544 797 Non
2563 736 2778 795 occides
2807 756 2825 804 ;
2857 751 2969 791 non
2999 735 3381 802 adulterabis;
3415 751 3529 791 non
3568 736 3793 806 furaba-

2197 827 2280 882 νίς
2310 848 2329 895 ;
2360 840 2475 882 non
2494 825 2705 897 falsum
2737 821 3130 881 testimonium
3159 824 3310 880 dices
3337 841 3358 890 ;
3383 824 3642 880 alienum
3670 838 3793 880 non

2197 917 2587 987 concupisces;
2619 914 2829 970 honora
2856 915 3081 984 patrem
3109 917 3165 969 et
3202 915 3448 968 matrem
3478 928 3491 977 ;
3523 918 3576 966 et
3604 928 3617 965 :
3650 912 3794 968 Dili-

2195 1019 2289 1075 ges
2317 1005 2643 1076 proximum
2664 1006 2833 1058 tuum
2853 1006 2923 1056 ut
2955 1002 3333 1073 temetipsum.
3370 998 3455 1055 Ad
3487 998 3603 1055 hac
3622 998 3789 1056 inno-

2197 1094 2410 1163 centia,
2443 1090 2737 1163 pudicitia,
2778 1097 2832 1145 et
2875 1088 3122 1157 justitia,
3176 1100 3230 1145 et
3259 1088 3474 1160 pietatis
3514 1087 3791 1160 principa-

2197 1182 2269 1237 lia
2296 1183 2539 1239 consulta
2570 1222 2585 1247 ,
2626 1180 2891 1237 accedunt
2944 1180 3107 1238 etiam
3160 1176 3504 1234 humanitatis
3550 1179 3793 1249 prascri-

2195 1279 2288 1342 pta
2317 1289 2329 1328 :
2363 1286 2486 1327 cum
2544 1269 2777 1341 septimo
2825 1285 3043 1342 quoque
3087 1284 3228 1324 anno
3269 1267 3488 1323 servitia
3543 1265 3783 1324 libertate

2194 1358 2479 1414 solvuntur
2515 1358 2536 1427 (
2554 1360 2705 1415 Levit
2732 1400 2745 1423 ,
2777 1360 2904 1428 xxv)
2936 1376 2952 1425 ;
2981 1373 3106 1413 cum
3143 1356 3334 1412 eodem
3364 1362 3611 1426 tempore
3652 1370 3787 1429 agro

2194 1448 2455 1517 parcitur,
2485 1447 2668 1520 egenis
2696 1446 2940 1502 cedendo
2970 1446 3154 1503 locum
3184 1466 3199 1516 ;
3223 1443 3350 1501 bovi
3394 1444 3559 1500 etiam
3589 1443 3790 1500 terenti

2192 1537 2404 1592 vincula
2426 1535 2537 1591 oris
2563 1534 2927 1602 remittuntur,
2972 1535 3043 1590 ad
3089 1535 3322 1591 fructum
3377 1533 3660 1604 prasentis
3702 1533 3788 1588 la-

2193 1622 2361 1690 boris,
2390 1638 2497 1696 quo
2544 1622 2756 1679 facilius
2811 1623 2864 1679 in
2923 1623 3219 1695 pecudibus
3263 1621 3638 1693 prameditata
3685 1622 3792 1677 hu-

2122 1686 2166 1764 Β
2197 1712 2425 1769 manitas
2452 1712 2508 1767 in
2535 1712 2814 1768 hominum
2848 1711 3127 1785 refrigeria
3156 1711 3483 1769 erudiretur.

2747 1800 2975 1857 CAPUT
3020 1800 3220 1856 XVIII.

2266 1891 2373 1947 Sed
2393 1906 2514 1963 qua
2544 1889 2721 1962 potius
2748 1890 2888 1962 legis
2931 1890 3075 1944 bona
3110 1887 3421 1955 defendam,
3473 1902 3635 1960 quam
3663 1902 3789 1958 qua

2197 1982 2418 2038 haeresis
2455 1980 2746 2052 concupiit,
2792 1989 2851 2034 ut
2890 1978 3106 2034 talionis
3133 1977 3500 2034 deﬁnitionem
3521 2016 3537 2043 ,
3568 1976 3787 2034 oculum

2194 2086 2294 2141 pro
2325 2071 2507 2142 oculo,
2531 2071 2746 2125 dentem
2778 2083 2877 2140 pro
2907 2069 3088 2135 dente,
3126 2075 3180 2123 et
3210 2066 3435 2124 livorem
3472 2082 3573 2137 pro
3610 2065 3787 2122 livore

2190 2160 2478 2232 repetentis
2504 2159 2523 2229 (
2560 2158 2732 2217 Exod.
2764 2173 2888 2224 xxx,
2921 2156 3014 2227 24)
3034 2158 3063 2212 ‘l
3091 2156 3212 2213 Non
3240 2155 3383 2212 enim
3398 2154 3613 2224 injuria
3658 2171 3784 2210 mu-

2191 2258 2282 2305 tuo
2310 2249 2621 2305 exercenda
2675 2246 2955 2303 licentiam
2984 2246 3142 2317 sapit,
3174 2245 3268 2302 sed
3308 2246 3363 2301 in
3413 2250 3588 2300 totum
3627 2243 3785 2300 cohi-

2190 2338 2381 2394 benda
2417 2337 2688 2394 violentia
2715 2336 2998 2408 prospicit,
3028 2343 3108 2404 ut,
3138 2335 3265 2407 quia
3292 2332 3590 2390 durissimo
3615 2342 3669 2389 et
3696 2334 3783 2389 in-

2190 2426 2335 2483 ﬁdeli
2362 2427 2417 2482 in
2444 2428 2559 2483 Deo
2587 2426 2787 2498 populo
2816 2427 3064 2499 longum,
3107 2424 3193 2482 vel
3248 2423 3407 2480 etiam
3472 2422 3785 2479 incredibile

2188 2516 2398 2573 videtur
2443 2533 2476 2571 a
2518 2516 2635 2572 Deo
2664 2521 2985 2588 exspectare
3041 2512 3321 2571 defensam
3354 2511 3493 2583 (49),
3552 2510 3781 2567 edicen-

2187 2605 2308 2661 dam
2341 2612 2549 2675 postea,
2580 2620 2678 2675 per
2704 2604 3022 2677 prophetam
3055 2618 3068 2658 :
3103 2602 3237 2660 Mihi
3272 2602 3582 2673 defensam,
3600 2606 3655 2658 et
3684 2616 3781 2671 ego

2186 2693 2508 2765 defendam,
2539 2694 2680 2750 dicit
2702 2695 2972 2750 Dominus
3012 2693 3197 2765 (Deut.
3227 2706 3396 2747 χχχιι
3417 2732 3432 2759 ,
3471 2692 3540 2746 35
3572 2709 3588 2759 ;
3622 2692 3780 2746 Rom.

2188 2798 2292 2853 xu,
2322 2784 2432 2856 l9),
2465 2783 2679 2839 interim
2708 2783 3017 2841 commissio
3048 2781 3263 2852 injuria
3298 2788 3447 2837 metu
3504 2778 3642 2837 vicis
3681 2788 3785 2833 sta-

2190 2875 2284 2929 tim
2331 2889 2639 2930 occursura
2676 2876 3094 2948 repastinaretur
3126 2917 3141 2945 ,
3183 2880 3240 2929 et
3281 2872 3497 2929 licentia
3544 2871 3782 2926 retribu-

489 2958 756 3058 Ninivitis,
784 2967 838 3014 et
866 2958 1103 3030 largiens
1123 2958 1351 3058 spatium
1382 2957 1503 3014 vita
1531 2958 1781 3014 Ezechia
1809 2958 2080 3031 lacrymis,
2114 2979 2158 3058 ε
2184 2961 2343 3021 tionis
2397 2963 2687 3034 prohibitio
2750 2972 2897 3019 esset
2951 2961 3387 3035 provocationis;
3437 2970 3499 3017 ut
3545 2959 3622 3015 sic
3681 2959 3779 3014 im-

490 3056 545 3103 et
573 3047 865 3103 restituens
885 3054 1077 3102 statum
1131 3047 1285 3119 regni
1311 3048 1599 3119 Babylonis
1628 3058 1854 3121 tyranno
1898 3050 2076 3121 pani-

509 3134 709 3191 entiam
736 3136 787 3173 85
815 3136 1015 3193 Iuncto.
1076 3135 1231 3191 Illam
1267 3134 1448 3193 805
1476 3136 1598 3194 dico
1630 3138 2080 3209 misericordiam,

489 3241 611 3297 qua
639 3233 695 3281 et
722 3224 889 3281 filium
921 3224 1103 3280 Saulis
1149 3226 1468 3282 moriturum
1512 3227 1632 3299 (48)
1679 3242 1745 3283 ex
1801 3227 2084 3284 devotione

490 3314 691 3387 p0pulo
720 3314 988 3371 concessit
1026 3332 1041 3370 :
1072 3321 1126 3371 et
1146 3314 1337 3381 David,
1371 3315 1563 3371 delicta
1591 3315 1648 3371 in
1694 3316 1915 3373 domum
1939 3317 2082 3373 Uria

489 3403 816 3475 confessum,
878 3403 1035 3460 venia
1076 3403 1363 3460 liberavit:
1404 3412 1459 3460 et
1486 3404 1662 3475 ipsum
1710 3405 1879 3461 Israel
1926 3406 2083 3462 toties

488 3494 745 3559 restituit,
775 3493 992 3566 quoties
1011 3493 1309 3564 judicavit;
1342 3493 1498 3551 toties
1534 3493 1748 3564 refovit,
1780 3494 1992 3567 quoties
2029 3506 2085 3551 et

488 3582 773 3655 increpuit.
809 3583 934 3640 Non
960 3582 1141 3640 solum
1171 3583 1336 3655 igitur
1357 3584 1594 3653 judicem
1622 3583 1913 3655 aspiciens,
1952 3600 2084 3641 con-

486 3681 695 3729 vertere
725 3682 777 3727 et
803 3674 871 3727 ad
900 3672 1089 3743 Optimi
1117 3673 1384 3745 exempla.
1413 3674 1623 3730 Notans
1649 3675 1697 3713 87
1721 3690 1846 3730 cum
1873 3673 2085 3731 ulcisci-

488 3769 594 3827 tur,
641 3762 925 3817 considera
977 3777 1099 3817 cum
1156 3762 1421 3837 indulget.
1470 3764 1730 3835 Repende
1780 3764 2084 3821 austeritati

483 3849 761 3906 lenitatem
800 3867 813 3905 :
847 3866 971 3906 cum
1017 3857 1306 3923 utrumque
1351 3852 1668 3910 conveneris
1705 3853 1761 3909 in
1810 3854 2081 3925 Creatore,

484 3937 731 3996 invenies
760 3942 814 3994 in
842 3954 909 3995 eo
950 3945 1007 3995 et
1035 3939 1189 4009 illud,
1220 3940 1441 4013 propter
1468 3942 1615 4015 quod
1654 3942 1885 3999 alterum
1906 3944 2082 4000 Deum

483 4028 681 4084 credis.
697 4026 831 4085 Veni
859 4026 1094 4101 denique
1120 4028 1188 4083 ad
1220 4029 1666 4103 inspectationem
1695 4031 2084 4106 doctrinarum,

482 4114 921 4191 disciplinarum,
973 4126 1371 4191 praceptorum
1433 4120 1892 4195 consiliorumque
1938 4125 2080 4193 ejus.

2186 3052 2422 3122 probitas
2451 3059 2623 3109 astuta
2650 3053 2701 3091 ³9
2728 3062 2984 3119 cessaret,
3017 3052 3169 3123 dum,
3195 3049 3433 3108 secunda
3486 3047 3773 3120 permissa,

2186 3141 2359 3211 prima
2389 3140 2573 3199 306
2603 3150 2831 3199 terretur
2859 3182 2876 3209 ,
2915 3150 2967 3197 et
3024 3141 3197 3212 prima
3234 3139 3511 3210 deterrita,
3541 3153 3643 3194 nec
3686 3154 3775 3193 se-

2185 3231 2363 3286 cunda
2415 3231 2772 3288 committitur
2802 3274 2816 3299 ,
2865 3247 2971 3303 qua
3012 3231 3064 3269 9°
3107 3240 3160 3287 et
3196 3229 3330 3284 alias
3377 3227 3582 3285 facilior
3618 3227 3779 3282 timor

2187 3318 2400 3374 talionis
2438 3335 2536 3390 per
2564 3319 2811 3375 eumdem
2852 3334 3103 3391 saporem
3134 3316 3420 3390 passionis.
3452 3315 3595 3371 Nihil
3622 3331 3776 3371 ama-

2185 3409 2298 3463 rius
2325 3424 2485 3480 quam
2533 3408 2590 3463 id
2639 3409 2815 3480 ipsum
2843 3408 2970 3479 pati,
3013 3407 3158 3479 quod
3196 3405 3391 3463 feceris
3439 3404 3579 3461 aliis.
3624 3404 3700 3461 Et
3730 3404 3776 3459 si

2184 3497 2273 3555 lex
2321 3498 2519 3572 aliquid
2563 3498 2700 3555 cibis
2727 3497 2998 3571 ‘detrahit,
3036 3506 3091 3553 et
3136 3495 3418 3552 immunda
3464 3494 3781 3568 pronuntiat

2186 3587 2442 3643 animalia
2469 3604 2591 3661 qua
2619 3588 2909 3659 aliquando
2957 3586 3244 3645 benedicta
3271 3593 3394 3642 sunt
3423 3626 3439 3652 ,
3490 3583 3780 3641 consilium

2185 3677 2501 3733 exercenda
2542 3677 2882 3734 continentia
2908 3676 3153 3750 intellige
3183 3718 3199 3745 ,
3227 3683 3280 3733 et
3325 3675 3511 3733 frenos
3538 3673 3777 3748 imposi-

2185 3774 2272 3823 tos
2303 3765 2380 3820 illi
2408 3764 2550 3838 gula
2578 3781 2835 3839 agnosce,
2874 3782 2997 3838 qua
3051 3781 3175 3823 cum
3228 3780 3419 3837 panem
3448 3763 3637 3819 ederet
3683 3780 3780 3819 an-

2186 3855 2457 3928 gelorum,
2488 3869 2806 3912 cucumeres
2833 3864 2887 3912 et
2913 3870 3161 3928 pepones
3202 3853 3580 3927 Egyptiorum
3626 3852 3783 3909 desi-

2185 3946 2427 4001 derabat.
2459 3946 2711 4018 Agnosce
2739 3944 2902 4001 simul
2934 3952 2990 4002 et
3013 3943 3301 4002 comitibus
3330 3944 3506 4017 gula,
3565 3942 3785 3998 libidini

2187 4034 2394 4092 scilicet
2420 4043 2580 4108 atque
2626 4035 2852 4092 luxuria
2898 4035 3013 4108 (50)
3073 4043 3442 4108 prospectum,
3480 4047 3601 4106 qua
3667 4032 3787 4091 fere

2185 4123 2389 4182 ventris
2417 4124 2777 4198 castigatione
2798 4124 3123 4199 frigescunt.
3157 4123 3592 4182 Manducavcrat
3625 4124 3787 4178 enim

1802 4294 1811 4303 ·
1849 4276 2044 4341 Varia
2086 4281 2400 4343 lectiones.

551 4405 989 4485 “dignabitur
1016 4408 1194 4485 inseri
1228 4411 1516 4485 vultglun.
1546 4409 1966 4485 8inﬂuenti"...
2008 4412 2223 4469 facienti
2271 4415 2477 4485 conjic.
2530 4414 2701 4471 Seml.
2749 4412 2801 4450 ⁸⁵
2844 4410 3316 4485 Indiciu_m_Paris.
3367 4409 3418 4450 ⁸6
3455 4406 3790 4466 Panitentia

483 4479 654 4537 Seml.
685 4479 733 4518 ⁸⁷
762 4479 898 4537 Nota
925 4482 1109 4537 Paris.
1134 4483 1304 4536 Fran.
1336 4481 1387 4518 8⁸
1411 4482 1753 4550 Proscribere
1791 4485 1977 4542 Venet.
2010 4486 2130 4555 Rig.
2160 4485 2211 4523 89
2238 4479 2477 4542 Estuata
2505 4487 2642 4542 olim
2666 4486 2976 4557 legebatur.
3007 4481 3058 4520 9°
3087 4481 3227 4550 Quia
3257 4484 3390 4539 Jun.

1879 4636 2380 4702 Commentarius.

548 4768 662 4891 (45)
728 4768 801 4823 Et
853 4770 1257 4839 praestantiam
1322 4773 1555 4843 propter
1608 4775 1908 4829 merentes.

548 4858 555 4891 l
583 4848 687 4891 lcet.
712 4850 929 4891 prastat
966 4843 1186 4891 nramia
1214 4841 1293 4891 vel
1323 4841 1609 4891 sunnlicia.
1643 4844 1767 4891 Rm-

475 4841 687 4913 scilicet
712 4850 929 4913 prastat
965 4843 1186 4909 praemia
1214 4841 1293 4897 vel
1323 4841 1609 4913 ‘sup’plicia.
1642 4844 1767 4899 RIG.

547 4909 663 4982 (46)
682 4909 998 4982 Catholica:
1026 4917 1078 4968 et
1098 4928 1337 4969 summa
1355 4909 1516 4970 illius
1546 4914 1845 4971 bonitatis.
1886 4915 2081 4969 Catho-

478 4979 650 5035 licam
676 4981 971 5058 bonitatem
1006 4984 1505 5058 proprieaccipit,
1557 5001 1655 5058 pro
1702 5003 1766 5042 ea
1813 5002 1933 5057 qua
1980 5001 2080 5056 per

475 5052 872 5132 totum_o_rbe_m
921 5052 1183 5132 terrarum
1208 5052 1427 5132 diffusa
1471 5052 1574 5121 est}
1623 5057 1692 5112 de
1722 5052 2079 5128 quo‘nom‘ine

473 5123 632 5177 latius
666 5123 765 5178 lib.
798 5125 866 5180 de
913 5126 1235 5184 Praescrint.
1271 5129 1410 5184 Pax.

477 5196 655 5275 .__(47)
686 5193 791 5252 Sed
819 5193 1237 5275 ipse_n_tundu_s
1266 5200 1581 5275 inscriptus
1630 5202 1733 5255 est.
1773 5198 2076 5275 -Catholica

474 5266 567 5341 illa
607 5274 666 5341 et
702 5281 916 5341 summa
942 5267 1044 5324 Dei
1092 5269 1303 5327 bonitas
1359 5266 1615 5341 inscripta
1649 5277 1732 5324 est
1772 5269 1828 5324 in
1888 5270 2076 5324 mundi

474 5336 685 5395 tabulis.
704 5337 830 5396 Rm.

538 5408 656 5481 (48)
680 5411 816 5482 Qua:
844 5414 900 5468 et
925 5410 1111 5482 ﬁlium
1140 5411 1329 5468 Saulis
1358 5412 1725 5469 moriturum.
1764 5411 1864 5467 Hic
1891 5411 2075 5482 loqui-

470 5482 663 5553 [ω’ρθ
716 5481 1148 5553 ,Ιοῐιειιὶιαίςιιθηι
1193 5483 1427 5553 populus
1484 5482 1728 5541 liberavit
1762 5499 1793 5539 e
1830 5481 2075 5540 manibus

469 5549 644 5607 Saulis
672 5554 838 5625 patris
870 5595 884 5621 ,
932 5549 1092 5612 sicuti
1143 5549 1405 5610 habeturl
1436 5554 1570 5628 Reg.
1602 5570 1723 5611 xw.
1754 5556 1867 5611 Illis
1894 5562 2071 5612 autem

1958 4772 2077 4841 Qua
2110 4794 2155 4870 ο

2190 4770 2457 4835 verbis,et
2487 4770 2673 4841 ipsum
2703 4769 2873 4841 Israel
2904 4768 3070 4841 toties
3098 4766 3595 4836 restituit,quoties
3612 4765 3787 4838 judi-

2192 4844 2360 4908 cavit,
2390 4840 2579 4896 alludit
2603 4840 2671 4894 ad
2700 4840 2795 4894 lib.
2845 4840 3093 4896 Iudicum
3119 4854 3237 4910 cap.
3272 4852 3354 4904 III,
3387 4852 3466 4900 IV,
3504 4852 3559 4893 Vl
3606 4847 3661 4894 et
3721 4853 3785 4892 χ.

2188 4915 2366 5055 PA(nisi)
2401 4984 2718 5055 Defensam.
2768 4982 2827 5038 Id
2872 4989 2972 5048 est,
3018 4980 3279 5037 ultionem
3317 4994 3414 5036 seu
3457 4978 3778 5035 vindictam.

2184 5055 2371 5198 Εῐῗέἱι)
2399 5127 2696 5183 Comitibus
2728 5125 2875 5197 gula
2906 5123 3129 5198 libidini
3142 5123 3357 5180 scilicet
3392 5122 3784 5198 atqueluxuf

2185 5195 2309 5254 rice.
2341 5198 2598 5266 Ejusdem
2645 5195 2838 5254 sensus
2892 5203 2973 5252 est
3020 5197 3471 5266 interpracepta
3504 5195 3786 5266 Dionysii

2187 5263 2443 5326 Catonis:
2516 5290 2539 5321 α
2572 5269 2854 5339 Indulgere
2899 5266 3044 5338 gula
3080 5263 3215 5339 noli,
3242 5263 3546 5339 qua—penis
3604 5263 3785 5321 amica

2185 5348 2286 5396 est.
2322 5362 2365 5426 ἀ
2417 5341 2543 5426 Rie.
2605 5336 2927 5426 comitibus
2951 5336 3636 5426 gutaﬁlioidinisc‘i‘licet
3664 5341 3781 5426 ,αι-

2183 5427 2287 5485 que
2316 5411 2590 5469 luxuria.
2648 5412 2730 5467 En
2771 5411 2934 5466 etiam
2955 5407 3026 5463 ab
3074 5417 3295 5464 auctore
3323 5410 3546 5465 usitatas
3572 5407 3780 5479 gulam

2184 5487 2240 5562 et
2273 5484 2597 5562 luxuriam,
2628 5483 2766 5562 sicut
2795 5480 2955 5536 hodie
2994 5479 3334 5562 accipiuntur
3362 5495 3393 5535 a
3427 5479 3780 5562 scholasticis

2182 5556 2513 5627 doctoribus,
2554 5549 2679 5612 cum
2710 5555 2780 5610 de
2817 5551 3051 5625 peccatis
3081 5549 3378 5625 loquuntur
3428 5549 3778 5622 capitalibus.
