3980 6144
473 271 578 330 335

1164 262 1656 323 TERTULLLIANI
1695 260 1967 322 OPE'RUM
2003 262 2174 324 PARS
2214 263 2282 322 ll.
2324 291 2392 307 —
2429 262 2656 324 SERIES
2691 264 2734 334 Ι,
2777 263 3116 324 POLEMICA.

3668 261 3777 322 336

471 403 625 458 enim
639 397 862 455 Domini
889 409 1059 468 super
1089 396 1356 449 timentes
1381 407 1530 456 eum,
1562 395 1853 463 sperantes
1880 387 2058 446 308
2097 403 2142 480 Α
2177 399 2304 446 runt
2357 391 2458 446 sibi
2517 391 2752 463 Egyptii
2785 390 2921 462 (62).
2962 389 3136 446 Hodie
3183 387 3438 445 adversus
3485 389 3774 443 Mart-ioni-

472 508 534 544 tn
563 486 1005 542 misericordiam
1030 485 1202 555 ipsius
1234 481 1304 536 ad
1327 481 1675 537 eliberandas
1700 482 1956 534 1animas
1977 498 2063 536 e0-

470 595 607 637 ττι-γη
641 577 748 647 (58)
772 576 835 630 de
855 578 1053 641 morte,
1077 571 1264 642 utique
1279 578 1496 635 aeterna,
1514 575 1568 624 et
1593 571 1960 626 nutrieandos
1981 585 2070 625 eos

473 671 535 724 in
566 670 718 738 fame
749 664 923 734 (Psal.
954 677 1135 725 χχχιι,
1168 663 1254 727 18,
1299 659 1409 730 19),
1459 659 1639 729 utique
1669 659 1793 714 vitae
1831 668 2066 714 aeterna.

481 758 669 812 Ill-ultre
699 753 845 808 enim
861 768 1143 824 pressura:
1157 752 1543 821 justorum,et
1566 765 1637 804 ex
1656 749 1914 806 omnibus
1937 748 2072 804 libe-

478 846 629 902 rabit
658 860 748 901 eos
793 844 1060 899 Dominus
1110 839 1284 908 (Psal.
1317 853 1522 902 χχχιιι,
1557 840 1668 907 20).
1718 836 2072 894 Honorabilis

479 951 632 989 mors
668 935 731 988 in
764 935 1069 1003 conspectu
1107 927 1336 984 Domini
1364 929 1695 983 sanctorum
1741 927 1856 996 ejus
1897 924 2071 995 (Psal.

482 1039 618 1088 cxv,
652 1021 761 1090 15).
794 1021 1064 1074 Dominus
1110 1016 1357 1073 custodit
1401 1017 1593 1072 omnia
1631 1031 1755 1070 ossa
1786 1031 1980 1070 eorum
2001 1013 2024 1049 ²
2059 1029 2071 1066 :

479 1127 662 1167 unum
681 1126 754 1166 ea:
770 1110 907 1181 ipsis
927 1123 1040 1163 non
1055 1106 1498 1163 comminuetur.
1509 1102 1757 1158 Redimet
1768 1101 1790 1139 3
1805 1102 2077 1157 Dominus

482 1201 705 1255 animas
751 1213 1039 1254 servorum
1069 1211 1306 1251 suorum
1352 1193 1526 1261 (Psal.
1592 1207 1801 1258 χχχιιι,
1854 1192 2075 1260 21-23).

481 1289 657 1343 Pauca
686 1285 784 1340 ista
813 1285 879 1340 de
910 1284 1071 1340 tantis
1120 1280 1415 1351 Scripturis
1461 1279 1731 1335 Creatoris
1775 1277 2076 1346 intulimus,

480 1385 535 1432 et
565 1375 693 1428 nihil
726 1385 853 1444 puto
877 1373 988 1441 jam
1022 1371 1088 1426 ad
1120 1369 1484 1426 testimonium
1517 1369 1618 1423 Dei
1659 1368 1848 1440 optimi
1881 1367 2078 1436 deest“,

481 1463 624 1535 quod
651 1463 782 1516 satis
813 1470 868 1516 et
897 1466 1170 1532 praecepta
1216 1459 1494 1525 bonitatis,
1532 1465 1586 1512 et
1631 1456 1896 1528 promissa
1943 1471 2080 1512 con-

482 1551 722 1622 signant.

1091 1686 1318 1744 CAPUT
1349 1687 1483 1744 XX.

559 1816 668 1872 Sed
691 1813 838 1870 enim
868 1813 1055 1883 sepiae,
1086 1813 1110 1849 ⁵
1138 1811 1224 1866 isti
1265 1812 1402 1884 (59),
1450 1827 1684 1884 quorum
1731 1810 1900 1882 ﬁgura
1945 1808 2081 1865 illud

482 1919 700 1977 quoque
729 1903 1095 1974 pisculentum
1129 1901 1195 1956 de
1223 1901 1362 1958 cibis
1409 1901 1518 1956 Lex
1557 1900 1843 1968 recusavit,
1876 1910 1936 1955 ut
1973 1908 2081 1954 tra-

485 1993 798 2050 ductionem
845 1991 930 2047 sui
973 1990 1237 2058 sentiunt,
1272 1992 1520 2047 tenebras
1561 1989 1688 2046 hinc
1733 1987 2083 2060 blasphemiae

483 2085 877 2152 intervomunt,
922 2087 1086 2152 atque
1125 2080 1198 2135 ita
1254 2079 1610 2136 intentionem
1660 2078 2087 2148 uniuscujusque

481 2174 596 2244 jam
646 2172 951 2244 proximam
994 2169 1335 2242 dispargunt,
1377 2167 1672 2239 jactitando
1717 2167 1742 2204 δ
1785 2174 1838 2223 et
1867 2181 2088 2222 asseve-

483 2259 658 2319 rando
709 2275 773 2315 ea
817 2275 940 2330 quae
986 2257 1318 2314 relucentem
1350 2257 1644 2312 bonitatem
1681 2255 1959 2311 Creatoris
1997 2253 2086 2310 in-

483 2349 713 2405 fuscent.
744 2347 852 2403 Sed
881 2358 936 2403 et
965 2361 1061 2417 per
1089 2345 1219 2400 istas
1248 2345 1510 2418 caligines
1557 2359 1854 2415 sequemur
1891 2343 2088 2414 nequi-

482 2438 634 2504 tiam,
665 2436 804 2492 etin
850 2435 1027 2491 lucem
1075 2435 1420 2491 extrahemus
1468 2433 1690 2505 ingenia
1722 2432 2087 2496 tenebrarum,

481 2524 792 2596 objicientia
839 2521 1077 2580 Creatori
1112 2523 1195 2577 vel
1259 2521 1494 2576 maxime
1545 2519 1788 2576 fraudem
1830 2519 1980 2574 illam
2039 2526 2092 2572 et

483 2617 728 2686 rapinam
757 2613 877 2670 auri
920 2620 973 2668 et
1021 2609 1253 2684 argenti,
1299 2610 1604 2665 mandatam
1651 2609 1673 2646 ’³
1717 2607 1785 2662 ab
1835 2607 1932 2663 illo
1978 2607 2090 2663 He-

481 2703 652 2760 braeis
680 2703 734 2757 in
766 2701 1072 2773 Egyptios.
1101 2701 1242 2772 Age,
1274 2697 1638 2754 iufelicissime
1676 2695 1950 2768 haeretice,
2009 2702 2091 2751 te-

484 2796 664 2866 ipsum
693 2791 983 2863 expostulo
1025 2789 1328 2844 arbitrum:
1379 2801 1653 2860 cognosce
1700 2786 1754 2840 in
1802 2792 2091 2856 utramque

486 2891 705 2954 gentem
735 2879 910 2950 prius,
940 2886 995 2934 et
1040 2877 1109 2932 ita
1138 2876 1208 2931 de
1237 2886 1454 2931 auctore
1502 2873 1754 2947 praecepti
1798 2871 2086 2944 judicabis.

490 2971 798 3041 Reposcunt
844 2965 1083 3040 {Egyptii
1122 2965 1189 3020 de
1241 2963 1481 3020 Hebraeis
1513 2979 1643 3020 vasa
1683 2978 1847 3019 aurea
1903 2972 1956 3019 et
1994 2979 2087 3016 ar-

490 3068 711 3131 gentea;
784 3064 970 3112 contra
1027 3053 1240 3108 Hebraei
1297 3061 1509 3108 mutuas
1571 3052 1860 3124 petitiones
1922 3052 2084 3107 insti-

493 3156 657 3204 tuunt
702 3147 837 3216 (60),
865 3145 1158 3218 allegantes
1206 3142 1312 3198 sibi
1354 3157 1575 3215 quoque
1622 3143 1936 3198 eorumdem
1979 3142 2088 3196 Pa-

493 3243 633 3292 trum
690 3235 926 3298 nomine,
984 3247 1050 3288 ex
1119 3230 1310 3286 eodem
1369 3230 1651 3302 scripturae
1725 3229 2088 3285 instrumento

495 3323 773 3380 mercedes
809 3319 1018 3377 restitui
1047 3327 1297 3391 Oportere
1346 3318 1490 3374 illius
1538 3319 1800 3390 operarios
1849 3319 2088 3375 servitu-

497 3414 586 3480 tis,
621 3428 717 3482 pro
754 3407 996 3466 laterinis
1043 3408 1314 3472 deductis,
1366 3423 1465 3479 pro
1506 3408 1813 3463 civitatibus
1861 3417 1914 3462 et
1954 3407 2092 3464 villis

498 3499 798 3556 aediﬁcatis.
839 3497 982 3566 Quid
1005 3496 1298 3568 judicabis,
1329 3495 1520 3568 Optimi
1562 3495 1661 3551 Dei
1690 3495 1944 3551 elector?
1987 3492 2090 3551 He-

499 3591 678 3645 braeos
733 3587 982 3643 fraudem
1040 3599 1338 3658 agnoscere
1389 3585 1611 3656 debere,
1679 3601 1744 3639 an
1809 3585 2094 3659 Egyptios

499 3673 1043 3748 compensationem?
1102 3669 1286 3729 309
1324 3673 1458 3726 Nam
1497 3680 1552 3727 et
1597 3671 1748 3727 aiunt
1796 3671 1871 3726 ita
1915 3680 2094 3728 actum

502 3781 598 3836 per
652 3764 860 3832 legatos
909 3760 1032 3830 (61)
1088 3761 1382 3830 utrinque;
1440 3759 1819 3832 Egyptiorum
1875 3760 2092 3832 quidem

501 3850 895 3923 repententium
947 3863 1104 3913 vasa,
1161 3847 1473 3902 Iudaeorum
1524 3863 1651 3904 vero
1697 3849 2096 3920 reposcentium

503 3958 694 4012 operas
731 3955 901 3994 suas:
950 3947 1004 3995 et
1052 3937 1272 3992 tandem
1327 3937 1474 3995 vasis
1518 3937 1638 3993 istis
1681 3940 1706 3975 θ
1751 3939 2096 3995 renuntiave-

2181 489 2257 534 tas
2294 481 2524 550 amplius
2573 481 2828 555 allegant.
2863 479 3094 547 Hebraei,
3137 487 3396 547 negantes
3443 491 3770 547 compensa-

2178 569 2310 624 tioni
2340 569 2470 624 satis
2509 583 2630 624 esse
2655 569 2999 640 quantumvis
3041 567 3175 622 illud
3205 566 3320 622 auri
3351 573 3403 622 et
3444 568 3671 637 argenti,
3727 569 3774 622 si

2179 665 2556 713 sexcentarum
2585 657 2816 712 millium
2848 672 3026 727 opera:
3057 673 3155 728 per
3194 663 3273 712 tot
3302 670 3474 712 annos
3519 656 3601 711 vel
3651 656 3774 710 sin-

2177 747 2322 819 gulis
2351 748 2587 802 nummis
2615 747 2829 802 diurnis
2872 747 3231 802 aestimentur.
3261 743 3394 813 Quae
3422 753 3601 801 autem
3648 761 3776 817 pars

2180 837 2396 905 major?
2443 836 2804 908 repetentium
2847 851 2993 901 vasa,
3027 850 3095 890 an
3142 834 3494 890 incolentium
3521 833 3677 890 villas
3723 843 3780 890 et

2180 924 2390 981 urbes?
2437 924 2668 992 Querela
2715 939 2845 995 ergo
2899 938 3047 979 mare
3093 923 3490 997 Egyptiorum,
3535 938 3601 978 an
3646 939 3776 997 gra-

2183 1014 2255 1070 tia
2310 1015 2650 1070 Hebrmorum
2709 1014 2867 1084 (63)?
2913 1014 2982 1069 Ut
3027 1013 3144 1069 solo
3199 1012 3519 1082 injuriarum
3572 1013 3780 1082 judicio

2180 1102 2395 1158 Hebraei
2437 1102 2725 1174 Egyptios
2765 1109 3190 1171 repercuterent,
3223 1101 3381 1158 liberi
3423 1101 3674 1157 homines
3721 1102 3779 1158 in

2182 1190 2514 1262 ergastulum
2557 1191 2784 1262 subacti,
2833 1198 2892 1244 ut
2937 1191 3082 1247 solas
3113 1190 3362 1261 scapulas
3409 1205 3540 1246 suas
3586 1191 3774 1247 scribae

2184 1294 2372 1335 eorum
2428 1277 2564 1350 apud
2611 1278 2866 1334 subsellia
2907 1295 3004 1335 sua
3067 1279 3379 1335 ostenderet
3434 1277 3768 1352 ﬂagellorum

2187 1368 2584 1425 contumeliosa
2624 1369 2902 1426 atrocitate
2947 1369 3249 1426 laceratus:
3283 1384 3390 1425 non
3430 1369 3620 1441 paucis
3667 1369 3781 1424 lan-

2187 1459 2340 1514 cibus
2379 1465 2433 1514 et
2461 1458 2700 1530 scyphis,
2730 1459 3048 1530 pauciorum
3077 1459 3266 1530 utique
3295 1458 3523 1515 divitum
3553 1460 3781 1532 ubique,

2193 1547 2286 1604 sed
2335 1547 2460 1602 totis
2505 1558 2560 1604 et
2614 1548 2859 1619 ipsorum
2912 1547 3275 1614 facultatibus,
3326 1556 3380 1602 et
3436 1548 3784 1619 p0pularium

2192 1635 2438 1692 omnium
2467 1636 2843 1692 collationibus
2879 1635 3323 1692 satisfaciendum
3369 1636 3610 1692 Hebraeis
3650 1651 3786 1706 pro-

2114 1703 2159 1780 Β
2190 1724 2493 1780 nuntiasses
2549 1726 2593 1782 9.
2657 1725 2828 1796 Igitur
2880 1726 2926 1781 si
3003 1726 3145 1782 bona
3201 1726 3548 1782 Hebraeorum
3597 1741 3786 1793 causa,

2187 1814 2334 1868 bona
2384 1815 2498 1882 jam
2543 1823 2598 1868 et
2650 1829 2830 1882 causa,
2881 1815 2937 1869 id
2987 1824 3069 1870 est
3125 1817 3435 1872 mandatum
3487 1815 3787 1880 Creatoris,

2188 1903 2281 1973 qui
2327 1909 2382 1958 et
2428 1902 2711 1975 zEgyptios
2749 1913 2936 1978 gratos
2983 1903 3111 1959 fecit
3152 1905 3480 1976 nescientes,
3525 1913 3581 1962 et
3626 1921 3790 1962 suum

2190 1993 2468 2064 p0pulum,
2518 1994 2569 2048 in
2608 2003 2852 2064 tempore
2887 1993 3248 2066 expeditionis
3294 2006 3554 2066 angusto,
3607 1995 3790 2066 aliquo

2192 2081 2385 2136 solatio
2417 2081 2589 2138 tacitae
2617 2082 3023 2154 compositionis
3068 2083 3345 2156 expunxit.
3397 2082 3558 2137 Plane
3606 2082 3797 2138 minus

2195 2169 2338 2241 exigi
2362 2170 2525 2240 jussit
2564 2189 2577 2226 :
2610 2172 2851 2228 Hebraeis
2878 2173 3022 2228 enim
3061 2173 3122 2211 ιο
3165 2172 3326 2228 etiam
3366 2170 3508 2228 ﬁlios
3550 2171 3791 2244 Egyptii

2197 2259 2481 2316 restituere
2510 2259 2828 2318 debuerant.

2789 2453 3014 2511 CAPUT
3041 2454 3191 2512 XXI.

2273 2597 2362 2654 Sic
2413 2604 2466 2653 et
2515 2596 2568 2652 in
2616 2598 2823 2654 caeteris
2863 2598 3270 2656 contrarietates
3306 2609 3696 2672 praeceptorum
3745 2602 3803 2658 ei

2200 2687 2518 2757 exprobras,
2553 2693 2610 2742 ut
2637 2687 2823 2743 mobili
2856 2696 2910 2743 et
2947 2688 3224 2758 instabili;
3257 2691 3607 2760 prohibendis
3655 2691 3798 2749 Sab-

2202 2777 2341 2832 batis
2396 2778 2628 2848 Operari,
2687 2785 2740 2833 et
2801 2778 3041 2848 jubentis
3088 2789 3269 2834 arcam
3317 2779 3651 2836 circumferri
3697 2797 3801 2852 per

2197 2865 2316 2922 dies
2348 2876 2492 2934 octo,
2543 2867 2594 2920 id
2647 2871 2752 2934 est,
2783 2869 2941 2924 etiam
2991 2867 3252 2935 Sabbato,
3282 2869 3336 2925 in
3385 2872 3798 2943 expugnatione

2119 2983 2161 3062 ε
2199 2954 2426 3062 civitatis
2464 2953 2735 3011 Hiericho.
2765 2955 2878 3012 Nec
2906 2955 3125 3012 Sabbati
3153 2957 3298 3013 enim
3348 2958 3574 3030 inspicis
3618 2960 3797 3034 legem

2194 3060 2360 3116 opera
2399 3045 2654 3117 humana,
2692 3061 2802 3102 non
2844 3046 3022 3103 divina
3064 3049 3462 3119 prohibentem.
3493 3050 3798 3122 Siquidem,

2201 3135 2330 3204 Sex,
2362 3134 2535 3206 inquit
2559 3134 2760 3207 (Exod.
2793 3151 2894 3204 χχ,
2919 3139 2972 3203 9,
2997 3139 3106 3206 10),
3138 3137 3330 3196 diebus
3349 3155 3600 3211 operare,
3632 3146 3690 3195 et
3717 3143 3805 3212 fa-

2203 3225 2313 3280 cies
2334 3226 2528 3280 omnia
2549 3241 2718 3297 opera
2750 3229 2872 3290 tua,
2903 3226 3146 3298 septima
3175 3233 3372 3284 autem
3390 3229 3479 3286 die
3507 3229 3741 3286 Sabbati
3761 3231 3804 3268 ιι

2201 3312 2436 3369 Domino
2457 3313 2564 3369 Deo
2585 3317 2703 3379 tuo;
2722 3329 2838 3370 non.
2855 3311 3035 3383 facies
3064 3317 3128 3370 in
3147 3332 3211 3373 ea
3230 3332 3394 3374 omne
3414 3333 3573 3389 opus.
3589 3319 3757 3388 Quod
3777 3320 3805 3374 Ἰ

2199 3400 2399 3471 Utique
2429 3408 2578 3457 tuum
2617 3401 2686 3456 ¹²ο
2718 3402 3068 3475 Consequens
3103 3405 3246 3460 enim
3284 3415 3388 3473 est,
3426 3415 3482 3462 ut
3533 3423 3596 3462 ea
3632 3422 3808 3481 Opera

2203 3488 2440 3545 Sabbato
2469 3489 2725 3554 auferret,
2765 3508 2888 3562 qum
2913 3508 3008 3548 sex
3039 3493 3230 3550 diebus
3259 3511 3423 3567 supra
3466 3496 3763 3553 induxerat
3792 3515 3807 3552 :

2203 3587 2294 3634 tua
2331 3580 2554 3650 scilicet,
2596 3579 2649 3634 id
2697 3589 2802 3648 est,
2843 3582 3078 3638 humana
3125 3592 3177 3639 et
3222 3583 3558 3656 quotidiana.
3601 3587 3809 3643 Arcam

2199 3685 2328 3726 vero
2377 3669 2744 3738 circumferre,
2805 3685 2980 3742 neque
3032 3672 3406 3744 quatidianum
3449 3690 3590 3746 Opus
3635 3677 3812 3732 videri

2203 3766 2400 3830 potest,
2434 3774 2607 3830 neque
2657 3759 2976 3829 humanum,
3021 3761 3114 3816 sed
3163 3770 3217 3818 et
3258 3779 3458 3832 rarum,
3491 3771 3546 3819 et
3607 3780 3805 3820 sacro-

2204 3857 2471 3915 sanctum,
2505 3853 2558 3903 et
2585 3863 2649 3903 ex
2686 3847 2807 3919 ipso
2838 3857 2963 3905 tunc
2995 3849 3097 3904 Dei
3140 3856 3411 3922 praeceplo
3443 3852 3632 3923 utique
3661 3855 3810 3912 divi-

2205 3952 2356 3992 num.
2394 3934 2553 4003 Quod
2596 3943 2649 3991 et
2689 3936 2807 4008 ipse
2847 3938 2979 4009 quid
3031 3937 3361 4011 signiﬁcaret
3415 3941 3808 4011 edissererem,

1871 4065 2065 4127 Variae
2111 4068 2427 4126 lectiones.

578 4173 595 4210 1
628 4169 1013 4229 Deliberandas
1044 4170 1212 4227 Seml.
1245 4169 1555 4226 liberandas
1595 4172 1780 4226 Latin.
1805 4171 1829 4208 ²
1858 4172 1995 4227 Ossa
2024 4185 2235 4232 eorum,
2259 4176 2312 4224 et
2343 4171 2512 4226 Seml.
2544 4169 2567 4208 3
2587 4169 2834 4224 Redemit
2861 4171 3029 4226 Seml.
3069 4217 3083 4228 .
3106 4173 3131 4206 ⁴
3156 4171 3357 4228 Deesse
3383 4176 3596 4230 Pamel.
3624 4176 3801 4232 Seml.

505 4246 529 4283 ⁵
575 4245 734 4316 Saepe
763 4243 901 4316 olim
950 4242 1258 4316 tegebatur.
1283 4243 1306 4278 6
1343 4241 1600 4316 Jactando
1658 4242 1891 4316 Seml,1
1920 4242 2410 4316 Mandata_P_amel.
2445 4242 2612 4297 Seml.
2645 4241 2923 4316 mandatas
2958 4243 3091 4316 (un.
3120 4243 3146 4278 ⁸
3173 4245 3238 4299 Ει
3267 4253 3442 4301 tamen
3473 4247 3566 4301 has
3590 4248 3806 4316 justitia

507 4312 682 4372 Seml.
712 4315 922 4389 Daniel.
942 4312 981 4389 ff
1003 4312 1260 4389 Hebraeus
1289 4314 1902 4389 p_ronuntiasset_1_’aris_.
1937 4315 2116 4389 Biton.
2145 4312 3006 4389 Hebraeospronuntiasses._eod.
3041 4316 3240 4372 Wouw.
3282 4317 3522 4372 Hebraeis
3555 4312 3807 4389 pronun-

507 4391 693 4444 tiasset
724 4386 894 4443 Seml.
940 4384 985 4421 ιο
1016 4385 1176 4440 Enim
1205 4385 1353 4456 negl.
1389 4386 1562 4442 Seml.
1597 4385 1641 4423 ιι
1672 4385 1955 4442 Sabbatiza
1983 4385 2162 4441 Paris.
2190 4384 2236 4422 ι²
2263 4383 2421 4452 Quod
2449 4384 2638 4455 utique
2671 4393 2822 4440 tuum
2853 4385 3023 4440 Seml.
3053 4402 3246 4458 prave.
3279 4390 3483 4460 eorrig.

1907 4511 2410 4575 Commentarius.

577 4643 808 4736 ‘Ad
837 4643 1188 4736 iliberandas
1217 4645 1442 4701 animas
1472 4660 1685 4702 eorum.
1713 4643 2018 4721 Siclegitur
2045 4645 2101 4700 in
2138 4660 2182 4736 Β
2220 4715 2272 4736 0:
2285 4643 2644 4736 ‘(692‘Contra
2671 4643 2892 4736 {forte}:
2905 4651 3146 4736 mutuas
3173 4649 3474 4736 petitiones
3500 4652 3809 4736 instituat.

507 4717 806 4772 Pithceano.
842 4717 967 4770 RIG.

581 4789 697 4859 (59)
745 4787 1044 4859 Sed_enim
1081 4789 1251 4859 sepiae
1293 4789 1410 4859 isti.
1456 4787 1750 4858 Eleganter
1777 4796 1829 4844 et
1857 4786 2102 4858 apposite

509 4857 794 4930 haereticos
843 4857 1194 4930 _Marcionitas
1261 4858 1426 4930 sepiis
1493 4857 1807 4930 comparat,
1851 4857 1987 4913 Nam
2045 4867 2104 4912 ut

513 4927 719 5003 Plinius
745 4927 921 5003 tradit,
954 4929 1046 4986 lib.
1080 4944 1162 4994 ιχ,
1195 4927 1437 5003 cap—29,
1460 4927 1904 5003 sepiae,_piscium
1933 4945 2103 5003 genus

511 5008 613 5062 est,
642 4999 761 5071 _ubi
809 5014 1026 5055 sensere
1082 4999 1537 5071 scrapprehendi,
1582 4999 1758 5058 effuso
1806 4999 2103 5056 atramento

514 5069 661 5140 quod
707 5084 804 5142 pro
842 5071 1109 5142 sanguine
1157 5069 1228 5126 iis
1253 5069 1658 5142 est,rinfuscata
1696 5087 1834 5142 aqua
1869 5073 2099 5128 abscon-

511 5145 728 5196 duntur.
760 5141 966 5198 Eodem
1007 5142 1167 5197 modo
1203 5141 1436 5198 haeretici
1480 5141 1836 5206 Marcionita,
1868 5143 1963 5197 ubi
1995 5151 2102 5196 tra-

511 5213 825 5268 ductionem
875 5213 956 5268 sui
1003 5212 1262 5280 sentiunt,
1311 5215 1411 5268 hoc
1461 5220 1564 5278 est,
1612 5229 1733 5268 cum
1769 5213 1969 5268 erroris
2011 5230 2102 5268 ar-

513 5293 756 5355 guuntur
791 5283 1310 5354 convincunturque,
1370 5284 1620 5338 tenebras
1674 5283 1801 5355 huic
1853 5283 2103 5354 blasphe-

515 5353 637 5409 miae
695 5355 1073 5420 intervomunt,
1150 5353 1234 5426 ut:
1262 5361 1615 5408 atramentum
1669 5354 1866 5425 sepiae,
1944 5353 2104 5426 atque

513 5427 586 5481 ita
655 5431 972 5500 arguentem
1020 5423 1340 5500 impediunt
1375 5432 1437 5500 _et
1489 5423 1788 5500 avertunt,
1820 5423 2103 5500 allegando

512 5513 634 5623 at]!!!
671 5495 962 5554 bonitatem
1009 5495 1278 5554 Creatoris
1309 5496 1581 5554 infuscent
1632 5495 2061 5572 obnubilen‘tque
2086 5541 2099 5554 .

560 5584 700 5623 nam.

560 5584 700 5626 BEN.

2219 4715 2307 4770 Sic
2333 4714 2641 4769 Alexander
2671 4714 2960 4784 imperator
2977 4719 3136 4784 1,1,0.
3169 4714 3296 4777 Her.
3321 4726 3565 4779 amotar.
3595 4741 3609 4777 :
3632 4744 3658 4777 n
3683 4725 3813 4779 Non

2213 4787 2356 4840 enim
2418 4786 2566 4856 prius
2623 4786 2845 4856 exsolvi,
2903 4791 3048 4861 quod
3106 4791 3300 4846 debere
3360 4801 3413 4848 te
3477 4795 3810 4861 constiterit,

2211 4871 2426 4982 afequtim
2486 4865 2585 4982 epsit,
2655 4873 2820 4929 quam
2891 4860 3134 4930 petitioni
3208 4874 3410 4920 mutuae
3481 4860 3812 4938 responsum

2235 4944 2346 4982 ueri
2384 4969 2393 4982 .
2429 4947 2454 4978 ››
2567 4944 2622 4982 G.

2235 4944 2393 4984 llel'll.
2429 4947 2454 4978 ))
2499 4944 2622 4983 I‘UG.

2286 4999 2414 5080 (6t_)_
2431 5000 2575 5055 Nam
2599 5005 2654 5080 et
2707 5001 2878 5057 aiunt
2919 5004 3006 5058 ita
3054 5008 3249 5061 aetum
3295 5022 3397 5078 per
3435 5011 3666 5080 legatos.
3723 5008 3816 5064 Ait

2207 5085 2336 5127 vero
2367 5071 2562 5125 Moses.
2593 5072 2670 5126 In.

2283 5142 2399 5210 (62)
2431 5144 2927 5220 genuntiaverunt
2963 5147 3068 5220 sibi
3095 5148 3358 5220 ngyptii.
3392 5149 3613 5208 Videtur
3636 5153 3814 5210 ironia

2211 5226 2353 5296 esse,
2410 5213 2695 5296 Egyptios
2748 5216 2992 5296 videlicet
3042 5213 3574 5296 jus_té”reuuntiasse_
3614 5239 3817 5296 operas

2212 5282 2580 5365 Hebraeorum,
2632 5288 2736 5365 hoc
2785 5295 2886 5354 est,
2934 5282 3232 5345 mercedem
3283 5309 3381 5364 pro
3425 5293 3610 5365 operis
3652 5282 3821 5352 debi-

2212 5362 2328 5430 tam,
2348 5355 2666 5430 denegasse.
2699 5359 2882 5430 Rnntv.

2285 5426 2419 5497 (63).
2453 5426 2538 5483 An
2566 5431 2756 5501 gratia
2785 5429 3160 5510 Hebraeorum.
3191 5433 3323 5510 Qua}
3358 5434 3436 5491 eis
3490 5437 3822 5510 debebatur,

2213 5506 2266 5553 et
2296 5514 2455 5570 quam
2487 5510 2812 5573 meruerant,
2844 5501 2898 5556 id
2919 5511 3000 5557 est
3028 5501 3257 5562 merces.
3290 5506 3369 5562 ιι).
