  <div class='ocr_page' id='page_1' title='image "/cluster/home/n/w/nwhite01/storage/ocr_20150623/2/hvd.32044096580329/175.png"; bbox 0 0 3980 6144; ppageno 0'>
   <div class='ocr_carea' id='block_1_1' title="bbox 425 214 533 332">
    <p class='ocr_par' dir='ltr' id='par_1_1' title="bbox 425 214 533 332">
     <span class='ocr_line' id='line_1_1' title="bbox 425 214 533 332; baseline 0 -1"><span class='ocrx_word' id='word_1_1' title='bbox 425 214 533 332; x_wconf 69' lang='grc' dir='ltr'>3δὲ</span> 
     </span>
    </p>
   </div>
   <div class='ocr_carea' id='block_1_2' title="bbox 1098 223 3040 345">
    <p class='ocr_par' dir='ltr' id='par_1_2' title="bbox 1098 223 3040 345">
     <span class='ocr_line' id='line_1_2' title="bbox 1098 223 3040 345; baseline 0.001 -13"><span class='ocrx_word' id='word_1_2' title='bbox 1098 272 1533 335; x_wconf 82' lang='lat' dir='ltr'>TERTULLIANI</span> <span class='ocrx_word' id='word_1_3' title='bbox 1569 271 1831 336; x_wconf 81' lang='lat' dir='ltr'>OPERUM</span> <span class='ocrx_word' id='word_1_4' title='bbox 1869 276 2043 338; x_wconf 81' lang='lat' dir='ltr'><strong>PARS</strong></span> <span class='ocrx_word' id='word_1_5' title='bbox 2109 278 2178 338; x_wconf 92' lang='lat' dir='ltr'>II.</span> <span class='ocrx_word' id='word_1_6' title='bbox 2220 308 2289 320; x_wconf 91' lang='lat'><strong><em>—</em></strong></span> <span class='ocrx_word' id='word_1_7' title='bbox 2326 223 2556 337; x_wconf 57' lang='lat' dir='ltr'>SliRIES</span> <span class='ocrx_word' id='word_1_8' title='bbox 2601 277 2642 345; x_wconf 91' lang='grc' dir='ltr'>Ι,</span> <span class='ocrx_word' id='word_1_9' title='bbox 2688 277 3040 337; x_wconf 82' lang='lat' dir='ltr'>POLEMICA.</span> 
     </span>
    </p>
   </div>
   <div class='ocr_carea' id='block_1_3' title="bbox 3522 230 3725 333">
    <p class='ocr_par' dir='ltr' id='par_1_3' title="bbox 3522 230 3725 333">
     <span class='ocr_line' id='line_1_3' title="bbox 3522 230 3725 333; baseline 0 0"><span class='ocrx_word' id='word_1_10' title='bbox 3522 230 3530 237; x_wconf 57' lang='grc'><strong>’</strong></span> <span class='ocrx_word' id='word_1_11' title='bbox 3614 275 3725 333; x_wconf 73' lang='grc'>340</span> 
     </span>
    </p>
   </div>
   <div class='ocr_carea' id='block_1_4' title="bbox 427 397 3725 497">
    <p class='ocr_par' dir='ltr' id='par_1_4' title="bbox 427 397 3725 497">
     <span class='ocr_line' id='line_1_4' title="bbox 427 397 3725 497; baseline -0 -43"><span class='ocrx_word' id='word_1_12' title='bbox 427 406 506 454; x_wconf 91' lang='lat' dir='ltr'>ret</span> <span class='ocrx_word' id='word_1_13' title='bbox 536 397 603 464; x_wconf 77' lang='grc'>2⁷,</span> <span class='ocrx_word' id='word_1_14' title='bbox 635 411 795 497; x_wconf 78' lang='lat' dir='ltr'>quem</span> <span class='ocrx_word' id='word_1_15' title='bbox 850 413 1123 470; x_wconf 85' lang='lat' dir='ltr'>nunquam</span> <span class='ocrx_word' id='word_1_16' title='bbox 1179 408 1364 470; x_wconf 91' lang='lat' dir='ltr'>posset</span> <span class='ocrx_word' id='word_1_17' title='bbox 1405 414 1654 456; x_wconf 84' lang='lat' dir='ltr'>recusare</span> <span class='ocrx_word' id='word_1_18' title='bbox 1683 401 1711 456; x_wconf 65' lang='lat'>‘1’</span> <span class='ocrx_word' id='word_1_19' title='bbox 1765 400 1849 457; x_wconf 86' lang='lat' dir='ltr'>vel</span> <span class='ocrx_word' id='word_1_20' title='bbox 1905 401 2026 474; x_wconf 86' lang='lat' dir='ltr'>quis</span> <span class='ocrx_word' id='word_1_21' title='bbox 2057 419 2103 497; x_wconf 62' lang='grc' dir='ltr'>Α</span> <span class='ocrx_word' id='word_1_22' title='bbox 2134 410 2249 459; x_wconf 89' lang='lat' dir='ltr'>tere</span> <span class='ocrx_word' id='word_1_23' title='bbox 2276 402 2331 456; x_wconf 88' lang='lat' dir='ltr'>in</span> <span class='ocrx_word' id='word_1_24' title='bbox 2378 402 2559 468; x_wconf 90' lang='lat' dir='ltr'>talem,</span> <span class='ocrx_word' id='word_1_25' title='bbox 2590 403 2647 458; x_wconf 89' lang='lat' dir='ltr'>id</span> <span class='ocrx_word' id='word_1_26' title='bbox 2690 410 2773 458; x_wconf 90' lang='lat' dir='ltr'>est</span> <span class='ocrx_word' id='word_1_27' title='bbox 2803 402 3085 473; x_wconf 83' lang='lat' dir='ltr'>Optimum,</span> <span class='ocrx_word' id='word_1_28' title='bbox 3116 400 3276 456; x_wconf 91' lang='lat' dir='ltr'>etiam</span> <span class='ocrx_word' id='word_1_29' title='bbox 3325 398 3543 455; x_wconf 65' lang='lat' dir='ltr'>malitiae</span> <span class='ocrx_word' id='word_1_30' title='bbox 3591 415 3725 455; x_wconf 78' lang='lat' dir='ltr'>con-</span> 
     </span>
    </p>
   </div>
   <div class='ocr_carea' id='block_1_5' title="bbox 425 485 3724 563">
    <p class='ocr_par' dir='ltr' id='par_1_5' title="bbox 425 485 3724 563">
     <span class='ocr_line' id='line_1_5' title="bbox 425 485 3724 563; baseline 0.001 -23"><span class='ocrx_word' id='word_1_31' title='bbox 425 487 554 543; x_wconf 87' lang='lat' dir='ltr'>item</span> <span class='ocrx_word' id='word_1_32' title='bbox 583 486 702 542; x_wconf 86' lang='lat' dir='ltr'>sine</span> <span class='ocrx_word' id='word_1_33' title='bbox 747 485 932 560; x_wconf 91' lang='lat' dir='ltr'>aliquo</span> <span class='ocrx_word' id='word_1_34' title='bbox 962 487 1104 544; x_wconf 88' lang='lat' dir='ltr'>bono</span> <span class='ocrx_word' id='word_1_35' title='bbox 1132 504 1318 561; x_wconf 90' lang='lat' dir='ltr'>apere,</span> <span class='ocrx_word' id='word_1_36' title='bbox 1374 498 1433 544; x_wconf 94' lang='lat' dir='ltr'>ut</span> <span class='ocrx_word' id='word_1_37' title='bbox 1461 505 1590 546; x_wconf 91' lang='lat' dir='ltr'>eum</span> <span class='ocrx_word' id='word_1_38' title='bbox 1639 490 1787 546; x_wconf 91' lang='lat' dir='ltr'>Deus</span> <span class='ocrx_word' id='word_1_39' title='bbox 1813 506 2028 561; x_wconf 85' lang='lat' dir='ltr'>semper</span> <span class='ocrx_word' id='word_1_40' title='bbox 2057 485 2103 497; x_wconf 83' lang='lat'>&quot;</span> <span class='ocrx_word' id='word_1_41' title='bbox 2133 507 2370 548; x_wconf 85' lang='lat' dir='ltr'>cursum.</span> <span class='ocrx_word' id='word_1_42' title='bbox 2401 491 2467 546; x_wconf 88' lang='lat' dir='ltr'>Et</span> <span class='ocrx_word' id='word_1_43' title='bbox 2512 491 2635 563; x_wconf 83' lang='lat' dir='ltr'>quia</span> <span class='ocrx_word' id='word_1_44' title='bbox 2675 492 2725 530; x_wconf 78' lang='lat'>35</span> <span class='ocrx_word' id='word_1_45' title='bbox 2771 491 3009 547; x_wconf 85' lang='lat' dir='ltr'>Marcion</span> <span class='ocrx_word' id='word_1_46' title='bbox 3052 489 3293 545; x_wconf 82' lang='lat' dir='ltr'>defendit</span> <span class='ocrx_word' id='word_1_47' title='bbox 3326 489 3571 544; x_wconf 83' lang='lat' dir='ltr'>arborem</span> <span class='ocrx_word' id='word_1_48' title='bbox 3615 489 3724 544; x_wconf 87' lang='lat' dir='ltr'>bo-</span> 
     </span>
    </p>
   </div>
   <div class='ocr_carea' id='block_1_6' title="bbox 425 576 2025 651">
    <p class='ocr_par' dir='ltr' id='par_1_6' title="bbox 425 576 2025 651">
     <span class='ocr_line' id='line_1_6' title="bbox 425 576 2025 651; baseline 0.003 -21"><span class='ocrx_word' id='word_1_49' title='bbox 425 582 716 643; x_wconf 88' lang='lat' dir='ltr'>re‘cusarct,</span> <span class='ocrx_word' id='word_1_50' title='bbox 757 591 916 647; x_wconf 87' lang='lat' dir='ltr'>quem</span> <span class='ocrx_word' id='word_1_51' title='bbox 949 592 1227 649; x_wconf 85' lang='lat' dir='ltr'>nunquam</span> <span class='ocrx_word' id='word_1_52' title='bbox 1261 586 1445 648; x_wconf 79' lang='lat' dir='ltr'>posset</span> <span class='ocrx_word' id='word_1_53' title='bbox 1493 576 1729 651; x_wconf 79' lang='lat' dir='ltr'>allegare</span> <span class='ocrx_word' id='word_1_54' title='bbox 1759 579 1808 616; x_wconf 75' lang='grc'>28</span> <span class='ocrx_word' id='word_1_55' title='bbox 1836 580 1863 633; x_wconf 76' lang='lat' dir='ltr'>‘i</span> <span class='ocrx_word' id='word_1_56' title='bbox 1909 580 2025 634; x_wconf 79' lang='lat' dir='ltr'>Ex-</span> 
     </span>
    </p>
   </div>
   <div class='ocr_carea' id='block_1_7' title="bbox 427 663 2027 736">
    <p class='ocr_par' dir='ltr' id='par_1_7' title="bbox 427 663 2027 736">
     <span class='ocr_line' id='line_1_7' title="bbox 427 663 2027 736; baseline 0.002 -15"><span class='ocrx_word' id='word_1_57' title='bbox 427 665 555 721; x_wconf 88' lang='lat' dir='ltr'>hibe</span> <span class='ocrx_word' id='word_1_58' title='bbox 592 667 796 721; x_wconf 89' lang='lat' dir='ltr'>bonum</span> <span class='ocrx_word' id='word_1_59' title='bbox 851 663 1063 736; x_wconf 76' lang='lat' dir='ltr'>se&#39;mper</span> <span class='ocrx_word' id='word_1_60' title='bbox 1117 668 1186 734; x_wconf 72' lang='lat'>29,</span> <span class='ocrx_word' id='word_1_61' title='bbox 1241 674 1293 723; x_wconf 91' lang='lat' dir='ltr'>et</span> <span class='ocrx_word' id='word_1_62' title='bbox 1357 682 1465 724; x_wconf 93' lang='lat' dir='ltr'>non</span> <span class='ocrx_word' id='word_1_63' title='bbox 1513 669 1892 725; x_wconf 88' lang='lat' dir='ltr'>recusabitur:</span> <span class='ocrx_word' id='word_1_64' title='bbox 1935 685 2027 724; x_wconf 84' lang='lat' dir='ltr'>ex-</span> 
     </span>
    </p>
   </div>
   <div class='ocr_carea' id='block_1_8' title="bbox 428 756 2029 829">
    <p class='ocr_par' dir='ltr' id='par_1_8' title="bbox 428 756 2029 829">
     <span class='ocr_line' id='line_1_8' title="bbox 428 756 2029 829; baseline 0.001 -18"><span class='ocrx_word' id='word_1_65' title='bbox 428 756 554 812; x_wconf 90' lang='lat' dir='ltr'>hibe</span> <span class='ocrx_word' id='word_1_66' title='bbox 599 756 799 811; x_wconf 91' lang='lat' dir='ltr'>malum</span> <span class='ocrx_word' id='word_1_67' title='bbox 855 772 1089 828; x_wconf 88' lang='lat' dir='ltr'>semper,</span> <span class='ocrx_word' id='word_1_68' title='bbox 1129 763 1182 812; x_wconf 90' lang='lat' dir='ltr'><strong>et</strong></span> <span class='ocrx_word' id='word_1_69' title='bbox 1219 772 1493 828; x_wconf 87' lang='lat' dir='ltr'>nunquam</span> <span class='ocrx_word' id='word_1_70' title='bbox 1520 756 1782 829; x_wconf 79' lang='lat' dir='ltr'>allegetur</span> <span class='ocrx_word' id='word_1_71' title='bbox 1810 758 1877 812; x_wconf 80' lang='lat'>3°.</span> <span class='ocrx_word' id='word_1_72' title='bbox 1912 758 2029 813; x_wconf 71' lang='lat' dir='ltr'>Ca:-</span> 
     </span>
    </p>
   </div>
   <div class='ocr_carea' id='block_1_9' title="bbox 430 844 2029 919">
    <p class='ocr_par' dir='ltr' id='par_1_9' title="bbox 430 844 2029 919">
     <span class='ocr_line' id='line_1_9' title="bbox 430 844 2029 919; baseline 0 -18"><span class='ocrx_word' id='word_1_73' title='bbox 430 853 607 902; x_wconf 88' lang='lat' dir='ltr'>terum</span> <span class='ocrx_word' id='word_1_74' title='bbox 632 888 647 916; x_wconf 94' lang='lat'>,</span> <span class='ocrx_word' id='word_1_75' title='bbox 715 846 761 901; x_wconf 92' lang='lat' dir='ltr'>si</span> <span class='ocrx_word' id='word_1_76' title='bbox 802 844 946 900; x_wconf 92' lang='lat' dir='ltr'>idem</span> <span class='ocrx_word' id='word_1_77' title='bbox 993 846 1172 912; x_wconf 82' lang='lat' dir='ltr'>homo,</span> <span class='ocrx_word' id='word_1_78' title='bbox 1204 853 1266 901; x_wconf 89' lang='lat' dir='ltr'>ut</span> <span class='ocrx_word' id='word_1_79' title='bbox 1317 845 1374 900; x_wconf 95' lang='lat' dir='ltr'>in</span> <span class='ocrx_word' id='word_1_80' title='bbox 1404 854 1631 919; x_wconf 92' lang='lat' dir='ltr'>utroque</span> <span class='ocrx_word' id='word_1_81' title='bbox 1672 863 1767 914; x_wconf 92' lang='lat' dir='ltr'>pro</span> <span class='ocrx_word' id='word_1_82' title='bbox 1822 856 2029 919; x_wconf 82' lang='lat' dir='ltr'>tempo-</span> 
     </span>
    </p>
   </div>
   <div class='ocr_carea' id='block_1_10' title="bbox 432 933 2025 1008">
    <p class='ocr_par' dir='ltr' id='par_1_10' title="bbox 432 933 2025 1008">
     <span class='ocr_line' id='line_1_10' title="bbox 432 933 2025 1008; baseline 0 -17"><span class='ocrx_word' id='word_1_83' title='bbox 432 933 583 991; x_wconf 86' lang='lat' dir='ltr'>ribus</span> <span class='ocrx_word' id='word_1_84' title='bbox 609 977 621 1001; x_wconf 94' lang='lat'>,</span> <span class='ocrx_word' id='word_1_85' title='bbox 664 934 717 990; x_wconf 89' lang='lat' dir='ltr'>in</span> <span class='ocrx_word' id='word_1_86' title='bbox 752 942 981 1007; x_wconf 87' lang='lat' dir='ltr'>utroque</span> <span class='ocrx_word' id='word_1_87' title='bbox 1001 933 1368 1007; x_wconf 81' lang='lat' dir='ltr'>dispungetur</span> <span class='ocrx_word' id='word_1_88' title='bbox 1398 937 1513 1008; x_wconf 90' lang='lat'>(67)</span> <span class='ocrx_word' id='word_1_89' title='bbox 1543 951 1574 992; x_wconf 91' lang='lat' dir='ltr'>a</span> <span class='ocrx_word' id='word_1_90' title='bbox 1602 937 1738 1004; x_wconf 90' lang='lat' dir='ltr'>Deo,</span> <span class='ocrx_word' id='word_1_91' title='bbox 1772 944 1825 992; x_wconf 91' lang='lat' dir='ltr'>et</span> <span class='ocrx_word' id='word_1_92' title='bbox 1861 938 2025 1002; x_wconf 90' lang='lat' dir='ltr'>bono,</span> 
     </span>
    </p>
   </div>
   <div class='ocr_carea' id='block_1_11' title="bbox 433 1022 2026 1097">
    <p class='ocr_par' dir='ltr' id='par_1_11' title="bbox 433 1022 2026 1097">
     <span class='ocr_line' id='line_1_11' title="bbox 433 1022 2026 1097; baseline 0.001 -18"><span class='ocrx_word' id='word_1_93' title='bbox 433 1031 488 1079; x_wconf 91' lang='lat' dir='ltr'><strong>et</strong></span> <span class='ocrx_word' id='word_1_94' title='bbox 510 1022 714 1094; x_wconf 87' lang='lat' dir='ltr'>judice,</span> <span class='ocrx_word' id='word_1_95' title='bbox 742 1023 836 1095; x_wconf 88' lang='lat' dir='ltr'>qui</span> <span class='ocrx_word' id='word_1_96' title='bbox 880 1040 990 1080; x_wconf 93' lang='lat' dir='ltr'>non</span> <span class='ocrx_word' id='word_1_97' title='bbox 1036 1024 1252 1081; x_wconf 78' lang='lat' dir='ltr'>levitate</span> <span class='ocrx_word' id='word_1_98' title='bbox 1299 1033 1392 1081; x_wconf 88' lang='lat' dir='ltr'>aut</span> <span class='ocrx_word' id='word_1_99' title='bbox 1436 1024 1855 1097; x_wconf 89' lang='lat' dir='ltr'>improvidentia</span> <span class='ocrx_word' id='word_1_100' title='bbox 1904 1041 2026 1080; x_wconf 89' lang='lat' dir='ltr'>sen-</span> 
     </span>
    </p>
   </div>
   <div class='ocr_carea' id='block_1_12' title="bbox 432 1112 2024 1186">
    <p class='ocr_par' dir='ltr' id='par_1_12' title="bbox 432 1112 2024 1186">
     <span class='ocr_line' id='line_1_12' title="bbox 432 1112 2024 1186; baseline -0.001 -18"><span class='ocrx_word' id='word_1_101' title='bbox 432 1112 627 1169; x_wconf 87' lang='lat' dir='ltr'>tentias</span> <span class='ocrx_word' id='word_1_102' title='bbox 680 1112 839 1170; x_wconf 89' lang='lat' dir='ltr'>vertit</span> <span class='ocrx_word' id='word_1_103' title='bbox 868 1156 883 1184; x_wconf 93' lang='lat'>,</span> <span class='ocrx_word' id='word_1_104' title='bbox 939 1112 1032 1167; x_wconf 90' lang='lat' dir='ltr'>sed</span> <span class='ocrx_word' id='word_1_105' title='bbox 1088 1127 1316 1168; x_wconf 86' lang='lat' dir='ltr'>censura</span> <span class='ocrx_word' id='word_1_106' title='bbox 1372 1113 1689 1186; x_wconf 83' lang='lat' dir='ltr'>gravissima</span> <span class='ocrx_word' id='word_1_107' title='bbox 1750 1121 1806 1169; x_wconf 91' lang='lat' dir='ltr'>et</span> <span class='ocrx_word' id='word_1_108' title='bbox 1843 1112 2024 1185; x_wconf 85' lang='lat' dir='ltr'>provi-</span> 
     </span>
    </p>
   </div>
   <div class='ocr_carea' id='block_1_13' title="bbox 435 1200 1903 1276">
    <p class='ocr_par' dir='ltr' id='par_1_13' title="bbox 435 1200 1903 1276">
     <span class='ocr_line' id='line_1_13' title="bbox 435 1200 1903 1276; baseline 0.002 -20"><span class='ocrx_word' id='word_1_109' title='bbox 435 1200 767 1269; x_wconf 79' lang='lat' dir='ltr'>dentissime,</span> <span class='ocrx_word' id='word_1_110' title='bbox 800 1202 991 1259; x_wconf 91' lang='lat' dir='ltr'>merita</span> <span class='ocrx_word' id='word_1_111' title='bbox 1020 1202 1277 1273; x_wconf 85' lang='lat' dir='ltr'>temporis</span> <span class='ocrx_word' id='word_1_112' title='bbox 1305 1206 1567 1276; x_wconf 90' lang='lat' dir='ltr'>cujusque</span> <span class='ocrx_word' id='word_1_113' title='bbox 1598 1202 1903 1275; x_wconf 88' lang='lat' dir='ltr'>dispensat.</span> 
     </span>
    </p>
   </div>
   <div class='ocr_carea' id='block_1_14' title="bbox 1010 1343 1457 1403">
    <p class='ocr_par' dir='ltr' id='par_1_14' title="bbox 1010 1343 1457 1403">
     <span class='ocr_line' id='line_1_14' title="bbox 1010 1343 1457 1403; baseline 0.007 -3"><span class='ocrx_word' id='word_1_114' title='bbox 1010 1343 1236 1402; x_wconf 83' lang='lat' dir='ltr'>CAPUT</span> <span class='ocrx_word' id='word_1_115' title='bbox 1254 1344 1457 1403; x_wconf 83' lang='lat' dir='ltr'><strong>XXIV.</strong></span> 
     </span>
    </p>
   </div>
   <div class='ocr_carea' id='block_1_15' title="bbox 502 1468 2025 1543">
    <p class='ocr_par' dir='ltr' id='par_1_15' title="bbox 502 1468 2025 1543">
     <span class='ocr_line' id='line_1_15' title="bbox 502 1468 2025 1543; baseline -0.002 -16"><span class='ocrx_word' id='word_1_116' title='bbox 502 1468 593 1528; x_wconf 92' lang='lat' dir='ltr'>Sic</span> <span class='ocrx_word' id='word_1_117' title='bbox 620 1475 674 1527; x_wconf 90' lang='lat' dir='ltr'>et</span> <span class='ocrx_word' id='word_1_118' title='bbox 704 1468 1079 1543; x_wconf 78' lang='lat' dir='ltr'>paenitentiam</span> <span class='ocrx_word' id='word_1_119' title='bbox 1107 1471 1222 1542; x_wconf 90' lang='lat'>(68)</span> <span class='ocrx_word' id='word_1_120' title='bbox 1253 1471 1400 1543; x_wconf 89' lang='lat' dir='ltr'>apud</span> <span class='ocrx_word' id='word_1_121' title='bbox 1439 1470 1590 1527; x_wconf 90' lang='lat' dir='ltr'>illum</span> <span class='ocrx_word' id='word_1_122' title='bbox 1637 1471 1685 1509; x_wconf 77' lang='lat'><strong>31</strong></span> <span class='ocrx_word' id='word_1_123' title='bbox 1733 1484 1896 1541; x_wconf 89' lang='lat' dir='ltr'>prave</span> <span class='ocrx_word' id='word_1_124' title='bbox 1933 1469 2025 1524; x_wconf 89' lang='lat' dir='ltr'>in-</span> 
     </span>
    </p>
   </div>
   <div class='ocr_carea' id='block_1_16' title="bbox 434 1557 2029 1632">
    <p class='ocr_par' dir='ltr' id='par_1_16' title="bbox 434 1557 2029 1632">
     <span class='ocr_line' id='line_1_16' title="bbox 434 1557 2029 1632; baseline -0.002 -16"><span class='ocrx_word' id='word_1_125' title='bbox 434 1558 779 1632; x_wconf 84' lang='lat' dir='ltr'>terpretaris,</span> <span class='ocrx_word' id='word_1_126' title='bbox 834 1558 985 1631; x_wconf 90' lang='lat' dir='ltr'>quasi</span> <span class='ocrx_word' id='word_1_127' title='bbox 1026 1558 1253 1629; x_wconf 89' lang='lat' dir='ltr'>proinde</span> <span class='ocrx_word' id='word_1_128' title='bbox 1308 1558 1604 1615; x_wconf 83' lang='lat' dir='ltr'>mobilitate</span> <span class='ocrx_word' id='word_1_129' title='bbox 1632 1557 1715 1617; x_wconf 88' lang='lat' dir='ltr'>vel</span> <span class='ocrx_word' id='word_1_130' title='bbox 1772 1557 2029 1628; x_wconf 85' lang='lat' dir='ltr'>improvi-</span> 
     </span>
    </p>
   </div>
   <div class='ocr_carea' id='block_1_17' title="bbox 431 1645 2031 1719">
    <p class='ocr_par' dir='ltr' id='par_1_17' title="bbox 431 1645 2031 1719">
     <span class='ocr_line' id='line_1_17' title="bbox 431 1645 2031 1719; baseline -0.003 -16"><span class='ocrx_word' id='word_1_131' title='bbox 431 1648 636 1716; x_wconf 90' lang='lat' dir='ltr'>denlia,</span> <span class='ocrx_word' id='word_1_132' title='bbox 670 1649 777 1703; x_wconf 91' lang='lat' dir='ltr'>imo</span> <span class='ocrx_word' id='word_1_133' title='bbox 812 1649 924 1719; x_wconf 90' lang='lat' dir='ltr'>jam</span> <span class='ocrx_word' id='word_1_134' title='bbox 979 1662 1048 1703; x_wconf 82' lang='lat' dir='ltr'>ex</span> <span class='ocrx_word' id='word_1_135' title='bbox 1076 1645 1260 1700; x_wconf 91' lang='lat' dir='ltr'>delicti</span> <span class='ocrx_word' id='word_1_136' title='bbox 1317 1645 1685 1701; x_wconf 89' lang='lat' dir='ltr'>recordatione</span> <span class='ocrx_word' id='word_1_137' title='bbox 1728 1645 1986 1715; x_wconf 87' lang='lat' dir='ltr'>poeniteat</span> <span class='ocrx_word' id='word_1_138' title='bbox 2018 1663 2031 1699; x_wconf 89' lang='lat'><strong>:</strong></span> 
     </span>
    </p>
   </div>
   <div class='ocr_carea' id='block_1_18' title="bbox 2133 578 3725 654">
    <p class='ocr_par' dir='ltr' id='par_1_18' title="bbox 2133 578 3725 654">
     <span class='ocr_line' id='line_1_18' title="bbox 2133 578 3725 654; baseline -0.002 -18"><span class='ocrx_word' id='word_1_139' title='bbox 2133 597 2259 636; x_wconf 89' lang='lat' dir='ltr'>nam</span> <span class='ocrx_word' id='word_1_140' title='bbox 2311 580 2481 636; x_wconf 91' lang='lat' dir='ltr'>malos</span> <span class='ocrx_word' id='word_1_141' title='bbox 2519 596 2734 654; x_wconf 90' lang='lat' dir='ltr'>quoque</span> <span class='ocrx_word' id='word_1_142' title='bbox 2788 582 2996 637; x_wconf 90' lang='lat' dir='ltr'>fructus</span> <span class='ocrx_word' id='word_1_143' title='bbox 3049 595 3158 635; x_wconf 91' lang='lat' dir='ltr'>non</span> <span class='ocrx_word' id='word_1_144' title='bbox 3206 579 3370 634; x_wconf 82' lang='lat' dir='ltr'>licere</span> <span class='ocrx_word' id='word_1_145' title='bbox 3420 578 3725 649; x_wconf 83' lang='lat' dir='ltr'>producere</span> 
     </span>
    </p>
   </div>
   <div class='ocr_carea' id='block_1_19' title="bbox 2133 669 3723 743">
    <p class='ocr_par' dir='ltr' id='par_1_19' title="bbox 2133 669 3723 743">
     <span class='ocr_line' id='line_1_19' title="bbox 2133 669 3723 743; baseline -0.003 -16"><span class='ocrx_word' id='word_1_146' title='bbox 2133 670 2360 743; x_wconf 78' lang='lat' dir='ltr'>(Matth.</span> <span class='ocrx_word' id='word_1_147' title='bbox 2414 686 2519 735; x_wconf 85' lang='lat' dir='ltr'>vn,</span> <span class='ocrx_word' id='word_1_148' title='bbox 2578 669 2702 742; x_wconf 80' lang='grc'>48),</span> <span class='ocrx_word' id='word_1_149' title='bbox 2771 671 2864 726; x_wconf 90' lang='lat' dir='ltr'>sed</span> <span class='ocrx_word' id='word_1_150' title='bbox 2937 670 3188 725; x_wconf 86' lang='lat' dir='ltr'>malitiam</span> <span class='ocrx_word' id='word_1_151' title='bbox 3246 679 3420 724; x_wconf 89' lang='lat' dir='ltr'>tamen</span> <span class='ocrx_word' id='word_1_152' title='bbox 3473 669 3723 723; x_wconf 88' lang='lat' dir='ltr'>nomina-</span> 
     </span>
    </p>
   </div>
   <div class='ocr_carea' id='block_1_20' title="bbox 2131 757 3724 831">
    <p class='ocr_par' dir='ltr' id='par_1_20' title="bbox 2131 757 3724 831">
     <span class='ocr_line' id='line_1_20' title="bbox 2131 757 3724 831; baseline -0.002 -16"><span class='ocrx_word' id='word_1_153' title='bbox 2131 760 2245 830; x_wconf 84' lang='lat' dir='ltr'>vit,</span> <span class='ocrx_word' id='word_1_154' title='bbox 2305 758 2449 831; x_wconf 90' lang='lat' dir='ltr'>quod</span> <span class='ocrx_word' id='word_1_155' title='bbox 2505 759 2742 830; x_wconf 89' lang='lat' dir='ltr'>optimus</span> <span class='ocrx_word' id='word_1_156' title='bbox 2817 774 2924 816; x_wconf 89' lang='lat' dir='ltr'>non</span> <span class='ocrx_word' id='word_1_157' title='bbox 2979 758 3160 830; x_wconf 89' lang='lat' dir='ltr'>capit,</span> <span class='ocrx_word' id='word_1_158' title='bbox 3218 757 3479 829; x_wconf 90' lang='lat' dir='ltr'>numquid</span> <span class='ocrx_word' id='word_1_159' title='bbox 3541 758 3724 830; x_wconf 85' lang='lat' dir='ltr'>aliqua</span> 
     </span>
    </p>
   </div>
   <div class='ocr_carea' id='block_1_21' title="bbox 2132 846 3720 920">
    <p class='ocr_par' dir='ltr' id='par_1_21' title="bbox 2132 846 3720 920">
     <span class='ocr_line' id='line_1_21' title="bbox 2132 846 3720 920; baseline 0 -17"><span class='ocrx_word' id='word_1_160' title='bbox 2132 848 2505 920; x_wconf 70' lang='lat' dir='ltr'>interpretatio</span> <span class='ocrx_word' id='word_1_161' title='bbox 2566 849 2758 904; x_wconf 86' lang='lat' dir='ltr'>subest</span> <span class='ocrx_word' id='word_1_162' title='bbox 2833 849 2993 905; x_wconf 89' lang='lat' dir='ltr'>etiam</span> <span class='ocrx_word' id='word_1_163' title='bbox 3049 849 3099 887; x_wconf 78' lang='lat'><strong>35</strong></span> <span class='ocrx_word' id='word_1_164' title='bbox 3159 864 3341 903; x_wconf 90' lang='lat' dir='ltr'>earum</span> <span class='ocrx_word' id='word_1_165' title='bbox 3393 846 3720 903; x_wconf 85' lang='lat' dir='ltr'>malitiarum</span> 
     </span>
    </p>
   </div>
   <div class='ocr_carea' id='block_1_22' title="bbox 2133 938 3723 1010">
    <p class='ocr_par' dir='ltr' id='par_1_22' title="bbox 2133 938 3723 1010">
     <span class='ocr_line' id='line_1_22' title="bbox 2133 938 3723 1010; baseline 0.001 -17"><span class='ocrx_word' id='word_1_166' title='bbox 2133 939 2630 1010; x_wconf 85' lang='lat' dir='ltr'>intelligendarum,</span> <span class='ocrx_word' id='word_1_167' title='bbox 2693 956 2814 1010; x_wconf 65' lang='lat' dir='ltr'>qua:</span> <span class='ocrx_word' id='word_1_168' title='bbox 2872 938 3082 1009; x_wconf 77' lang='lat' dir='ltr'>possint</span> <span class='ocrx_word' id='word_1_169' title='bbox 3132 946 3185 992; x_wconf 91' lang='lat' dir='ltr'>et</span> <span class='ocrx_word' id='word_1_170' title='bbox 3238 938 3291 992; x_wconf 90' lang='lat' dir='ltr'>in</span> <span class='ocrx_word' id='word_1_171' title='bbox 3335 938 3594 1009; x_wconf 83' lang='lat' dir='ltr'>Optimum</span> <span class='ocrx_word' id='word_1_172' title='bbox 3623 940 3723 994; x_wconf 90' lang='lat' dir='ltr'>de-</span> 
     </span>
    </p>
   </div>
   <div class='ocr_carea' id='block_1_23' title="bbox 2130 1025 3723 1097">
    <p class='ocr_par' dir='ltr' id='par_1_23' title="bbox 2130 1025 3723 1097">
     <span class='ocr_line' id='line_1_23' title="bbox 2130 1025 3723 1097; baseline -0.002 -13"><span class='ocrx_word' id='word_1_173' title='bbox 2130 1028 2432 1084; x_wconf 85' lang='lat' dir='ltr'>cucurrisse</span> <span class='ocrx_word' id='word_1_174' title='bbox 2464 1029 2491 1083; x_wconf 84' lang='lat'><strong><em>?</em></strong></span> <span class='ocrx_word' id='word_1_175' title='bbox 2520 1028 2717 1084; x_wconf 86' lang='lat' dir='ltr'>Subest</span> <span class='ocrx_word' id='word_1_176' title='bbox 2744 1037 2942 1084; x_wconf 90' lang='lat' dir='ltr'>autem.</span> <span class='ocrx_word' id='word_1_177' title='bbox 2995 1027 3236 1083; x_wconf 86' lang='lat' dir='ltr'>Dicimus</span> <span class='ocrx_word' id='word_1_178' title='bbox 3282 1025 3519 1097; x_wconf 87' lang='lat' dir='ltr'>denique</span> <span class='ocrx_word' id='word_1_179' title='bbox 3567 1028 3723 1081; x_wconf 52' lang='lat' dir='ltr'>mali-</span> 
     </span>
    </p>
   </div>
   <div class='ocr_carea' id='block_1_24' title="bbox 2133 1116 3719 1189">
    <p class='ocr_par' dir='ltr' id='par_1_24' title="bbox 2133 1116 3719 1189">
     <span class='ocr_line' id='line_1_24' title="bbox 2133 1116 3719 1189; baseline -0.001 -18"><span class='ocrx_word' id='word_1_180' title='bbox 2133 1118 2264 1171; x_wconf 91' lang='lat' dir='ltr'>tiam</span> <span class='ocrx_word' id='word_1_181' title='bbox 2291 1132 2438 1172; x_wconf 90' lang='lat' dir='ltr'>nunc</span> <span class='ocrx_word' id='word_1_182' title='bbox 2462 1116 2777 1189; x_wconf 79' lang='lat' dir='ltr'>signiﬁcari,</span> <span class='ocrx_word' id='word_1_183' title='bbox 2806 1132 2914 1172; x_wconf 89' lang='lat' dir='ltr'>non</span> <span class='ocrx_word' id='word_1_184' title='bbox 2961 1132 3082 1188; x_wconf 72' lang='lat' dir='ltr'>quae</span> <span class='ocrx_word' id='word_1_185' title='bbox 3114 1116 3180 1170; x_wconf 93' lang='lat' dir='ltr'>ad</span> <span class='ocrx_word' id='word_1_186' title='bbox 3224 1122 3471 1169; x_wconf 90' lang='lat' dir='ltr'>naturam</span> <span class='ocrx_word' id='word_1_187' title='bbox 3500 1116 3719 1187; x_wconf 78' lang='lat' dir='ltr'>rediga-</span> 
     </span>
    </p>
   </div>
   <div class='ocr_carea' id='block_1_25' title="bbox 2134 1204 3714 1278">
    <p class='ocr_par' dir='ltr' id='par_1_25' title="bbox 2134 1204 3714 1278">
     <span class='ocr_line' id='line_1_25' title="bbox 2134 1204 3714 1278; baseline -0.002 -17"><span class='ocrx_word' id='word_1_188' title='bbox 2134 1214 2221 1262; x_wconf 90' lang='lat' dir='ltr'>tur</span> <span class='ocrx_word' id='word_1_189' title='bbox 2251 1205 2524 1262; x_wconf 86' lang='lat' dir='ltr'>Creatoris</span> <span class='ocrx_word' id='word_1_190' title='bbox 2549 1204 2704 1278; x_wconf 91' lang='lat' dir='ltr'>quasi</span> <span class='ocrx_word' id='word_1_191' title='bbox 2759 1205 2904 1270; x_wconf 90' lang='lat' dir='ltr'>mali,</span> <span class='ocrx_word' id='word_1_192' title='bbox 2971 1206 3067 1260; x_wconf 90' lang='lat' dir='ltr'>sed</span> <span class='ocrx_word' id='word_1_193' title='bbox 3125 1220 3244 1277; x_wconf 67' lang='lat' dir='ltr'>quae</span> <span class='ocrx_word' id='word_1_194' title='bbox 3300 1204 3365 1257; x_wconf 90' lang='lat' dir='ltr'>ad</span> <span class='ocrx_word' id='word_1_195' title='bbox 3408 1212 3714 1274; x_wconf 89' lang='lat' dir='ltr'>potestatem</span> 
     </span>
    </p>
   </div>
   <div class='ocr_carea' id='block_1_26' title="bbox 2134 1292 3718 1366">
    <p class='ocr_par' dir='ltr' id='par_1_26' title="bbox 2134 1292 3718 1366">
     <span class='ocr_line' id='line_1_26' title="bbox 2134 1292 3718 1366; baseline -0.003 -13"><span class='ocrx_word' id='word_1_196' title='bbox 2134 1292 2311 1353; x_wconf 74' lang='grc'>813</span> <span class='ocrx_word' id='word_1_197' title='bbox 2362 1296 2514 1366; x_wconf 91' lang='lat' dir='ltr'>quasi</span> <span class='ocrx_word' id='word_1_198' title='bbox 2566 1293 2804 1366; x_wconf 89' lang='lat' dir='ltr'>judicis,</span> <span class='ocrx_word' id='word_1_199' title='bbox 2864 1294 3162 1351; x_wconf 86' lang='lat' dir='ltr'>secundum</span> <span class='ocrx_word' id='word_1_200' title='bbox 3220 1308 3380 1364; x_wconf 90' lang='lat' dir='ltr'>quam</span> <span class='ocrx_word' id='word_1_201' title='bbox 3434 1294 3718 1349; x_wconf 83' lang='lat' dir='ltr'>enuntiarit</span> 
     </span>
    </p>
   </div>
   <div class='ocr_carea' id='block_1_27' title="bbox 2137 1383 3724 1459">
    <p class='ocr_par' dir='ltr' id='par_1_27' title="bbox 2137 1383 3724 1459">
     <span class='ocr_line' id='line_1_27' title="bbox 2137 1383 3724 1459; baseline -0.003 -16"><span class='ocrx_word' id='word_1_202' title='bbox 2137 1388 2269 1457; x_wconf 88' lang='lat' dir='ltr'>(Isa.</span> <span class='ocrx_word' id='word_1_203' title='bbox 2301 1401 2434 1455; x_wconf 79' lang='lat' dir='ltr'>XLV,</span> <span class='ocrx_word' id='word_1_204' title='bbox 2465 1388 2521 1454; x_wconf 84' lang='lat'>7)</span> <span class='ocrx_word' id='word_1_205' title='bbox 2550 1404 2563 1440; x_wconf 89' lang='lat'><strong>:</strong></span> <span class='ocrx_word' id='word_1_206' title='bbox 2607 1389 2715 1457; x_wconf 86' lang='lat' dir='ltr'>Ego</span> <span class='ocrx_word' id='word_1_207' title='bbox 2751 1402 2881 1441; x_wconf 82' lang='lat' dir='ltr'>sum</span> <span class='ocrx_word' id='word_1_208' title='bbox 2909 1386 3004 1459; x_wconf 81' lang='lat' dir='ltr'>qui</span> <span class='ocrx_word' id='word_1_209' title='bbox 3041 1383 3211 1442; x_wconf 87' lang='lat' dir='ltr'>condo</span> <span class='ocrx_word' id='word_1_210' title='bbox 3241 1386 3427 1450; x_wconf 86' lang='lat' dir='ltr'>mala;</span> <span class='ocrx_word' id='word_1_211' title='bbox 3457 1391 3511 1438; x_wconf 94' lang='lat' dir='ltr'><strong>et</strong></span> <span class='ocrx_word' id='word_1_212' title='bbox 3543 1401 3558 1438; x_wconf 89' lang='lat'><strong>:</strong></span> <span class='ocrx_word' id='word_1_213' title='bbox 3593 1386 3724 1441; x_wconf 82' lang='lat' dir='ltr'>Ecce</span> 
     </span>
    </p>
   </div>
   <div class='ocr_carea' id='block_1_28' title="bbox 2134 1471 3729 1548">
    <p class='ocr_par' dir='ltr' id='par_1_28' title="bbox 2134 1471 3729 1548">
     <span class='ocr_line' id='line_1_28' title="bbox 2134 1471 3729 1548; baseline -0.004 -15"><span class='ocrx_word' id='word_1_214' title='bbox 2134 1492 2226 1548; x_wconf 94' lang='lat' dir='ltr'>ego</span> <span class='ocrx_word' id='word_1_215' title='bbox 2254 1478 2452 1531; x_wconf 81' lang='lat' dir='ltr'>emitto</span> <span class='ocrx_word' id='word_1_216' title='bbox 2494 1476 2558 1530; x_wconf 88' lang='lat' dir='ltr'>in</span> <span class='ocrx_word' id='word_1_217' title='bbox 2587 1491 2677 1531; x_wconf 89' lang='lat' dir='ltr'>vos</span> <span class='ocrx_word' id='word_1_218' title='bbox 2706 1472 2861 1529; x_wconf 85' lang='lat' dir='ltr'>mala</span> <span class='ocrx_word' id='word_1_219' title='bbox 2890 1473 3005 1544; x_wconf 86' lang='lat'>(69)</span> <span class='ocrx_word' id='word_1_220' title='bbox 3035 1474 3262 1543; x_wconf 88' lang='lat' dir='ltr'>(Jerem.</span> <span class='ocrx_word' id='word_1_221' title='bbox 3296 1487 3453 1528; x_wconf 77' lang='lat' dir='ltr'>xvm.</span> <span class='ocrx_word' id='word_1_222' title='bbox 3485 1471 3584 1543; x_wconf 84' lang='lat' dir='ltr'>Il),</span> <span class='ocrx_word' id='word_1_223' title='bbox 3615 1487 3729 1527; x_wconf 93' lang='lat' dir='ltr'>non</span> 
     </span>
    </p>
   </div>
   <div class='ocr_carea' id='block_1_29' title="bbox 2139 1560 3731 1634">
    <p class='ocr_par' dir='ltr' id='par_1_29' title="bbox 2139 1560 3731 1634">
     <span class='ocr_line' id='line_1_29' title="bbox 2139 1560 3731 1634; baseline -0.004 -14"><span class='ocrx_word' id='word_1_224' title='bbox 2139 1563 2477 1634; x_wconf 83' lang='lat' dir='ltr'>peccatoria,</span> <span class='ocrx_word' id='word_1_225' title='bbox 2535 1561 2629 1616; x_wconf 89' lang='lat' dir='ltr'>sed</span> <span class='ocrx_word' id='word_1_226' title='bbox 2685 1562 2931 1631; x_wconf 91' lang='lat' dir='ltr'>ultoria;</span> <span class='ocrx_word' id='word_1_227' title='bbox 2990 1577 3225 1633; x_wconf 90' lang='lat' dir='ltr'>quorum</span> <span class='ocrx_word' id='word_1_228' title='bbox 3290 1560 3421 1615; x_wconf 72' lang='lat' dir='ltr'>satis</span> <span class='ocrx_word' id='word_1_229' title='bbox 3475 1560 3731 1615; x_wconf 89' lang='lat' dir='ltr'>diluimus</span> 
     </span>
    </p>
   </div>
   <div class='ocr_carea' id='block_1_30' title="bbox 2146 1647 3727 1722">
    <p class='ocr_par' dir='ltr' id='par_1_30' title="bbox 2146 1647 3727 1722">
     <span class='ocr_line' id='line_1_30' title="bbox 2146 1647 3727 1722; baseline -0.003 -15"><span class='ocrx_word' id='word_1_230' title='bbox 2146 1651 2443 1718; x_wconf 83' lang='lat' dir='ltr'>infamiam,</span> <span class='ocrx_word' id='word_1_231' title='bbox 2502 1660 2561 1705; x_wconf 93' lang='lat' dir='ltr'>ut</span> <span class='ocrx_word' id='word_1_232' title='bbox 2613 1650 3019 1722; x_wconf 82' lang='lat' dir='ltr'>congruentium</span> <span class='ocrx_word' id='word_1_233' title='bbox 3071 1647 3267 1718; x_wconf 87' lang='lat' dir='ltr'>judici.</span> <span class='ocrx_word' id='word_1_234' title='bbox 3324 1648 3474 1703; x_wconf 90' lang='lat' dir='ltr'>Sicut</span> <span class='ocrx_word' id='word_1_235' title='bbox 3522 1656 3727 1715; x_wconf 88' lang='lat' dir='ltr'>autem,</span> 
     </span>
    </p>
   </div>
   <div class='ocr_carea' id='block_1_31' title="bbox 433 1732 2034 1836">
    <p class='ocr_par' dir='ltr' id='par_1_31' title="bbox 433 1732 2025 1805">
     <span class='ocr_line' id='line_1_31' title="bbox 433 1732 2025 1805; baseline -0.005 -10"><span class='ocrx_word' id='word_1_236' title='bbox 433 1734 607 1795; x_wconf 61' lang='lat' dir='ltr'>3I2</span> <span class='ocrx_word' id='word_1_237' title='bbox 665 1735 919 1805; x_wconf 89' lang='lat' dir='ltr'>quoniam</span> <span class='ocrx_word' id='word_1_238' title='bbox 961 1733 1182 1804; x_wconf 89' lang='lat' dir='ltr'>quidem</span> <span class='ocrx_word' id='word_1_239' title='bbox 1223 1732 1422 1789; x_wconf 88' lang='lat' dir='ltr'>dixerit</span> <span class='ocrx_word' id='word_1_240' title='bbox 1466 1733 1539 1802; x_wconf 90' lang='grc' dir='ltr'>(Ι</span> <span class='ocrx_word' id='word_1_241' title='bbox 1574 1736 1702 1805; x_wconf 82' lang='lat' dir='ltr'>Reg.</span> <span class='ocrx_word' id='word_1_242' title='bbox 1740 1749 1841 1801; x_wconf 81' lang='lat' dir='ltr'>xv,</span> <span class='ocrx_word' id='word_1_243' title='bbox 1893 1735 2025 1802; x_wconf 75' lang='lat' dir='ltr'>ii):</span> 
     </span>
    </p>
   </div>
   <div class='ocr_carea' id='block_1_32' title="bbox 2145 1732 3729 1836">
    <p class='ocr_par' dir='ltr' id='par_1_32' title="bbox 2145 1736 3729 1809">
     <span class='ocr_line' id='line_1_32' title="bbox 2145 1736 3729 1809; baseline -0.001 -14"><span class='ocrx_word' id='word_1_244' title='bbox 2145 1742 2259 1797; x_wconf 88' lang='lat' dir='ltr'>licet</span> <span class='ocrx_word' id='word_1_245' title='bbox 2305 1740 2446 1795; x_wconf 90' lang='lat' dir='ltr'>mala</span> <span class='ocrx_word' id='word_1_246' title='bbox 2472 1738 2734 1804; x_wconf 89' lang='lat' dir='ltr'>dicantur,</span> <span class='ocrx_word' id='word_1_247' title='bbox 2768 1754 2877 1795; x_wconf 93' lang='lat' dir='ltr'>non</span> <span class='ocrx_word' id='word_1_248' title='bbox 2921 1738 3392 1808; x_wconf 77' lang='lat' dir='ltr'>reprehendantur</span> <span class='ocrx_word' id='word_1_249' title='bbox 3438 1736 3490 1791; x_wconf 92' lang='lat' dir='ltr'>in</span> <span class='ocrx_word' id='word_1_250' title='bbox 3515 1738 3729 1809; x_wconf 81' lang='lat' dir='ltr'>judice,</span> 
     </span>
    </p>
   </div>
   <div class='ocr_carea' id='block_1_33' title="bbox 434 1823 2031 1898">
    <p class='ocr_par' dir='ltr' id='par_1_33' title="bbox 434 1823 2031 1898">
     <span class='ocr_line' id='line_1_33' title="bbox 434 1823 2031 1898; baseline -0.003 -15"><span class='ocrx_word' id='word_1_251' title='bbox 434 1827 707 1883; x_wconf 73' lang='lat' dir='ltr'>Pwnituit</span> <span class='ocrx_word' id='word_1_252' title='bbox 735 1825 879 1898; x_wconf 87' lang='lat' dir='ltr'>quod</span> <span class='ocrx_word' id='word_1_253' title='bbox 904 1840 1088 1895; x_wconf 85' lang='lat' dir='ltr'>regem</span> <span class='ocrx_word' id='word_1_254' title='bbox 1106 1826 1343 1894; x_wconf 81' lang='lat' dir='ltr'><strong>fecerim</strong></span> <span class='ocrx_word' id='word_1_255' title='bbox 1376 1824 1513 1881; x_wconf 83' lang='lat' dir='ltr'>Saul</span> <span class='ocrx_word' id='word_1_256' title='bbox 1530 1824 1917 1895; x_wconf 87' lang='lat' dir='ltr'>;praescribens</span> <span class='ocrx_word' id='word_1_257' title='bbox 1928 1823 2031 1881; x_wconf 86' lang='lat' dir='ltr'>sci-</span> 
     </span>
    </p>
   </div>
   <div class='ocr_carea' id='block_1_34' title="bbox 434 1911 2026 1986">
    <p class='ocr_par' dir='ltr' id='par_1_34' title="bbox 434 1911 2026 1986">
     <span class='ocr_line' id='line_1_34' title="bbox 434 1911 2026 1986; baseline 0 -16"><span class='ocrx_word' id='word_1_258' title='bbox 434 1916 600 1982; x_wconf 88' lang='lat' dir='ltr'>licet,</span> <span class='ocrx_word' id='word_1_259' title='bbox 658 1912 1025 1986; x_wconf 88' lang='lat' dir='ltr'>paenitentiam</span> <span class='ocrx_word' id='word_1_260' title='bbox 1067 1911 1467 1969; x_wconf 83' lang='lat' dir='ltr'>confessionem</span> <span class='ocrx_word' id='word_1_261' title='bbox 1514 1929 1703 1985; x_wconf 87' lang='lat' dir='ltr'>sapere</span> <span class='ocrx_word' id='word_1_262' title='bbox 1734 1915 1862 1969; x_wconf 89' lang='lat' dir='ltr'>mali</span> <span class='ocrx_word' id='word_1_263' title='bbox 1887 1928 2026 1984; x_wconf 89' lang='lat' dir='ltr'>ope-</span> 
     </span>
    </p>
   </div>
   <div class='ocr_carea' id='block_1_35' title="bbox 435 2000 2031 2075">
    <p class='ocr_par' dir='ltr' id='par_1_35' title="bbox 435 2000 2031 2075">
     <span class='ocr_line' id='line_1_35' title="bbox 435 2000 2031 2075; baseline -0.001 -15"><span class='ocrx_word' id='word_1_264' title='bbox 435 2004 510 2060; x_wconf 92' lang='lat' dir='ltr'>ris</span> <span class='ocrx_word' id='word_1_265' title='bbox 537 2003 765 2075; x_wconf 88' lang='lat' dir='ltr'>alicujus</span> <span class='ocrx_word' id='word_1_266' title='bbox 801 2003 884 2059; x_wconf 91' lang='lat' dir='ltr'>vel</span> <span class='ocrx_word' id='word_1_267' title='bbox 927 2000 1148 2058; x_wconf 89' lang='lat' dir='ltr'>erroris.</span> <span class='ocrx_word' id='word_1_268' title='bbox 1183 2002 1348 2058; x_wconf 92' lang='lat' dir='ltr'>Porro</span> <span class='ocrx_word' id='word_1_269' title='bbox 1397 2018 1511 2059; x_wconf 90' lang='lat' dir='ltr'>non</span> <span class='ocrx_word' id='word_1_270' title='bbox 1548 2018 1784 2075; x_wconf 90' lang='lat' dir='ltr'>semper.</span> <span class='ocrx_word' id='word_1_271' title='bbox 1831 2004 2031 2061; x_wconf 90' lang='lat' dir='ltr'>Evenit</span> 
     </span>
    </p>
   </div>
   <div class='ocr_carea' id='block_1_36' title="bbox 436 2090 2028 2164">
    <p class='ocr_par' dir='ltr' id='par_1_36' title="bbox 436 2090 2028 2164">
     <span class='ocr_line' id='line_1_36' title="bbox 436 2090 2028 2164; baseline -0.003 -13"><span class='ocrx_word' id='word_1_272' title='bbox 436 2092 583 2151; x_wconf 91' lang='lat' dir='ltr'>enim</span> <span class='ocrx_word' id='word_1_273' title='bbox 612 2092 667 2148; x_wconf 91' lang='lat' dir='ltr'>in</span> <span class='ocrx_word' id='word_1_274' title='bbox 695 2092 854 2148; x_wconf 91' lang='lat' dir='ltr'>bouis</span> <span class='ocrx_word' id='word_1_275' title='bbox 884 2090 1039 2148; x_wconf 88' lang='lat' dir='ltr'>factis</span> <span class='ocrx_word' id='word_1_276' title='bbox 1075 2091 1401 2161; x_wconf 64' lang='lat' dir='ltr'>pcenitentiaz</span> <span class='ocrx_word' id='word_1_277' title='bbox 1428 2090 1722 2164; x_wconf 85' lang='lat' dir='ltr'>confessio,</span> <span class='ocrx_word' id='word_1_278' title='bbox 1763 2093 1832 2147; x_wconf 89' lang='lat' dir='ltr'>ad</span> <span class='ocrx_word' id='word_1_279' title='bbox 1890 2092 2028 2151; x_wconf 88' lang='lat' dir='ltr'>invi-</span> 
     </span>
    </p>
   </div>
   <div class='ocr_carea' id='block_1_37' title="bbox 437 2179 2031 2253">
    <p class='ocr_par' dir='ltr' id='par_1_37' title="bbox 437 2179 2031 2253">
     <span class='ocr_line' id='line_1_37' title="bbox 437 2179 2031 2253; baseline -0.001 -15"><span class='ocrx_word' id='word_1_280' title='bbox 437 2182 577 2238; x_wconf 90' lang='lat' dir='ltr'>diam</span> <span class='ocrx_word' id='word_1_281' title='bbox 602 2189 657 2237; x_wconf 91' lang='lat' dir='ltr'>et</span> <span class='ocrx_word' id='word_1_282' title='bbox 698 2179 1167 2251; x_wconf 73' lang='lat' dir='ltr'>eXprobrationem</span> <span class='ocrx_word' id='word_1_283' title='bbox 1198 2181 1318 2250; x_wconf 89' lang='lat' dir='ltr'>ejus</span> <span class='ocrx_word' id='word_1_284' title='bbox 1346 2180 1441 2253; x_wconf 91' lang='lat' dir='ltr'>qui</span> <span class='ocrx_word' id='word_1_285' title='bbox 1481 2179 1729 2236; x_wconf 81' lang='lat' dir='ltr'>beneficii</span> <span class='ocrx_word' id='word_1_286' title='bbox 1786 2180 2031 2252; x_wconf 75' lang='lat' dir='ltr'>ingratus</span> 
     </span>
    </p>
   </div>
   <div class='ocr_carea' id='block_1_38' title="bbox 438 2269 2033 2341">
    <p class='ocr_par' dir='ltr' id='par_1_38' title="bbox 438 2269 2033 2341">
     <span class='ocr_line' id='line_1_38' title="bbox 438 2269 2033 2341; baseline -0.004 -12"><span class='ocrx_word' id='word_1_287' title='bbox 438 2271 723 2337; x_wconf 83' lang='lat' dir='ltr'>exstiterit,</span> <span class='ocrx_word' id='word_1_288' title='bbox 753 2269 889 2326; x_wconf 90' lang='lat' dir='ltr'>sicut</span> <span class='ocrx_word' id='word_1_289' title='bbox 933 2277 990 2325; x_wconf 89' lang='lat' dir='ltr'><strong>et</strong></span> <span class='ocrx_word' id='word_1_290' title='bbox 1029 2279 1155 2325; x_wconf 91' lang='lat' dir='ltr'>tunc</span> <span class='ocrx_word' id='word_1_291' title='bbox 1206 2271 1352 2327; x_wconf 88' lang='lat' dir='ltr'>circa</span> <span class='ocrx_word' id='word_1_292' title='bbox 1383 2285 1669 2341; x_wconf 89' lang='lat' dir='ltr'>personam</span> <span class='ocrx_word' id='word_1_293' title='bbox 1699 2269 1876 2325; x_wconf 88' lang='lat' dir='ltr'>Saulis</span> <span class='ocrx_word' id='word_1_294' title='bbox 1933 2271 2033 2324; x_wconf 91' lang='lat' dir='ltr'>ho-</span> 
     </span>
    </p>
   </div>
   <div class='ocr_carea' id='block_1_39' title="bbox 437 2356 2026 2431">
    <p class='ocr_par' dir='ltr' id='par_1_39' title="bbox 437 2356 2026 2431">
     <span class='ocr_line' id='line_1_39' title="bbox 437 2356 2026 2431; baseline -0.005 -12"><span class='ocrx_word' id='word_1_295' title='bbox 437 2360 736 2419; x_wconf 90' lang='lat' dir='ltr'>norandam</span> <span class='ocrx_word' id='word_1_296' title='bbox 774 2357 1115 2415; x_wconf 88' lang='lat' dir='ltr'>anuuntiatur</span> <span class='ocrx_word' id='word_1_297' title='bbox 1166 2375 1197 2413; x_wconf 92' lang='lat' dir='ltr'>a</span> <span class='ocrx_word' id='word_1_298' title='bbox 1254 2359 1528 2428; x_wconf 86' lang='lat' dir='ltr'>Creatore,</span> <span class='ocrx_word' id='word_1_299' title='bbox 1585 2358 1678 2431; x_wconf 87' lang='lat' dir='ltr'>qui</span> <span class='ocrx_word' id='word_1_300' title='bbox 1731 2372 1842 2415; x_wconf 92' lang='lat' dir='ltr'>non</span> <span class='ocrx_word' id='word_1_301' title='bbox 1881 2356 2026 2413; x_wconf 91' lang='lat' dir='ltr'>deli-</span> 
     </span>
    </p>
   </div>
   <div class='ocr_carea' id='block_1_40' title="bbox 440 2445 2031 2524">
    <p class='ocr_par' dir='ltr' id='par_1_40' title="bbox 440 2445 2031 2524">
     <span class='ocr_line' id='line_1_40' title="bbox 440 2445 2031 2524; baseline -0.003 -17"><span class='ocrx_word' id='word_1_302' title='bbox 440 2457 648 2524; x_wconf 89' lang='lat' dir='ltr'>querat,</span> <span class='ocrx_word' id='word_1_303' title='bbox 678 2464 800 2505; x_wconf 89' lang='lat' dir='ltr'>cum</span> <span class='ocrx_word' id='word_1_304' title='bbox 827 2445 1050 2504; x_wconf 89' lang='lat' dir='ltr'>Saulem</span> <span class='ocrx_word' id='word_1_305' title='bbox 1079 2448 1307 2503; x_wconf 88' lang='lat' dir='ltr'>assumit</span> <span class='ocrx_word' id='word_1_306' title='bbox 1336 2446 1391 2502; x_wconf 91' lang='lat' dir='ltr'>in</span> <span class='ocrx_word' id='word_1_307' title='bbox 1447 2462 1703 2518; x_wconf 79' lang='lat' dir='ltr'>regnum,</span> <span class='ocrx_word' id='word_1_308' title='bbox 1744 2453 1798 2502; x_wconf 89' lang='lat' dir='ltr'>et</span> <span class='ocrx_word' id='word_1_309' title='bbox 1846 2455 2031 2502; x_wconf 62' lang='lat' dir='ltr'>sancto</span> 
     </span>
    </p>
   </div>
   <div class='ocr_carea' id='block_1_41' title="bbox 440 2534 2029 2613">
    <p class='ocr_par' dir='ltr' id='par_1_41' title="bbox 440 2534 2029 2613">
     <span class='ocr_line' id='line_1_41' title="bbox 440 2534 2029 2613; baseline -0.005 -16"><span class='ocrx_word' id='word_1_310' title='bbox 440 2538 645 2612; x_wconf 90' lang='lat' dir='ltr'>Spiritu</span> <span class='ocrx_word' id='word_1_311' title='bbox 683 2544 872 2613; x_wconf 77' lang='lat' dir='ltr'>auget;</span> <span class='ocrx_word' id='word_1_312' title='bbox 902 2536 1169 2609; x_wconf 83' lang='lat' dir='ltr'>Optimum</span> <span class='ocrx_word' id='word_1_313' title='bbox 1214 2536 1360 2592; x_wconf 90' lang='lat' dir='ltr'>enim</span> <span class='ocrx_word' id='word_1_314' title='bbox 1399 2535 1581 2593; x_wconf 83' lang='lat' dir='ltr'>adhuc</span> <span class='ocrx_word' id='word_1_315' title='bbox 1613 2554 1627 2590; x_wconf 90' lang='lat'><strong>:</strong></span> <span class='ocrx_word' id='word_1_316' title='bbox 1673 2536 1878 2606; x_wconf 89' lang='lat' dir='ltr'>Qualis,</span> <span class='ocrx_word' id='word_1_317' title='bbox 1938 2534 2029 2590; x_wconf 92' lang='lat' dir='ltr'>in-</span> 
     </span>
    </p>
   </div>
   <div class='ocr_carea' id='block_1_42' title="bbox 441 2624 2030 2702">
    <p class='ocr_par' dir='ltr' id='par_1_42' title="bbox 441 2624 2030 2702">
     <span class='ocr_line' id='line_1_42' title="bbox 441 2624 2030 2702; baseline -0.003 -18"><span class='ocrx_word' id='word_1_318' title='bbox 441 2629 577 2702; x_wconf 91' lang='lat' dir='ltr'>quit,</span> <span class='ocrx_word' id='word_1_319' title='bbox 618 2642 726 2683; x_wconf 90' lang='lat' dir='ltr'>non</span> <span class='ocrx_word' id='word_1_320' title='bbox 754 2633 870 2683; x_wconf 89' lang='lat' dir='ltr'>erat</span> <span class='ocrx_word' id='word_1_321' title='bbox 904 2626 961 2681; x_wconf 91' lang='lat' dir='ltr'>in</span> <span class='ocrx_word' id='word_1_322' title='bbox 1007 2624 1134 2681; x_wconf 84' lang='lat' dir='ltr'>filiis</span> <span class='ocrx_word' id='word_1_323' title='bbox 1179 2625 1423 2692; x_wconf 90' lang='lat' dir='ltr'>lsraelis,</span> <span class='ocrx_word' id='word_1_324' title='bbox 1457 2624 1774 2697; x_wconf 78' lang='lat' dir='ltr'>dignissime</span> <span class='ocrx_word' id='word_1_325' title='bbox 1823 2625 2030 2696; x_wconf 72' lang='lat' dir='ltr'>allege-</span> 
     </span>
    </p>
   </div>
   <div class='ocr_carea' id='block_1_43' title="bbox 442 2714 2033 2786">
    <p class='ocr_par' dir='ltr' id='par_1_43' title="bbox 442 2714 2033 2786">
     <span class='ocr_line' id='line_1_43' title="bbox 442 2714 2033 2786; baseline -0.004 -11"><span class='ocrx_word' id='word_1_326' title='bbox 442 2727 543 2784; x_wconf 90' lang='lat' dir='ltr'>rat,</span> <span class='ocrx_word' id='word_1_327' title='bbox 604 2716 696 2773; x_wconf 88' lang='lat' dir='ltr'>sed</span> <span class='ocrx_word' id='word_1_328' title='bbox 762 2731 864 2772; x_wconf 91' lang='lat' dir='ltr'>nec</span> <span class='ocrx_word' id='word_1_329' title='bbox 909 2714 1251 2786; x_wconf 81' lang='lat' dir='ltr'>ignoraverat</span> <span class='ocrx_word' id='word_1_330' title='bbox 1305 2714 1377 2769; x_wconf 92' lang='lat' dir='ltr'>ita</span> <span class='ocrx_word' id='word_1_331' title='bbox 1444 2721 1759 2770; x_wconf 90' lang='lat' dir='ltr'>eventurum</span> <span class='ocrx_word' id='word_1_332' title='bbox 1798 2755 1811 2779; x_wconf 93' lang='lat'>,</span> <span class='ocrx_word' id='word_1_333' title='bbox 1870 2728 2033 2769; x_wconf 89' lang='lat' dir='ltr'>nemo</span> 
     </span>
    </p>
   </div>
   <div class='ocr_carea' id='block_1_44' title="bbox 444 2802 2036 2875">
    <p class='ocr_par' dir='ltr' id='par_1_44' title="bbox 444 2802 2036 2875">
     <span class='ocr_line' id='line_1_44' title="bbox 444 2802 2036 2875; baseline -0.005 -10"><span class='ocrx_word' id='word_1_334' title='bbox 444 2809 588 2866; x_wconf 90' lang='lat' dir='ltr'>enim</span> <span class='ocrx_word' id='word_1_335' title='bbox 644 2815 697 2863; x_wconf 85' lang='lat' dir='ltr'>te</span> <span class='ocrx_word' id='word_1_336' title='bbox 761 2804 1046 2862; x_wconf 90' lang='lat' dir='ltr'>sustinebit</span> <span class='ocrx_word' id='word_1_337' title='bbox 1109 2802 1580 2875; x_wconf 80' lang='lat' dir='ltr'>improvidentiam</span> <span class='ocrx_word' id='word_1_338' title='bbox 1636 2803 2036 2859; x_wconf 81' lang='lat' dir='ltr'>adscribentem</span> 
     </span>
    </p>
   </div>
   <div class='ocr_carea' id='block_1_45' title="bbox 444 2891 2037 2968">
    <p class='ocr_par' dir='ltr' id='par_1_45' title="bbox 444 2891 2037 2968">
     <span class='ocr_line' id='line_1_45' title="bbox 444 2891 2037 2968; baseline -0.003 -14"><span class='ocrx_word' id='word_1_339' title='bbox 444 2899 558 2954; x_wconf 89' lang='lat' dir='ltr'>Deo</span> <span class='ocrx_word' id='word_1_340' title='bbox 587 2897 654 2967; x_wconf 88' lang='lat' dir='ltr'>ei,</span> <span class='ocrx_word' id='word_1_341' title='bbox 685 2912 850 2968; x_wconf 88' lang='lat' dir='ltr'>quem</span> <span class='ocrx_word' id='word_1_342' title='bbox 887 2898 1060 2952; x_wconf 91' lang='lat' dir='ltr'>Deum</span> <span class='ocrx_word' id='word_1_343' title='bbox 1088 2908 1199 2950; x_wconf 91' lang='lat' dir='ltr'>non</span> <span class='ocrx_word' id='word_1_344' title='bbox 1242 2909 1462 2964; x_wconf 76' lang='lat' dir='ltr'>negans,</span> <span class='ocrx_word' id='word_1_345' title='bbox 1515 2891 1789 2950; x_wconf 83' lang='lat' dir='ltr'>conﬁteris</span> <span class='ocrx_word' id='word_1_346' title='bbox 1827 2902 1882 2948; x_wconf 91' lang='lat' dir='ltr'>et</span> <span class='ocrx_word' id='word_1_347' title='bbox 1912 2907 2037 2964; x_wconf 88' lang='lat' dir='ltr'>pro-</span> 
     </span>
    </p>
   </div>
   <div class='ocr_carea' id='block_1_46' title="bbox 445 2981 2031 3053">
    <p class='ocr_par' dir='ltr' id='par_1_46' title="bbox 445 2981 2031 3053">
     <span class='ocr_line' id='line_1_46' title="bbox 445 2981 2031 3053; baseline -0.004 -10"><span class='ocrx_word' id='word_1_348' title='bbox 445 2986 653 3043; x_wconf 89' lang='lat' dir='ltr'>vidum.</span> <span class='ocrx_word' id='word_1_349' title='bbox 707 2984 832 3041; x_wconf 82' lang='lat' dir='ltr'>Haec</span> <span class='ocrx_word' id='word_1_350' title='bbox 884 2982 1031 3040; x_wconf 89' lang='lat' dir='ltr'>enim</span> <span class='ocrx_word' id='word_1_351' title='bbox 1070 2982 1148 3037; x_wconf 93' lang='lat' dir='ltr'>illi</span> <span class='ocrx_word' id='word_1_352' title='bbox 1206 2982 1423 3053; x_wconf 91' lang='lat' dir='ltr'>propria</span> <span class='ocrx_word' id='word_1_353' title='bbox 1472 2981 1724 3038; x_wconf 88' lang='lat' dir='ltr'>divinitas</span> <span class='ocrx_word' id='word_1_354' title='bbox 1770 2991 2031 3048; x_wconf 91' lang='lat' dir='ltr'>constat,</span> 
     </span>
    </p>
   </div>
   <div class='ocr_carea' id='block_1_47' title="bbox 448 3070 2033 3143">
    <p class='ocr_par' dir='ltr' id='par_1_47' title="bbox 448 3070 2033 3143">
     <span class='ocr_line' id='line_1_47' title="bbox 448 3070 2033 3143; baseline -0.004 -11"><span class='ocrx_word' id='word_1_355' title='bbox 448 3077 548 3134; x_wconf 88' lang='lat' dir='ltr'>sed</span> <span class='ocrx_word' id='word_1_356' title='bbox 576 3076 777 3131; x_wconf 90' lang='lat' dir='ltr'>malum</span> <span class='ocrx_word' id='word_1_357' title='bbox 815 3072 1016 3131; x_wconf 88' lang='lat' dir='ltr'>factum</span> <span class='ocrx_word' id='word_1_358' title='bbox 1044 3071 1219 3128; x_wconf 84' lang='lat' dir='ltr'>Saulis</span> <span class='ocrx_word' id='word_1_359' title='bbox 1246 3073 1329 3141; x_wconf 92' lang='lat' dir='ltr'>(ut</span> <span class='ocrx_word' id='word_1_360' title='bbox 1369 3070 1500 3143; x_wconf 84' lang='lat' dir='ltr'>dixi)</span> <span class='ocrx_word' id='word_1_361' title='bbox 1556 3072 1816 3127; x_wconf 87' lang='lat' dir='ltr'>onerabat</span> <span class='ocrx_word' id='word_1_362' title='bbox 1851 3071 2033 3143; x_wconf 79' lang='lat' dir='ltr'>pteni-</span> 
     </span>
    </p>
   </div>
   <div class='ocr_carea' id='block_1_48' title="bbox 448 3160 2057 3234">
    <p class='ocr_par' dir='ltr' id='par_1_48' title="bbox 448 3160 2057 3234">
     <span class='ocr_line' id='line_1_48' title="bbox 448 3160 2057 3234; baseline -0.004 -11"><span class='ocrx_word' id='word_1_363' title='bbox 448 3166 625 3223; x_wconf 78' lang='lat' dir='ltr'>tentiae</span> <span class='ocrx_word' id='word_1_364' title='bbox 678 3178 791 3220; x_wconf 70' lang='lat' dir='ltr'>sua:</span> <span class='ocrx_word' id='word_1_365' title='bbox 834 3160 1224 3234; x_wconf 86' lang='lat' dir='ltr'>professione;</span> <span class='ocrx_word' id='word_1_366' title='bbox 1273 3176 1438 3233; x_wconf 90' lang='lat' dir='ltr'>quam</span> <span class='ocrx_word' id='word_1_367' title='bbox 1465 3201 1479 3226; x_wconf 91' lang='lat'>,</span> <span class='ocrx_word' id='word_1_368' title='bbox 1552 3168 1775 3217; x_wconf 90' lang='lat' dir='ltr'>vacante</span> <span class='ocrx_word' id='word_1_369' title='bbox 1839 3160 2057 3217; x_wconf 89' lang='lat' dir='ltr'>delicto.</span> 
     </span>
    </p>
   </div>
   <div class='ocr_carea' id='block_1_49' title="bbox 446 3248 2035 3320">
    <p class='ocr_par' dir='ltr' id='par_1_49' title="bbox 446 3248 2035 3320">
     <span class='ocr_line' id='line_1_49' title="bbox 446 3248 2035 3320; baseline -0.007 -8"><span class='ocrx_word' id='word_1_370' title='bbox 446 3255 588 3313; x_wconf 88' lang='lat' dir='ltr'>circa</span> <span class='ocrx_word' id='word_1_371' title='bbox 613 3252 789 3310; x_wconf 87' lang='lat' dir='ltr'>Saulis</span> <span class='ocrx_word' id='word_1_372' title='bbox 842 3250 1195 3317; x_wconf 91' lang='lat' dir='ltr'>allectionem,</span> <span class='ocrx_word' id='word_1_373' title='bbox 1224 3263 1565 3320; x_wconf 88' lang='lat' dir='ltr'>consequens</span> <span class='ocrx_word' id='word_1_374' title='bbox 1592 3256 1678 3303; x_wconf 90' lang='lat' dir='ltr'>est</span> <span class='ocrx_word' id='word_1_375' title='bbox 1716 3248 2035 3304; x_wconf 89' lang='lat' dir='ltr'>invidiosam</span> 
     </span>
    </p>
   </div>
   <div class='ocr_carea' id='block_1_50' title="bbox 446 3334 2035 3415">
    <p class='ocr_par' dir='ltr' id='par_1_50' title="bbox 446 3334 2035 3415">
     <span class='ocr_line' id='line_1_50' title="bbox 446 3334 2035 3415; baseline -0.007 -17"><span class='ocrx_word' id='word_1_376' title='bbox 446 3342 631 3415; x_wconf 89' lang='lat' dir='ltr'>potius</span> <span class='ocrx_word' id='word_1_377' title='bbox 684 3338 959 3413; x_wconf 72' lang='lat' dir='ltr'>intelligi,</span> <span class='ocrx_word' id='word_1_378' title='bbox 1006 3352 1105 3409; x_wconf 85' lang='lat' dir='ltr'>nec</span> <span class='ocrx_word' id='word_1_379' title='bbox 1159 3335 1530 3391; x_wconf 89' lang='lat' dir='ltr'>criminosam.</span> <span class='ocrx_word' id='word_1_380' title='bbox 1589 3334 1753 3400; x_wconf 88' lang='lat' dir='ltr'>Ecce,</span> <span class='ocrx_word' id='word_1_381' title='bbox 1807 3335 1989 3406; x_wconf 90' lang='lat' dir='ltr'>inquis</span> <span class='ocrx_word' id='word_1_382' title='bbox 2020 3374 2035 3399; x_wconf 91' lang='lat'>,</span> 
     </span>
    </p>
   </div>
   <div class='ocr_carea' id='block_1_51' title="bbox 449 3422 2042 3490">
    <p class='ocr_par' dir='ltr' id='par_1_51' title="bbox 449 3422 2042 3490">
     <span class='ocr_line' id='line_1_51' title="bbox 449 3422 2042 3490; baseline -0.008 -1"><span class='ocrx_word' id='word_1_383' title='bbox 449 3432 795 3490; x_wconf 85' lang='lat' dir='ltr'>criminosam</span> <span class='ocrx_word' id='word_1_384' title='bbox 816 3443 937 3485; x_wconf 91' lang='lat' dir='ltr'>eam</span> <span class='ocrx_word' id='word_1_385' title='bbox 964 3426 1334 3484; x_wconf 87' lang='lat' dir='ltr'>animadverto</span> <span class='ocrx_word' id='word_1_386' title='bbox 1349 3425 1496 3481; x_wconf 85' lang='lat' dir='ltr'>circa</span> <span class='ocrx_word' id='word_1_387' title='bbox 1524 3422 1805 3490; x_wconf 83' lang='lat' dir='ltr'>Ninivitas,</span> <span class='ocrx_word' id='word_1_388' title='bbox 1857 3423 2042 3480; x_wconf 88' lang='lat' dir='ltr'>dicen-</span> 
     </span>
    </p>
   </div>
   <div class='ocr_carea' id='block_1_52' title="bbox 449 3514 2045 3592">
    <p class='ocr_par' dir='ltr' id='par_1_52' title="bbox 449 3514 2045 3592">
     <span class='ocr_line' id='line_1_52' title="bbox 449 3514 2045 3592; baseline -0.006 -12"><span class='ocrx_word' id='word_1_389' title='bbox 449 3533 504 3581; x_wconf 92' lang='lat' dir='ltr'><strong>te</strong></span> <span class='ocrx_word' id='word_1_390' title='bbox 533 3521 808 3592; x_wconf 88' lang='lat' dir='ltr'>Scriptura</span> <span class='ocrx_word' id='word_1_391' title='bbox 832 3520 985 3575; x_wconf 71' lang='lat' dir='ltr'>Jona:</span> <span class='ocrx_word' id='word_1_392' title='bbox 1005 3518 1198 3591; x_wconf 72' lang='lat' dir='ltr'>(Jonaz,</span> <span class='ocrx_word' id='word_1_393' title='bbox 1231 3531 1314 3585; x_wconf 83' lang='lat' dir='ltr'>tu,</span> <span class='ocrx_word' id='word_1_394' title='bbox 1355 3516 1444 3585; x_wconf 84' lang='grc'>10)</span> <span class='ocrx_word' id='word_1_395' title='bbox 1478 3529 1491 3569; x_wconf 88' lang='lat'><strong>:</strong></span> <span class='ocrx_word' id='word_1_396' title='bbox 1526 3515 1597 3570; x_wconf 87' lang='lat' dir='ltr'>Et</span> <span class='ocrx_word' id='word_1_397' title='bbox 1637 3514 1913 3586; x_wconf 70' lang='lat' dir='ltr'>paenituit</span> <span class='ocrx_word' id='word_1_398' title='bbox 1944 3516 2045 3571; x_wconf 90' lang='lat' dir='ltr'>Do-</span> 
     </span>
    </p>
   </div>
   <div class='ocr_carea' id='block_1_53' title="bbox 447 3603 2041 3680">
    <p class='ocr_par' dir='ltr' id='par_1_53' title="bbox 447 3603 2041 3680">
     <span class='ocr_line' id='line_1_53' title="bbox 447 3603 2041 3680; baseline -0.008 -10"><span class='ocrx_word' id='word_1_399' title='bbox 447 3614 675 3670; x_wconf 78' lang='lat' dir='ltr'>minum</span> <span class='ocrx_word' id='word_1_400' title='bbox 706 3612 770 3669; x_wconf 87' lang='lat' dir='ltr'>de</span> <span class='ocrx_word' id='word_1_401' title='bbox 796 3610 1026 3667; x_wconf 86' lang='lat' dir='ltr'>malitia</span> <span class='ocrx_word' id='word_1_402' title='bbox 1052 3625 1224 3680; x_wconf 83' lang='lat' dir='ltr'>quam</span> <span class='ocrx_word' id='word_1_403' title='bbox 1242 3606 1469 3662; x_wconf 73' lang='lat' dir='ltr'>dixerat</span> <span class='ocrx_word' id='word_1_404' title='bbox 1480 3606 1778 3675; x_wconf 84' lang='lat' dir='ltr'>facturum</span> <span class='ocrx_word' id='word_1_405' title='bbox 1816 3619 1873 3661; x_wconf 90' lang='lat' dir='ltr'>se</span> <span class='ocrx_word' id='word_1_406' title='bbox 1901 3603 2041 3672; x_wconf 81' lang='lat' dir='ltr'>illis,</span> 
     </span>
    </p>
   </div>
   <div class='ocr_carea' id='block_1_54' title="bbox 450 3690 2039 3772">
    <p class='ocr_par' dir='ltr' id='par_1_54' title="bbox 450 3690 2039 3772">
     <span class='ocr_line' id='line_1_54' title="bbox 450 3690 2039 3772; baseline -0.008 -14"><span class='ocrx_word' id='word_1_407' title='bbox 450 3719 554 3759; x_wconf 86' lang='lat' dir='ltr'>nec</span> <span class='ocrx_word' id='word_1_408' title='bbox 581 3702 742 3772; x_wconf 77' lang='lat' dir='ltr'>fecit.</span> <span class='ocrx_word' id='word_1_409' title='bbox 798 3699 948 3754; x_wconf 92' lang='lat' dir='ltr'>Sicut</span> <span class='ocrx_word' id='word_1_410' title='bbox 993 3706 1047 3752; x_wconf 88' lang='lat' dir='ltr'>et</span> <span class='ocrx_word' id='word_1_411' title='bbox 1104 3696 1225 3768; x_wconf 88' lang='lat' dir='ltr'>ipse</span> <span class='ocrx_word' id='word_1_412' title='bbox 1274 3695 1437 3750; x_wconf 84' lang='lat' dir='ltr'>Jonas</span> <span class='ocrx_word' id='word_1_413' title='bbox 1492 3692 1560 3746; x_wconf 88' lang='lat' dir='ltr'>ad</span> <span class='ocrx_word' id='word_1_414' title='bbox 1619 3690 1913 3748; x_wconf 90' lang='lat' dir='ltr'>Dominum</span> <span class='ocrx_word' id='word_1_415' title='bbox 1941 3692 2039 3746; x_wconf 70' lang='lat'>32:</span> 
     </span>
    </p>
   </div>
   <div class='ocr_carea' id='block_1_55' title="bbox 449 3781 2044 3865">
    <p class='ocr_par' dir='ltr' id='par_1_55' title="bbox 449 3781 2044 3865">
     <span class='ocr_line' id='line_1_55' title="bbox 449 3781 2044 3865; baseline -0.008 -15"><span class='ocrx_word' id='word_1_416' title='bbox 449 3795 754 3865; x_wconf 86' lang='lat' dir='ltr'>Propterea</span> <span class='ocrx_word' id='word_1_417' title='bbox 788 3787 1042 3862; x_wconf 67' lang='lat' dir='ltr'>praeveni</span> <span class='ocrx_word' id='word_1_418' title='bbox 1057 3788 1356 3858; x_wconf 82' lang='lat' dir='ltr'>profugere</span> <span class='ocrx_word' id='word_1_419' title='bbox 1384 3783 1448 3837; x_wconf 89' lang='lat' dir='ltr'>in</span> <span class='ocrx_word' id='word_1_420' title='bbox 1503 3781 1751 3846; x_wconf 82' lang='lat' dir='ltr'>Tharsos,</span> <span class='ocrx_word' id='word_1_421' title='bbox 1801 3783 1935 3854; x_wconf 86' lang='lat' dir='ltr'>quia</span> <span class='ocrx_word' id='word_1_422' title='bbox 1957 3798 2044 3838; x_wconf 83' lang='lat' dir='ltr'>co-</span> 
     </span>
    </p>
   </div>
   <div class='ocr_carea' id='block_1_56' title="bbox 451 3872 2044 3957">
    <p class='ocr_par' dir='ltr' id='par_1_56' title="bbox 451 3872 2044 3957">
     <span class='ocr_line' id='line_1_56' title="bbox 451 3872 2044 3957; baseline -0.008 -17"><span class='ocrx_word' id='word_1_423' title='bbox 451 3895 757 3957; x_wconf 85' lang='lat' dir='ltr'>gnoveram</span> <span class='ocrx_word' id='word_1_424' title='bbox 796 3882 849 3935; x_wconf 89' lang='lat' dir='ltr'>te</span> <span class='ocrx_word' id='word_1_425' title='bbox 878 3892 992 3935; x_wconf 82' lang='lat' dir='ltr'>esse</span> <span class='ocrx_word' id='word_1_426' title='bbox 1019 3872 1440 3931; x_wconf 83' lang='lat' dir='ltr'>misericordem</span> <span class='ocrx_word' id='word_1_427' title='bbox 1476 3873 1533 3928; x_wconf 88' lang='lat' dir='ltr'>et</span> <span class='ocrx_word' id='word_1_428' title='bbox 1560 3872 2044 3940; x_wconf 85' lang='lat' dir='ltr'>miserescentem,</span> 
     </span>
    </p>
   </div>
   <div class='ocr_carea' id='block_1_57' title="bbox 451 3963 2044 4049">
    <p class='ocr_par' dir='ltr' id='par_1_57' title="bbox 451 3963 2044 4049">
     <span class='ocr_line' id='line_1_57' title="bbox 451 3963 2044 4049; baseline -0.008 -18"><span class='ocrx_word' id='word_1_429' title='bbox 451 3974 849 4049; x_wconf 83' lang='lat' dir='ltr'>patientem,et</span> <span class='ocrx_word' id='word_1_430' title='bbox 858 3988 892 4045; x_wconf 86' lang='lat' dir='ltr'>p</span> <span class='ocrx_word' id='word_1_431' title='bbox 902 3970 1179 4026; x_wconf 85' lang='lat' dir='ltr'>lurimum</span> <span class='ocrx_word' id='word_1_432' title='bbox 1193 3963 2044 4035; x_wconf 71' lang='lat' dir='ltr'>33misericordire,pcenitentem</span> 
     </span>
    </p>
   </div>
   <div class='ocr_carea' id='block_1_58' title="bbox 452 4051 2046 4130">
    <p class='ocr_par' dir='ltr' id='par_1_58' title="bbox 452 4051 2046 4130">
     <span class='ocr_line' id='line_1_58' title="bbox 452 4051 2046 4130; baseline -0.01 -9"><span class='ocrx_word' id='word_1_433' title='bbox 452 4063 817 4120; x_wconf 83' lang='lat' dir='ltr'>malitiarum</span> <span class='ocrx_word' id='word_1_434' title='bbox 862 4061 1062 4130; x_wconf 63' lang='lat' dir='ltr'>(Jonas,</span> <span class='ocrx_word' id='word_1_435' title='bbox 1108 4072 1186 4126; x_wconf 84' lang='lat' dir='ltr'>tv,</span> <span class='ocrx_word' id='word_1_436' title='bbox 1219 4055 1295 4126; x_wconf 85' lang='lat'>2).</span> <span class='ocrx_word' id='word_1_437' title='bbox 1327 4054 1472 4109; x_wconf 82' lang='lat' dir='ltr'>Bcne</span> <span class='ocrx_word' id='word_1_438' title='bbox 1525 4051 1690 4124; x_wconf 79' lang='lat' dir='ltr'>igitur</span> <span class='ocrx_word' id='word_1_439' title='bbox 1735 4051 1882 4125; x_wconf 91' lang='lat' dir='ltr'>quod</span> <span class='ocrx_word' id='word_1_440' title='bbox 1910 4067 2046 4123; x_wconf 71' lang='lat' dir='ltr'>prae-</span> 
     </span>
    </p>
   </div>
   <div class='ocr_carea' id='block_1_59' title="bbox 451 4140 2043 4221">
    <p class='ocr_par' dir='ltr' id='par_1_59' title="bbox 451 4140 2043 4221">
     <span class='ocr_line' id='line_1_59' title="bbox 451 4140 2043 4221; baseline -0.009 -12"><span class='ocrx_word' id='word_1_441' title='bbox 451 4152 603 4209; x_wconf 89' lang='lat' dir='ltr'>misit</span> <span class='ocrx_word' id='word_1_442' title='bbox 630 4148 821 4221; x_wconf 80' lang='lat' dir='ltr'>Optimi</span> <span class='ocrx_word' id='word_1_443' title='bbox 860 4146 958 4203; x_wconf 89' lang='lat' dir='ltr'>Dei</span> <span class='ocrx_word' id='word_1_444' title='bbox 1005 4145 1239 4211; x_wconf 90' lang='lat' dir='ltr'>titulum,</span> <span class='ocrx_word' id='word_1_445' title='bbox 1302 4140 1678 4214; x_wconf 91' lang='lat' dir='ltr'>patientissimi</span> <span class='ocrx_word' id='word_1_446' title='bbox 1708 4141 1913 4198; x_wconf 70' lang='lat' dir='ltr'>scilicet</span> <span class='ocrx_word' id='word_1_447' title='bbox 1954 4156 2043 4195; x_wconf 91' lang='lat' dir='ltr'>su-</span> 
     </span>
    </p>
   </div>
   <div class='ocr_carea' id='block_1_60' title="bbox 453 4229 2044 4314">
    <p class='ocr_par' dir='ltr' id='par_1_60' title="bbox 453 4229 2044 4314">
     <span class='ocr_line' id='line_1_60' title="bbox 453 4229 2044 4314; baseline -0.009 -16"><span class='ocrx_word' id='word_1_448' title='bbox 453 4258 550 4314; x_wconf 88' lang='lat' dir='ltr'>per</span> <span class='ocrx_word' id='word_1_449' title='bbox 576 4240 768 4305; x_wconf 88' lang='lat' dir='ltr'>malos,</span> <span class='ocrx_word' id='word_1_450' title='bbox 826 4243 882 4292; x_wconf 90' lang='lat' dir='ltr'>et</span> <span class='ocrx_word' id='word_1_451' title='bbox 934 4231 1385 4290; x_wconf 86' lang='lat' dir='ltr'>abundantissimi</span> <span class='ocrx_word' id='word_1_452' title='bbox 1451 4232 1499 4271; x_wconf 57' lang='lat'>3&quot;</span> <span class='ocrx_word' id='word_1_453' title='bbox 1548 4229 1935 4288; x_wconf 66' lang='lat' dir='ltr'>misericordiae</span> <span class='ocrx_word' id='word_1_454' title='bbox 1990 4232 2044 4285; x_wconf 87' lang='lat' dir='ltr'><strong>et</strong></span> 
     </span>
    </p>
   </div>
   <div class='ocr_carea' id='block_1_61' title="bbox 2136 1825 3728 1897">
    <p class='ocr_par' dir='ltr' id='par_1_61' title="bbox 2136 1825 3728 1897">
     <span class='ocr_line' id='line_1_61' title="bbox 2136 1825 3728 1897; baseline -0.003 -11"><span class='ocrx_word' id='word_1_455' title='bbox 2136 1844 2238 1886; x_wconf 90' lang='lat' dir='ltr'>nec</span> <span class='ocrx_word' id='word_1_456' title='bbox 2279 1830 2383 1884; x_wconf 88' lang='lat' dir='ltr'>hoc</span> <span class='ocrx_word' id='word_1_457' title='bbox 2435 1829 2652 1884; x_wconf 88' lang='lat' dir='ltr'>nomine</span> <span class='ocrx_word' id='word_1_458' title='bbox 2708 1843 2806 1883; x_wconf 88' lang='lat' dir='ltr'>suo</span> <span class='ocrx_word' id='word_1_459' title='bbox 2858 1827 3059 1882; x_wconf 92' lang='lat' dir='ltr'>malum</span> <span class='ocrx_word' id='word_1_460' title='bbox 3105 1828 3341 1897; x_wconf 87' lang='lat' dir='ltr'>judicem</span> <span class='ocrx_word' id='word_1_461' title='bbox 3401 1825 3728 1895; x_wconf 88' lang='lat' dir='ltr'>ostendunt;</span> 
     </span>
    </p>
   </div>
   <div class='ocr_carea' id='block_1_62' title="bbox 2136 1914 3733 1987">
    <p class='ocr_par' dir='ltr' id='par_1_62' title="bbox 2136 1914 3733 1987">
     <span class='ocr_line' id='line_1_62' title="bbox 2136 1914 3733 1987; baseline -0.003 -14"><span class='ocrx_word' id='word_1_462' title='bbox 2136 1919 2211 1973; x_wconf 88' lang='lat' dir='ltr'>ita</span> <span class='ocrx_word' id='word_1_463' title='bbox 2239 1924 2293 1973; x_wconf 90' lang='lat' dir='ltr'>et</span> <span class='ocrx_word' id='word_1_464' title='bbox 2338 1915 2536 1972; x_wconf 81' lang='lat' dir='ltr'>malitia</span> <span class='ocrx_word' id='word_1_465' title='bbox 2574 1917 2689 1971; x_wconf 66' lang='lat' dir='ltr'>haec</span> <span class='ocrx_word' id='word_1_466' title='bbox 2734 1916 2836 1971; x_wconf 92' lang='lat' dir='ltr'>erit</span> <span class='ocrx_word' id='word_1_467' title='bbox 2892 1914 3253 1987; x_wconf 83' lang='lat' dir='ltr'>intelligenda</span> <span class='ocrx_word' id='word_1_468' title='bbox 3304 1930 3482 1972; x_wconf 78' lang='lat' dir='ltr'>nunc.</span> <span class='ocrx_word' id='word_1_469' title='bbox 3511 1929 3635 1985; x_wconf 71' lang='lat' dir='ltr'>quae</span> <span class='ocrx_word' id='word_1_470' title='bbox 3664 1930 3733 1969; x_wconf 83' lang='lat' dir='ltr'>ex</span> 
     </span>
    </p>
   </div>
   <div class='ocr_carea' id='block_1_63' title="bbox 2136 2003 3735 2075">
    <p class='ocr_par' dir='ltr' id='par_1_63' title="bbox 2136 2003 3735 2075">
     <span class='ocr_line' id='line_1_63' title="bbox 2136 2003 3735 2075; baseline -0.003 -13"><span class='ocrx_word' id='word_1_471' title='bbox 2136 2007 2245 2062; x_wconf 84' lang='lat' dir='ltr'>illis</span> <span class='ocrx_word' id='word_1_472' title='bbox 2295 2006 2449 2061; x_wconf 89' lang='lat' dir='ltr'>malis</span> <span class='ocrx_word' id='word_1_473' title='bbox 2474 2005 2754 2075; x_wconf 87' lang='lat' dir='ltr'>judicariis</span> <span class='ocrx_word' id='word_1_474' title='bbox 2798 2005 3074 2075; x_wconf 85' lang='lat' dir='ltr'>deputata,</span> <span class='ocrx_word' id='word_1_475' title='bbox 3121 2020 3244 2059; x_wconf 93' lang='lat' dir='ltr'>cum</span> <span class='ocrx_word' id='word_1_476' title='bbox 3292 2003 3427 2075; x_wconf 90' lang='lat' dir='ltr'>ipsis</span> <span class='ocrx_word' id='word_1_477' title='bbox 3462 2012 3735 2074; x_wconf 86' lang='lat' dir='ltr'>competat</span> 
     </span>
    </p>
   </div>
   <div class='ocr_carea' id='block_1_64' title="bbox 2131 2090 3726 2167">
    <p class='ocr_par' dir='ltr' id='par_1_64' title="bbox 2131 2090 3726 2167">
     <span class='ocr_line' id='line_1_64' title="bbox 2131 2090 3726 2167; baseline -0.003 -16"><span class='ocrx_word' id='word_1_478' title='bbox 2131 2094 2322 2167; x_wconf 92' lang='lat' dir='ltr'>judici.</span> <span class='ocrx_word' id='word_1_479' title='bbox 2352 2096 2489 2149; x_wconf 88' lang='lat' dir='ltr'>Nam</span> <span class='ocrx_word' id='word_1_480' title='bbox 2520 2102 2575 2150; x_wconf 91' lang='lat' dir='ltr'>et</span> <span class='ocrx_word' id='word_1_481' title='bbox 2606 2095 2749 2165; x_wconf 86' lang='lat' dir='ltr'>apud</span> <span class='ocrx_word' id='word_1_482' title='bbox 2789 2093 3012 2149; x_wconf 76' lang='lat' dir='ltr'>Graecos</span> <span class='ocrx_word' id='word_1_483' title='bbox 3057 2092 3325 2147; x_wconf 74' lang='lat' dir='ltr'>interdum</span> <span class='ocrx_word' id='word_1_484' title='bbox 3369 2090 3588 2146; x_wconf 74' lang='lat' dir='ltr'>malitiae</span> <span class='ocrx_word' id='word_1_485' title='bbox 3624 2106 3726 2160; x_wconf 87' lang='lat' dir='ltr'>pro</span> 
     </span>
    </p>
   </div>
   <div class='ocr_carea' id='block_1_65' title="bbox 2137 2180 3733 2254">
    <p class='ocr_par' dir='ltr' id='par_1_65' title="bbox 2137 2180 3733 2254">
     <span class='ocr_line' id='line_1_65' title="bbox 2137 2180 3733 2254; baseline -0.005 -13"><span class='ocrx_word' id='word_1_486' title='bbox 2137 2182 2518 2241; x_wconf 86' lang='lat' dir='ltr'>vexationibus</span> <span class='ocrx_word' id='word_1_487' title='bbox 2577 2189 2629 2237; x_wconf 88' lang='lat' dir='ltr'>et</span> <span class='ocrx_word' id='word_1_488' title='bbox 2684 2182 2929 2247; x_wconf 62' lang='lat' dir='ltr'>laesuris,</span> <span class='ocrx_word' id='word_1_489' title='bbox 2979 2198 3090 2237; x_wconf 92' lang='lat' dir='ltr'>non</span> <span class='ocrx_word' id='word_1_490' title='bbox 3145 2197 3245 2252; x_wconf 92' lang='lat' dir='ltr'>pro</span> <span class='ocrx_word' id='word_1_491' title='bbox 3300 2180 3733 2254; x_wconf 78' lang='lat' dir='ltr'>malignitatibus</span> 
     </span>
    </p>
   </div>
   <div class='ocr_carea' id='block_1_66' title="bbox 2139 2268 3732 2344">
    <p class='ocr_par' dir='ltr' id='par_1_66' title="bbox 2139 2268 3732 2344">
     <span class='ocr_line' id='line_1_66' title="bbox 2139 2268 3732 2344; baseline -0.004 -15"><span class='ocrx_word' id='word_1_492' title='bbox 2139 2280 2411 2344; x_wconf 90' lang='lat' dir='ltr'>ponuntur</span> <span class='ocrx_word' id='word_1_493' title='bbox 2439 2272 2509 2341; x_wconf 76' lang='lat'>37,</span> <span class='ocrx_word' id='word_1_494' title='bbox 2558 2271 2691 2326; x_wconf 88' lang='lat' dir='ltr'>sicut</span> <span class='ocrx_word' id='word_1_495' title='bbox 2722 2278 2777 2325; x_wconf 90' lang='lat' dir='ltr'>et</span> <span class='ocrx_word' id='word_1_496' title='bbox 2832 2271 2887 2326; x_wconf 92' lang='lat' dir='ltr'>in</span> <span class='ocrx_word' id='word_1_497' title='bbox 2926 2270 3034 2327; x_wconf 89' lang='lat' dir='ltr'>isto</span> <span class='ocrx_word' id='word_1_498' title='bbox 3079 2270 3339 2338; x_wconf 87' lang='lat' dir='ltr'>articulo;</span> <span class='ocrx_word' id='word_1_499' title='bbox 3390 2278 3547 2341; x_wconf 89' lang='lat' dir='ltr'>atque</span> <span class='ocrx_word' id='word_1_500' title='bbox 3574 2268 3732 2334; x_wconf 89' lang='lat' dir='ltr'>adeo,</span> 
     </span>
    </p>
   </div>
   <div class='ocr_carea' id='block_1_67' title="bbox 2140 2358 3738 2432">
    <p class='ocr_par' dir='ltr' id='par_1_67' title="bbox 2140 2358 3738 2432">
     <span class='ocr_line' id='line_1_67' title="bbox 2140 2358 3738 2432; baseline -0.004 -14"><span class='ocrx_word' id='word_1_501' title='bbox 2140 2363 2187 2418; x_wconf 93' lang='lat' dir='ltr'>si</span> <span class='ocrx_word' id='word_1_502' title='bbox 2215 2362 2335 2431; x_wconf 91' lang='lat' dir='ltr'>ejus</span> <span class='ocrx_word' id='word_1_503' title='bbox 2364 2360 2581 2417; x_wconf 65' lang='lat' dir='ltr'>malitia:</span> <span class='ocrx_word' id='word_1_504' title='bbox 2625 2359 2885 2432; x_wconf 91' lang='lat' dir='ltr'>paenituit</span> <span class='ocrx_word' id='word_1_505' title='bbox 2911 2360 3245 2426; x_wconf 89' lang='lat' dir='ltr'>Creatorem,</span> <span class='ocrx_word' id='word_1_506' title='bbox 3280 2358 3432 2431; x_wconf 90' lang='lat' dir='ltr'>quasi</span> <span class='ocrx_word' id='word_1_507' title='bbox 3470 2364 3738 2414; x_wconf 59' lang='lat' dir='ltr'>creatura</span> 
     </span>
    </p>
   </div>
   <div class='ocr_carea' id='block_1_68' title="bbox 2139 2444 3734 2523">
    <p class='ocr_par' dir='ltr' id='par_1_68' title="bbox 2139 2444 3734 2523">
     <span class='ocr_line' id='line_1_68' title="bbox 2139 2444 3734 2523; baseline -0.004 -17"><span class='ocrx_word' id='word_1_508' title='bbox 2139 2450 2493 2523; x_wconf 83' lang='lat' dir='ltr'>reprobaudae</span> <span class='ocrx_word' id='word_1_509' title='bbox 2563 2448 2790 2519; x_wconf 90' lang='lat' dir='ltr'>scilicet,</span> <span class='ocrx_word' id='word_1_510' title='bbox 2861 2457 2917 2505; x_wconf 90' lang='lat' dir='ltr'>et</span> <span class='ocrx_word' id='word_1_511' title='bbox 2985 2446 3185 2503; x_wconf 84' lang='lat' dir='ltr'>deletui</span> <span class='ocrx_word' id='word_1_512' title='bbox 3258 2448 3308 2486; x_wconf 76' lang='lat'>38</span> <span class='ocrx_word' id='word_1_513' title='bbox 3374 2444 3734 2504; x_wconf 66' lang='lat' dir='ltr'>vindicandae.</span> 
     </span>
    </p>
   </div>
   <div class='ocr_carea' id='block_1_69' title="bbox 2138 2535 3738 2611">
    <p class='ocr_par' dir='ltr' id='par_1_69' title="bbox 2138 2535 3738 2611">
     <span class='ocr_line' id='line_1_69' title="bbox 2138 2535 3738 2611; baseline -0.004 -17"><span class='ocrx_word' id='word_1_514' title='bbox 2138 2539 2308 2611; x_wconf 80' lang='lat' dir='ltr'>Atqui</span> <span class='ocrx_word' id='word_1_515' title='bbox 2352 2553 2450 2593; x_wconf 84' lang='lat' dir='ltr'>nec</span> <span class='ocrx_word' id='word_1_516' title='bbox 2478 2539 2526 2578; x_wconf 83' lang='lat'><strong>39</strong></span> <span class='ocrx_word' id='word_1_517' title='bbox 2574 2538 2745 2593; x_wconf 92' lang='lat' dir='ltr'>ullum</span> <span class='ocrx_word' id='word_1_518' title='bbox 2792 2536 3088 2592; x_wconf 89' lang='lat' dir='ltr'>admissum</span> <span class='ocrx_word' id='word_1_519' title='bbox 3125 2535 3481 2592; x_wconf 90' lang='lat' dir='ltr'>criminosum</span> <span class='ocrx_word' id='word_1_520' title='bbox 3513 2541 3738 2605; x_wconf 86' lang='lat' dir='ltr'>reputa-</span> 
     </span>
    </p>
   </div>
   <div class='ocr_carea' id='block_1_70' title="bbox 2139 2622 3744 2699">
    <p class='ocr_par' dir='ltr' id='par_1_70' title="bbox 2139 2622 3744 2699">
     <span class='ocr_line' id='line_1_70' title="bbox 2139 2622 3744 2699; baseline -0.006 -14"><span class='ocrx_word' id='word_1_521' title='bbox 2139 2628 2287 2685; x_wconf 90' lang='lat' dir='ltr'>bitur</span> <span class='ocrx_word' id='word_1_522' title='bbox 2334 2626 2604 2695; x_wconf 85' lang='lat' dir='ltr'>Creatori,</span> <span class='ocrx_word' id='word_1_523' title='bbox 2652 2626 2748 2699; x_wconf 90' lang='lat' dir='ltr'>qui</span> <span class='ocrx_word' id='word_1_524' title='bbox 2806 2625 3205 2698; x_wconf 89' lang='lat' dir='ltr'>iniquissimam</span> <span class='ocrx_word' id='word_1_525' title='bbox 3257 2624 3531 2681; x_wconf 83' lang='lat' dir='ltr'>civitatem</span> <span class='ocrx_word' id='word_1_526' title='bbox 3572 2622 3744 2695; x_wconf 84' lang='lat' dir='ltr'>digne</span> 
     </span>
    </p>
   </div>
   <div class='ocr_carea' id='block_1_71' title="bbox 2142 2711 3741 2788">
    <p class='ocr_par' dir='ltr' id='par_1_71' title="bbox 2142 2711 3741 2788">
     <span class='ocr_line' id='line_1_71' title="bbox 2142 2711 3741 2788; baseline -0.005 -15"><span class='ocrx_word' id='word_1_527' title='bbox 2142 2716 2439 2788; x_wconf 87' lang='lat' dir='ltr'>meritoque</span> <span class='ocrx_word' id='word_1_528' title='bbox 2491 2717 2797 2773; x_wconf 88' lang='lat' dir='ltr'>decreverat</span> <span class='ocrx_word' id='word_1_529' title='bbox 2846 2715 3187 2771; x_wconf 81' lang='lat' dir='ltr'>abolendam.</span> <span class='ocrx_word' id='word_1_530' title='bbox 3238 2715 3349 2778; x_wconf 89' lang='lat' dir='ltr'>Ita,</span> <span class='ocrx_word' id='word_1_531' title='bbox 3398 2711 3542 2786; x_wconf 87' lang='lat' dir='ltr'>quod</span> <span class='ocrx_word' id='word_1_532' title='bbox 3580 2712 3741 2781; x_wconf 87' lang='lat' dir='ltr'>juste</span> 
     </span>
    </p>
   </div>
   <div class='ocr_carea' id='block_1_72' title="bbox 2142 2801 3744 2873">
    <p class='ocr_par' dir='ltr' id='par_1_72' title="bbox 2142 2801 3744 2873">
     <span class='ocr_line' id='line_1_72' title="bbox 2142 2801 3744 2873; baseline -0.004 -13"><span class='ocrx_word' id='word_1_533' title='bbox 2142 2804 2519 2872; x_wconf 78' lang='lat' dir='ltr'>destinaverat,</span> <span class='ocrx_word' id='word_1_534' title='bbox 2576 2819 2687 2861; x_wconf 90' lang='lat' dir='ltr'>non</span> <span class='ocrx_word' id='word_1_535' title='bbox 2717 2804 2855 2859; x_wconf 90' lang='lat' dir='ltr'>male</span> <span class='ocrx_word' id='word_1_536' title='bbox 2893 2803 3199 2873; x_wconf 88' lang='lat' dir='ltr'>destinans,</span> <span class='ocrx_word' id='word_1_537' title='bbox 3252 2818 3317 2858; x_wconf 78' lang='lat' dir='ltr'>ex</span> <span class='ocrx_word' id='word_1_538' title='bbox 3360 2801 3597 2870; x_wconf 89' lang='lat' dir='ltr'>justitia,</span> <span class='ocrx_word' id='word_1_539' title='bbox 3623 2814 3744 2854; x_wconf 89' lang='lat' dir='ltr'>non</span> 
     </span>
    </p>
   </div>
   <div class='ocr_carea' id='block_1_73' title="bbox 2141 2887 3747 2964">
    <p class='ocr_par' dir='ltr' id='par_1_73' title="bbox 2141 2887 3747 2964">
     <span class='ocr_line' id='line_1_73' title="bbox 2141 2887 3747 2964; baseline -0.005 -14"><span class='ocrx_word' id='word_1_540' title='bbox 2141 2910 2207 2950; x_wconf 83' lang='lat' dir='ltr'>ex</span> <span class='ocrx_word' id='word_1_541' title='bbox 2236 2893 2435 2949; x_wconf 85' lang='lat' dir='ltr'>malitia</span> <span class='ocrx_word' id='word_1_542' title='bbox 2480 2892 2803 2964; x_wconf 86' lang='lat' dir='ltr'>destinarat;</span> <span class='ocrx_word' id='word_1_543' title='bbox 2849 2892 2947 2949; x_wconf 90' lang='lat' dir='ltr'>sed</span> <span class='ocrx_word' id='word_1_544' title='bbox 2995 2906 3209 2963; x_wconf 75' lang='lat' dir='ltr'>poenam</span> <span class='ocrx_word' id='word_1_545' title='bbox 3259 2891 3430 2961; x_wconf 84' lang='lat' dir='ltr'>ipsam</span> <span class='ocrx_word' id='word_1_546' title='bbox 3483 2887 3747 2944; x_wconf 90' lang='lat' dir='ltr'>malitiam</span> 
     </span>
    </p>
   </div>
   <div class='ocr_carea' id='block_1_74' title="bbox 2143 2977 3743 3050">
    <p class='ocr_par' dir='ltr' id='par_1_74' title="bbox 2143 2977 3743 3050">
     <span class='ocr_line' id='line_1_74' title="bbox 2143 2977 3743 3050; baseline -0.005 -12"><span class='ocrx_word' id='word_1_547' title='bbox 2143 2982 2452 3049; x_wconf 89' lang='lat' dir='ltr'>nominavit,</span> <span class='ocrx_word' id='word_1_548' title='bbox 2498 2997 2565 3037; x_wconf 86' lang='lat' dir='ltr'>ex</span> <span class='ocrx_word' id='word_1_549' title='bbox 2610 2981 2752 3037; x_wconf 90' lang='lat' dir='ltr'>malo</span> <span class='ocrx_word' id='word_1_550' title='bbox 2806 2989 2860 3036; x_wconf 88' lang='lat' dir='ltr'>et</span> <span class='ocrx_word' id='word_1_551' title='bbox 2910 2980 3102 3035; x_wconf 90' lang='lat' dir='ltr'>merito</span> <span class='ocrx_word' id='word_1_552' title='bbox 3132 2980 3184 3017; x_wconf 77' lang='grc' dir='ltr'>ἰο</span> <span class='ocrx_word' id='word_1_553' title='bbox 3230 2978 3498 3050; x_wconf 87' lang='lat' dir='ltr'>passionis</span> <span class='ocrx_word' id='word_1_554' title='bbox 3543 2977 3743 3047; x_wconf 88' lang='lat' dir='ltr'>ipsius.</span> 
     </span>
    </p>
   </div>
   <div class='ocr_carea' id='block_1_75' title="bbox 2065 3066 3747 3159">
    <p class='ocr_par' dir='ltr' id='par_1_75' title="bbox 2065 3066 3747 3159">
     <span class='ocr_line' id='line_1_75' title="bbox 2065 3066 3747 3159; baseline -0.005 -32"><span class='ocrx_word' id='word_1_555' title='bbox 2065 3080 2108 3159; x_wconf 68' lang='grc' dir='ltr'><em>ε</em></span> <span class='ocrx_word' id='word_1_556' title='bbox 2136 3072 2300 3143; x_wconf 82' lang='lat' dir='ltr'>Ergo,</span> <span class='ocrx_word' id='word_1_557' title='bbox 2334 3070 2502 3142; x_wconf 87' lang='lat' dir='ltr'>dices,</span> <span class='ocrx_word' id='word_1_558' title='bbox 2535 3071 2583 3126; x_wconf 92' lang='lat' dir='ltr'>si</span> <span class='ocrx_word' id='word_1_559' title='bbox 2632 3069 2886 3125; x_wconf 89' lang='lat' dir='ltr'>malitiam</span> <span class='ocrx_word' id='word_1_560' title='bbox 2921 3066 3148 3139; x_wconf 83' lang='lat' dir='ltr'>justitiae</span> <span class='ocrx_word' id='word_1_561' title='bbox 3206 3066 3424 3122; x_wconf 90' lang='lat' dir='ltr'>nomine</span> <span class='ocrx_word' id='word_1_562' title='bbox 3470 3080 3705 3121; x_wconf 77' lang='lat' dir='ltr'>excusas</span> <span class='ocrx_word' id='word_1_563' title='bbox 3732 3107 3747 3127; x_wconf 90' lang='lat'>,</span> 
     </span>
    </p>
   </div>
   <div class='ocr_carea' id='block_1_76' title="bbox 2145 3154 3755 3231">
    <p class='ocr_par' dir='ltr' id='par_1_76' title="bbox 2145 3154 3755 3231">
     <span class='ocr_line' id='line_1_76' title="bbox 2145 3154 3755 3231; baseline -0.004 -16"><span class='ocrx_word' id='word_1_564' title='bbox 2145 3160 2269 3231; x_wconf 90' lang='lat' dir='ltr'>quia</span> <span class='ocrx_word' id='word_1_565' title='bbox 2318 3160 2462 3229; x_wconf 89' lang='lat' dir='ltr'>juste</span> <span class='ocrx_word' id='word_1_566' title='bbox 2537 3158 2762 3215; x_wconf 83' lang='lat' dir='ltr'>exitium</span> <span class='ocrx_word' id='word_1_567' title='bbox 2816 3157 3115 3212; x_wconf 89' lang='lat' dir='ltr'>destinarat</span> <span class='ocrx_word' id='word_1_568' title='bbox 3179 3156 3233 3210; x_wconf 91' lang='lat' dir='ltr'>in</span> <span class='ocrx_word' id='word_1_569' title='bbox 3299 3154 3597 3223; x_wconf 81' lang='lat' dir='ltr'>Ninivitas,</span> <span class='ocrx_word' id='word_1_570' title='bbox 3666 3154 3755 3209; x_wconf 84' lang='lat' dir='ltr'>sic</span> 
     </span>
    </p>
   </div>
   <div class='ocr_carea' id='block_1_77' title="bbox 2144 3244 3752 3319">
    <p class='ocr_par' dir='ltr' id='par_1_77' title="bbox 2144 3244 3752 3319">
     <span class='ocr_line' id='line_1_77' title="bbox 2144 3244 3752 3319; baseline -0.004 -16"><span class='ocrx_word' id='word_1_571' title='bbox 2144 3262 2361 3319; x_wconf 90' lang='lat' dir='ltr'>quoque</span> <span class='ocrx_word' id='word_1_572' title='bbox 2414 3246 2711 3319; x_wconf 89' lang='lat' dir='ltr'>culpandus</span> <span class='ocrx_word' id='word_1_573' title='bbox 2765 3253 2880 3313; x_wconf 91' lang='lat' dir='ltr'>est,</span> <span class='ocrx_word' id='word_1_574' title='bbox 2932 3246 3027 3318; x_wconf 90' lang='lat' dir='ltr'>qui</span> <span class='ocrx_word' id='word_1_575' title='bbox 3076 3244 3323 3315; x_wconf 69' lang='lat' dir='ltr'>justitize,</span> <span class='ocrx_word' id='word_1_576' title='bbox 3388 3244 3573 3316; x_wconf 79' lang='lat' dir='ltr'>utique</span> <span class='ocrx_word' id='word_1_577' title='bbox 3630 3257 3752 3298; x_wconf 90' lang='lat' dir='ltr'>non</span> 
     </span>
    </p>
   </div>
   <div class='ocr_carea' id='block_1_78' title="bbox 2147 3332 3752 3410">
    <p class='ocr_par' dir='ltr' id='par_1_78' title="bbox 2147 3332 3752 3410">
     <span class='ocr_line' id='line_1_78' title="bbox 2147 3332 3752 3410; baseline -0.004 -16"><span class='ocrx_word' id='word_1_578' title='bbox 2147 3336 2503 3410; x_wconf 64' lang='lat' dir='ltr'>paenitendae,</span> <span class='ocrx_word' id='word_1_579' title='bbox 2535 3336 2899 3408; x_wconf 89' lang='lat' dir='ltr'>paenitentiam</span> <span class='ocrx_word' id='word_1_580' title='bbox 2922 3336 3111 3408; x_wconf 78' lang='lat' dir='ltr'>gessit.</span> <span class='ocrx_word' id='word_1_581' title='bbox 3170 3337 3283 3390; x_wconf 89' lang='lat' dir='ltr'>lmo</span> <span class='ocrx_word' id='word_1_582' title='bbox 3339 3349 3436 3390; x_wconf 90' lang='lat' dir='ltr'>nec</span> <span class='ocrx_word' id='word_1_583' title='bbox 3493 3332 3752 3403; x_wconf 76' lang='lat' dir='ltr'>iustitiae,</span> 
     </span>
    </p>
   </div>
   <div class='ocr_carea' id='block_1_79' title="bbox 2148 3422 3750 3497">
    <p class='ocr_par' dir='ltr' id='par_1_79' title="bbox 2148 3422 3750 3497">
     <span class='ocr_line' id='line_1_79' title="bbox 2148 3422 3750 3497; baseline -0.005 -16"><span class='ocrx_word' id='word_1_584' title='bbox 2148 3426 2365 3497; x_wconf 90' lang='lat' dir='ltr'>inquam</span> <span class='ocrx_word' id='word_1_585' title='bbox 2394 3426 2463 3490; x_wconf 64' lang='grc'>41,</span> <span class='ocrx_word' id='word_1_586' title='bbox 2496 3424 2779 3496; x_wconf 87' lang='lat' dir='ltr'>paenitebit</span> <span class='ocrx_word' id='word_1_587' title='bbox 2823 3425 2996 3479; x_wconf 90' lang='lat' dir='ltr'>Deum</span> <span class='ocrx_word' id='word_1_588' title='bbox 3026 3465 3039 3488; x_wconf 96' lang='lat'>,</span> <span class='ocrx_word' id='word_1_589' title='bbox 3067 3432 3121 3479; x_wconf 91' lang='lat' dir='ltr'>et</span> <span class='ocrx_word' id='word_1_590' title='bbox 3149 3430 3394 3493; x_wconf 84' lang='lat' dir='ltr'>superest</span> <span class='ocrx_word' id='word_1_591' title='bbox 3418 3422 3531 3491; x_wconf 85' lang='lat' dir='ltr'>jam</span> <span class='ocrx_word' id='word_1_592' title='bbox 3562 3435 3750 3492; x_wconf 84' lang='lat' dir='ltr'>agno—</span> 
     </span>
    </p>
   </div>
   <div class='ocr_carea' id='block_1_80' title="bbox 2148 3509 3749 3585">
    <p class='ocr_par' dir='ltr' id='par_1_80' title="bbox 2148 3509 3749 3585">
     <span class='ocr_line' id='line_1_80' title="bbox 2148 3509 3749 3585; baseline -0.005 -15"><span class='ocrx_word' id='word_1_593' title='bbox 2148 3530 2301 3571; x_wconf 88' lang='lat' dir='ltr'>scere</span> <span class='ocrx_word' id='word_1_594' title='bbox 2370 3514 2497 3585; x_wconf 87' lang='lat' dir='ltr'>quid</span> <span class='ocrx_word' id='word_1_595' title='bbox 2567 3513 2637 3568; x_wconf 91' lang='lat' dir='ltr'>sit</span> <span class='ocrx_word' id='word_1_596' title='bbox 2695 3513 3009 3583; x_wconf 78' lang='lat' dir='ltr'>prenitentia</span> <span class='ocrx_word' id='word_1_597' title='bbox 3086 3511 3202 3566; x_wconf 87' lang='lat' dir='ltr'>Dei.</span> <span class='ocrx_word' id='word_1_598' title='bbox 3276 3512 3397 3567; x_wconf 87' lang='lat' dir='ltr'>Non</span> <span class='ocrx_word' id='word_1_599' title='bbox 3469 3510 3633 3575; x_wconf 88' lang='lat' dir='ltr'>enim,</span> <span class='ocrx_word' id='word_1_600' title='bbox 3700 3509 3749 3563; x_wconf 89' lang='lat' dir='ltr'>si</span> 
     </span>
    </p>
   </div>
   <div class='ocr_carea' id='block_1_81' title="bbox 2149 3599 3749 3672">
    <p class='ocr_par' dir='ltr' id='par_1_81' title="bbox 2149 3599 3749 3672">
     <span class='ocr_line' id='line_1_81' title="bbox 2149 3599 3749 3672; baseline -0.004 -14"><span class='ocrx_word' id='word_1_601' title='bbox 2149 3603 2422 3660; x_wconf 87' lang='lat' dir='ltr'>hominem</span> <span class='ocrx_word' id='word_1_602' title='bbox 2461 3618 2527 3657; x_wconf 81' lang='lat' dir='ltr'>ex</span> <span class='ocrx_word' id='word_1_603' title='bbox 2591 3601 2965 3659; x_wconf 89' lang='lat' dir='ltr'>recordatione</span> <span class='ocrx_word' id='word_1_604' title='bbox 3018 3601 3313 3672; x_wconf 87' lang='lat' dir='ltr'>plurimum</span> <span class='ocrx_word' id='word_1_605' title='bbox 3341 3600 3522 3656; x_wconf 89' lang='lat' dir='ltr'>delicti</span> <span class='ocrx_word' id='word_1_606' title='bbox 3580 3599 3749 3670; x_wconf 86' lang='lat'>(70),</span> 
     </span>
    </p>
   </div>
   <div class='ocr_carea' id='block_1_82' title="bbox 2150 3686 3759 3761">
    <p class='ocr_par' dir='ltr' id='par_1_82' title="bbox 2150 3686 3759 3761">
     <span class='ocr_line' id='line_1_82' title="bbox 2150 3686 3759 3761; baseline -0.004 -13"><span class='ocrx_word' id='word_1_607' title='bbox 2150 3692 2422 3748; x_wconf 82' lang='lat' dir='ltr'>interdum</span> <span class='ocrx_word' id='word_1_608' title='bbox 2491 3698 2546 3746; x_wconf 91' lang='lat' dir='ltr'>et</span> <span class='ocrx_word' id='word_1_609' title='bbox 2609 3705 2675 3745; x_wconf 82' lang='lat' dir='ltr'>ex</span> <span class='ocrx_word' id='word_1_610' title='bbox 2740 3689 2975 3759; x_wconf 88' lang='lat' dir='ltr'>alicujus</span> <span class='ocrx_word' id='word_1_611' title='bbox 3052 3688 3183 3746; x_wconf 89' lang='lat' dir='ltr'>boni</span> <span class='ocrx_word' id='word_1_612' title='bbox 3262 3688 3441 3761; x_wconf 89' lang='lat' dir='ltr'>operis</span> <span class='ocrx_word' id='word_1_613' title='bbox 3512 3686 3759 3760; x_wconf 84' lang='lat' dir='ltr'>ingratia</span> 
     </span>
    </p>
   </div>
   <div class='ocr_carea' id='block_1_83' title="bbox 2153 3775 3759 3851">
    <p class='ocr_par' dir='ltr' id='par_1_83' title="bbox 2153 3775 3759 3851">
     <span class='ocr_line' id='line_1_83' title="bbox 2153 3775 3759 3851; baseline -0.004 -16"><span class='ocrx_word' id='word_1_614' title='bbox 2153 3779 2397 3851; x_wconf 73' lang='lat' dir='ltr'>paenitet,</span> <span class='ocrx_word' id='word_1_615' title='bbox 2428 3778 2548 3835; x_wconf 90' lang='lat' dir='ltr'>ideo</span> <span class='ocrx_word' id='word_1_616' title='bbox 2595 3786 2647 3835; x_wconf 91' lang='lat' dir='ltr'>et</span> <span class='ocrx_word' id='word_1_617' title='bbox 2693 3780 2871 3835; x_wconf 90' lang='lat' dir='ltr'>Deum</span> <span class='ocrx_word' id='word_1_618' title='bbox 2917 3778 3168 3851; x_wconf 90' lang='lat' dir='ltr'>proinde.</span> <span class='ocrx_word' id='word_1_619' title='bbox 3202 3778 3263 3833; x_wconf 89' lang='lat' dir='ltr'>In</span> <span class='ocrx_word' id='word_1_620' title='bbox 3310 3783 3570 3848; x_wconf 90' lang='lat' dir='ltr'>quantum</span> <span class='ocrx_word' id='word_1_621' title='bbox 3600 3775 3759 3830; x_wconf 90' lang='lat' dir='ltr'>enim</span> 
     </span>
    </p>
   </div>
   <div class='ocr_carea' id='block_1_84' title="bbox 2152 3864 3761 3941">
    <p class='ocr_par' dir='ltr' id='par_1_84' title="bbox 2152 3864 3761 3941">
     <span class='ocr_line' id='line_1_84' title="bbox 2152 3864 3761 3941; baseline -0.004 -16"><span class='ocrx_word' id='word_1_622' title='bbox 2152 3870 2296 3925; x_wconf 90' lang='lat' dir='ltr'>Deus</span> <span class='ocrx_word' id='word_1_623' title='bbox 2334 3885 2434 3925; x_wconf 92' lang='lat' dir='ltr'>nec</span> <span class='ocrx_word' id='word_1_624' title='bbox 2477 3869 2683 3925; x_wconf 92' lang='lat' dir='ltr'>malum</span> <span class='ocrx_word' id='word_1_625' title='bbox 2729 3868 2998 3941; x_wconf 89' lang='lat' dir='ltr'>admittit,</span> <span class='ocrx_word' id='word_1_626' title='bbox 3040 3882 3143 3925; x_wconf 89' lang='lat' dir='ltr'>nec</span> <span class='ocrx_word' id='word_1_627' title='bbox 3185 3868 3390 3923; x_wconf 89' lang='lat' dir='ltr'>bonum</span> <span class='ocrx_word' id='word_1_628' title='bbox 3421 3866 3661 3931; x_wconf 88' lang='lat' dir='ltr'>damnat,</span> <span class='ocrx_word' id='word_1_629' title='bbox 3696 3864 3761 3919; x_wconf 91' lang='lat' dir='ltr'>in</span> 
     </span>
    </p>
   </div>
   <div class='ocr_carea' id='block_1_85' title="bbox 2153 3955 3759 4030">
    <p class='ocr_par' dir='ltr' id='par_1_85' title="bbox 2153 3955 3759 4030">
     <span class='ocr_line' id='line_1_85' title="bbox 2153 3955 3759 4030; baseline -0.002 -17"><span class='ocrx_word' id='word_1_630' title='bbox 2153 3966 2359 4026; x_wconf 74' lang='lat' dir='ltr'>tantum</span> <span class='ocrx_word' id='word_1_631' title='bbox 2415 3973 2517 4014; x_wconf 91' lang='lat' dir='ltr'>nec</span> <span class='ocrx_word' id='word_1_632' title='bbox 2573 3957 2901 4030; x_wconf 59' lang='lat' dir='ltr'>paenitentia</span> <span class='ocrx_word' id='word_1_633' title='bbox 2955 3958 3083 4014; x_wconf 92' lang='lat' dir='ltr'>boni</span> <span class='ocrx_word' id='word_1_634' title='bbox 3140 3965 3229 4014; x_wconf 90' lang='lat' dir='ltr'>aut</span> <span class='ocrx_word' id='word_1_635' title='bbox 3270 3956 3395 4013; x_wconf 92' lang='lat' dir='ltr'>mali</span> <span class='ocrx_word' id='word_1_636' title='bbox 3444 3955 3588 4028; x_wconf 89' lang='lat' dir='ltr'>apud</span> <span class='ocrx_word' id='word_1_637' title='bbox 3618 3970 3759 4012; x_wconf 89' lang='lat' dir='ltr'>eum</span> 
     </span>
    </p>
   </div>
   <div class='ocr_carea' id='block_1_86' title="bbox 2151 4045 3754 4121">
    <p class='ocr_par' dir='ltr' id='par_1_86' title="bbox 2151 4045 3754 4121">
     <span class='ocr_line' id='line_1_86' title="bbox 2151 4045 3754 4121; baseline -0.003 -17"><span class='ocrx_word' id='word_1_638' title='bbox 2151 4050 2304 4105; x_wconf 91' lang='lat' dir='ltr'>locus</span> <span class='ocrx_word' id='word_1_639' title='bbox 2334 4056 2435 4105; x_wconf 90' lang='lat' dir='ltr'>est.</span> <span class='ocrx_word' id='word_1_640' title='bbox 2466 4050 2603 4105; x_wconf 89' lang='lat' dir='ltr'>Nam</span> <span class='ocrx_word' id='word_1_641' title='bbox 2630 4056 2683 4105; x_wconf 90' lang='lat' dir='ltr'><strong>et</strong></span> <span class='ocrx_word' id='word_1_642' title='bbox 2722 4051 2824 4105; x_wconf 88' lang='lat' dir='ltr'>hoc</span> <span class='ocrx_word' id='word_1_643' title='bbox 2870 4048 2967 4105; x_wconf 88' lang='lat' dir='ltr'>tibi</span> <span class='ocrx_word' id='word_1_644' title='bbox 3015 4049 3202 4106; x_wconf 89' lang='lat' dir='ltr'>eadem</span> <span class='ocrx_word' id='word_1_645' title='bbox 3251 4048 3529 4121; x_wconf 86' lang='lat' dir='ltr'>Scriptura</span> <span class='ocrx_word' id='word_1_646' title='bbox 3561 4045 3754 4102; x_wconf 87' lang='lat' dir='ltr'>deter-</span> 
     </span>
    </p>
   </div>
   <div class='ocr_carea' id='block_1_87' title="bbox 2152 4132 3758 4210">
    <p class='ocr_par' dir='ltr' id='par_1_87' title="bbox 2152 4132 3758 4210">
     <span class='ocr_line' id='line_1_87' title="bbox 2152 4132 3758 4210; baseline -0.002 -15"><span class='ocrx_word' id='word_1_647' title='bbox 2152 4139 2335 4204; x_wconf 90' lang='lat' dir='ltr'>minat,</span> <span class='ocrx_word' id='word_1_648' title='bbox 2373 4137 2582 4195; x_wconf 90' lang='lat' dir='ltr'>dicente</span> <span class='ocrx_word' id='word_1_649' title='bbox 2610 4138 2862 4196; x_wconf 91' lang='lat' dir='ltr'>Samuele</span> <span class='ocrx_word' id='word_1_650' title='bbox 2888 4137 3035 4194; x_wconf 90' lang='lat' dir='ltr'>Sauli</span> <span class='ocrx_word' id='word_1_651' title='bbox 3073 4137 3127 4210; x_wconf 90' lang='grc'>(1</span> <span class='ocrx_word' id='word_1_652' title='bbox 3155 4140 3283 4210; x_wconf 85' lang='lat' dir='ltr'>Reg.</span> <span class='ocrx_word' id='word_1_653' title='bbox 3312 4152 3412 4202; x_wconf 81' lang='lat' dir='ltr'>xv,</span> <span class='ocrx_word' id='word_1_654' title='bbox 3447 4134 3541 4207; x_wconf 83' lang='lat'>28)</span> <span class='ocrx_word' id='word_1_655' title='bbox 3573 4153 3586 4192; x_wconf 89' lang='lat'>:</span> <span class='ocrx_word' id='word_1_656' title='bbox 3620 4132 3758 4192; x_wconf 86' lang='lat' dir='ltr'>Dis-</span> 
     </span>
    </p>
   </div>
   <div class='ocr_carea' id='block_1_88' title="bbox 2149 4224 3751 4301">
    <p class='ocr_par' dir='ltr' id='par_1_88' title="bbox 2149 4224 3751 4301">
     <span class='ocr_line' id='line_1_88' title="bbox 2149 4224 3751 4301; baseline -0.001 -18"><span class='ocrx_word' id='word_1_657' title='bbox 2149 4228 2286 4285; x_wconf 88' lang='lat' dir='ltr'>cidit</span> <span class='ocrx_word' id='word_1_658' title='bbox 2314 4230 2586 4285; x_wconf 84' lang='lat' dir='ltr'>Dominus</span> <span class='ocrx_word' id='word_1_659' title='bbox 2616 4244 2856 4301; x_wconf 84' lang='lat' dir='ltr'>regnum</span> <span class='ocrx_word' id='word_1_660' title='bbox 2893 4227 3070 4284; x_wconf 85' lang='lat' dir='ltr'>Israel</span> <span class='ocrx_word' id='word_1_661' title='bbox 3099 4226 3164 4284; x_wconf 89' lang='lat' dir='ltr'>de</span> <span class='ocrx_word' id='word_1_662' title='bbox 3200 4242 3382 4282; x_wconf 85' lang='lat' dir='ltr'>manu</span> <span class='ocrx_word' id='word_1_663' title='bbox 3416 4230 3518 4282; x_wconf 87' lang='lat' dir='ltr'>tua</span> <span class='ocrx_word' id='word_1_664' title='bbox 3545 4224 3751 4294; x_wconf 82' lang='lat' dir='ltr'>hodie,</span> 
     </span>
    </p>
   </div>
   <div class='ocr_carea' id='block_1_89' title="bbox 451 4315 3757 4399">
    <p class='ocr_par' dir='ltr' id='par_1_89' title="bbox 451 4315 3757 4399">
     <span class='ocr_line' id='line_1_89' title="bbox 451 4315 3757 4399; baseline -0.004 -13"><span class='ocrx_word' id='word_1_665' title='bbox 451 4328 812 4386; x_wconf 88' lang='lat' dir='ltr'>miserationis</span> <span class='ocrx_word' id='word_1_666' title='bbox 840 4341 1001 4399; x_wconf 90' lang='lat' dir='ltr'>super</span> <span class='ocrx_word' id='word_1_667' title='bbox 1028 4331 1389 4397; x_wconf 84' lang='lat' dir='ltr'>agnoscentes</span> <span class='ocrx_word' id='word_1_668' title='bbox 1436 4332 1489 4378; x_wconf 89' lang='lat' dir='ltr'>et</span> <span class='ocrx_word' id='word_1_669' title='bbox 1528 4320 1917 4394; x_wconf 78' lang='lat' dir='ltr'>deplangentes</span> <span class='ocrx_word' id='word_1_670' title='bbox 1946 4319 2039 4375; x_wconf 80' lang='lat' dir='ltr'>de~</span> <span class='ocrx_word' id='word_1_671' title='bbox 2079 4315 2124 4393; x_wconf 77' lang='grc' dir='ltr'><strong>Β</strong></span> <span class='ocrx_word' id='word_1_672' title='bbox 2156 4323 2211 4374; x_wconf 89' lang='lat' dir='ltr'>et</span> <span class='ocrx_word' id='word_1_673' title='bbox 2239 4317 2391 4374; x_wconf 86' lang='lat' dir='ltr'>dabit</span> <span class='ocrx_word' id='word_1_674' title='bbox 2436 4318 2586 4375; x_wconf 85' lang='lat' dir='ltr'>illud</span> <span class='ocrx_word' id='word_1_675' title='bbox 2624 4318 2885 4392; x_wconf 72' lang='lat' dir='ltr'>proximo</span> <span class='ocrx_word' id='word_1_676' title='bbox 2935 4320 3053 4387; x_wconf 86' lang='lat' dir='ltr'>tuo,</span> <span class='ocrx_word' id='word_1_677' title='bbox 3104 4318 3319 4390; x_wconf 84' lang='lat' dir='ltr'>optimo</span> <span class='ocrx_word' id='word_1_678' title='bbox 3361 4331 3535 4388; x_wconf 83' lang='lat' dir='ltr'>super</span> <span class='ocrx_word' id='word_1_679' title='bbox 3567 4319 3666 4382; x_wconf 89' lang='lat' dir='ltr'>te;</span> <span class='ocrx_word' id='word_1_680' title='bbox 3696 4320 3757 4372; x_wconf 84' lang='lat' dir='ltr'>et</span> 
     </span>
    </p>
   </div>
   <div class='ocr_carea' id='block_1_90' title="bbox 452 4406 2042 4489">
    <p class='ocr_par' dir='ltr' id='par_1_90' title="bbox 452 4406 2042 4489">
     <span class='ocr_line' id='line_1_90' title="bbox 452 4406 2042 4489; baseline -0.007 -15"><span class='ocrx_word' id='word_1_681' title='bbox 452 4419 578 4476; x_wconf 89' lang='lat' dir='ltr'>licta</span> <span class='ocrx_word' id='word_1_682' title='bbox 604 4433 702 4474; x_wconf 86' lang='lat' dir='ltr'>sua</span> <span class='ocrx_word' id='word_1_683' title='bbox 725 4460 739 4489; x_wconf 90' lang='lat'>,</span> <span class='ocrx_word' id='word_1_684' title='bbox 770 4416 958 4488; x_wconf 87' lang='lat' dir='ltr'>quales</span> <span class='ocrx_word' id='word_1_685' title='bbox 988 4420 1118 4468; x_wconf 89' lang='lat' dir='ltr'>tunc</span> <span class='ocrx_word' id='word_1_686' title='bbox 1159 4409 1431 4468; x_wconf 80' lang='lat' dir='ltr'>Ninivitae.</span> <span class='ocrx_word' id='word_1_687' title='bbox 1499 4409 1556 4465; x_wconf 91' lang='lat' dir='ltr'>Si</span> <span class='ocrx_word' id='word_1_688' title='bbox 1603 4408 1744 4464; x_wconf 91' lang='lat' dir='ltr'>enim</span> <span class='ocrx_word' id='word_1_689' title='bbox 1803 4406 2042 4478; x_wconf 90' lang='lat' dir='ltr'>optimus</span> 
     </span>
    </p>
   </div>
   <div class='ocr_carea' id='block_1_91' title="bbox 452 4499 2035 4585">
    <p class='ocr_par' dir='ltr' id='par_1_91' title="bbox 452 4499 2035 4585">
     <span class='ocr_line' id='line_1_91' title="bbox 452 4499 2035 4585; baseline -0.01 -17"><span class='ocrx_word' id='word_1_690' title='bbox 452 4509 548 4585; x_wconf 91' lang='lat' dir='ltr'>qui</span> <span class='ocrx_word' id='word_1_691' title='bbox 567 4506 707 4579; x_wconf 86' lang='lat' dir='ltr'>talis,</span> <span class='ocrx_word' id='word_1_692' title='bbox 738 4507 806 4563; x_wconf 92' lang='lat' dir='ltr'>de</span> <span class='ocrx_word' id='word_1_693' title='bbox 836 4505 940 4562; x_wconf 91' lang='lat' dir='ltr'>isto</span> <span class='ocrx_word' id='word_1_694' title='bbox 969 4503 1119 4576; x_wconf 89' lang='lat' dir='ltr'>prius</span> <span class='ocrx_word' id='word_1_695' title='bbox 1145 4501 1379 4559; x_wconf 90' lang='lat' dir='ltr'>cessisse</span> <span class='ocrx_word' id='word_1_696' title='bbox 1407 4499 1765 4571; x_wconf 88' lang='lat' dir='ltr'>debebis,non</span> <span class='ocrx_word' id='word_1_697' title='bbox 1807 4512 2035 4570; x_wconf 88' lang='lat' dir='ltr'>compe-</span> 
     </span>
    </p>
   </div>
   <div class='ocr_carea' id='block_1_92' title="bbox 2149 4406 3754 4478">
    <p class='ocr_par' dir='ltr' id='par_1_92' title="bbox 2149 4406 3754 4478">
     <span class='ocr_line' id='line_1_92' title="bbox 2149 4406 3754 4478; baseline -0.004 -15"><span class='ocrx_word' id='word_1_698' title='bbox 2149 4407 2439 4464; x_wconf 87' lang='lat' dir='ltr'>scindetur</span> <span class='ocrx_word' id='word_1_699' title='bbox 2460 4406 2636 4463; x_wconf 82' lang='lat' dir='ltr'>Israel</span> <span class='ocrx_word' id='word_1_700' title='bbox 2655 4409 2719 4463; x_wconf 87' lang='lat' dir='ltr'>in</span> <span class='ocrx_word' id='word_1_701' title='bbox 2747 4406 2887 4462; x_wconf 86' lang='lat' dir='ltr'>duas</span> <span class='ocrx_word' id='word_1_702' title='bbox 2906 4408 3119 4478; x_wconf 84' lang='lat' dir='ltr'>partes,</span> <span class='ocrx_word' id='word_1_703' title='bbox 3142 4409 3199 4462; x_wconf 89' lang='lat' dir='ltr'>et</span> <span class='ocrx_word' id='word_1_704' title='bbox 3215 4419 3334 4462; x_wconf 87' lang='lat' dir='ltr'>non</span> <span class='ocrx_word' id='word_1_705' title='bbox 3362 4407 3754 4469; x_wconf 82' lang='lat' dir='ltr'>convertetur,</span> 
     </span>
    </p>
   </div>
   <div class='ocr_carea' id='block_1_93' title="bbox 2149 4491 3755 4571">
    <p class='ocr_par' dir='ltr' id='par_1_93' title="bbox 2149 4491 3755 4571">
     <span class='ocr_line' id='line_1_93' title="bbox 2149 4491 3755 4571; baseline -0.003 -19"><span class='ocrx_word' id='word_1_706' title='bbox 2149 4511 2326 4571; x_wconf 85' lang='lat' dir='ltr'>neque</span> <span class='ocrx_word' id='word_1_707' title='bbox 2370 4497 2771 4569; x_wconf 68' lang='lat' dir='ltr'>paenitentiam</span> <span class='ocrx_word' id='word_1_708' title='bbox 2799 4498 2946 4566; x_wconf 86' lang='lat' dir='ltr'>aget,</span> <span class='ocrx_word' id='word_1_709' title='bbox 2979 4496 3114 4567; x_wconf 84' lang='lat' dir='ltr'>quia</span> <span class='ocrx_word' id='word_1_710' title='bbox 3142 4510 3260 4552; x_wconf 93' lang='lat' dir='ltr'>non</span> <span class='ocrx_word' id='word_1_711' title='bbox 3290 4494 3441 4552; x_wconf 85' lang='lat' dir='ltr'>sicut</span> <span class='ocrx_word' id='word_1_712' title='bbox 3470 4491 3634 4551; x_wconf 83' lang='lat' dir='ltr'>homo</span> <span class='ocrx_word' id='word_1_713' title='bbox 3666 4496 3755 4550; x_wconf 86' lang='lat' dir='ltr'>est</span> 
     </span>
    </p>
   </div>
   <div class='ocr_carea' id='block_1_94' title="bbox 1828 4623 2372 4688">
    <p class='ocr_par' dir='ltr' id='par_1_94' title="bbox 1828 4623 2372 4688">
     <span class='ocr_line' id='line_1_94' title="bbox 1828 4623 2372 4688; baseline 0 -3"><span class='ocrx_word' id='word_1_714' title='bbox 1828 4623 2019 4688; x_wconf 85' lang='lat' dir='ltr'>Variae</span> <span class='ocrx_word' id='word_1_715' title='bbox 2057 4626 2372 4687; x_wconf 88' lang='lat' dir='ltr'>lectiones.</span> 
     </span>
    </p>
   </div>
   <div class='ocr_carea' id='block_1_95' title="bbox 521 4741 3750 4836">
    <p class='ocr_par' dir='ltr' id='par_1_95' title="bbox 521 4741 3750 4836">
     <span class='ocr_line' id='line_1_95' title="bbox 521 4741 3750 4836; baseline 0 0"><span class='ocrx_word' id='word_1_716' title='bbox 521 4762 579 4836; x_wconf 62' lang='grc' dir='ltr'><strong><em>η</em></strong></span> <span class='ocrx_word' id='word_1_717' title='bbox 598 4758 837 4836; x_wconf 61' lang='lat' dir='ltr'>mereris</span> <span class='ocrx_word' id='word_1_718' title='bbox 880 4753 1130 4836; x_wconf 61' lang='grc' dir='ltr'>δεηξιπξθ</span> <span class='ocrx_word' id='word_1_719' title='bbox 1158 4750 1372 4836; x_wconf 59' lang='lat' dir='ltr'>litigare</span> <span class='ocrx_word' id='word_1_720' title='bbox 1404 4751 1571 4832; x_wconf 67' lang='grc' dir='ltr'>βεπιιο</span> <span class='ocrx_word' id='word_1_721' title='bbox 1683 4750 1907 4836; x_wconf 38' lang='lat' dir='ltr'>aemuler.</span> <span class='ocrx_word' id='word_1_722' title='bbox 1931 4748 2125 4836; x_wconf 56' lang='lat' dir='ltr'>amita</span> <span class='ocrx_word' id='word_1_723' title='bbox 2144 4745 2405 4836; x_wconf 48' lang='lat' dir='ltr'>Sera???</span> <span class='ocrx_word' id='word_1_724' title='bbox 2432 4743 2854 4836; x_wconf 53' lang='lat' dir='ltr'>erasae--31.</span> <span class='ocrx_word' id='word_1_725' title='bbox 2883 4741 3750 4836; x_wconf 60' lang='lat' dir='ltr'>Daum.3zrtf’_-9.°¥e§rr£-</span> 
     </span>
    </p>
   </div>
   <div class='ocr_carea' id='block_1_96' title="bbox 450 4812 3758 4890">
    <p class='ocr_par' dir='ltr' id='par_1_96' title="bbox 450 4812 3758 4890">
     <span class='ocr_line' id='line_1_96' title="bbox 450 4812 3758 4890; baseline -0.007 -1"><span class='ocrx_word' id='word_1_726' title='bbox 450 4837 500 4877; x_wconf 84' lang='lat'><strong>33</strong></span> <span class='ocrx_word' id='word_1_727' title='bbox 526 4812 781 4890; x_wconf 51' lang='lat' dir='ltr'>mﬁiﬁ’é</span> <span class='ocrx_word' id='word_1_728' title='bbox 798 4812 930 4886; x_wconf 34' lang='lat' dir='ltr'>‘Lat.</span> <span class='ocrx_word' id='word_1_729' title='bbox 963 4827 1012 4866; x_wconf 57' lang='lat'>3‘</span> <span class='ocrx_word' id='word_1_730' title='bbox 1040 4812 1521 4880; x_wconf 57' lang='lat' dir='ltr'>Abundantissimaa</span> <span class='ocrx_word' id='word_1_731' title='bbox 1550 4822 1675 4878; x_wconf 86' lang='lat' dir='ltr'>alii.</span> <span class='ocrx_word' id='word_1_732' title='bbox 1708 4821 1757 4860; x_wconf 82' lang='grc'>³⁵</span> <span class='ocrx_word' id='word_1_733' title='bbox 1790 4812 1852 4876; x_wconf 80' lang='lat' dir='ltr'>Et</span> <span class='ocrx_word' id='word_1_734' title='bbox 1880 4822 2054 4877; x_wconf 88' lang='lat' dir='ltr'>inser.</span> <span class='ocrx_word' id='word_1_735' title='bbox 2089 4818 2423 4890; x_wconf 82' lang='lat' dir='ltr'>Seml_._.lun.</span> <span class='ocrx_word' id='word_1_736' title='bbox 2455 4816 2505 4854; x_wconf 73' lang='lat'>35</span> <span class='ocrx_word' id='word_1_737' title='bbox 2520 4812 2696 4872; x_wconf 82' lang='lat' dir='ltr'>Etiam</span> <span class='ocrx_word' id='word_1_738' title='bbox 2727 4817 2855 4890; x_wconf 88' lang='lat' dir='ltr'>negl</span> <span class='ocrx_word' id='word_1_739' title='bbox 2878 4816 3104 4890; x_wconf 86' lang='lat' dir='ltr'>._Seml.</span> <span class='ocrx_word' id='word_1_740' title='bbox 3134 4813 3181 4890; x_wconf 56' lang='lat'>37</span> <span class='ocrx_word' id='word_1_741' title='bbox 3212 4815 3591 4890; x_wconf 57' lang='lat' dir='ltr'>Ponuntolipt</span> <span class='ocrx_word' id='word_1_742' title='bbox 3614 4812 3758 4884; x_wconf 81' lang='lat' dir='ltr'>lege-</span> 
     </span>
    </p>
   </div>
   <div class='ocr_carea' id='block_1_97' title="bbox 448 4884 3758 4965">
    <p class='ocr_par' dir='ltr' id='par_1_97' title="bbox 448 4884 3758 4965">
     <span class='ocr_line' id='line_1_97' title="bbox 448 4884 3758 4965; baseline -0.008 0"><span class='ocrx_word' id='word_1_743' title='bbox 448 4884 842 4965; x_wconf 39' lang='lat' dir='ltr'>bat—ur.“va</span> <span class='ocrx_word' id='word_1_744' title='bbox 868 4884 1118 4956; x_wconf 83' lang='lat' dir='ltr'>delictum</span> <span class='ocrx_word' id='word_1_745' title='bbox 1145 4895 1319 4953; x_wconf 86' lang='lat' dir='ltr'>Rhen.</span> <span class='ocrx_word' id='word_1_746' title='bbox 1350 4893 1543 4949; x_wconf 90' lang='lat' dir='ltr'>delitus</span> <span class='ocrx_word' id='word_1_747' title='bbox 1572 4893 1755 4950; x_wconf 85' lang='lat' dir='ltr'>Paris.</span> <span class='ocrx_word' id='word_1_748' title='bbox 1786 4891 1968 4951; x_wconf 91' lang='lat' dir='ltr'>deletu</span> <span class='ocrx_word' id='word_1_749' title='bbox 1994 4891 2120 4948; x_wconf 89' lang='lat' dir='ltr'>alii.</span> <span class='ocrx_word' id='word_1_750' title='bbox 2153 4888 2201 4927; x_wconf 81' lang='lat'>39</span> <span class='ocrx_word' id='word_1_751' title='bbox 2230 4888 2327 4944; x_wconf 83' lang='lat' dir='ltr'>Hic</span> <span class='ocrx_word' id='word_1_752' title='bbox 2364 4890 2552 4949; x_wconf 84' lang='lat' dir='ltr'>inser.</span> <span class='ocrx_word' id='word_1_753' title='bbox 2607 4888 2774 4946; x_wconf 88' lang='lat' dir='ltr'>Seml.</span> <span class='ocrx_word' id='word_1_754' title='bbox 2800 4884 2860 4927; x_wconf 61' lang='lat'>&quot;0</span> <span class='ocrx_word' id='word_1_755' title='bbox 2888 4887 2953 4943; x_wconf 84' lang='lat' dir='ltr'>Et</span> <span class='ocrx_word' id='word_1_756' title='bbox 2979 4888 3182 4945; x_wconf 87' lang='lat' dir='ltr'>inserit</span> <span class='ocrx_word' id='word_1_757' title='bbox 3224 4885 3394 4943; x_wconf 88' lang='lat' dir='ltr'>Seml.</span> <span class='ocrx_word' id='word_1_758' title='bbox 3426 4885 3472 4923; x_wconf 70' lang='grc' dir='ltr'><strong>ἠ</strong></span> <span class='ocrx_word' id='word_1_759' title='bbox 3506 4884 3758 4957; x_wconf 88' lang='lat' dir='ltr'>Unquam</span> 
     </span>
    </p>
   </div>
   <div class='ocr_carea' id='block_1_98' title="bbox 453 4978 627 5036">
    <p class='ocr_par' dir='ltr' id='par_1_98' title="bbox 453 4978 627 5036">
     <span class='ocr_line' id='line_1_98' title="bbox 453 4978 627 5036; baseline -0.034 0"><span class='ocrx_word' id='word_1_760' title='bbox 453 4978 627 5036; x_wconf 83' lang='lat' dir='ltr'>Rhen.</span> 
     </span>
    </p>
   </div>
   <div class='ocr_carea' id='block_1_99' title="bbox 1853 5060 2352 5126">
    <p class='ocr_par' dir='ltr' id='par_1_99' title="bbox 1853 5060 2352 5126">
     <span class='ocr_line' id='line_1_99' title="bbox 1853 5060 2352 5126; baseline -0.006 -1"><span class='ocrx_word' id='word_1_761' title='bbox 1853 5060 2352 5126; x_wconf 87' lang='lat' dir='ltr'>Commentarius.</span> 
     </span>
    </p>
   </div>
   <div class='ocr_carea' id='block_1_100' title="bbox 520 5169 2048 5266">
    <p class='ocr_par' dir='ltr' id='par_1_100' title="bbox 520 5169 2048 5266">
     <span class='ocr_line' id='line_1_100' title="bbox 520 5169 2048 5266; baseline -0.004 5"><span class='ocrx_word' id='word_1_762' title='bbox 520 5182 640 5266; x_wconf 74' lang='lat'>(67&gt;</span> <span class='ocrx_word' id='word_1_763' title='bbox 669 5183 1005 5266; x_wconf 54' lang='grc' dir='ltr'>ζηυξνοιιξιε</span> <span class='ocrx_word' id='word_1_764' title='bbox 1029 5169 2048 5266; x_wconf 52' lang='lat' dir='ltr'>dispararetﬂf’fffh.“$3299”</span> 
     </span>
    </p>
   </div>
   <div class='ocr_carea' id='block_1_101' title="bbox 446 5241 1977 5322">
    <p class='ocr_par' dir='ltr' id='par_1_101' title="bbox 446 5241 1977 5322">
     <span class='ocr_line' id='line_1_101' title="bbox 446 5241 1977 5322; baseline -0.014 -8"><span class='ocrx_word' id='word_1_765' title='bbox 446 5257 498 5315; x_wconf 85' lang='lat' dir='ltr'><strong>ei</strong></span> <span class='ocrx_word' id='word_1_766' title='bbox 524 5241 539 5256; x_wconf 60' lang='grc'><em>“</em></span> <span class='ocrx_word' id='word_1_767' title='bbox 599 5241 783 5322; x_wconf 83' lang='lat' dir='ltr'>tisﬁet,</span> <span class='ocrx_word' id='word_1_768' title='bbox 812 5253 867 5308; x_wconf 91' lang='lat' dir='ltr'>in</span> <span class='ocrx_word' id='word_1_769' title='bbox 895 5241 1131 5322; x_wconf 76' lang='lat' dir='ltr'>utroque</span> <span class='ocrx_word' id='word_1_770' title='bbox 1153 5241 1456 5303; x_wconf 66' lang='lat' dir='ltr'>mercedem</span> <span class='ocrx_word' id='word_1_771' title='bbox 1468 5243 1741 5322; x_wconf 33' lang='lat' dir='ltr'>‘accipiet.</span> <span class='ocrx_word' id='word_1_772' title='bbox 1791 5241 1977 5322; x_wconf 58' lang='lat' dir='ltr'>Briau,</span> 
     </span>
    </p>
   </div>
   <div class='ocr_carea' id='block_1_102' title="bbox 518 5311 2057 5399">
    <p class='ocr_par' dir='ltr' id='par_1_102' title="bbox 518 5311 2057 5399">
     <span class='ocr_line' id='line_1_102' title="bbox 518 5311 2057 5399; baseline -0.015 -13"><span class='ocrx_word' id='word_1_773' title='bbox 518 5328 639 5399; x_wconf 87' lang='lat'>(68)</span> <span class='ocrx_word' id='word_1_774' title='bbox 671 5311 848 5399; x_wconf 53' lang='lat' dir='ltr'>Sic&#39;et</span> <span class='ocrx_word' id='word_1_775' title='bbox 867 5311 1289 5399; x_wconf 65' lang='lat' dir='ltr'>paenitentiam,</span> <span class='ocrx_word' id='word_1_776' title='bbox 1321 5323 1430 5397; x_wconf 56' lang='lat' dir='ltr'>etc.</span> <span class='ocrx_word' id='word_1_777' title='bbox 1466 5311 1849 5399; x_wconf 75' lang='lat' dir='ltr'>Supplevimus</span> <span class='ocrx_word' id='word_1_778' title='bbox 1871 5311 2057 5393; x_wconf 75' lang='lat' dir='ltr'>dictio-</span> 
     </span>
    </p>
   </div>
   <div class='ocr_carea' id='block_1_103' title="bbox 447 5382 2053 5473">
    <p class='ocr_par' dir='ltr' id='par_1_103' title="bbox 447 5382 2053 5473">
     <span class='ocr_line' id='line_1_103' title="bbox 447 5382 2053 5473; baseline -0.014 -15"><span class='ocrx_word' id='word_1_779' title='bbox 447 5382 576 5458; x_wconf 72' lang='lat' dir='ltr'>nem</span> <span class='ocrx_word' id='word_1_780' title='bbox 590 5382 723 5473; x_wconf 44' lang='lat' dir='ltr'>qui</span> <span class='ocrx_word' id='word_1_781' title='bbox 738 5382 1170 5473; x_wconf 19' lang='lat' dir='ltr'>Vdeet&#39;fatmagno</span> <span class='ocrx_word' id='word_1_782' title='bbox 1198 5382 1390 5473; x_wconf 85' lang='lat' dir='ltr'>sensus</span> <span class='ocrx_word' id='word_1_783' title='bbox 1417 5382 1780 5473; x_wconf 57' lang='lat' dir='ltr'>incommodo,</span> <span class='ocrx_word' id='word_1_784' title='bbox 1839 5382 2053 5473; x_wconf 59' lang='lat' dir='ltr'>scripsi-</span> 
     </span>
    </p>
   </div>
   <div class='ocr_carea' id='block_1_104' title="bbox 449 5455 2043 5545">
    <p class='ocr_par' dir='ltr' id='par_1_104' title="bbox 449 5455 2043 5545">
     <span class='ocr_line' id='line_1_104' title="bbox 449 5455 2043 5545; baseline -0.014 -16"><span class='ocrx_word' id='word_1_785' title='bbox 449 5455 698 5545; x_wconf 62' lang='grc' dir='ltr'>ὲὶιίὶέειίιε,</span> <span class='ocrx_word' id='word_1_786' title='bbox 731 5468 887 5543; x_wconf 83' lang='lat' dir='ltr'>apud</span> <span class='ocrx_word' id='word_1_787' title='bbox 900 5455 1201 5545; x_wconf 45' lang='lat' dir='ltr'>illum&quot;,ch</span> <span class='ocrx_word' id='word_1_788' title='bbox 1230 5469 1337 5545; x_wconf 78' lang='lat' dir='ltr'>est,</span> <span class='ocrx_word' id='word_1_789' title='bbox 1371 5458 1514 5528; x_wconf 86' lang='lat' dir='ltr'>apud</span> <span class='ocrx_word' id='word_1_790' title='bbox 1544 5455 1871 5545; x_wconf 71' lang='lat' dir='ltr'>creatorem.</span> <span class='ocrx_word' id='word_1_791' title='bbox 1895 5455 2043 5545; x_wconf 42' lang='lat' dir='ltr'>in.”</span> 
     </span>
    </p>
   </div>
   <div class='ocr_carea' id='block_1_105' title="bbox 519 5527 2047 5615">
    <p class='ocr_par' dir='ltr' id='par_1_105' title="bbox 519 5527 2047 5615">
     <span class='ocr_line' id='line_1_105' title="bbox 519 5527 2047 5615; baseline -0.012 -15"><span class='ocrx_word' id='word_1_792' title='bbox 519 5527 632 5615; x_wconf 61' lang='lat'>(65)</span> <span class='ocrx_word' id='word_1_793' title='bbox 660 5527 809 5599; x_wconf 53' lang='lat' dir='ltr'>Ecce</span> <span class='ocrx_word' id='word_1_794' title='bbox 864 5554 975 5615; x_wconf 72' lang='lat' dir='ltr'>ego</span> <span class='ocrx_word' id='word_1_795' title='bbox 997 5527 1196 5615; x_wconf 72' lang='lat' dir='ltr'>emitto</span> <span class='ocrx_word' id='word_1_796' title='bbox 1228 5534 1295 5615; x_wconf 63' lang='lat' dir='ltr'>in</span> <span class='ocrx_word' id='word_1_797' title='bbox 1326 5527 1342 5614; x_wconf 43' lang='grc'>⁷.</span> <span class='ocrx_word' id='word_1_798' title='bbox 1356 5527 1449 5615; x_wconf 80' lang='lat' dir='ltr'>vos</span> <span class='ocrx_word' id='word_1_799' title='bbox 1480 5529 1696 5615; x_wconf 39' lang='lat' dir='ltr'>.mala&quot;,</span> <span class='ocrx_word' id='word_1_800' title='bbox 1741 5537 1847 5615; x_wconf 74' lang='lat' dir='ltr'>etc.</span> <span class='ocrx_word' id='word_1_801' title='bbox 1874 5527 2047 5615; x_wconf 3' lang='lat' dir='ltr'>gratuiti</span> 
     </span>
    </p>
   </div>
   <div class='ocr_carea' id='block_1_106' title="bbox 449 5600 2038 5686">
    <p class='ocr_par' dir='ltr' id='par_1_106' title="bbox 449 5600 2038 5686">
     <span class='ocr_line' id='line_1_106' title="bbox 449 5600 2038 5686; baseline -0.01 -14"><span class='ocrx_word' id='word_1_802' title='bbox 449 5600 575 5672; x_wconf 79' lang='lat' dir='ltr'>sunt</span> <span class='ocrx_word' id='word_1_803' title='bbox 603 5600 933 5686; x_wconf 77' lang='lat' dir='ltr'>éjuscemodi</span> <span class='ocrx_word' id='word_1_804' title='bbox 962 5605 1066 5666; x_wconf 87' lang='lat' dir='ltr'>loci</span> <span class='ocrx_word' id='word_1_805' title='bbox 1111 5604 1166 5661; x_wconf 91' lang='lat' dir='ltr'>in</span> <span class='ocrx_word' id='word_1_806' title='bbox 1226 5600 1543 5675; x_wconf 89' lang='lat' dir='ltr'>Scripturis,</span> <span class='ocrx_word' id='word_1_807' title='bbox 1575 5600 1773 5673; x_wconf 90' lang='lat' dir='ltr'>quibus</span> <span class='ocrx_word' id='word_1_808' title='bbox 1810 5600 2038 5671; x_wconf 83' lang='lat' dir='ltr'>legitur:</span> 
     </span>
    </p>
   </div>
   <div class='ocr_carea' id='block_1_107' title="bbox 2160 5158 3763 5239">
    <p class='ocr_par' dir='ltr' id='par_1_107' title="bbox 2160 5158 3763 5239">
     <span class='ocr_line' id='line_1_107' title="bbox 2160 5158 3763 5239; baseline -0.004 -17"><span class='ocrx_word' id='word_1_809' title='bbox 2160 5166 2430 5224; x_wconf 87' lang='lat' dir='ltr'>Inducam</span> <span class='ocrx_word' id='word_1_810' title='bbox 2458 5180 2626 5239; x_wconf 82' lang='lat' dir='ltr'>super</span> <span class='ocrx_word' id='word_1_811' title='bbox 2644 5182 2768 5239; x_wconf 15' lang='lat' dir='ltr'>pros</span> <span class='ocrx_word' id='word_1_812' title='bbox 2812 5167 3201 5239; x_wconf 70' lang='lat' dir='ltr'>malum,_seu</span> <span class='ocrx_word' id='word_1_813' title='bbox 3247 5162 3426 5239; x_wconf 77' lang='lat' dir='ltr'>mala,</span> <span class='ocrx_word' id='word_1_814' title='bbox 3456 5175 3657 5239; x_wconf 74' lang='lat' dir='ltr'>nempe</span> <span class='ocrx_word' id='word_1_815' title='bbox 3683 5158 3763 5215; x_wconf 92' lang='grc' dir='ltr'>ιιι</span> 
     </span>
    </p>
   </div>
   <div class='ocr_carea' id='block_1_108' title="bbox 2163 5234 3683 5310">
    <p class='ocr_par' dir='ltr' id='par_1_108' title="bbox 2163 5234 3683 5310">
     <span class='ocr_line' id='line_1_108' title="bbox 2163 5234 3683 5310; baseline -0.005 -16"><span class='ocrx_word' id='word_1_816' title='bbox 2163 5239 2300 5310; x_wconf 78' lang='lat' dir='ltr'>Reg.</span> <span class='ocrx_word' id='word_1_817' title='bbox 2334 5255 2407 5304; x_wconf 77' lang='grc' dir='ltr'>ιχ,</span> <span class='ocrx_word' id='word_1_818' title='bbox 2440 5240 2472 5293; x_wconf 78' lang='grc'>4</span> <span class='ocrx_word' id='word_1_819' title='bbox 2496 5234 2612 5307; x_wconf 77' lang='grc'><strong>;”111</strong></span> <span class='ocrx_word' id='word_1_820' title='bbox 2643 5237 2778 5310; x_wconf 82' lang='lat' dir='ltr'>Reg.</span> <span class='ocrx_word' id='word_1_821' title='bbox 2813 5254 2873 5304; x_wconf 86' lang='lat' dir='ltr'>ll,</span> <span class='ocrx_word' id='word_1_822' title='bbox 2898 5241 2961 5292; x_wconf 82' lang='lat' dir='ltr'>2t</span> <span class='ocrx_word' id='word_1_823' title='bbox 2990 5258 3009 5305; x_wconf 82' lang='lat'>,-</span> <span class='ocrx_word' id='word_1_824' title='bbox 3040 5236 3088 5290; x_wconf 87' lang='lat' dir='ltr'>Il</span> <span class='ocrx_word' id='word_1_825' title='bbox 3128 5235 3357 5310; x_wconf 81' lang='lat' dir='ltr'>Paralip.</span> <span class='ocrx_word' id='word_1_826' title='bbox 3399 5248 3509 5310; x_wconf 57' lang='lat' dir='ltr'>vir.</span> <span class='ocrx_word' id='word_1_827' title='bbox 3534 5234 3683 5310; x_wconf 59' lang='lat' dir='ltr'>Pan.</span> 
     </span>
    </p>
   </div>
   <div class='ocr_carea' id='block_1_109' title="bbox 2262 5303 3760 5381">
    <p class='ocr_par' dir='ltr' id='par_1_109' title="bbox 2262 5303 3760 5381">
     <span class='ocr_line' id='line_1_109' title="bbox 2262 5303 3760 5381; baseline -0.005 -16"><span class='ocrx_word' id='word_1_828' title='bbox 2262 5303 2351 5380; x_wconf 60' lang='lat'>’70)</span> <span class='ocrx_word' id='word_1_829' title='bbox 2374 5303 2457 5367; x_wconf 76' lang='lat' dir='ltr'>Ea:</span> <span class='ocrx_word' id='word_1_830' title='bbox 2476 5303 2862 5369; x_wconf 64' lang='lat' dir='ltr'>recordatione</span> <span class='ocrx_word' id='word_1_831' title='bbox 2882 5303 3198 5381; x_wconf 80' lang='lat' dir='ltr'>plurimum</span> <span class='ocrx_word' id='word_1_832' title='bbox 3217 5303 3432 5381; x_wconf 79' lang='lat' dir='ltr'>delicti.</span> <span class='ocrx_word' id='word_1_833' title='bbox 3454 5303 3760 5381; x_wconf 61' lang='lat' dir='ltr'>Plurimum</span> 
     </span>
    </p>
   </div>
   <div class='ocr_carea' id='block_1_110' title="bbox 2160 5376 3763 5453">
    <p class='ocr_par' dir='ltr' id='par_1_110' title="bbox 2160 5376 3763 5453">
     <span class='ocr_line' id='line_1_110' title="bbox 2160 5376 3763 5453; baseline -0.004 -17"><span class='ocrx_word' id='word_1_834' title='bbox 2160 5376 2559 5447; x_wconf 82' lang='lat' dir='ltr'>adverbialiter,</span> <span class='ocrx_word' id='word_1_835' title='bbox 2592 5396 2692 5450; x_wconf 89' lang='lat' dir='ltr'>pro</span> <span class='ocrx_word' id='word_1_836' title='bbox 2720 5389 2783 5438; x_wconf 88' lang='lat' dir='ltr'>ut</span> <span class='ocrx_word' id='word_1_837' title='bbox 2807 5376 3149 5453; x_wconf 79' lang='lat' dir='ltr'>plurimum.</span> <span class='ocrx_word' id='word_1_838' title='bbox 3167 5378 3466 5453; x_wconf 70' lang='lat' dir='ltr'>_Terentius</span> <span class='ocrx_word' id='word_1_839' title='bbox 3504 5378 3560 5432; x_wconf 93' lang='lat' dir='ltr'>in</span> <span class='ocrx_word' id='word_1_840' title='bbox 3588 5376 3763 5431; x_wconf 83' lang='lat' dir='ltr'>Phor-</span> 
     </span>
    </p>
   </div>
   <div class='ocr_carea' id='block_1_111' title="bbox 2158 5448 3751 5525">
    <p class='ocr_par' dir='ltr' id='par_1_111' title="bbox 2158 5448 3751 5525">
     <span class='ocr_line' id='line_1_111' title="bbox 2158 5448 3751 5525; baseline -0.006 -17"><span class='ocrx_word' id='word_1_841' title='bbox 2158 5453 2341 5525; x_wconf 87' lang='lat' dir='ltr'>mione</span> <span class='ocrx_word' id='word_1_842' title='bbox 2374 5475 2385 5511; x_wconf 89' lang='lat'><strong>:</strong></span> <span class='ocrx_word' id='word_1_843' title='bbox 2427 5476 2449 5504; x_wconf 75' lang='grc' dir='ltr'>ι</span> <span class='ocrx_word' id='word_1_844' title='bbox 2480 5448 2712 5509; x_wconf 85' lang='lat' dir='ltr'>Domum</span> <span class='ocrx_word' id='word_1_845' title='bbox 2742 5448 2823 5507; x_wconf 80' lang='lat' dir='ltr'>ire</span> <span class='ocrx_word' id='word_1_846' title='bbox 2851 5468 3099 5525; x_wconf 76' lang='lat' dir='ltr'>pergam,</span> <span class='ocrx_word' id='word_1_847' title='bbox 3130 5451 3223 5505; x_wconf 91' lang='lat' dir='ltr'>ubi</span> <span class='ocrx_word' id='word_1_848' title='bbox 3254 5448 3553 5525; x_wconf 83' lang='lat' dir='ltr'>plurimum</span> <span class='ocrx_word' id='word_1_849' title='bbox 3586 5455 3688 5525; x_wconf 85' lang='lat' dir='ltr'>est.</span> <span class='ocrx_word' id='word_1_850' title='bbox 3728 5466 3751 5494; x_wconf 74' lang='grc' dir='ltr'>ι</span> 
     </span>
    </p>
   </div>
   <div class='ocr_carea' id='block_1_112' title="bbox 2156 5520 3759 5595">
    <p class='ocr_par' dir='ltr' id='par_1_112' title="bbox 2156 5520 3759 5595">
     <span class='ocr_line' id='line_1_112' title="bbox 2156 5520 3759 5595; baseline -0.006 -15"><span class='ocrx_word' id='word_1_851' title='bbox 2156 5524 2246 5580; x_wconf 92' lang='lat' dir='ltr'>Sic</span> <span class='ocrx_word' id='word_1_852' title='bbox 2276 5526 2435 5582; x_wconf 89' lang='lat' dir='ltr'>etiam</span> <span class='ocrx_word' id='word_1_853' title='bbox 2465 5527 2659 5581; x_wconf 88' lang='lat' dir='ltr'>Noster</span> <span class='ocrx_word' id='word_1_854' title='bbox 2687 5520 3090 5595; x_wconf 62' lang='lat' dir='ltr'>supra&#39;loc&#39;utus</span> <span class='ocrx_word' id='word_1_855' title='bbox 3116 5530 3219 5579; x_wconf 91' lang='lat' dir='ltr'>est.</span> <span class='ocrx_word' id='word_1_856' title='bbox 3248 5520 3415 5579; x_wconf 79' lang='lat' dir='ltr'>Latini</span> <span class='ocrx_word' id='word_1_857' title='bbox 3445 5520 3759 5577; x_wconf 82' lang='lat' dir='ltr'>minimum.</span> 
     </span>
    </p>
   </div>
   <div class='ocr_carea' id='block_1_113' title="bbox 2155 5595 3140 5666">
    <p class='ocr_par' dir='ltr' id='par_1_113' title="bbox 2155 5595 3140 5666">
     <span class='ocr_line' id='line_1_113' title="bbox 2155 5595 3140 5666; baseline -0.002 -15"><span class='ocrx_word' id='word_1_858' title='bbox 2155 5596 2257 5655; x_wconf 86' lang='lat' dir='ltr'>hoc</span> <span class='ocrx_word' id='word_1_859' title='bbox 2285 5598 2418 5654; x_wconf 90' lang='lat' dir='ltr'>item</span> <span class='ocrx_word' id='word_1_860' title='bbox 2446 5596 2608 5654; x_wconf 90' lang='lat' dir='ltr'>modo</span> <span class='ocrx_word' id='word_1_861' title='bbox 2638 5601 2916 5666; x_wconf 86' lang='lat' dir='ltr'>usurpant.</span> <span class='ocrx_word' id='word_1_862' title='bbox 2958 5595 3140 5651; x_wconf 68' lang='lat' dir='ltr'>Rues.</span> 
     </span>
    </p>
   </div>
  </div>
