4032 6152
284 306 386 366 341

1496 305 1618 376 LIB.
1664 306 1712 365 ll
1752 307 1911 367 ADV.
1953 310 2360 372 MARCIONEM.

3482 314 3589 376 342

278 435 354 492 ad
400 435 816 508 pcenitendum.
866 434 992 490 Haec
1038 432 1218 504 itaque
1256 431 1495 528 definitio
1544 432 1603 488 in
1646 434 1896 490 omnibus
1924 450 1971 528 Α
2005 436 2314 503 hominem,
2378 435 2431 491 in
2493 432 2656 493 causa
2720 446 2811 492 aut
2861 437 3162 512 negationis
3215 443 3311 495 aut
3361 439 3587 498 confes-

278 524 436 579 aliam
502 522 733 579 formam
821 520 1015 577 divinae
1074 519 1403 592 poenitentiae
1470 520 1694 592 statuit,

276 627 450 682 neque
502 627 573 666 ex
618 609 1068 682 improvidentia,
1124 625 1298 681 neque
1345 624 1414 666 ex
1450 609 1559 664 ulla
1608 609 1737 666 boni
1802 621 1895 668 aut

275 699 398 756 mali
446 699 630 771 Operis
682 699 1031 754 damnatione
1085 706 1392 769 reputatur,
1455 699 1592 754 sicut
1632 701 1887 756 humana.

273 787 410 857 Quis
440 802 575 860 ergo
602 788 701 841 erit
729 801 851 842 mos
886 785 1221 857 poenitentiae
1251 786 1483 842 divinae?
1519 787 1637 841 Jam
1668 788 1890 855 relucet,

274 878 315 932 si
342 894 458 933 non
503 877 573 931 ad
623 878 883 932 humanas
927 875 1262 932 conditiones
1304 892 1427 932 eam
1486 877 1712 935 referas.
1744 880 1892 935 Nihil

272 967 415 1023 enim
470 963 619 1020 aliud
672 963 1040 1038 intelligetur,
1100 980 1263 1036 quam
1311 964 1543 1037 simplex
1606 968 1893 1024 conversio

273 1054 555 1112 sententia:
612 1053 837 1124 prioris,
889 1069 1013 1124 qum
1067 1053 1233 1108 etiam
1290 1052 1407 1108 sine
1470 1055 1891 1125 reprehensione

270 1149 386 1213 ejus
416 1144 595 1216 possit
620 1141 852 1211 admitti,
896 1143 1057 1199 etiam
1097 1143 1151 1197 in
1195 1142 1431 1212 homine,
1470 1142 1645 1201 3I4
1693 1146 1889 1202 nedum

269 1236 321 1292 in
351 1236 493 1300 Deo,
526 1232 685 1311 cujus
720 1231 899 1288 omnis
938 1231 1206 1287 sententia
1243 1240 1393 1288 caret
1435 1232 1616 1305 culpa.
1656 1234 1793 1289 Nam
1841 1248 1895 1293 et

268 1327 319 1382 in
391 1323 594 1380 Graeco
641 1336 776 1377 sono
830 1323 945 1392 (7i)
1001 1320 1333 1392 paenitentiae
1397 1338 1597 1378 nomen
1656 1338 1765 1379 non
1827 1339 1889 1379 ex

270 1411 453 1470 delicti
479 1411 847 1481 confessione,
903 1409 1001 1467 sed
1038 1426 1106 1467 ex
1146 1409 1309 1466 animi
1347 1411 1707 1468 demutatione
1747 1428 1895 1470 com~

272 1504 505 1575 positum
539 1503 589 1540 *2
617 1509 721 1566 est,
752 1515 912 1571 quam
942 1501 1084 1572 apud
1112 1500 1287 1557 Deum
1316 1517 1417 1573 pro
1456 1518 1637 1559 rerum
1676 1503 1891 1560 varian-

269 1592 399 1649 tium
431 1604 560 1647 sese
589 1604 827 1647 occursu
856 1588 970 1645 fieri
998 1588 1048 1626 4³
1098 1588 1464 1646 ostendimus.

844 1728 1071 1786 CAPUT
1109 1729 1292 1787 XXV.

347 1857 458 1910 tam
510 1869 660 1911 nunc
725 1861 786 1908 ut
842 1852 1021 1909 omnia
1088 1851 1359 1921 ejusmodi
1434 1852 1742 1923 expediam,
1814 1853 1884 1909 ad

283 1954 500 1999 caeteras
534 1942 888 2014 pusillitates,
919 1952 974 1998 et
1022 1940 1384 2009 infirmitates,
1424 1950 1478 1998 et
1514 1941 1884 2014 incongruen-

279 2034 376 2088 tias
414 2032 498 2102 (ut
540 2031 767 2103 putatis)
819 2031 1253 2101 interpretandas
1292 2031 1708 2104 purgandasque
1755 2049 1885 2103 per-

270 2122 499 2177 tendam.
549 2121 811 2177 Inclamat
855 2121 1003 2177 Deus
1039 2118 1204 2189 (Gen.
1237 2122 1363 2191 ut):
1399 2122 1595 2187 Adam,
1649 2123 1743 2177 ubt
1791 2125 1885 2181 es?

264 2211 474 2267 scilicet
523 2212 791 2282 ignorans
860 2211 951 2266 ubi
998 2211 1179 2265 esset?
1225 2218 1277 2264 et
1340 2219 1564 2267 causato
1629 2212 1886 2269 nuditatis

260 2301 494 2374 pudere,
538 2317 613 2356 an
655 2299 725 2354 de
764 2300 959 2356 arbore
1007 2309 1286 2372 gustasset
1321 2299 1639 2375 interrogat,
1682 2302 1884 2359 scilicet

261 2391 544 2448 incertus?
599 2390 716 2446 Imo
762 2405 864 2445 nec
916 2388 1157 2446 incertus
1202 2389 1442 2459 admissi,
1498 2405 1599 2447 nec
1628 2390 1883 2464 ignorans

262 2480 386 2537 loci.
425 2479 742 2535 Enimvero
793 2479 1082 2549 oportebat
1117 2478 1448 2535 conscientia
1485 2481 1694 2550 peccati
1741 2480 1883 2536 deli-

261 2578 589 2635 tescentem,
657 2575 943 2624 evocatum
1017 2567 1234 2637 prodire
1283 2568 1333 2605 ἰδ
1403 2568 1460 2622 in
1534 2576 1881 2639 conspectum

261 2660 502 2725 Domini,
559 2672 669 2714 non
728 2657 846 2713 sola
890 2657 1127 2713 nominis
1164 2657 1566 2727 inclamatione,
1622 2658 1720 2715 sed
1758 2673 1881 2714 cum

258 2750 442 2822 aliqua
484 2749 605 2817 jam
663 2753 791 2802 tunc
835 2744 1063 2801 admissi
1110 2746 1515 2821 suggillatione.
1576 2748 1687 2803 Nec
1736 2747 1882 2803 enim

258 2836 497 2910 simplici
518 2835 705 2901 modo,
738 2834 794 2889 id
830 2842 915 2890 est
942 2834 1363 2909 interrogatorio
1394 2850 1551 2901 sono,
1590 2835 1882 2910 legendum

261 2935 371 2992 est,
410 2926 620 2994 Adam,
661 2923 757 2980 ubi
794 2940 849 2981 es
887 2923 974 2980 45?
1015 2924 1111 2980 sed
1147 2923 1416 2994 impresso
1455 2932 1510 2980 et
1546 2923 1786 2990 incusso,
1829 2940 1883 2997 et

270 3014 614 3086 imputativo,
644 3012 850 3081 Adam,
888 3013 987 3069 ubi
1011 3017 1102 3069 es?
1141 3013 1193 3068 id
1226 3019 1327 3077 est,
1358 3012 1415 3066 in
1460 3012 1764 3083 perditione
1787 3028 1876 3081 es;

1774 539 1895 594 quae

2002 527 2171 585 sionis
2198 528 2245 565 51
2275 528 2427 583 daret
2464 526 2515 582 ei
2552 526 2731 583 locum
2759 533 2953 597 sponte
2988 526 3276 584 conﬁtendi
3313 526 3586 597 delictum,

2001 624 2055 674 et
2098 618 2204 673 hoc
2250 617 2465 673 nomine
2511 616 2784 673 relevandi
2829 617 2900 683 ⁵2,
2929 615 3068 672 sicut
3114 618 3183 673 de
3230 618 3363 674 Cain
3399 617 3590 675 scisci-

2000 712 2160 775 tatur,
2212 707 2431 763 ubinam
2478 704 2643 763 frater
2687 707 2835 776 ejus;
2870 706 3027 777 quasi
3081 720 3189 761 non
3235 707 3346 777 jam
3390 706 3590 765 vocife-

1999 801 2172 849 ratum
2218 811 2249 849 a
2298 803 2440 849 terra
2487 795 2811 867 sanguinem
2858 793 3045 850 Abelis
3091 793 3373 851 audisset:
3406 797 3505 853 sed
3532 804 3594 853 ut

2001 892 2052 938 ct
2099 883 2191 938 ille
2231 884 2451 939 haberet
2497 890 2820 953 potestatem
2850 898 2916 939 ex
2964 881 3155 938 eadem
3185 882 3394 940 arbitrii
3440 892 3593 955 pote-

2000 979 2136 1028 state
2162 981 2354 1043 sponte
2376 972 2612 1047 negandi
2629 971 2826 1039 delicti,
2848 981 2900 1028 et
2928 973 3033 1028 hoc
3051 972 3279 1029 nomine
3298 973 3589 1046 gravandi;

2003 1068 2166 1130 atque
2193 1060 2267 1118 ita
2294 1061 2452 1117 nobis
2490 1060 2847 1117 conderentur
2874 1061 3123 1132 exempla
3159 1060 3591 1119 confitendorum

2001 1149 2180 1221 potius
2244 1150 2564 1206 delictorum
2620 1166 2784 1221 quam
2840 1149 3216 1223 negandorum
3284 1167 3297 1205 :
3358 1156 3417 1205 ut
3480 1152 3591 1221 jam

1998 1244 2126 1293 tunc
2154 1236 2458 1294 initiaretur
2478 1236 2787 1309 evangelica
2806 1236 3051 1293 doctrina
3082 1237 3327 1307 (Matth.,
3349 1253 3453 1306 xu,
3476 1238 3590 1308 37):

2000 1328 2087 1382 Ea:
2116 1342 2209 1383 ore
2242 1329 2337 1382 tuo
2358 1325 2771 1395 justiﬁcaberis
2802 1325 2871 1394 ⁵³,
2909 1330 2966 1382 et
2995 1343 3068 1383 ex
3097 1344 3191 1383 ore
3226 1332 3324 1383 tuo
3351 1328 3591 1384 damna-

1998 1415 2140 1471 berz's
2170 1414 2238 1467 ⁵³.
2269 1410 2442 1469 315
2471 1412 2609 1467 Nam
2639 1412 2740 1467 etsi
2770 1412 2942 1468 Adam
2978 1422 3201 1484 pr0pter
3227 1422 3421 1469 statum
3454 1415 3590 1487 legis

2003 1500 2220 1557 deditus
2266 1500 2427 1555 morti
2467 1510 2568 1567 est,
2602 1500 2699 1557 sed
2763 1517 2890 1573 spes
2934 1501 2985 1556 ei
3032 1501 3179 1559 salva
3224 1509 3325 1570 est,
3376 1501 3589 1558 dicente

2001 1589 2253 1645 Domino~
2292 1590 2451 1658 (Gen.
2503 1605 2596 1654 ιιι,
2639 1591 2727 1661 22)
2778 1611 2798 1647 :
2844 1592 2984 1648 Ecce
3038 1590 3218 1647 Adam
3262 1592 3453 1661 factus
3504 1595 3590 1649 est

2000 1685 2276 1753 tanquam
2304 1695 2452 1734 unus
2481 1694 2553 1736 ea:
2573 1678 2761 1737 nobis:
2783 1679 2848 1734 de
2877 1679 3052 1734 futura
3080 1679 3281 1736 scilicet
3308 1679 3589 1737 allectione

1994 1766 2226 1823 hominis
2282 1767 2339 1822 in
2389 1765 2750 1822 divinitatem.
2807 1767 3072 1838 Denique,
3125 1768 3254 1839 quid
3300 1767 3585 1841 sequitur?

1991 1856 2069 1912 Et
2098 1871 2255 1911 nunc
2282 1871 2356 1911 ne
2384 1854 2608 1928 quando
2638 1855 2907 1911 extendat
2935 1872 3191 1922 manum,
3214 1861 3270 1911 et
3302 1863 3494 1914 sumat
3520 1857 3587 1914 de

1997 1944 2144 2016 tigno
2181 1947 2333 2010 vitae,
2374 1948 2429 2000 et
2456 1945 2605 2002 vivat
2636 1945 2697 1999 in
2737 1952 2937 2000 (eoum.
2968 1944 3323 2012 Interponens
3353 1945 3498 1999 enim
3528 1950 3585 2003 et

1992 2050 2168 2099 nunc,
2216 2033 2495 2105 praesentis
2545 2033 2804 2105 temporis
2846 2033 3091 2101 verbum,
3132 2034 3485 2105 temporalem
3531 2041 3585 2090 et

1990 2122 2058 2176 ad
2114 2138 2361 2194 praesens
2415 2120 2727 2177 dilationem
2791 2121 2912 2177 vitm
2960 2122 3152 2178 fecisse
3207 2136 3267 2176 se
3321 2121 3581 2181 ostendit.

1990 2211 2226 2281 Ideoque
2273 2225 2375 2265 nee
2406 2209 2682 2265 maledixit
2720 2210 2899 2280 ipsum
2930 2210 3121 2275 Adam,
3163 2225 3263 2266 nec
3304 2209 3492 2274 Evam,
3526 2216 3584 2266 ut

1991 2298 2345 2353 restitutionis
2370 2299 2419 2336 ⁵⁵
2449 2297 2764 2369 candidatos
2794 2298 2929 2370 (’72),
2961 2307 3019 2354 ut
3057 2297 3397 2355 confessione
3437 2298 3582 2355 rele-

1990 2394 2164 2445 vatos.
2198 2386 2330 2459 Cain
2359 2368 2486 2445 vero
2515 2396 2568 2444 et
2613 2388 2662 2426 ⁵6
2693 2368 2984 2454 maledixit,
3015 2396 3067 2444 et
3115 2386 3370 2460 cupidum
3409 2395 3584 2460 morte

1990 2476 2140 2532 luere
2193 2456 2448 2534 delictum
2518 2476 2657 2533 mori
2711 2476 2926 2532 interim
2990 2456 3205 2543 vetuit,
3263 2484 3323 2532 ut
3386 2456 3584 2549 praeter

1989 2566 2304 2637 admissum,
2339 2566 2501 2623 etiam
2548 2567 2855 2640 negationis
2899 2568 3019 2638 ejus
3049 2568 3095 2606 57
3125 2572 3426 2625 oneratum.
3457 2567 3585 2623 Haec

1990 2654 2093 2712 erit
2118 2656 2424 2729 ignorantia
2465 2655 2563 2711 Dei
2593 2656 2787 2723 nostri,
2817 2672 2938 2727 quae
2967 2656 3086 2711 ideo
3126 2655 3483 2722 simulabitur,
3516 2672 3585 2714 ne

1988 2745 2306 2819 delinquens
2331 2747 2516 2812 homo,
2549 2746 2682 2819 quid
2708 2745 2812 2801 sibi
2843 2747 3111 2819 agendum
3141 2745 3233 2811 sit,
3268 2746 3483 2818 ignoret
3509 2748 3580 2801 ⁵8.

1990 2834 2099 2890 Sed
2145 2835 2213 2889 ad
2270 2834 2562 2890 Sodomam
2633 2842 2689 2890 et
2750 2834 3106 2892 Gomorrham
3163 2834 3502 2890 descendens
3561 2853 3576 2889 :

2000 2924 2205 2990 Videbo,
2236 2924 2310 2980 ait
2337 2924 2502 2994 (Gen.
2542 2941 2695 2991 xvm,
2730 2924 2836 2996 2t),
2860 2927 2909 2981 si
2934 2924 3246 2981 secundum
3274 2925 3582 2981 clamorem

1988 3016 2407 3085 pervenientem
2434 3014 2506 3070 ad
2523 3029 2610 3069 me
2630 3017 3022 3071 consumment
3042 3014 3111 3081 59,
3135 3015 3186 3070 si
3205 3029 3332 3071 vero
3354 3028 3490 3084 non,
3512 3017 3581 3069 ut

277 3073 491 3169 id.est,
526 3104 634 3172 iam
679 3102 769 3159 hic
814 3116 923 3158 non
969 3117 1061 3170 es;
1119 3109 1179 3156 ut
1224 3109 1277 3157 et
1333 3101 1382 3139 εδδ
1434 3073 1748 3173 increpandi
1826 3112 1879 3158 et
1912 3073 1955 3151 θ
1984 3073 2300 3172 agnoscam.
2330 3102 2398 3157 Et
2443 3100 2552 3166 hic,
2583 3100 2846 3165 videlicet,
2889 3116 2956 3155 ex
3000 3100 3305 3173 ignorantia
3341 3073 3579 3158 incertus

276 3189 503 3245 dolendi
544 3189 718 3245 exitus
764 3204 867 3247 vox
908 3187 998 3243 sit.
1033 3188 1320 3251 Caeterum,
1351 3187 1440 3258 qui
1480 3194 1651 3243 totum
1692 3189 1878 3245 orbem

265 3277 687 3350 comprehendit
742 3293 907 3333 manu
970 3277 1118 3335 velut
1189 3275 1399 3342 nidum,
1466 3277 1624 3346 cujus
1678 3277 1878 3333 coelum

263 3369 516 3433 thronus,
558 3379 613 3423 et
649 3376 794 3422 terra
834 3366 1152 3435 scabellum,
1193 3365 1445 3421 nimirum
1491 3366 1656 3435 hujus
1692 3367 1878 3423 oculos

262 3457 453 3528 aliqua
518 3455 759 3527 paradisi
815 3454 990 3526 portio
1054 3463 1320 3522 evaserat,
1389 3470 1497 3524 quo
1555 3454 1735 3511 minus
1796 3455 1877 3511 illi

264 3545 585 3617 ubicunque
622 3544 800 3599 Adam
846 3546 968 3598 ante
1015 3544 1385 3600 evocationem
1430 3542 1717 3611 viseretur,
1768 3553 1874 3599 tam

263 3635 462 3701 latens,
512 3649 682 3706 quam
717 3634 787 3688 de
830 3631 1114 3690 interdicta
1172 3632 1328 3706 fruge
1375 3633 1635 3689 sumens?
1679 3633 1876 3702 Specu-

263 3725 500 3780 latorem
548 3722 723 3778 vineae
777 3719 860 3777 vel
897 3720 1041 3777 horti
1098 3720 1172 3777 tui
1218 3720 1379 3792 lupus
1419 3727 1514 3776 aut
1560 3719 1875 3777 furunculus

265 3829 377 3871 non
412 3814 573 3870 latet.
604 3811 781 3867 Deum
820 3819 952 3882 puto
988 3809 1057 3866 de
1087 3809 1490 3866 sublimioribus
1526 3808 1874 3866 oculatiorem

265 3902 467 3977 aliquid
518 3901 751 3970 subjecti
797 3897 1068 3969 praeterire
1121 3900 1231 3953 non
1289 3912 1472 3970 posse.
1534 3896 1731 3966 Stulte,
1780 3896 1875 3968 qui

270 4001 477 4048 tantum
517 3996 904 4062 argumentum
949 3988 1148 4044 divinae
1189 3986 1506 4056 majestatis,
1536 3993 1590 4041 et
1626 3986 1875 4042 humanae

1989 3195 2044 3243 et
2101 3187 2240 3244 scire
2297 3187 2570 3257 cupidus?
2624 3203 2692 3241 an
2749 3186 2836 3243 hic
2897 3201 3064 3242 sonus
3119 3188 3576 3258 pronuntiationis

1986 3277 2346 3341 necessarius,
2396 3291 2504 3332 non
2559 3275 2938 3342 dubitativum,
2990 3275 3086 3330 sed
3132 3275 3576 3335 comminativum

1986 3366 2295 3439 exprimens
2371 3380 2591 3420 sensum
2674 3363 2776 3421 sub
2842 3364 3223 3421 sciscitationis
3304 3365 3578 3421 obtentu?

1983 3455 2139 3524 Quod
2205 3454 2248 3511 si
2303 3455 2618 3509 descensum
2680 3468 2895 3526 quoque
2969 3452 3067 3508 Dei
3130 3451 3356 3523 irrides,
3424 3454 3573 3524 quasi

1983 3536 2137 3599 aliter
2166 3557 2274 3598 non
2314 3542 2549 3613 potuerit
2581 3541 2838 3610 perficere
2870 3540 3163 3613 judicium,
3201 3541 3305 3597 nisi
3342 3542 3574 3598 descen-

1983 3633 2167 3698 disset,
2199 3630 2321 3690 vide
2367 3646 2434 3686 ne
2479 3637 2631 3686 tuum
2680 3646 2835 3703 aeque
2880 3631 3049 3686 Deum
3092 3631 3293 3701 pulses.
3347 3631 3494 3686 Nam
3519 3641 3575 3689 et

1981 3721 2075 3778 ille
2100 3719 2398 3787 descendit,
2432 3728 2493 3775 ut
2521 3718 2667 3792 quod
2697 3719 2871 3786 vellet,
2912 3717 3178 3776 efﬁceret.

2527 3861 2752 3919 CAPUT
2818 3859 3019 3918 XXVI.

2053 3984 2161 4041 Sed
2211 3989 2267 4040 et
2306 3985 2453 4053 jurat
2504 3986 2667 4040 Deus.
2726 3985 3001 4057 Numquid
3051 3984 3188 4043 forte
3237 4002 3334 4059 per
3398 3987 3574 4044 Deum

269 4078 670 4144 instructionis,
711 4093 843 4135 naso
877 4078 1021 4151 agis.
1060 4075 1425 4149 interrogabat
1461 4076 1508 4113 ‘7
1543 4076 1687 4131 Deus
1714 4074 1871 4148 quasi
1908 4108 1952 4184 Β
1980 4071 2305 4129 Marcionis?
2335 4072 2468 4142 Imo,
2514 4072 2706 4145 inquit,
2736 4073 2885 4144 quod
2934 4074 3103 4129 multo
3150 4066 3342 4132 vanius
3378 4076 3448 4141 6°,
3479 4094 3576 4147 per

272 4169 286 4180 ο
427 4178 437 4184 .
620 4175 630 4184 .
677 4167 724 4184 ιο
763 4175 799 4184 Δ.
842 4166 961 4184 19d,
1008 4166 1054 4184 an
1094 4162 1248 4184 IBL-_E
1287 4162 1486 4184 -..ιιι-εξ
1530 4164 1762 4184 Δ...ι.....
1823 4165 1872 4184 (Π
1983 4159 2328 4184 --_..-st......._.
2387 4158 2524 4184 nul.)
2568 4161 2730 4184 ---II-_
2758 4162 2800 4184 ΩΙ
2854 4160 3048 4184 ι’.-Α-Αι
3080 4163 3129 4184 ιν)
3185 4163 3223 4184 -2
3260 4163 3391 4184 -12---
3426 4165 3568 4184 n_r__

272 4169 536 4236 incertus,
577 4175 638 4223 ut
674 4167 725 4206 48
753 4175 807 4223 et
842 4166 970 4223 hinc
1005 4166 1054 4205 ⁸9
1092 4162 1253 4221 liberi
1284 4162 1490 4218 arbitrii
1528 4164 1766 4236 probans
1823 4165 1872 4201 ⁵ο

1983 4159 2351 4232 semetipsum.
2386 4158 2528 4228 Quid
2568 4161 2733 4218 velles
2758 4162 2803 4200 δι
2854 4160 3053 4219 faceret
3080 4163 3150 4231 62,
3182 4163 3227 4218 si
3258 4163 3395 4219 alius
3424 4165 3573 4220 Deus

1647 4307 1841 4367 Variae
1894 4307 2201 4367 lectiones.

350 4446 397 4484 ⁸2
429 4444 943 4516 Comparatumatii
992 4444 1049 4516 53,
1070 4444 1206 4516 Regi
1245 4447 1429 4502 Venet.
1470 4443 1590 4516 Βία.
1623 4440 1701 4516 rei
1730 4440 2408 4516 σοιίηριξίὴιιε.οιῑθιιιέξιιιίιζ
2435 4435 2784 4516 ostendimus
2801 4436 3014 4516 Ιζιιγηοιἶ
3048 4442 3218 4516 Rigalt:
3248 4440 3301 4516 't':
3329 4440 3575 4516 Prodere

280 4520 397 4589 ltig.
441 4508 632 4573 Venet.
664 4517 713 4553 ’⁸⁵
731 4515 834 4570 Ubi
864 4532 944 4582 es,
979 4508 1301 4572 Adamvalii.
1326 4517 1375 4554 46
1398 4515 1461 4569 Et
1480 4508 1633 4569 ab'est
1653 4514 1831 4567 Paris.
1857 4511 1903 4548 4⁷
1936 4512 2231 4583 Interrogat
2259 4509 2431 4566 Seml.
2459 4508 2509 4546 48
2539 4509 2606 4563 Ut
2636 4508 2787 4562 abest
2818 4509 3033 4588 Remel.
3052 4509 3116 4588 f9
3144 4509 3243 4564 Hic
3271 4512 3395 4619 Ri?“
3409 4513 3576 4568 Venet

287 4590 429 4619 cm...)
480 4588 531 4619 50
563 4588 873 4619 Ιηηηι-ηιιοιηα
913 4586 1059 4619 nim“
1110 4588 1154 4619 51
1189 4589 1249 4619 Πρ
1286 4590 1439 4619 ἐκεί...
1498 4584 1642 4619 ρηνηι
1709 4583 1896 4619 υιηηοι
1951 4582 1999 4619 52
2029 4580 2315 4619 Rnunlnnrli
2355 4583 2463 4619 Din-
2516 4578 2564 4618 53
2603 4578 3096 4619 Hnninultﬁnnhnnq
3147 4581 3289 4619 Rho”
3424 4582 3572 4619 Enn-

282 4578 448 4645 Seinl.
480 4588 531 4625 ⁵ο
559 4588 876 4657 Improbans
909 4578 1083 4643 Rhein.
1110 4588 1155 4624 δι
1189 4589 1254 4643 Ut
1286 4590 1457 4644 inser.
1492 4584 1681 4657 Seml.‘
1701 4582 1999 4657 Ριιωιξιζ52
2028 4578 2487 4657 Revelandifar.
2516 4578 2575 4657 5_3_
2603 4578 3310 4657 gonjustiﬁgberisnlfthen.

3424 4582 3572 4636 Con-

279 4659 627 4716 demnaberis
644 4649 752 4730 alii
771 4676 846 4714 ex
888 4659 1139 4730 Vulgata.
1173 4658 1221 4695 ⁵⁵
1247 4655 1595 4730 Restitutioni
1617 4655 1794 4711 Rhen.
1827 4653 1875 4689 ⁵6
1903 4651 1972 4705 Et
1999 4652 2147 4730 negl.
2174 4655 2293 4730 (ﬁgi
2330 4649 2869 4730 Ven_et.__5"_iigtemplo
2891 4653 3061 4730 lirari:
3081 4649 3570 4730 5‘3}gporaret_alii.

279 4730 328 4768 59
366 4732 702 4787 Consument
729 4726 889 4785 Pam.
941 4719 1125 4786 Vanet.
1160 4731 1329 4786 Seml.
1361 4729 1411 4767 δο
1455 4726 1618 4784 Multa
1646 4740 1835 4789 vanus,
1876 4722 2019 4794 quod
2049 4719 2217 4779 Semt.
2240 4719 2464 4780 'Pamel.
2499 4723 2545 4760 δι
2576 4719 2746 4779 Vellet
2774 4720 2878 4792 (ut)
2909 4722 3080 4777 Seml.
3113 4720 3162 4758 62
3188 4719 3381 4776 Facere
3409 4721 3570 4778 Pam.

278 4803 408 4859 Par.

1688 4923 2189 4986 Commentarius.

356 5032 472 5101 (7t)
503 5033 649 5090 Nam
678 5035 734 5089 et
764 5033 828 5088 in
860 5032 1053 5089 erco
1080 5049 1235 5098 sono,
1268 5033 1506 5089 ete.Vox
1521 5032 1747 5104 μετάνοια
1772 5043 1872 5102 pro

278 5119 389 5174 quo
433 5120 497 5158 ex
534 5105 730 5160 Graeco
772 5105 1112 5174 paenitentia
1160 5103 1579 5171 transfertur,’a
1633 5103 1884 5174 μετανοεῗγ

281 5122 389 5174 quo
433 5122 497 5158 ex
534 5122 730 5160 urmco
816 5122 1112 5160 centrerma
1160 5122 1507 5171 transrertur,
1547 5122 1579 5158 a
1633 5122 1884 5173 μετανοειν

281 5175 577 5241 derivatur,
655 5122 809 5247 ςυοὲ
862 5191 971 5230 non
1047 5175 1228 5247 delicti
1298 5174 1721 5240 confessionem,
1790 5172 1884 5227 sed

280 5247 448 5300 animi
508 5246 939 5302 demutationem
1014 5246 1299 5315 signiﬁcat,
1388 5249 1528 5303 sicut
1603 5251 1749 5315 patet
1819 5260 1882 5298 ex

280 5317 669 5389 XenOpbonte,
702 5317 853 5374 initio
883 5317 977 5373 lib.
1011 5335 1027 5373 ι
1060 5320 1217 5389 nepos
1245 5319 1461 5379 παιδείας
1489 5324 1543 5373 et
1579 5316 1697 5371 aliis
1726 5316 1881 5371 ϐιω-

282 5387 361 5443 cis
396 5387 773 5459 scriptoribus.
814 5389 958 5444 Pan.

354 5462 467 5529 (72)
521 5461 924 5518 Restitutiont's
968 5460 1318 5518 candidatos.
1361 5460 1568 5515 Primos
1612 5465 1884 5530 parentes,

280 5532 539 5600 quoniam
603 5532 858 5587 amissam
913 5532 1222 5587 felicitatem
1282 5533 1642 5598 recuperaturi
1687 5536 1881 5596 erant,

280 5612 443 5660 vocat
462 5603 827 5662 restitutionis
854 5604 1171 5661 candidatos
1197 5621 1210 5657 ε
1235 5602 1355 5677 pari
1381 5603 1639 5677 loquendi
1655 5601 1887 5660 formula

1982 5026 2086 5082 alio
2134 5027 2253 5083 loco
2300 5025 2482 5091 utitur,
2526 5041 2651 5082 cum
2693 5025 3007 5083 aeternitatis
3063 5025 3376 5083 candidatos
3421 5026 3572 5085 dicit.

1993 5097 2273 5172 Qandidali
2320 5097 2766 5172 supplicesuc‘rant
2797 5104 2866 5172 et
2891 5097 3193 5172 ambientes
3228 5100 3577 5172 magistratus

1991 5169 2209 5238 Romae;
2244 5171 2340 5226 sed
2379 5167 2431 5225 et
2469 5167 2733 5224 candidati
2779 5168 2871 5223 alii
2917 5167 3133 5227 fuerunt
3181 5167 3574 5234 inter'milites,

1993 5242 2084 5313 qui
2138 5240 2305 5296 veluti
2361 5240 2700 5313 praetoriani,
2763 5256 2863 5295 seu
2903 5241 3115 5313 triarii,
3172 5249 3265 5298 aut
3319 5242 3576 5313 principis

1992 5311 2320 5367 defensores.
2354 5312 2671 5367 Ammianus
2716 5311 2979 5379 Marcell.,
3022 5313 3115 5372 lib.
3166 5330 3266 5368 xxv
3315 5311 3329 5367 ἐ

1989 5383 2236 5439 Julianus
2264 5383 2400 5439 inter
2428 5384 2551 5439 belli
2578 5383 2888 5440 discrimina
2922 5395 3247 5448 versaretur,
3279 5384 3580 5438 clamabant

1990 5454 2119 5511 hinc
2162 5456 2286 5510 inde
2332 5456 2620 5527 candidati,
2659 5471 2798 5525 quos
2841 5455 3127 5525 disjecerat
3154 5462 3347 5527 terror,
3383 5463 3439 5506 ut
3486 5453 3577 5527 [ιι-τ

1991 5527 2228 5600 gientem
2285 5526 2502 5600 molem,
2556 5524 2810 5600 tanquam
2856 5529 3065 5581 ruinam
3110 5524 3245 5579 male
3293 5524 3580 5593 compositi

1991 5597 2255 5668 culminis,
2283 5598 2593 5655 declinaret.
2628 5618 2653 5650 ι
2687 5598 2763 5652 La
2798 5599 2891 5653 Pa.

3375 5314 3574 5367 cCum
3650 5320 3656 5327 ’
