4032 6152
395 309 500 369 343

1078 313 1513 376 TERTULLIANI
1551 317 1817 379 OPERUM
1859 318 2023 378 PARS
2060 318 2133 377 ll.
2181 347 2249 358 ——
2283 314 2511 375 SERIES
2550 317 2590 384 Ι,
2636 314 2972 374 POLEMICA.

3567 302 3679 369 344

394 453 504 494 non
552 444 671 492 erat
712 437 767 492 in
824 439 1151 497 conscientia
1204 443 1345 513 ejus,
1400 446 1505 501 hoc
1559 461 1686 502 cum
1742 446 1983 501 maxime
2018 460 2063 538 Α
2094 460 2227 509 suae,
2285 441 2683 496 intolerabilem
2740 443 2922 514 utique
2994 445 3243 500 humana:
3302 436 3684 538 mediocritati,

392 526 628 597 jurantis
648 526 697 565 53
726 527 887 583 alium
916 531 1118 603 absque
1155 548 1215 588 se
1245 534 1464 590 omnino
1492 550 1601 590 non
1630 552 1749 591 esse
1770 535 1985 608 ‘?Igitur

395 616 733 687 pejerantem
764 618 1141 691 deprehendis,
1175 640 1242 677 an
1286 639 1423 680 vane
1470 626 1844 695 dejerantem?
1880 624 1985 680 Sed

394 719 506 759 non
561 713 741 777 potest
796 707 966 763 videri
1010 711 1304 781 pejerasse,
1353 711 1448 783 qui
1502 713 1663 768 alium
1709 727 1828 769 esse
1877 727 1987 768 non

396 793 573 859 scivit,
632 802 689 848 ut
738 795 936 851 dicitis.
990 796 1148 863 Quod
1204 799 1353 852 enim
1398 801 1528 865 scit,
1575 802 1678 857 hoc
1734 802 1983 870 dejerans

396 897 548 948 vere,
598 898 705 939 non
752 884 1035 953 pejeravit.
1084 886 1191 941 Sed
1233 903 1334 943 nec
1380 903 1515 945 vane
1558 890 1787 959 dejerat,
1820 890 1984 944 alium

397 971 573 1027 Deum
615 987 725 1027 non
763 988 903 1029 esse.
933 974 1085 1029 Tunc
1131 975 1274 1030 enim
1320 992 1457 1032 vane
1486 977 1769 1048 dejeraret,
1802 978 1847 1031 si
1879 993 1986 1033 non

398 1059 631 1114 fuissent
686 1061 776 1131 qui
842 1061 977 1117 alios
1034 1064 1167 1118 deos
1220 1065 1522 1135 crederent,
1590 1074 1717 1122 tunc
1770 1067 1989 1137 quidem

399 1147 810 1205 simulacrorum
875 1150 1143 1217 cultores,
1213 1168 1358 1209 nunc
1424 1169 1556 1210 vero
1614 1164 1667 1210 et
1730 1155 1986 1211 haeretici.

397 1237 551 1291 Jurat
604 1236 767 1308 igitur
814 1256 910 1310 per
957 1240 1327 1310 semetipsum,
1378 1250 1439 1297 ut
1498 1244 1580 1299 vel
1623 1244 1828 1313 juranti
1875 1244 1989 1299 Deo

400 1325 589 1380 credas
616 1325 781 1381 alium
827 1328 984 1382 deum
1033 1329 1253 1385 omnino
1284 1345 1390 1385 non
1428 1348 1568 1388 esse.
1598 1333 1712 1389 Hoc
1757 1340 1815 1388 ut
1843 1335 1988 1388 Deus

399 1413 620 1483 faceret,
676 1425 729 1471 tu
771 1433 1007 1489 quoque,
1054 1420 1311 1487 Marcion,
1363 1422 1590 1493 coegisti
1626 1441 1639 1475 :
1669 1420 1844 1479 3l6
1878 1424 1993 1493 jam

400 1508 530 1557 tunc
566 1503 707 1558 enim
748 1505 1137 1575 providebaris.
1188 1509 1442 1580 Proinde,
1474 1511 1520 1565 si
1567 1518 1619 1565 et
1657 1510 1713 1565 in
1756 1510 1995 1581 promis-

400 1591 644 1647 sionibus
690 1604 781 1649 aut
826 1596 1335 1654 comminationibus
1367 1600 1539 1667 jurat,
1572 1599 1730 1653 ﬁdem
1774 1600 1829 1654 in
1874 1599 1994 1670 pri-

401 1682 624 1738 mOrdiis
672 1685 897 1738 arduam
947 1696 1299 1757 extorquens,
1349 1687 1486 1741 nihil
1542 1689 1657 1743 Deo
1708 1689 1991 1761 indignum

404 1781 505 1838 est,
538 1773 686 1842 quod
714 1773 877 1828 efﬁcit
924 1775 1039 1828 Deo
1068 1776 1308 1829 credere.
1342 1775 1481 1831 Satis
1525 1784 1579 1831 et
1610 1785 1737 1833 tunc
1764 1778 1996 1849 pusillus

398 1862 545 1916 Deus
597 1860 653 1914 in
708 1859 824 1929 ipsa
885 1861 1046 1915 etiam
1104 1861 1304 1918 ferocia
1368 1880 1658 1931 sua,cum
1715 1870 1785 1922 ob
1842 1867 1999 1924 vituli

400 1946 859 2004 consecrationem
907 1947 1164 2006 efferatus
1210 1952 1264 2005 in
1319 1954 1617 2025 pepulum,
1670 1956 1738 2011 de
1794 1957 1994 2013 famulo

400 2051 501 2091 suo
534 2035 766 2106 postulat
791 2037 973 2107 Moyse
1003 2038 1202 2108 (Exod.
1243 2058 1415 2107 χχχιι,
1451 2044 1539 2117 10)
1579 2063 1592 2099 :
1626 2046 1760 2103 Sine
1789 2064 1899 2115 me,
1940 2050 1997 2102 et

400 2123 734 2195 indignatus
765 2127 857 2181 ira
895 2126 943 2164 64
975 2127 1291 2199 disperdam
1328 2133 1477 2203 illos,
1509 2137 1563 2190 et
1592 2136 1804 2204 faciam
1835 2140 1889 2190 te
1930 2137 1992 2191 in

401 2215 695 2270 stationem
718 2230 1005 2286 magnam.
1031 2216 1184 2273 Unde
1212 2220 1492 2276 meliorem
1514 2222 1695 2279 soletis
1722 2223 1995 2280 afﬁrmare

402 2303 623 2372 Moysen
670 2304 783 2358 Deo
844 2320 967 2375 suo,
1020 2306 1443 2377 deprecatorem,
1495 2310 1605 2366 imo
1648 2322 1699 2367 et
1744 2313 1996 2383 prohibi-

403 2398 577 2447 torem
606 2391 720 2447 irae.
773 2394 893 2450 Non
938 2397 1112 2465 facies
1154 2398 1331 2464 enim,
1371 2398 1543 2470 inquit
1571 2400 1641 2468 6⁵,
1688 2401 1859 2471 istud,
1890 2407 1994 2459 aut

404 2486 461 2537 et
480 2499 569 2539 me
591 2500 709 2539 una
727 2499 859 2538 cum
880 2485 957 2539 eis
982 2487 1261 2557 impende.
1279 2487 1567 2543 Miserandi
1588 2490 1636 2527 55
1656 2506 1751 2547 vos
1781 2508 1995 2565 quoque

404 2585 526 2626 cum
574 2572 795 2643 populo,
826 2573 919 2643 qui
966 2574 1235 2629 Christum
1282 2591 1388 2631 non
1433 2579 1730 2649 agnoscitis
1776 2580 1833 2633 in
1862 2598 1994 2651 per-

406 2674 539 2714 sona
610 2660 744 2715 Mosi
807 2660 1136 2733 ﬁguratum,
1194 2665 1365 2718 Patris
1434 2666 1876 2735 deprecatorem,
1945 2677 2000 2725 et

408 2749 703 2803 oblatorem
779 2752 972 2806 animae
1046 2769 1157 2807 suae
1224 2771 1326 2824 pro
1400 2756 1585 2825 populi
1640 2757 1829 2813 salute.
1890 2760 1995 2815 Sed

406 2836 625 2900 sufﬁcit,
660 2837 706 2891 si
753 2846 803 2893 ct
836 2841 1000 2909 Moysi
1034 2842 1248 2911 proprie
1292 2842 1520 2897 donatus
1548 2851 1631 2899 est
1668 2846 1902 2915 populus
1927 2848 1991 2902 ad

406 2941 668 2995 praesens.
735 2928 893 2996 Quod
961 2938 1018 2983 ut
1083 2929 1313 2985 famulus
1385 2934 1658 3001 postulare
1725 2942 1910 3004 posset
1964 2952 1995 2990 a

2096 531 2391 588 humilitate
2446 539 2787 599 temperaret,
2843 532 2943 587 sibi
2998 533 3215 603 quidem
3269 530 3513 601 indigna,
3580 527 3687 581 ho-

2096 619 2227 675 mini
2256 626 2431 674 autem
2461 619 2797 690 necessaria;
2827 630 2880 675 et
2917 621 2989 675 ita
3010 622 3123 689 jam
3168 622 3280 676 Deo
3323 618 3508 691 digna,
3560 614 3691 686 quia

2093 708 2229 763 nihil
2269 716 2371 762 tam
2403 707 2627 779 dignum
2658 708 2769 763 Deo
2808 725 2970 781 quam
3010 711 3158 763 salus
3188 707 3440 764 hominis.
3472 704 3553 758 De
3586 702 3689 758 isto

2093 797 2340 870 pluribus
2416 803 2786 865 retractarem,
2838 798 2883 851 si
2964 813 3085 852 cum
3149 795 3375 853 ethnicis
3437 792 3688 863 agerem;

2093 901 2401 958 quanquam
2468 893 2520 940 et
2561 900 2683 939 cum
2731 886 2995 941 hiereticis
3044 902 3152 940 non
3196 884 3363 939 multo
3397 881 3613 935 diversa
3640 879 3688 915 6⁷

2094 974 2403 1047 congressio
2442 982 2564 1028 stet.
2616 972 2893 1042 Quatenus
2938 983 2990 1029 et
3045 975 3148 1048 ipsi
3196 976 3370 1029 Deum
3419 971 3472 1024 in
3517 968 3693 1040 ﬁgura

2097 1070 2151 1117 et
2196 1062 2251 1116 in
2287 1062 2491 1133 reliquo
2528 1062 2716 1117 ordine
2767 1064 3020 1118 humanae
3065 1060 3389 1119 conditionis
3433 1058 3692 1113 deversa-

2097 1158 2211 1206 tum
2240 1152 2288 1189 68
2312 1152 2428 1220 jam
2477 1150 2796 1218 credidistis,
2845 1167 2954 1207 non
2985 1151 3212 1223 exigetis
3264 1150 3450 1220 utique
3490 1145 3696 1201 diutius

2097 1239 2414 1312 persuaderi
2461 1240 2629 1295 Deum
2668 1240 3038 1297 conformasse
3087 1239 3437 1310 semetipsum
3494 1236 3693 1290 huma-

2099 1328 2273 1391 nitati,
2304 1330 2399 1383 sed
2430 1328 2496 1383 de
2524 1337 2700 1384 vestra
2738 1328 2843 1384 ﬁde
2872 1328 3226 1386 revincimini.
3260 1327 3315 1382 Si
3352 1326 3494 1381 enim
3522 1325 3694 1388 Deus,

2100 1427 2153 1473 et
2208 1417 2425 1489 quidem
2491 1417 2796 1484 sublimior,
2858 1426 3000 1473 tanta
3065 1416 3362 1473 humilitate
3425 1412 3697 1485 fastigium

2102 1506 2397 1575 majestatis
2425 1521 2535 1559 suae
2565 1506 2768 1570 stravit,
2803 1514 2858 1560 ut
2896 1506 3057 1562 etiam
3094 1505 3255 1561 morti
3283 1503 3569 1573 subjiceret
3621 1501 3693 1564 59,

2101 1600 2155 1648 et
2218 1594 2380 1648 morti
2432 1594 2637 1659 crucis;
2696 1610 2790 1650 cur
2855 1611 2962 1651 non
3029 1595 3228 1666 putetis
3282 1600 3467 1648 nostro
3522 1588 3694 1647 817

2106 1698 2318 1754 quoque
2359 1684 2473 1739 Deo
2517 1684 2723 1756 aliquas
2766 1685 3086 1756 pusillitates
3124 1682 3454 1756 congruisse,
3501 1680 3698 1736 tolera-

2105 1773 2322 1829 biliores
2370 1782 2550 1828 tamen
2592 1774 2823 1844 judaicis
2869 1773 3214 1830 contumeliis
3251 1781 3305 1829 et
3344 1768 3599 1842 patibulis
3647 1778 3701 1823 ct

2104 1863 2405 1934 sepulcris?
2452 1862 2539 1918 An
2593 1864 2678 1917 hae
2734 1872 2858 1917 sunt
2916 1863 3261 1934 pusillitates,
3307 1877 3426 1933 quae
3477 1860 3591 1928 jam
3647 1858 3701 1895 το

2103 1951 2451 2022 praejudicare
2521 1950 2797 2007 debebunt
2844 1951 3139 2015 Christum,
3199 1947 3451 2004 humanis
3490 1945 3701 2017 passio-

2102 2040 2259 2094 nibus
2320 2040 2610 2108 objectum,
2640 2040 2759 2109 ejus
2788 2039 2887 2095 Dei
2917 2056 3055 2105 esse,
3102 2038 3184 2095 cui
3224 2039 3271 2076 ἰι
3338 2034 3702 2091 humanitates

2100 2132 2489 2202 eXprobrantur
2525 2146 2558 2184 a
2592 2130 2783 2186 vobis?
2828 2130 2961 2184 Nam
3002 2138 3053 2185 et
3092 2127 3401 2199 proﬁtemur
3427 2125 3700 2180 Christum

2102 2235 2315 2288 semper
2367 2217 2546 2289 egisse
2598 2217 2653 2273 in
2719 2218 2820 2273 Dei
2867 2218 3040 2272 Patris
3086 2216 3349 2280 nomine;
3398 2215 3576 2284 ipsum
3631 2213 3703 2266 ab

2101 2307 2254 2364 initio
2311 2315 2717 2371 conversalum;
2760 2305 2940 2377 ipsum
2995 2320 3348 2376 congressum
3402 2317 3525 2357 cum
3592 2314 3701 2368 pa-

2106 2395 2353 2453 triarchis
2393 2404 2447 2451 et
2484 2396 2783 2467 prephetis,
2815 2394 3009 2450 Filium
3052 2392 3340 2461 Creatoris,
3377 2390 3702 2445 Sermonem

2104 2486 2240 2555 ejus,
2286 2500 2447 2557 quem
2495 2500 2561 2538 ex
2616 2482 2913 2555 semetipso
2952 2482 3287 2555 proferendo
3334 2479 3504 2534 ﬁlium
3548 2477 3699 2543 fecit,

2103 2583 2158 2631 et
2215 2576 2265 2613 ’⁷2
2317 2574 2507 2629 exinde
2566 2574 2709 2629 omni
2757 2571 3102 2644 dispositioni
3159 2586 3271 2627 suae
3328 2567 3704 2640 voluntatique

2104 2663 2374 2736 praefecit;
2425 2663 2729 2718 diminuens
2787 2661 2935 2716 illum
2992 2661 3208 2716 modico
3257 2659 3391 2715 citra
3446 2656 3698 2728 angelos,

2105 2753 2245 2809 sicut
2280 2751 2419 2823 apud
2477 2752 2653 2806 David
2685 2752 2734 2790 73
2771 2751 3032 2819 scriptum
3077 2758 3158 2805 est
3197 2749 3371 2819 (Psal.
3423 2762 3546 2813 vm,
3598 2747 3698 2813 6):

2104 2856 2213 2911 qua
2264 2839 2619 2896 diminutione
2667 2840 2723 2893 in
2779 2841 2893 2893 [MPO
2930 2854 3144 2911 quoque
3208 2835 3504 2909 dispositus
3556 2842 3639 2889 est
3669 2847 3706 2886 a

2101 2930 2400 3001 PAtre,quae
2436 2934 2495 2982 ut
2538 2928 2774 2982 humana
2818 2925 3232 2998 reprehenditis,
3292 2924 3534 2980 ediscens
3577 2923 3703 2991 jam

405 3015 674 3085 Domino,
736 3017 789 3073 id
858 3018 1121 3074 Dominus
1183 3036 1213 3075 a
1287 3038 1344 3076 se
1396 3024 1703 3092 postulavit.
1764 3026 1845 3080 Ad
1892 3028 1994 3083 hoc
2026 3016 2223 3100 εἰηάο
2262 3032 2295 3071 3-
2353 3016 2667 3085 ρτίωοτάἰο,
2710 3017 2821 3085 jam
2874 3014 3000 3070 inde
3056 3014 3347 3078 hominem:
3394 3013 3536 3085 quod
3586 3018 3708 3066 erat

408 3102 554 3157 enim
585 3100 784 3159 famulo
812 3104 945 3160 dixit
971 3124 986 3162 :
1024 3108 1153 3164 Sine
1182 3125 1290 3179 me,
1322 3114 1375 3165 et
1404 3111 1728 3182 disperdam
1756 3114 1902 3177 illos,
1938 3123 1996 3169 ut

408 3189 500 3245 ille
526 3192 873 3262 postulando,
903 3202 957 3248 et
1004 3196 1357 3267 semetipsum
1384 3198 1661 3254 offerendo
1711 3218 1817 3255 non
1849 3202 1992 3257 sine-

408 3287 518 3344 ret;
553 3288 714 3352 atque
744 3282 814 3337 ita
833 3282 1093 3348 disceres,
1126 3295 1385 3355 quantum
1426 3286 1583 3343 liceat
1614 3287 1754 3344 ﬁdeli
1784 3299 1835 3344 et
1866 3306 1998 3360 pro-

407 3369 586 3438 pheta:
615 3372 756 3441 apud
784 3372 960 3428 Deum
999 3374 1135 3446 (73).

946 3513 1168 3571 CAPUT
1229 3515 1461 3573 XXVII.

481 3637 598 3692 Jam
655 3653 800 3694 nunc
852 3647 913 3694 ut
967 3648 1016 3695 et
1071 3648 1269 3696 caetera
1324 3644 1646 3713 compendio
1701 3645 1997 3713 absolvam,

411 3741 747 3797 quaecunque
783 3727 958 3781 adhuc
998 3736 1053 3781 ut
1103 3729 1295 3798 pusilla
1339 3738 1389 3785 et
1434 3731 1649 3788 inﬁrma
1678 3743 1731 3788 et
1778 3734 2002 3804 indigna

414 3811 667 3883 colligitis
725 3813 792 3866 ad
838 3813 1258 3871 destructionem
1307 3817 1612 3888 Creatoris,
1663 3820 1891 3890 simplici
1947 3830 2000 3876 et

414 3909 561 3958 certa
624 3901 828 3957 ratione
901 3919 1201 3975 pr0ponam
1252 3928 1264 3964 :
1323 3908 1498 3963 Deum
1572 3925 1682 3965 non
1760 3911 2000 3982 potuisse

411 3990 680 4046 humanos
716 4005 1040 4063 congressus
1084 3993 1238 4063 inire,
1271 3995 1375 4050 nisi
1416 3998 1683 4054 humanos
1729 4007 1785 4054 et
1813 4015 2002 4056 sensus

413 4089 469 4135 et
511 4078 742 4136 affectus
790 4081 1135 4153 suscepisset,
1185 4101 1280 4155 per
1335 4101 1472 4157 quos
1533 4089 1642 4145 vim
1696 4090 2001 4159 majestatis

2102 3104 2317 3162 futurus
2372 3105 2428 3159 in
2485 3104 2608 3161 ﬁne.
2663 3105 2756 3160 Ille
2804 3112 2884 3159 est
2940 3103 3030 3176 qui
3085 3103 3403 3169 descendit;
3446 3101 3556 3164 ille,
3606 3100 3705 3170 qui

2102 3193 2424 3268 interrogat;
2453 3193 2561 3261 ille,
2612 3193 2703 3264 qui
2741 3194 3014 3266 postulat;
3048 3192 3160 3260 ille,
3194 3192 3283 3264 qui
3309 3192 3474 3260 jurat.
3523 3190 3707 3243 Caete-

2107 3300 2225 3337 rum
2280 3285 2349 3354 7",
2406 3285 2615 3339 Patrem
2674 3282 2873 3337 nemini
2940 3282 3134 3347 visum,
3199 3281 3359 3337 etiam
3416 3294 3711 3335 commune

2107 3371 2382 3425 testabitur
2445 3371 2819 3441 Evangelium,
2879 3370 3089 3426 dicente
3158 3371 3375 3438 (Matth.
3463 3383 3548 3435 x1,
3609 3366 3708 3437 27)

2108 3460 2319 3514 Christo
2350 3477 2363 3514 :
2400 3461 2566 3515 Nemo
2613 3460 2863 3529 cognovit
2894 3460 3123 3515 Patrem
3162 3460 3278 3513 nisi
3325 3458 3546 3525 Filius,-
3584 3456 3710 3526 ipse

2107 3549 2253 3603 enim
2311 3556 2363 3602 et
2421 3547 2598 3602 Veteri
2652 3548 2992 3602 Testamento
3066 3546 3440 3617 pronuntiarat
3498 3544 3706 3612 (Exod.

2108 3652 2308 3701 xxxur,
2344 3637 2434 3706 20)
2467 3652 2479 3692 :
2516 3639 2689 3695 Deum
2728 3654 2891 3694 nemo
2920 3636 3146 3704 videbit,
3181 3641 3241 3709 et,
3262 3637 3445 3702 vivet;
3495 3634 3711 3687 Patrem

2108 3725 2425 3780 invisibilem
2482 3724 2861 3790 determinans,
2919 3723 2976 3778 in
3032 3725 3188 3794 cujus
3250 3723 3573 3779 auctoritate
3655 3728 3714 3777 et

2109 3823 2327 3878 nomine
2373 3822 2489 3894 ipse
2535 3830 2648 3877 erat
2692 3822 2859 3887 Deus,
2905 3821 2999 3893 qui
3040 3822 3321 3877 videbatur
3368 3819 3464 3877 Dei
3518 3819 3710 3874 Filius.

2097 3912 2218 3968 Sed
2287 3922 2339 3967 et
2399 3927 2568 3983 penes
2638 3926 2735 3966 nos
2789 3910 3032 3967 Christus
3105 3910 3163 3964 in
3225 3925 3456 3982 persona
3510 3908 3715 3971 Christi

2109 4002 2365 4070 accipitur
2418 3999 2551 4071 (74),
2602 3998 2727 4073 quia
2774 4008 2826 4054 et
2865 4000 2967 4055 hoc
3004 3999 3164 4055 modo
3196 4003 3379 4053 noster
3405 4006 3502 4053 est.
3537 3996 3715 4068 Igitur

2106 4105 2442 4161 quaecunque
2512 4087 2728 4159 exigitis
2806 4087 2915 4144 Deo
3005 4088 3186 4160 digna,
3276 4086 3615 4143 habebuntur
3654 4088 3713 4143 in

1789 4186 1979 4249 Varia:
2025 4189 2332 4249 lectiones.

484 4280 534 4320 6³
563 4281 752 4371 iurans
764 4284 1078 4371 hli’ouzngfi
1099 4285 1201 4341 Pro
1232 4286 1648 4371 indignatusira
1671 4292 1923 4371 scrib:_in
1955 4293 2032 4347 ira
2057 4294 2175 4371 βίᾳ.
2229 4295 2412 4371 νέηταιἶ
2439 4292 2495 4371 ϐξ
2516 4290 2870 4371 lnqui‘tnn'egl.
2916 4290 3085 4348 Sami.
3205 4289 3543 4371 Miserandoﬂsn
3561 4291 3703 4371 {ut}.

414 4350 1011 4442 miserando’llhen."§7
1033 4358 1147 4439 Nec
1175 4350 1587 4442 cumnhaareticis.
1619 4362 1784 4442 multo
1823 4365 2020 4442 Woaw.
2039 4350 2262 4442 deiersa
2276 4365 2431 4442 negl.
2460 4350 2629 4442 Sami.
2650 4350 3232 4442 fisPlyVeﬁsawang:
3273 4363 3462 4442 K871“:
3495 4360 3546 4442 69,
3572 4361 3715 4416 διώ·

408 4422 666 4502 ,ᾕοθι-ᾳιιιι·
688 4425 813 4502 alii.
849 4424 898 4463 70
928 4425 1058 4484 Hinc
1080 4430 1255 4486 inser.
1279 4432 1399 4489 Sem
1413 4433 1445 4488 ι.
1465 4432 1511 4470 ἰι
1535 4433 1701 4502 Cujus
1721 4435 1879 4490 Pam.
1905 4436 2076 4492 Seml.
2108 4434 2156 4472 72
2176 4437 2247 4492 Ut
2266 4422 2427 4493 Ραῖη.
2452 4436 2623 4491 Semt.
2650 4434 2696 4472 73
2722 4433 2856 4487 Eum
2878 4434 3035 4490 Pam.
3068 4422 3239 4489 Senil.
3273 4433 3321 4470 ⁷4
3348 4431 3486 4500 Quia
3524 4432 3708 4488 inser.

418 4495 586 4552 Seml.
611 4494 701 4566 qui
732 4496 870 4552 Jun.

1802 4576 2007 4640 Comm
2017 4582 2298 4641 entarius.

623 4676 802 4761 Atque
824 4678 908 4733 ita
929 4679 1185 4761 disceres,
1205 4686 1483 4753 quantum
1507 4683 1674 4741 liceat
1702 4683 1876 4761 fideli,
1897 4693 1994 4741 etc.

2032 4703 2077 4780 η
2110 4685 2307 4780 nostris
2370 4683 2427 4739 in
2480 4681 2637 4754 epist.
2700 4684 2767 4737 5'7
2823 4681 2895 4738 ad
2944 4683 3265 4739 Cornelium
3318 4684 3377 4739 B.
3421 4680 3714 4754 Cypriani-

414 4745 673 4827 Sirniliter
701 4745 931 4827 ~locu_m_
961 4752 1104 4827 hunc
1160 4745 1555 4827 interpretatur,
1606 4745 1747 4827 quod
1806 4745 2000 4827 nempe
2032 4745 2077 4780 ¹¹
2112 4758 2247 4811 Pam.

413 4818 668 4897 multum_
711 4820 965 4897 ponderis
1015 4823 1206 4876 habeat
1260 4818 1430 4879 oratio
1488 4818 1796 4881 sanctorum
1860 4818 2002 4897 apud

412 4888 691 4969 Πρω-ᾳ]ηῇ
724 4890 1097 4969 Hieronymus,
1132 4909 1249 4969 camp.
1285 4898 1376 4969 28,
1401 4898 1685 4969 ianscch.
1728 4915 1846 4969 cap.
1882 4888 2000 4964 itu,

416 4967 471 5035 et
500 4960 694 5035 _Epist.
728 4960 800 5015 ad
846 4963 1120 5035 Gaudent.
1174 4960 1402 5035 Cyrillus
1448 4968 1626 5034 Alex.,
1674 4960 1830 5024 lib.v
1877 4960 2000 5025 adv;

414 5030 732 5110 inligatum.
773 5052 794 5081 ς(
836 5034 1005 5110 Atqui
1028 5035 1071 5089 si
1104 5030 1331 5110 apostoli
1373 5048 1426 5092 et
1456 5030 1735 5110 martyres,
1773 5059 1798 5090 »
1834 5039 2005 5110 inquit

414 5101 475 5153 B.
527 5099 887 5178 Hieronymus
922 5099 1056 5178 adv.
1120 5099 1505 5178 Vigilantiam,
1549 5099 1638 5165 ubi
1686 5099 1791 5165 hoc
1830 5099 2002 5178 ips-um

415 5172 721 5249 exemplum
795 5176 994 5245 Moysis
1058 5172 1291 5243 adducit,
1351 5202 1371 5229 ι(
1430 5172 1605 5237 adhuc
1662 5181 1713 5233 in
1783 5172 2005 5249 corpore

414 5241 713 5321 constituti,
760 5241 985 5321 possunt
1033 5264 1187 5303 orare
1234 5241 1351 5321 pro
1379 5252 1607 5315 caeteris,
1649 5241 2004 5321 quando-pro

415 5329 474 5368 se
529 5314 727 5370 debent
754 5319 929 5400 adhuc
974 5335 1093 5373 esse
1142 5314 1388 5401 s'oll‘ici‘li,
1420 5314 1623 5401 quanto
1666 5314 1838 5401 inagis
1886 5314 2006 5401 post

415 5399 662 5463 coronas,
716 5388 971 5445 victorias
1006 5398 1069 5463 et_
1105 5389 1407 5463 triumphos
1439 5388 1470 5444 ‘2
1513 5411 1535 5441 ι
1587 5392 1734 5446 Facit
1757 5388 2007 5463 'proinde

415 5456 570 5536 locus
628 5460 728 5513 iste
766 5476 880 5536 _pro
938 5456 1285 5536 orationibus
1325 5469 1633 5536 sanctorum
1683 5456 1797 5536 pro'
1829 5464 2002 5536 nobis,

414 5527 576 5603 etiam
616 5538 735 5603 post
765 5527 901 5586 hanc
948 5530 1136 5602 vitam;
1168 5532 1233 5586 de
1278 5534 1497 5603 quibus,
1529 5535 1603 5588 uti
1650 5527 1704 5589 et
1750 5534 1816 5591 de
1848 5527 2005 5591 invo;

417 5600 623 5656 catione
658 5601 898 5672 ipsorum
924 5600 1255 5673 sanctorum,
1285 5600 1392 5664 late
1443 5600 1792 5665 tractavimus
1821 5608 2001 5667 adnot.

2182 4827 2296 4897 (74)
2321 4827 2422 4882 Sed
2454 4828 2691 4897 etpenes
2722 4839 2820 4878 nos
2856 4824 3110 4897 Christus
3141 4825 3205 4879 in
3231 4841 3474 4896 persona
3499 4823 3714 4897 Christi

2111 4886 2415 4974 accipiter.
2470 4886 2785 4974 Sichabent
2816 4886 3280 4974 exempl.aria._1(it
3310 4904 3488 4974 autem
3528 4895 3715 4966 Septi-

2112 4966 2249 5048 mius:
2281 4985 2303 5047 ζ.
2348 4968 2521 5048 Nemo
2560 4966 2720 5048 homo
2738 4967 2919 5048 “Deum
2946 4966 3091 5048 ‘vidit’
3129 4967 3333 5048 vivens,
3377 4968 3431 5022 in
3471 4981 3719 5048 persona

2112 5037 2534 5093 Patris'scilicet.
2568 5038 2635 5090 At
2666 5037 2912 5090 viderunt
2946 5037 3196 5093 homines
3228 5039 3440 5093 Patrem
3468 5037 3523 5091 in
3551 5037 3713 5101 Filio,

2112 5109 2240 5181 quia
2279 5110 2623 5181 sempcrgegit
2651 5108 2819 5161 Filius
2849 5108 2902 5161 in
2932 5107 3029 5161 Dei
3082 5110 3248 5181 Patris
3288 5109 3528 5164 nomine.
3561 5108 3721 5181 Pater

2113 5178 2295 5235 autem
2342 5178 2409 5234 et'
2440 5178 2602 5234 Filius
2660 5195 2825 5233 unum
2871 5188 3013 5247 sunt,
3064 5179 3179 5235 sive
3226 5196 3367 5235 unus
3415 5183 3579 5236 Deus.
3624 5179 3720 5236 Sic

2113 5252 2284 5305 Filius
2320 5251 2437 5323 ipse
2468 5259 2578 5305 erat
2617 5251 2780 5323 Deus,
2822 5267 2981 5323 quem
3024 5251 3267 5306 homines
3307 5252 3579 5323 viderunt.
3624 5250 3719 5307 Sic

2114 5321 2383 5379 Christum
2419 5337 2516 5375 nos
2549 5321 2856 5391 Christiani,
2897 5337 3003 5376 non
3035 5323 3378 5386 Marcionitai,
3422 5322 3721 5390 accipimus

2114 5394 2227 5449 sive
2275 5393 2627 5465 intelligimus
2665 5394 2835 5465 Deum
2870 5392 2922 5445 in
2953 5408 3189 5464 persona
3228 5393 3451 5459 Christi;
3485 5392 3609 5465 quia
3656 5402 3721 5448 et

2114 5466 2218 5520 hoc
2262 5466 2423 5523 modo
2456 5464 2643 5522 noster
2679 5473 2760 5519 est
2805 5464 2968 5518 Deus.
2999 5465 3133 5537 Nam
3162 5472 3215 5520 et
3252 5465 3415 5523 homo
3443 5464 3715 5521 Christus.

2115 5537 2240 5593 R16.
