4032 6152
261 265 375 325 345

255 391 421 448 Patre
460 394 726 450 invisibili
775 396 1307 474 incongressibilique
1353 406 1402 444 ⁷⁵
1443 414 1496 464 et
1524 409 1759 480 placido,
1815 421 1874 469 et

258 485 343 550 (ut
393 482 468 537 ita
518 483 770 575 dixerim)
828 486 1270 561 Philosophorum
1325 495 1454 554 Deo.
1515 497 1865 575 Quaecunque

257 581 445 625 autem
503 581 566 627 ut
612 573 832 647 indigna
876 581 1304 651 reprehenditis,
1358 573 1864 658 deputabuntur—in

257 660 436 724 Filio,
503 670 559 714 et
613 662 756 729 viso,
816 673 869 720 et
912 667 1124 739 audito,
1182 680 1236 726 et
1295 689 1606 746 congresso,
1664 681 1868 738 arbitro

257 747 438 803 Patris
466 757 523 803 et
565 749 829 818 ministro,
861 754 1122 814 miscente
1157 758 1211 814 in
1260 763 1550 834 semetipso
1593 767 1866 825 hominem

257 843 315 892 et
360 837 576 932 Deum;
619 841 676 895 in
728 842 1030 915 virtutibus,
1078 847 1284 920 Deum;
1336 852 1388 906 in
1445 856 1864 932 pusillitatibus,

259 924 572 991 hominem;
635 937 696 984 ut
756 937 965 987 tantum
1019 935 1226 992 homini
1279 941 1544 1009 conferat,
1607 924 1865 1016 quantum

258 1015 378 1071 Deo
425 1014 716 1073 detrahit:
759 1028 925 1075 totum
971 1023 1203 1098 denique
1250 1028 1346 1083 Dei
1405 1031 1509 1086 mei
1557 1014 1729 1105 penes
1773 1053 1867 1092 vos

256 1105 540 1171 dedecus,
578 1120 968 1166 sacramentum
1025 1122 1107 1168 est
1152 1117 1400 1174 humanae
1455 1121 1662 1179 salutis.
1716 1127 1863 1182 Con-

258 1196 590 1251 versabatur
645 1199 813 1266 Deus,
852 1209 909 1254 ut
957 1202 1118 1258 homo
1145 1205 1324 1262 divine
1370 1226 1528 1281 agere
1557 1214 1863 1270 doceretur.

258 1282 346 1353 Ex.
387 1301 555 1356 aequo
607 1288 798 1360 agebat
846 1290 990 1345 Deus
1035 1308 1156 1349 cum
1206 1295 1444 1365 homine,
1491 1308 1549 1355 ut
1596 1304 1756 1359 homo
1801 1321 1865 1360 ex

258 1388 420 1444 aequo
450 1389 618 1446 agere
648 1391 772 1430 cum
802 1379 912 1434 Deo
943 1391 1146 1449 posset.
1178 1385 1328 1441 Deus
1355 1389 1585 1457 pusillus
1616 1391 1867 1450 inventus

257 1472 363 1524 est,
423 1471 485 1516 ut
541 1464 710 1519 homo
777 1467 1037 1525 maximus
1093 1471 1260 1529 ﬁeret.
1318 1476 1424 1546 Qui
1477 1478 1635 1534 talem
1691 1484 1863 1538 Deum

258 1549 611 1621 dedignaris,
657 1554 840 1610 nescio
882 1572 951 1611 an
995 1576 1059 1614 ex
1096 1560 1199 1616 fide
1240 1566 1425 1620 credas
1471 1568 1644 1624 Deum
1691 1573 1866 1628 cruci-

257 1635 451 1694 fixum.
484 1640 696 1708 Quanta
725 1642 906 1716 itaque
936 1650 1256 1716 perversitas
1285 1663 1457 1710 vestra
1485 1673 1616 1732 erga
1661 1670 1865 1716 utrum-

259 1744 368 1800 que
417 1729 666 1784 ordinem
698 1731 1012 1790 Creatoris?
1048 1738 1288 1794 Judicem
1352 1757 1472 1797 eum
1533 1729 1856 1818 designatis,

262 1825 320 1871 et
347 1817 684 1873 severitatem
711 1821 913 1888 judicis
941 1824 990 1861 75
1027 1828 1318 1882 secundum
1352 1835 1542 1888 merita
1583 1817 1863 1894 causarum

271 1916 653 1974 congruentem
687 1925 787 1978 pro
836 1911 1036 1967 saevitia
1076 1913 1247 1972 318
1288 1922 1645 1989 exprobratis.
1685 1926 1860 1981 Deum

261 1992 533 2063 optimum
581 1997 836 2066 exigitis,
894 2008 946 2055 et
1002 2001 1271 2060 lenitatem
1346 2009 1466 2077 ejus
1518 2011 1863 2082 benignitatis

251 2092 696 2154 congruentem,
766 2104 863 2158 pro
916 2100 1074 2160 captu
1147 2094 1530 2152 mediocritatis
1616 2102 1862 2158 humanae

249 2173 523 2261 dejectius
578 2185 967 2246 conversatam,
1016 2190 1074 2236 ut
1130 2184 1475 2252 pusillitatem
1534 2190 1859 2261 deprctiatis.

250 2259 364 2316 Nec
395 2278 635 2333 magnus
672 2264 826 2320 vobis
865 2267 1065 2338 placet,
1098 2286 1199 2326 nec
1233 2276 1498 2347 modicus;
1532 2259 1631 2333 nec
1665 2280 1856 2350 judex,

254 2364 352 2404 nec
409 2351 643 2406 amicus.
693 2351 854 2422 Quid,
889 2355 932 2409 si
980 2373 1122 2414 nunc
1171 2361 1217 2399 Π
1256 2362 1442 2419 eadem
1489 2374 1540 2420 et
1584 2367 1637 2421 in
1681 2377 1860 2426 vestro

257 2439 774 2529 deprehendantur?
800 2445 1048 2501 Judicem
1077 2449 1296 2520 quidem
1335 2459 1390 2508 et
1417 2453 1566 2512 illum
1604 2473 1720 2514 esse
1744 2459 1856 2529 jam

257 2528 600 2584 ostendimus
636 2530 693 2586 in
741 2532 916 2588 libello
954 2551 1052 2594 suo
1082 2555 1096 2602 ;
1124 2546 1178 2592 et
1222 2540 1288 2595 de
1333 2543 1516 2611 judice
1561 2528 1858 2605 necessarie

253 2632 534 2688 severum,
567 2629 624 2674 et
670 2620 738 2676 de
796 2637 982 2680 severo
1032 2626 1170 2682 sicut
1225 2630 1276 2668 78
1315 2648 1538 2704 saevum,
1585 2635 1630 2691 si
1679 2645 1856 2695 tamen

249 2719 454 2760 saevum
464 2747 478 2760 .

801 2850 1027 2911 CAPUT
1072 2855 1324 2914 XXVIII.

1482 281 1608 341 LIB.
1652 284 1698 345 II
1736 287 1888 347 ADV.
1963 289 2364 352 MARCIONEM.

3476 291 3584 351 346

1904 433 1950 512 Α
1979 417 2325 491 deputabitur
2353 415 2678 492 negligentia
2706 415 2894 472 salutis
2938 416 3210 487 humanae,
3242 416 3456 474 nonnisi
3488 433 3583 488 per

1977 510 2344 581 paenitentiam
2392 507 2674 562 emendata
2706 505 2847 576 apud
2895 506 3070 561 Deum
3118 515 3381 563 vestrum.
3421 510 3579 562 Man-

1977 597 2122 653 davit
2163 597 2408 652 fraudem
2454 597 2600 652 Deus
2656 603 2861 663 noster,
2917 594 3009 649 sed
3043 595 3184 650 auri
3241 604 3293 650 et
3339 596 3574 669 argenti.

1976 687 2189 756 Quanto
2218 695 2400 742 autem
2429 687 2589 742 homo
2621 684 2914 758 pretiosior
2933 700 3063 740 auro
3087 692 3138 740 et
3170 695 3419 757 argento,
3451 695 3568 741 tan-

1973 785 2026 833 to
2063 777 2454 832 fraudulentior
2481 778 2628 831 Deus
2665 784 2862 839 vester,
2895 775 2987 848 qui
3025 774 3302 830 hominem
3339 775 3573 831 Domino

1975 878 2028 922 et
2070 867 2257 921 facturi
2313 882 2411 922 suo
2458 865 2634 936 eripit.
2687 866 2921 921 Oculum
2981 880 3080 936 pro
3128 864 3283 921 oculo
3338 865 3573 933 reposcit

1973 956 2122 1010 Deus
2150 963 2367 1020 uoster;
2401 955 2499 1009 sed
2543 961 2598 1009 et
2645 960 2827 1010 vester
2868 954 3044 1008 vicem
3092 953 3414 1022 prohibens,
3465 951 3572 1005 ite-

1973 1045 2200 1099 rahilem
2234 1046 2398 1116 magis
2429 1044 2679 1112 iniuriam
2720 1043 2868 1098 facit.
2900 1042 3036 1112 Quis
3067 1040 3216 1096 enim
3248 1057 3356 1096 non
3386 1054 3596 1096 rursus-

1976 1134 2258 1202 percutiet,
2308 1148 2414 1188 non
2464 1131 2860 1202 repercussus?
2901 1131 3106 1187 Nesciit
3150 1132 3201 1170 3°
3249 1133 3397 1186 Deus
3471 1143 3576 1185 no-

1972 1233 2082 1278 ster
2111 1223 2298 1294 quales
2325 1222 2626 1293 allegeret‘?
2673 1223 2821 1304 Ergo
2869 1236 2972 1276 nec
3009 1229 3186 1277 vester
3236 1219 3430 1274 Judam
3463 1226 3577 1273 tra-

1973 1311 2201 1368 ditorem
2231 1313 2274 1348 81
2311 1310 2601 1382 allegisset,
2637 1310 2681 1364 si
2723 1308 3050 1380 praescisset.
3087 1307 3178 1363 Sic
3216 1316 3272 1363 et
3292 1307 3577 1362 mentitum

1971 1401 2168 1456 alicubi
2189 1401 2322 1455 dicis
2344 1403 2661 1455 Creatorem
2685 1415 2696 1452 :
2724 1401 2888 1469 longe
2911 1399 3095 1467 majus
3116 1397 3458 1452 mendacium
3491 1406 3575 1452 est

1973 1490 2027 1544 in
2059 1497 2148 1544 tuo
2183 1489 2418 1554 Christo,
2452 1489 2612 1558 cujus
2636 1502 2838 1557 corpus
2884 1502 2992 1542 non
3041 1485 3144 1542 fuit
3172 1502 3382 1542 verum.
3433 1485 3578 1540 Mul—

1974 1587 2057 1634 tos
2087 1578 2290 1634 saevitia
2319 1579 2420 1633 Dei
2449 1577 2557 1633 mei
2586 1577 2893 1647 absumpsit
2919 1577 2947 1631 ?
2977 1576 3127 1632 Tuus
3157 1590 3371 1646 quoque
3409 1575 3574 1641 Deus,

1973 1683 2108 1740 quos
2137 1667 2316 1724 salvos
2363 1682 2472 1722 non
2530 1666 2673 1735 facit,
2727 1667 2913 1736 utique
2963 1665 3014 1719 in
3055 1665 3279 1720 exitium
3311 1663 3576 1733 disponit.

1972 1757 2118 1810 Deus
2147 1771 2300 1810 meus
2328 1755 2378 1792 ⁸2
2406 1754 2639 1827 aliquem
2674 1753 2837 1824 jussit
2868 1752 3083 1808 occidi?
3112 1753 3258 1806 Tuus
3308 1751 3575 1822 semetip-

1975 1863 2095 1901 sum
2113 1845 2284 1902 voluit
2315 1843 2548 1900 interfici
2574 1861 2588 1914 ;
2622 1859 2730 1900 non
2760 1842 2943 1897 minus
2972 1839 3252 1897 homicida
3293 1839 3348 1893 in
3375 1845 3577 1893 semct-

1972 1936 2172 2006 ipsum,
2211 1932 2387 1990 3I9
2431 1949 2590 2004 quam
2623 1933 2678 1986 in
2727 1947 2854 1986 eum
2882 1931 2932 1968 33
2979 1946 3008 1983 a
3040 1944 3148 2000 quo
3189 1927 3347 1984 vellet
3375 1926 3572 1984 occidi.

1971 2025 2168 2079 Multos
2197 2031 2373 2079 autem
2403 2021 2662 2078 occidisse
2685 2023 2863 2076 Deum
2888 2020 3007 2091 ejus
3026 2018 3274 2090 probabo
3291 2015 3571 2072 Marcioui.

1969 2114 2106 2167 Nam
2138 2112 2262 2167 fecit
2301 2110 2647 2179 homicidam,
2683 2109 2868 2180 utique
2899 2107 3220 2180 periturum,
3251 2105 3356 2160 nisi
3395 2104 3439 2158 si
3474 2120 3572 2174 po-

1971 2202 2132 2272 pulus
2159 2201 2292 2256 nihil
2312 2199 2538 2272 deliquit
2562 2201 2616 2255 in
2656 2198 2948 2254 Christum.
2981 2197 3086 2252 Sed
3126 2193 3374 2266 expedita
3403 2193 3573 2248 virtus

1969 2290 2208 2346 veritatis
2255 2290 2439 2361 paucis
2476 2295 2639 2344 amat.
2669 2287 2836 2344 Multa
2865 2285 3141 2344 mendacio
3171 2290 3330 2339 erunt
3375 2296 3570 2338 neces-

1969 2380 2130 2435 saria.

2526 2506 2752 2564 CAPUT
2779 2505 3003 2563 XXIX.

2036 2635 2321 2700 Caeterum,
2373 2633 2519 2706 ipsas
2548 2649 2767 2706 quoque
2810 2633 3100 2687 antitheses
3140 2626 3428 2685 Marcionis
3478 2642 3574 2682 co-

1966 2724 2144 2780 minus
2199 2723 2532 2790 cecidissem,
2568 2722 2613 2778 si
2650 2721 2970 2794 Operosiore
2997 2717 3362 2777 destructione
3391 2733 3574 2771 earum

1965 2820 2150 2885 egeret
2178 2812 2418 2869 defensio
2447 2812 2718 2868 Creatoris
2756 2820 2866 2867 tam
2897 2809 3024 2867 boni
3052 2822 3216 2880 quam
3245 2815 3299 2865 et
3341 2805 3569 2876 judicis,

1969 2901 2262 2957 secundum
2299 2901 2582 2972 utriusque
2629 2901 2798 2972 partis
2835 2908 2889 2956 et
2917 2898 3165 2972 exempla
3216 2895 3573 2970 congruentia

325 2971 489 3069 Iﬁuuc
516 2981 570 3027 et
612 2974 675 3026 de
717 2976 1119 3049 pusillitatibus,
1153 2991 1205 3038 et
1254 2984 1702 3058 malignitatibus,
1748 3005 1850 3046 cae-
1885 3002 1926 3079 ε
1955 2989 2092 3058 DeO,
2122 2998 2182 3044 ut
2209 2989 2566 3047 Ostendimus-
2594 2971 2755 3057 Ωιιοά
2784 2989 2830 3044 εί
2861 2971 3091 3060 ιιιτδειιιέ
3136 3004 3264 3058 Pars
3315 2984 3575 3079 bonitatis

251 3060 503 3131 terisque
545 3067 700 3133 uotis,
744 3072 800 3120 et
854 3066 968 3139 ipse
1017 3069 1270 3126 adversus
1337 3074 1660 3132 Marcionem
1707 3082 1847 3136 anti-

250 3149 448 3204 theses
487 3151 695 3207 aemulas
732 3153 941 3210 faciam.
985 3157 1042 3211 Si
1071 3159 1337 3230 ignoravit
1363 3163 1512 3220 Deus
1549 3183 1701 3222 meus
1733 3185 1851 3225 esse

240 3236 421 3292 alium
451 3254 614 3310 super
639 3257 715 3308 se,
748 3243 910 3298 etiam
959 3254 1080 3301 tuus
1109 3249 1326 3306 omnino
1372 3267 1481 3308 non
1529 3255 1682 3310 scivit
1727 3273 1849 3315 esse

241 3325 419 3380 alium
452 3325 594 3382 infra
630 3345 707 3384 se.
755 3331 910 3401 Quod
939 3335 1079 3390 enim
1108 3336 1182 3392 ait
1229 3340 1527 3400 Heraclitus
1572 3344 1663 3402 ille
1701 3353 1849 3404 tene-

240 3414 445 3470 brosus
484 3417 640 3487 (75),
669 3421 856 3476 eadem
895 3423 980 3480 via
1009 3442 1224 3482 sursum
1255 3440 1308 3484 et
1354 3431 1635 3493 deorsum.
1678 3437 1850 3492 Deni-

245 3519 358 3575 que
385 3503 432 3558 si
459 3520 572 3560 non
601 3505 925 3581 ignorasset,
947 3521 997 3568 et
1027 3515 1096 3569 ab
1125 3515 1278 3574 initio
1307 3518 1356 3574 ei
1378 3523 1718 3579 occurrisset.
1741 3526 1850 3582 De-

241 3592 437 3648 lictum
479 3605 533 3652 et
575 3605 840 3664 mortem,
881 3611 936 3657 et
978 3601 1154 3671 ipsum
1197 3614 1474 3665 auctorem
1514 3611 1695 3669 delicti
1739 3615 1852 3669 dia-

245 3681 462 3755 bolum,
495 3692 550 3740 et
584 3702 746 3743 omne
793 3690 1013 3758 malum,
1044 3695 1189 3764 quod
1227 3696 1278 3736 79
1306 3698 1450 3756 Deus
1478 3716 1634 3757 meus
1662 3720 1853 3775 passus

246 3781 330 3862 est
369 3788 489 3829 esse
523 3791 539 3843 ;
581 3775 687 3831 hoc
736 3787 792 3832 et
822 3785 967 3846 tuus,
1007 3782 1098 3854 qui
1156 3783 1309 3841 illum
1345 3787 1456 3860 pati
1496 3807 1690 3862 passus
1745 3804 1846 3851 est.

247 3861 478 3916 Mutavit
523 3865 824 3922 sententias
864 3885 992 3925 suas
1038 3871 1185 3928 Deus
1232 3883 1438 3931 noster.
1483 3861 1716 3936 Proinde
1743 3898 1850 3952 qua

241 3963 296 4006 et
325 3963 534 4009 vester.
566 3953 671 4023 Qui
704 3956 845 4010 enim
879 3975 1052 4031 genus
1104 3962 1395 4019 humanum
1435 3975 1539 4022 tam
1589 3984 1710 4026 sero
1756 3987 1845 4027 re-

237 4043 448 4112 Spexit,
478 4059 599 4098 eam
636 4048 956 4102 sententiam
986 4051 1228 4116 mutavit,
1263 4068 1384 4123 qua:
1414 4062 1560 4112 tanto
1590 4073 1708 4114 aevo
1739 4075 1848 4116 non

238 4131 505 4200 respexit.
545 4132 807 4188 Poenituit
844 4136 898 4190 in
929 4137 1110 4210 aliquo
1148 4139 1318 4195 Deum
1348 4151 1611 4199 nostrum.
1648 4147 1754 4202 Sed
1793 4157 1848 4204 et

239 4227 510 4276 vestrum.
566 4223 649 4277 Eo
697 4223 839 4279 enim
887 4226 1029 4297 quod
1080 4231 1295 4285 tandem
1352 4231 1728 4293 animadvertit
1777 4237 1847 4292 ad

237 4309 488 4364 hominis
533 4311 782 4380 salutem,
829 4316 1200 4386 pcenitentiam
1247 4318 1690 4380 dissimulationis
1729 4327 1848 4397 pri-

237 4400 406 4454 stinae
433 4396 582 4466 fecit,
599 4400 834 4458 debitam
863 4404 1007 4460 malo
1035 4403 1198 4463 facto.
1217 4407 1384 4464 Porro
1424 4411 1622 4467 malum
1653 4412 1849 4470 factum

1959 3088 2118 3150 atque
2161 3078 2384 3148 iustitiae
2423 3078 2645 3148 dignam
2677 3077 3069 3148 plenitudinem
3106 3075 3399 3133 divinitatis
3435 3073 3558 3129 efﬁ-

1959 3168 2110 3224 ciunt
2162 3167 2342 3224 omnia
2391 3167 2643 3237 potentis,
2695 3165 3017 3237 compendio
3055 3164 3275 3220 interim
3330 3178 3552 3233 possum

1959 3257 2252 3313 antitheses
2295 3255 2603 3322 retudilsse,
2637 3254 2936 3325 gestientes
2979 3269 3046 3309 ex
3087 3251 3431 3324 qualitatibus
3479 3251 3556 3303 in-

1959 3347 2242 3420 geniorum
2272 3346 2386 3402 sive
2435 3346 2614 3417 legum
2644 3345 2757 3402 sive
2785 3345 3046 3402 virtutum
3088 3343 3414 3408 discernere,
3467 3348 3550 3395 at-

1959 3453 2062 3509 que
2089 3437 2163 3492 ita
2207 3437 2439 3492 alienare
2479 3437 2753 3492 Christum
2801 3453 2833 3490 a
2861 3436 3142 3502 Creatore,
3188 3439 3248 3490 ut
3285 3432 3551 3506 Optimum

1958 3543 1988 3582 a
2012 3528 2213 3597 judice,
2243 3534 2296 3582 et
2324 3527 2507 3582 mitem
2535 3543 2567 3581 a
2595 3528 2732 3591 fero,
2773 3533 2827 3582 et
2873 3525 3157 3580 salutarem
3186 3524 3253 3578 ab
3294 3522 3545 3579 exitiose.

1960 3616 2131 3690 Magis
2158 3632 2302 3672 enim
2340 3631 2434 3673 eos
2480 3617 2839 3689 conjunguut,
2870 3630 3006 3687 quos
3053 3615 3108 3670 iu
3151 3614 3230 3671 eis
3270 3611 3550 3669 diversita-

1961 3707 2104 3762 tibus
2151 3714 2355 3777 ponunt
2397 3722 2518 3778 quae
2566 3706 2683 3760 Deo
2727 3711 3056 3776 congruunt.
3106 3702 3278 3759 Aufer
3332 3701 3551 3757 titulum

1960 3795 2241 3853 Marcionis
2258 3795 2369 3866 (76)
2407 3803 2460 3850 et
2488 3793 2842 3850 intentionem
2871 3800 3032 3864 atque
3052 3792 3390 3863 prapositum
3420 3805 3551 3861 ope-

1961 3883 2033 3938 ris
2070 3885 2261 3955 ipsius,
2304 3891 2358 3939 et
2401 3883 2534 3939 nihil
2564 3883 2713 3938 aliud
2759 3891 2976 3952 praestat
3029 3883 3078 3920 δι
3109 3897 3268 3954 quam
3321 3882 3547 3936 demou-

1956 3973 2270 4029 stratiouem
2299 3973 2542 4042 ejusdem
2570 3971 2667 4028 Dei
2695 3971 2883 4043 Optimi
2913 3981 2965 4026 et
2993 3970 3192 4041 judicis
3226 3988 3237 4027 :
3271 3969 3399 4042 quia
3437 3970 3554 4024 haec

1884 4070 1928 4146 ο
1961 4075 2070 4116 auo
2098 4061 2155 4114 in
2183 4060 2364 4116 solum
2392 4061 2569 4116 Deum
2597 4067 2932 4131 competunt.
2964 4059 3103 4113 Nam
3131 4068 3182 4114 et
3214 4058 3397 4129 ipsum
3428 4066 3552 4112 stu-

1960 4149 2106 4206 dium
2134 4149 2188 4202 in
2235 4148 2316 4202 eis
2359 4148 2622 4218 exemplis
2664 4148 2974 4218 opponendi
3018 4147 3291 4203 Christum
3330 4146 3548 4201 Creato-

1959 4241 2022 4306 ri,
2048 4239 2112 4292 ad
2144 4237 2404 4293 unitatem
2431 4234 2607 4292 320
2633 4237 2805 4310 magis
2832 4244 3058 4307 spectat.
3081 4236 3235 4292 Adeo
3265 4236 3404 4290 enim
3437 4235 3552 4305 ipsa

1959 4335 2014 4383 et
2041 4341 2147 4382 una
2189 4331 2305 4380 erat
2349 4323 2646 4378 substantia
2693 4322 3056 4379 divinitatibus
3083 4322 3152 4387 33,
3185 4322 3327 4378 bona
3369 4330 3422 4376 et
3465 4336 3552 4376 se-

1959 4432 2104 4484 vera,
2142 4423 2195 4472 et
2233 4413 2440 4471 eisdem
2465 4410 2730 4482 exemplis
2758 4418 2812 4466 et
2848 4410 2902 4465 iu
2941 4410 3211 4466 similibus
3258 4425 3550 4481 argumen-

1641 4564 1831 4628 Varize
1875 4570 2184 4630 lectiones.

313 4684 376 4768 Ti
407 4686 881 4768 Cos_00§cibilique
907 4691 1029 4746 alii.
1074 4690 1124 4768 ἰς’
1150 4693 1344 4750 Judicii
1381 4697 1580 4754 Wouw.
1629 4697 1678 4735 ππ
1715 4699 1832 4755 Non
1875 4702 2046 4757 Seml.
2089 4703 2299 4758 Pamel.
2334 4701 2476 4757 enim
2507 4700 2691 4756 Latin.
2736 4695 2866 4768 quid

2895 4692 3038 4766 quod
3069 4706 3214 4748 nunc
3252 4691 3449 4766 Wouw.
3501 4689 3551 4766 ’ξε

241 4756 469 4812 Scilicet
497 4756 641 4834 Lat.
661 4756 976 4834 79‘0mnem
1013 4764 1211 4817 malum
1241 4781 1402 4834 quem
1423 4771 1545 4825 Lat.
1577 4771 1708 4827 Jun.
1739 4756 1992 4828 Samiam
2023 4756 2417 4830 NesCitXS'cml.
2440 4771 2654 4828 Pamel.
2688 4756 2887 4824 81'Non
2913 4756 3092 4822 inser.
3122 4763 3292 4821 Seml.
3329 4763 3545 4818 Pamel.

242 4833 302 4884 et
331 4830 846 4908 punctogdivt‘dunt
877 4842 1073 4908 vester.
1115 4830 1324 4908 ludam.
1355 4839 1405 4875 ⁸2
1434 4841 1581 4896 Meus
1609 4842 1762 4898 abest
1799 4846 1970 4898 Fran.
1999 4844 2049 4881 ⁸³
2079 4845 2137 4897 In
2169 4859 2234 4898 eo
2267 4845 2435 4900 Scml.
2469 4845 2519 4880 δτι
2551 4845 2811 4898 Praestare
2841 4838 3010 4897 Scml.
3041 4839 3190 4908 forte
3230 4841 3547 4905 prmstaret:

239 4907 466 4987 Ριζᾶῖξιδξ
496 4903 1237 4987 ϐεεοξθζῖέβςιᾳναῦηὴεηᾳῃί,
1256 4925 1424 4987 quam
1445 4911 1644 4970 deinde
1664 4915 1984 4985 amplcxatt'
2005 4918 2143 4972 sunt
2170 4918 2383 4974 Pamcl.
2418 4915 2872 4987 Rigaltj‘rancq.
2905 4903 3088 4966 Paris.
3138 4903 3346 4974 Venet,
3377 4922 3546 4979 prmi-

244 4970 385 5026 tabit
422 4973 554 5026 Jun.
586 4973 636 5010 ⁸⁵
674 4970 985 5029 Diviuitatis
1013 4970 1430 5049 conjicrl‘lhen.

1653 5107 2154 5174 Commentarius.

313 5228 432 5298 (75)
449 5233 772 5288 Heraclitus
801 5233 900 5287 ille
923 5234 1268 5291 tenebrosus.
1295 5237 1696 5293 Obscuritatem
1717 5239 1847 5293 affe-

244 5301 404 5353 ctavit
448 5303 590 5356 adeo
650 5304 1008 5373 phiIOSOphus
1066 5306 1171 5371 ille,
1233 5319 1288 5360 ut
1354 5309 1480 5364 inde
1531 5310 1850 5365 tenebrosus

369 5375 613 5447 exoravi);
643 5375 896 5447 audierit.
919 5379 1094 5447 Atque
1125 5378 1290 5433 etiam
1331 5379 1644 5437 imminente
1675 5389 1851 5437 morte

248 5443 382 5496 illud
421 5446 682 5522 loquendi
713 5461 917 5522 genus
939 5443 1179 5514 retinuit,
1224 5449 1363 5505 Cum
1395 5451 1536 5505 enim
1585 5468 1726 5522 aqua
1761 5453 1851 5508 in-

248 5523 459 5570 tercute
484 5516 816 5590 et‘hydrope
848 5516 1142 5587 laboraret,
1197 5521 1501 5578 sciscitatus
1543 5516 1652 5577 est'
1674 5523 1851 5578 medi-

249 5600 340 5643 cos
365 5602 434 5644 an
460 5587 597 5647 artis
614 5587 1048 5650 Suae—industria
1087 5609 1154 5651 ex
1189 5592 1364 5652 imbre
1413 5591 1714 5651 siccitatem
1767 5594 1850 5650 fa-

1956 5257 2080 5296 cere
2111 5251 2344 5309 possent.
2379 5241 2503 5295 Haec
2532 5239 2692 5295 refert
2724 5241 2981 5304 Laertius,
3017 5240 3110 5296 lib.
3137 5255 3216 5294 ix.
3263 5239 3337 5293 LE
3369 5240 3464 5293 Pa.

2033 5313 2145 5383 (76)
2170 5316 2352 5390 Aufer
2381 5312 2521 5368 titul
2530 5330 2625 5390 ima
2650 5314 2964 5390 Marcionis.
2978 5311 3550 5390 Scripseraténtithe-

1963 5381 2050 5440 ses
2094 5381 2429 5460 seu‘librum
2466 5385 2565 5438 sub
2614 5387 2717 5460 hoc
2743 5385 2923 5460 _titulo_
2953 5383 3232 5460 _Ponticus
3286 5381 3382 5460 ille
3409 5399 3422 5434 :
3458 5382 3555 5434 has

1964 5471 2086 5530 cum
2118 5455 2249 5530 satis
2295 5457 2643 5530 impugnasse
2672 5455 2884 5530 videtur
2913 5455 2999 5509 hic
3021 5456 3290 5530 _scrip_tor,
3335 5455 3408 5504 ait
3439 5466 3554 5530 "au-

1963 5525 2210 5582 ferendas
2269 5521 2410 5594 esse,
2447 5521 2605 5582 'dum
2661 5525 2876 5584 titulum
2942 5521 3293 5582 auferendum
3347 5521 3551 5578 scribit.

1963 5596 2046 5652 In.
3455 5620 3457 5622 ·
3550 5633 3555 5635 Α
