4032 6152
453 351 556 412 347

1141 343 1574 403 TERTULLIANI
1611 342 1880 403 OPERUM
1920 342 2086 404 PARS
2126 342 2192 401 ll.
2233 373 2306 383 —
2343 338 2570 400 SERIES
2609 339 2649 409 Ι,
2697 338 3044 397 POLEMICA.

3639 334 3747 394 348

449 479 540 544 tis,
578 485 638 531 ut
674 475 968 532 bonitatem
995 488 1144 529 suam
1172 470 1401 529 voluerit
1449 471 1756 535 ostendere,
1808 470 1860 524 in
1908 469 2037 540 qui-
2073 484 2118 561 Α
2149 468 2282 524 etin
2313 469 2416 523 hoc
2455 482 2549 536 per
2593 465 2712 520 illas
2759 467 2931 520 Deum
2979 481 3160 520 m:um
3211 466 3460 529 zelotem,
3495 463 3584 535 qui
3656 479 3748 518 res

449 567 555 626 bus
627 565 962 637 prmmiserat
1036 561 1394 617 severitatem.
1464 559 1603 629 Quia
1675 575 1773 615 nec
1843 559 2039 613 mirum

451 656 552 712 erit
577 657 627 695 ⁸6
673 653 960 709 diversitas
991 650 1318 721 temporalis,
1364 649 1409 704 si
1441 651 1636 720 ‘postca
1682 651 1828 703 Deus
1859 648 2043 703 mitior

453 761 551 816 pro
598 745 755 800 rebus
801 740 1073 806 edomitis,
1119 740 1211 809 qui
1258 748 1400 794 retro
1432 738 1697 795 austerior
1743 754 1841 808 pro
1889 738 2044 792 indo-

453 833 615 890 mitis.
648 833 724 886 Ita
755 848 846 901 per
877 831 1171 884 antitheses
1220 827 1430 882 facilius
1478 827 1692 881 ostendi
1742 837 1918 898 potest
1948 841 2043 880 or-

451 922 520 977 do
549 921 817 976 Creatoris
862 937 892 974 a
938 918 1150 972 Christo
1193 916 1516 972 reformatus
1565 925 1618 970 et
1671 931 2038 986 repercussus,

451 1020 503 1064 et
543 1009 782 1066 redditus
832 1008 1007 1078 potius
1047 1023 1209 1077 quam
1258 1007 1524 1073 exclusus,
1557 1021 1678 1060 cum
1725 1005 1772 1042 ⁸7
1815 1021 2042 1074 praeser-

453 1099 546 1152 tim
572 1099 744 1152 Deum
775 1107 924 1152 tuum
971 1095 1038 1149 ab
1078 1093 1226 1148 omni
1276 1101 1421 1147 motu
1459 1092 1724 1146 amariore
1767 1107 2038 1152 secernas,

451 1187 635 1259 utique
664 1195 718 1241 et
765 1187 832 1240 ab
863 1185 1201 1239 aemulatione
1244 1182 1516 1238 Creatoris
1563 1179 1782 1235 scilicet.
1831 1183 1966 1235 Nam
1997 1181 2045 1235 si

453 1275 524 1328 ita
568 1281 670 1340 est,
709 1273 986 1345 quomodo
1033 1287 1155 1326 eum
1205 1270 1502 1325 antitheses
1550 1269 1790 1341 singulas
1839 1269 2046 1339 species

451 1363 722 1419 Creatoris
763 1361 1075 1417 aamulatum
1122 1359 1512 1422 demonstrant,
1561 1372 1850 1429 agnoscam
1881 1358 2046 1429 igitur

2153 573 2278 612 suas
2334 554 2669 611 arbustiores
2726 554 2780 609 in
2831 554 3140 624 primordiis
3195 556 3334 609 bona
3395 561 3450 607 et
3502 551 3748 608 rationali

2151 644 2492 700 aemulatione
2538 641 2860 696 maturitatis
2899 642 3271 714 prrecuraverit
3306 642 3418 710 (Π)
3458 655 3554 695 suo
3590 641 3736 709 jure.

2157 737 2325 806 Cujus
2364 735 2662 789 antitheses
2701 733 2863 788 etiam
2902 723 3018 804 ipse
3064 732 3299 786 mundus
3334 732 3456 801 ejus
3493 739 3749 802 agnoscet

2151 843 2216 882 ex
2248 825 2716 881 contrarietatibus
2745 823 3154 891 elementorum,
3188 838 3400 876 summa
3447 831 3622 875 tamen
3651 835 3745 875 ra-

2151 915 2294 970 tione
2325 915 2651 968 modulatus.
2704 911 3099 980 Quamobrem,
3153 908 3749 967 inconsiderantissime

2151 1003 2404 1069 Marcion,
2451 1002 2614 1056 alium
2661 1003 2838 1056 Deum
2888 1002 3027 1056 lucis
3083 1000 3392 1055 ostendisse
3433 999 3743 1061 debueras,

2152 1093 2310 1145 alium
2352 1107 2480 1146 vero
2519 1092 2880 1158 tenebrarum,
2910 1103 3017 1159 quo
3057 1088 3265 1142 facilius
3312 1088 3475 1142 alium
3525 1085 3745 1142 bonita-

2153 1181 2240 1245 tis,
2271 1181 2435 1234 alium
2466 1180 2764 1235 severitatis
2794 1181 3176 1250 persuasisses.
3213 1179 3479 1233 Caeterum
3498 1175 3614 1244 ejus
3645 1176 3750 1230 erit

2156 1269 2454 1334 antithesis,
2485 1269 2640 1338 cujus
2667 1277 2747 1322 est
2772 1268 2826 1322 in
2858 1269 3086 1324 mundo.

1830 1483 2019 1546 Varia:
2062 1487 2373 1547 lectiones.

522 1593 573 1630 86
590 1592 720 1647 Erat
751 1593 922 1650 Seml.
958 1591 1170 1648 Pamcl.
1193 1591 1244 1627 37
1267 1591 1399 1645 Cum
1429 1592 1616 1647 omitt.
1640 1590 1852 1645 Pa-mel.
1880 1592 2049 1646 Seml.

1842 1686 2338 1752 Commentarius.

525 1797 888 1890 (77‘).Qu£'_res
908 1811 1042 1890 sua's
1064 1794 1416 1890 ⁸ιςνιηιδιίοζθδ
1439 1794 1535 1890 ’ἐπι
1547 1793 1871 1874 primordiis
1903 1795 2043 1890 bortft
2077 1814 2120 1890 Β
2151 1795 2306 1890 enim‘
2335 1794 2509 1890 (sifuti
2555 1803 2701 1851 recte
2747 1795 3042 1890 adnotavitr
3066 1794 3355 1875 Rhenanus
3400 1791 3468 1845 ad
3511 1807 3681 1890 marg.
3724 1795 3748 1844 1

453 1873 510 1923 et
539 1867 811 1922 rationali
847 1866 1212 1936 rentulatione
1234 1866 1586 1936 artat-ztritatts
1605 1867 2040 1936 prwcuravert‘t.

452 1938 553 2004 Qui
576 1952 660 1990 res
681 1952 805 1990 suas
825 1935 1153 1990 arbustiores
1176 1935 1571 2005 praecuraverit,
1597 1935 1698 1990 hoc
1728 1943 1827 2001 est,
1861 1938 2044 1992 robus-

453 2012 634 2062 tiores.
669 2006 771 2074 Qui
811 2005 1015 2061 scilicet
1046 2022 1152 2078 non
1184 2007 1426 2061 surculos
1453 2006 1790 2078 depanxerit,
1821 2007 1911 2062 sed
1932 2008 2044 2077 jam

454 2079 699 2144 arbusta,
734 2091 905 2146 eaque
925 2077 1245 2141 arbustiora,
1269 2080 1373 2134 hoc
1402 2085 1505 2142 est,
1525 2077 1638 2146 jam
1658 2079 1903 2149 grandia,
1922 2095 2043 2148 quae

455 2149 683 2203 fructum
710 2150 989 2217 proferunt
1012 2149 1274 2205 maturius
1295 2149 1406 2206 sive
1427 2149 1657 2204 celerius
1684 2150 1853 2206 multo
1880 2167 2042 2220 qttam

455 2220 673 2276 surculi.
728 2222 848 2274 Bia.
906 2249 978 2260 -—
1020 2221 1256 2292 Elegans
1307 2222 1659 2292 metaphora;
1717 2221 2042 2276 arbustiores

466 2353 502 2366 υ

2152 1867 2307 1935 edit.)
2341 1866 2552 1922 videtur
2579 1882 2838 1936 usurpare
2867 1881 2964 1936 pro
3008 1866 3328 1936 ferociores,
3369 1873 3581 1936 sumpta
3626 1878 3752 1936 me-

2153 1932 2381 2008 taphora
2411 1939 2475 1991 ab
2506 1932 2739 1992 arbustis
2787 1932 3198 2008 luxuriantibus.
3235 1932 3565 1990 Arbustandi
3604 1934 3754 2008 enim

2151 2005 2317 2065 verbo
2345 2009 2512 2063 utitur
2538 2009 2696 2063 etiam
2737 2007 2961 2063 Plinius.
2997 2008 3251 2078 Alioquin
3285 2013 3584 2078 putaretur
3620 2005 3747 2072 (sed

2153 2095 2260 2135 non
2309 2082 2475 2150 recte)
2528 2079 2812 2150 legendum
2865 2076 3222 2135 austeriofes.
3283 2076 3758 2150 Comparationem

2152 2159 2332 2206 autem
2373 2147 2498 2205 facit
2551 2147 2872 2206 maturitatis
2918 2149 3055 2205 Novi
3109 2147 3430 2204 Testamenti
3476 2147 3540 2202 ad
3589 2163 3755 2202 acer-

2152 2223 2374 2277 bitatem
2407 2223 2630 2280 Veteris.
2662 2223 2804 2277 PAM.

1648 2496 1972 2584 LIBER
2061 2495 2566 2586 TERTIUS.

879 2779 1060 2836 320
1081 2779 1594 2837 ARGUMENTUM.

525 2873 567 2926 Ι.
599 2872 816 2928 Librum
846 2874 988 2927 hunc
1017 2869 1237 2926 tertium
1266 2870 1520 2926 adversus
1550 2871 1876 2926 Marcionem
1907 2870 2047 2927 scri-

458 2969 648 3034 pturus
693 2961 760 3015 de
794 2959 1026 3024 Christo,
1069 2958 1335 3029 imprimis
1384 2959 1653 3014 Christum
1685 2974 1791 3013 non
1829 2959 2047 3013 alterius

458 3049 558 3106 Dei
586 3047 1012 3122 intelligendum,
1048 3064 1209 3119 quam
1260 3048 1548 3113 Creatoris,
1581 3047 1898 3116 praescribit,
1931 3055 2045 3102 tum

2227 2783 2341 2839 VII.
2375 2783 2633 2839 Convinci
2664 2791 2843 2838 autem
2875 2791 3132 2855 utrosque
3163 2781 3380 2837 duobus
3427 2780 3623 2836 Christi
3657 2781 3764 2834 ad-

2156 2873 2429 2942 ventibus,
2464 2873 2722 2945 duplicia
2774 2873 3046 2945 prophetis
3095 2871 3282 2926 habitu
3323 2871 3763 2939 demonstratos;

2155 2977 2384 3033 quorum
2414 2964 2670 3034 priorem,
2711 2961 3080 3018 obscuriorem
3111 2969 3162 3016 et
3206 2960 3584 3032 indigniorem,
3609 2959 3766 3016 intel-

2156 3049 2325 3122 ligere
2354 3059 2405 3106 et
2433 3053 2654 3107 credere
2675 3067 2781 3105 non
2816 3057 3127 3120 potuerunt.

455 3139 602 3209 quod
631 3121 1066 3210 praecedentibus
1094 3135 1245 3192 libris
1291 3135 1712 3192 determinatam
1754 3137 1842 3209 sit,
1889 3137 2048 3194 alium
2081 3121 2124 3198 c
2205 3121 2364 3197 CVIII.
2398 3142 2640 3196 Posditec
2667 3139 2927 3196 adversus
2956 3138 3295 3194 Marcionitas
3325 3147 3376 3194 et
3407 3138 3539 3194 ali05
3601 3138 3765 3208 ipso-

453 3229 626 3284 Deum
656 3244 764 3285 non
794 3227 1126 3283 credendum
1177 3243 1339 3296 quam
1367 3229 1713 3293 Creatorem;
1750 3234 1860 3282 tum
1909 3226 2048 3298 quod

454 3319 709 3388 probetur
737 3316 1154 3388 apostolicarum
1184 3323 1236 3370 et
1281 3316 1654 3372 haereticarum
1702 3315 2051 3371 ecclesiarum

455 3423 696 3474 recensu,
748 3406 898 3461 nulla
943 3405 1267 3460 mentionem
1317 3403 1542 3460 alterius
1573 3403 1669 3459 Dei
1717 3406 1808 3458 aut
1852 3404 2050 3460 Christi

453 3495 704 3568 agitatam
744 3501 869 3549 ante
895 3494 1207 3550 scandalum
1237 3492 1543 3549 Marcionis.

527 3585 600 3639 II.
633 3583 842 3640 Deinde
873 3592 1190 3654 suspectum
1221 3598 1361 3650 esse,
1393 3582 1536 3654 quod
1581 3590 1688 3638 tam
1736 3581 1914 3637 subito
1964 3598 2052 3636 ve-

455 3673 594 3728 nerit
622 3673 869 3730 Christus
917 3672 1227 3735 Marcionis,
1268 3681 1557 3743 antequam
1608 3672 1760 3726 Pater
1803 3671 1869 3726 de
1918 3671 2052 3727 Filio

457 3769 765 3828 testaretur,
793 3760 1009 3814 mittens
1033 3762 1102 3814 de
1132 3761 1320 3815 misso.

525 3851 616 3906 III.
650 3851 836 3919 Neque
857 3866 984 3906 vero
1015 3850 1285 3917 sufﬁcere,
1319 3851 1464 3922 quod
1495 3867 1553 3906 se
1581 3851 1774 3906 Filium
1804 3850 1902 3906 Dei
1935 3865 2052 3921 pro-

456 3939 675 3994 baturus
705 3946 851 3994 esset
880 3937 990 4009 'per
1034 3938 1354 4004 documenta
1397 3939 1698 4006 virtutum;
1745 3945 1856 3994 tum
1901 3938 2050 4009 quod

457 4026 794 4083 temerariam
821 4027 1099 4098 signorum
1148 4025 1310 4082 fidem
1341 4027 1458 4098 ipse
1489 4027 1735 4084 Christus
1780 4027 2048 4095 ostendat,

457 4117 620 4174 etiam
653 4116 798 4187 apud
852 4115 1358 4187 pseudOprOphetas
1404 4115 1728 4180 facillimam,
1759 4124 1871 4171 tum
1902 4117 2051 4187 quod

457 4207 677 4262 Creator
699 4205 812 4275 jam
861 4211 984 4259 ante
1024 4205 1195 4270 illum,
1229 4213 1282 4260 et
1312 4221 1405 4276 per
1447 4205 1679 4261 famulos
1711 4221 1843 4262 suos
1871 4206 2049 4261 virtu-

454 4303 537 4352 tes
566 4295 636 4350 sit
663 4301 938 4365 operatus.

527 4383 618 4439 IV.
653 4382 711 4438 Si
759 4389 935 4440 autem
969 4389 1089 4450 post
1134 4382 1466 4451 Creatorem,
1515 4380 1667 4437 illum
1723 4380 2046 4438 emendatu-

455 4489 568 4540 rus,
600 4470 872 4528 revelatus
899 4471 970 4526 sit
995 4472 1243 4527 Christus
1280 4472 1613 4544 Marcionis;
1645 4472 1905 4530 debuisse
1933 4489 2047 4529 non

453 4567 598 4627 ante,
633 4559 727 4615 sed
755 4568 879 4630 post
907 4559 1177 4615 Christum
1208 4560 1476 4617 Creatoris
1510 4561 1754 4628 revelari,
1779 4561 1857 4616 uti
1889 4563 2050 4618 etiam

454 4650 603 4706 illum
634 4650 965 4705 emendaret.

522 4739 588 4795 ν.
617 4740 734 4794 Jam
764 4754 893 4794 vero
910 4739 1201 4809 Scripturis
1233 4739 1554 4809 probaturus
1591 4740 1867 4796 Christum
1899 4741 2055 4797 Crea-

455 4829 588 4884 toris
613 4827 807 4893 fuisse,
840 4830 997 4898 cujus
1028 4828 1316 4898 Scriptura:
1366 4829 1433 4882 ab
1479 4846 1543 4884 eo
1575 4829 1877 4900 adimplette
1921 4831 2048 4892 sint.

453 4915 726 4987 praefatur,
759 4915 892 4970 duas
920 4932 1110 4972 causas
1152 4916 1351 4989 eloquii
1392 4918 1696 4988 prophetici
1728 4919 2056 4974 adversariis

457 5005 870 5075 agnoscendas;
905 5022 1090 5071 unam,
1116 5021 1219 5078 qua
1269 5004 1445 5062 futura
1482 5007 1747 5062 interdum
1796 5023 1894 5078 pro
1941 5009 2055 5078 jam

453 5092 731 5151 transactis
776 5095 1198 5161 annuntiantur;
1248 5095 1426 5166 aliam,
1458 5113 1564 5168 qua
1611 5097 1868 5168 pleraque
1917 5095 2054 5167 figu-

459 5190 574 5238 rate
606 5184 1017 5253 portenduntur.

525 5272 620 5328 VI.
649 5273 838 5343 Itaque
864 5273 1145 5328 Judaicum
1173 5289 1412 5330 errorem
1444 5291 1542 5345 pro
1574 5275 1900 5331 Marcionitis
1949 5291 2056 5331 non

456 5361 652 5425 facere,
677 5361 769 5432 qui
799 5359 1075 5419 Christum
1105 5365 1389 5429 Creatoris,
1439 5374 1690 5434 tanquam
1736 5371 2054 5420 extraneum

455 5451 858 5522 interfecerint;
892 5459 1075 5519 utpote
1119 5469 1258 5523 quos
1288 5453 1440 5509 illum
1467 5453 1833 5526 ignoraturos.
1867 5455 2054 5526 Scrip-

456 5541 592 5595 turis
622 5538 783 5596 39I
836 5539 1154 5613 praedictum
1184 5543 1284 5612 sit;
1317 5542 1494 5614 idque,
1545 5554 1817 5616 quatenus
1868 5545 2052 5601 solum

459 5628 740 5688 hominem
768 5632 1189 5688 arbitrabantur.

2160 3246 2278 3285 rum
2335 3246 2582 3285 errorum
2631 3239 2893 3298 auctores,
2945 3229 3012 3284 ab
3060 3229 3306 3298 apostolo
3364 3228 3568 3283 Joanne
3618 3227 3769 3282 anti-

2161 3318 2392 3374 christos
2425 3319 2813 3389 pronuntiatos,
2860 3318 3132 3373 Christum
3159 3317 3405 3372 defendit
3432 3333 3557 3374 vere
3602 3326 3657 3371 et
3710 3316 3768 3370 in

2161 3422 2317 3461 carne
2364 3406 2596 3472 venisse,
2628 3407 2708 3462 vel
2756 3424 2818 3462 ex
2847 3421 2910 3461 eo
2959 3406 3104 3477 quod
3142 3404 3340 3476 alioqui
3392 3406 3551 3460 etiam
3597 3405 3768 3460 Chri-

2162 3494 2317 3549 stiani
2348 3494 2582 3550 nominis
2611 3493 2841 3560 fructus,
2878 3510 3022 3550 mors
3054 3494 3249 3550 Christi
3300 3493 3543 3567 neganda
3574 3495 3664 3559 sit,
3709 3504 3767 3551 et

2162 3582 2506 3638 resurrectio.

2233 3673 2330 3726 XI.
2363 3672 2550 3743 Neque
2597 3671 2700 3741 ipsi
2732 3671 3018 3745 suffragari
3041 3672 3265 3743 angelos
3293 3671 3581 3739 Creatoris,
3606 3673 3766 3741 quasi

2160 3760 2234 3815 illi
2279 3762 2333 3814 in
2383 3762 2753 3830 phantasmate
2799 3761 3058 3832 putativte
3113 3760 3291 3815 carnis
3355 3760 3567 3832 egerint
3612 3760 3764 3829 apud

2162 3851 2428 3904 Abraham
2474 3858 2527 3905 et
2563 3850 2696 3914 Lot;
2737 3857 2789 3905 et
2837 3858 3012 3904 tamen
3053 3865 3181 3905 vere
3221 3848 3330 3904 sint
3377 3849 3660 3922 congressi
3708 3858 3766 3903 et

2161 3939 2298 4012 pasti
2323 3958 2336 4005 ;
2371 3940 2515 4011 quod
2535 3941 2600 3995 ad
2627 3939 2966 3996 moriendum
2998 3955 3096 4013 pro
3125 3939 3282 3996 nobis
3311 3955 3421 3996 non
3451 3949 3629 3996 essent
3650 3939 3767 3994 dis-

2161 4029 2346 4100 positi.

2231 4119 2305 4173 X.
2335 4117 2393 4173 Si
2417 4127 2592 4174 autem
2625 4133 2842 4175 carnem
2875 4118 3121 4174 Christus
3169 4126 3431 4190 tanquam
3481 4117 3766 4190 indignam

2161 4216 2478 4279 aspernatus
2551 4216 2671 4276 est,
2730 4206 3130 4278 dedignandam
3207 4207 3368 4264 etiam
3448 4207 3522 4262 illi
3595 4206 3766 4262 fuisse

2162 4296 2304 4353 illius
2359 4296 2677 4371 imaginem,
2707 4312 2771 4352 eo
2817 4298 2965 4369 quod
3008 4305 3210 4353 statum
3253 4305 3511 4368 sequatur
3559 4295 3764 4351 simili-

2163 4373 2318 4442 tudo.
2665 4387 2673 4396 ’
3403 4440 3410 4446 .

2229 4478 2326 4531 XI.
2351 4478 2416 4532 Et
2461 4491 2586 4532 vero
2635 4492 2739 4532 non
2788 4484 2928 4532 recte
2983 4476 3311 4531 Marcionem
3362 4475 3654 4545 putativam
3706 4476 3765 4530 in

2159 4566 2372 4622 Christo
2402 4566 2790 4637 corpulentiam
2821 4565 3140 4636 asseruisse,
3169 4581 3236 4619 ne
3277 4564 3604 4620 nativitatem
3641 4565 3768 4633 ejus

2162 4670 2457 4728 agnoscere
2494 4663 2810 4726 cogeretur;
2846 4655 2972 4726 quia
3004 4660 3217 4724 poterat
3255 4653 3417 4706 etiam
3465 4652 3767 4724 putativam

2162 4744 2312 4799 illam
2359 4743 2690 4798 nativitatem
2719 4743 3196 4809 accommodasse;
3230 4759 3457 4814 quarum
3508 4750 3766 4798 neutrum

2163 4842 2339 4886 tamen
2363 4831 2530 4901 possit
2557 4832 2869 4901 consistere,
2893 4849 2957 4888 eo
2978 4831 3119 4904 quod
3143 4833 3257 4886 Deo
3281 4833 3454 4904 magis
3475 4840 3771 4904 competat,

2162 4920 2382 4984 veritas,
2417 4937 2574 4990 quam
2606 4921 2962 4976 mendacium.

2239 5010 2351 5066 XII.
2385 5009 2529 5065 Nihil
2579 5011 2738 5065 etiam
2783 5010 2956 5066 facere
2995 5017 3183 5065 contra
3221 5009 3489 5065 Christum
3544 5011 3769 5066 Creato-

2165 5098 2257 5166 ris,
2292 5100 2437 5169 quod
2481 5099 2549 5153 ab
2586 5100 2725 5153 Isaia
2771 5101 3088 5156 Emmanuel
3133 5099 3406 5154 vocandus
3458 5100 3765 5170 scribatur;

2164 5203 2270 5258 quo
2302 5187 2518 5242 nomine
2548 5203 2657 5242 non
2688 5199 2770 5242 est
2817 5189 3027 5253 editus;
3069 5187 3195 5258 quia
3241 5185 3458 5247 sufﬁcit,
3507 5189 3659 5257 quod
3701 5189 3773 5242 si-

2164 5275 2522 5349 gniﬁcatione,
2557 5292 2663 5331 non
2694 5292 2850 5346 sono,
2882 5275 3167 5333 nobiseum
3211 5277 3358 5330 Deus
3381 5274 3542 5330 fuerit
3574 5275 3771 5332 Chris-

2166 5373 2275 5419 tus.

2237 5453 2382 5509 XIII.
2416 5455 2608 5526 Neque
2639 5455 2796 5508 etiam
2825 5470 2922 5524 per
2949 5453 3198 5510 virtutem
3240 5451 3504 5518 Damasci,
3536 5460 3591 5507 et
3639 5467 3779 5522 spo-

2165 5541 2240 5596 lia
2288 5543 2563 5612 Samaria),
2595 5552 2649 5599 et
2699 5560 2879 5615 regem
2949 5544 3292 5615 Assyriorum
3349 5545 3490 5613 (quae
3549 5543 3777 5598 Christo

2165 5632 2536 5689 accommodat
2563 5631 2763 5702 Isaias)
2796 5631 3114 5690 bellatorem
3147 5632 3295 5687 illum
3324 5630 3615 5703 portendi;
3671 5631 3776 5687 sed
