3980 6144
250 293 349 353 349

241 519 283 564 et
308 508 477 564 thure
504 516 871 565 munerantes.

293 596 448 653 XIV.
485 598 627 653 Nam
659 606 713 654 et
740 598 870 654 alibi
897 600 977 671 (in
1012 599 1237 657 Psalmis
1263 618 1459 675 nempe
1485 612 1538 660 et
1568 607 1839 678 Apocaly-

243 686 309 757 psi
330 686 598 756 Joannis)
624 686 855 761 ﬁgurate
876 703 1023 743 arma
1046 689 1239 746 bellica
1267 690 1479 749 Christo
1512 693 1728 749 ascribi.

299 778 415 832 XV.
474 778 832 849 Prosequitur
887 777 1166 848 deinceps,
1227 780 1428 837 Christi
1478 798 1673 838 nomen
1729 798 1837 840 non

245 878 543 938 mpetere
594 867 806 923 Christo
853 868 1175 939 Marcionis;
1208 878 1318 925 tum
1364 874 1510 943 quod
1557 875 1835 944 preprium

242 957 297 1011 sit
327 956 518 1023 unius,
554 964 610 1009 et
631 965 812 1012 tamen
846 957 1012 1013 etiam
1042 959 1319 1015 Creatoris
1348 958 1599 1017 Christus
1642 961 1695 1016 id
1728 977 1835 1017 no-

238 1044 665 1116 menhabuerit;
699 1053 811 1099 tum
842 1045 989 1117 quod
1011 1047 1141 1118 ungi
1172 1063 1280 1101 non
1304 1048 1559 1118 potuerit,
1591 1049 1682 1122 qui
1712 1065 1838 1105 cor-

236 1149 321 1204 pus
349 1148 465 1189 non
496 1133 712 1205 habuit,
755 1143 810 1190 et
851 1134 1076 1203 proinde
1105 1134 1372 1202 Christus,
1407 1136 1461 1191 id
1508 1144 1593 1192 est
1622 1147 1835 1207 unctus,

235 1222 406 1277 vocari
436 1222 597 1276 nullo
625 1221 788 1278 modo
821 1221 1018 1291 potuit.

292 1310 441 1367 XVI.
477 1311 655 1367 Multo
684 1312 859 1366 minus
886 1326 1080 1366 nomen
1126 1313 1276 1378 Iesu,
1306 1329 1464 1386 quem
1509 1313 1680 1370 Judaei
1726 1329 1839 1371 non

232 1407 569 1471 exspectant,
612 1407 668 1455 et
714 1400 926 1456 Christo
957 1399 1223 1456 Creatoris
1250 1404 1526 1472 competit,
1577 1419 1643 1459 eo
1689 1404 1838 1475 quod

231 1489 356 1542 nihil
382 1503 691 1544 commune
714 1503 837 1544 esse
865 1488 1056 1545 debeat
1088 1489 1299 1547 Christo
1326 1490 1553 1548 alterius
1584 1492 1683 1549 Dei
1715 1508 1837 1548 cum

232 1577 439 1632 Christo
470 1576 776 1633 Creatoris.

294 1667 475 1722 XVII.
517 1667 698 1721 Porro
736 1665 929 1720 iisdem
957 1682 1095 1738 pene
1125 1666 1326 1739 verbis,
1357 1666 1564 1737 eadem,
1594 1685 1715 1742 quae
1746 1686 1841 1726 su-

233 1771 327 1828 pra
352 1756 493 1811 libro
526 1757 800 1811 adversus
840 1755 1081 1821 Iudaeos,
1122 1755 1523 1828 Scripturarum
1555 1738 1712 1814 affert
1742 1768 1845 1817 tes-
1876 1738 1919 1814 Β

241 1844 452 1899 timonia
486 1845 562 1899 de
587 1844 997 1914 contemptibili.
1017 1844 1215 1900 Christi
1256 1845 1313 1900 in
1358 1847 1609 1917 passione
1637 1847 1840 1903 habitu.

320 1951 515 2005 Χγιιι.
544 1952 679 2006 Item
702 1958 757 2007 et
783 1950 851 2006 de
870 1950 1016 2006 exitu
1036 1951 1156 2021 ejus
1178 1968 1279 2023 per
1297 1954 1608 2025 passionem
1641 1954 1840 2021 crucis,

252 2055 315 2096 ex
344 2041 729 2096 Pentateucho.

308 2129 460 2183 XIX.
494 2131 631 2184 Item
664 2145 729 2185 ex
758 2128 986 2184 Psalmis
1014 2137 1067 2185 et
1096 2131 1405 2203 Prophetis,

300 2217 430 2272 XX.
482 2218 793 2287 Postremo,
837 2218 1031 2288 probat
1073 2218 1343 2274 Christum
1394 2220 1666 2276 Creatoris
1716 2235 1844 2277 vere

228 2308 509 2363 Christum
543 2308 736 2373 fuisse,
769 2307 914 2380 quod
938 2308 1004 2363 ad
1037 2307 1186 2363 illum
1207 2324 1485 2366 conversae
1517 2311 1625 2365 sint
1653 2326 1844 2367 omnes

224 2397 482 2452 nationes
548 2394 725 2453 322
782 2398 943 2464 juxta
1012 2396 1417 2469 praedictionem
1475 2398 1666 2465 David,
1724 2416 1844 2470 quae

231 2494 408 2540 tanien
460 2501 644 2557 neque
679 2484 747 2540 de
780 2484 895 2558 illo,
928 2500 1102 2558 neque
1139 2485 1208 2541 de
1246 2485 1358 2542 ﬁlio
1407 2488 1527 2557 ejus
1557 2485 1845 2545 Salomone

230 2574 403 2647 possit
436 2574 703 2647 intelligi.

291 2663 458 2720 XXI.
496 2663 719 2717 Etenim
749 2678 855 2719 non
881 2663 1192 2719 Iudaeorum
1222 2663 1402 2730 modo,
1437 2664 1532 2720 sed
1564 2672 1619 2720 et
1662 2666 1841 2721 natio-

228 2768 356 2807 num
404 2752 755 2809 vocationem
811 2751 880 2806 ad
921 2752 1193 2808 Christum
1242 2752 1545 2820 Creatoris,
1592 2754 1845 2826 pluribus

230 2842 522 2913 scripturis
546 2842 864 2912 prmdictum
893 2858 1035 2897 esse.

1464 298 1592 358 LIB.
1632 299 1704 359 lll
1743 301 1895 361 Αυν.
1940 303 2350 367 MARCIONEM.

242 418 455 490 ﬁgurari
484 435 672 491 magos
699 417 1024 489 Orientales,
1056 421 1325 479 Christum
1353 423 1407 480 in
1440 424 1660 481 infantia
1689 424 1835 497 fauro
1868 447 1911 522 Α

3434 313 3541 373 350

2461 436 2688 493 CAPUT
2727 436 3019 496 PRIMUM.

2019 520 2324 579 Secundum
2353 524 2575 597 vestigia
2617 525 2828 596 pristini
2877 528 3073 599 operis,
3104 530 3248 601 quod
3278 531 3535 585 amissum

1946 612 2243 668 reformare
2294 628 2723 685 perseveramus,
2761 615 2875 685 jam
2926 616 3051 672 hinc
3094 617 3227 673 ordo
3276 618 3343 674 de
3370 620 3534 674 Chri-

1948 707 2051 769 sto,
2087 701 2211 758 licet
2244 718 2309 757 ex
2340 703 2655 775 abundanti,
2708 714 2827 774 post
2856 707 3137 761 decursum
3166 705 3533 762 defensionem

1944 790 2117 846 unicae
2145 791 2465 847 divinitatis.
2502 792 2644 847 Satis
2665 793 2860 849 etenim
2886 795 3298 864 praejudieatum
3327 803 3409 850 est
3438 795 3536 867 (l).

1946 879 2212 935 Christum
2274 898 2379 937 non
2443 881 2660 938 alterius
2725 883 2825 937 Dei
2884 882 3313 956 intelligendum,
3373 899 3531 954 quam

1947 971 2228 1037 Creatoris,
2257 987 2376 1027 cum
2405 973 2818 1029 determinatam
2847 966 2975 1043 est,‘
2999 975 3165 1031 alium
3215 976 3387 1029 Deum
3433 990 3541 1030 non

1944 1059 2269 1116 credendum
2305 1070 2498 1132 praeter
2537 1064 2864 1134 Creatorem,
2913 1080 3073 1136 quem
3120 1063 3255 1119 adeo
3293 1063 3541 1119 Christus

1945 1147 2332 1218 praedicaverit,
2402 1156 2456 1204 et
2521 1149 2779 1221 deinceps
2846 1150 3083 1222 apostoli
3149 1167 3263 1207 non
3317 1151 3541 1207 alterius

1946 1236 2216 1291 Christum
2273 1237 2721 1304 annuntiaverint,
2781 1255 2943 1311 quam
2998 1242 3117 1309 ejus
3188 1240 3309 1309 Dei,
3376 1255 3541 1313 quem

1946 1325 2187 1380 Christus
2242 1326 2579 1395 praedicavit,
2650 1327 2701 1381 id
2760 1336 2842 1382 est
2918 1328 3207 1396 Creatoris,
3268 1337 3331 1386 ut
3397 1327 3543 1383 nulla

1946 1415 2413 1470 mentio'alterius
2461 1415 2576 1487 Dei,
2627 1424 2788 1487 atque
2835 1415 2908 1470 ita
2952 1433 3051 1472 nec
3079 1417 3298 1472 alterius
3346 1416 3545 1473 Christi

1945 1507 2144 1577 agitata
2172 1504 2241 1559 sit
2278 1515 2403 1559 ante
2433 1503 2745 1560 scandalum
2792 1504 3098 1561 Marcionis.
3136 1505 3409 1561 Facillime
3442 1508 3543 1562 hoc

1949 1593 2205 1664 probatur
2240 1592 2648 1662 apostolicarum
2696 1604 2752 1650 et
2779 1594 3155 1650 haereticarum
3184 1593 3536 1651 ecclesiarum

1950 1698 2208 1748 recensu;
2257 1682 2363 1737 illic
2412 1681 2619 1737 scilicet
2662 1683 3114 1753 pronuntiandam
3145 1683 3345 1755 regulae
3375 1682 3540 1739 inter-

1953 1770 2275 1837 versionem,
2308 1769 2399 1825 ubi
2420 1770 2705 1842 posteritas
2735 1769 3021 1838 invenitur,
3058 1772 3201 1843 quod
3228 1772 3389 1827 etiam
3418 1772 3536 1844 pri-

1952 1874 2041 1914 mo
2078 1859 2261 1914 libello
2295 1858 2510 1915 intexui.
2543 1858 2647 1916 Sed
2680 1866 2733 1913 et
2755 1874 2896 1914 nunc
2928 1859 3239 1930 congressio
3268 1860 3372 1914 ista
3400 1876 3545 1915 seor-

1951 1964 2044 2002 sus
2078 1949 2093 1985 ¹
2135 1947 2402 2004 Christum
2435 1949 2802 2003 examinatura
2839 1962 2903 2003 eo
2936 1950 3125 2018 utique
3166 1946 3435 2018 proficiet,
3467 1955 3543 2016 ut,

1953 2036 2078 2092 dum
2107 2037 2380 2093 Christum
2421 2036 2713 2107 probamus
2742 2034 3032 2101 Creatoris,
3058 2035 3135 2092 sic
3165 2051 3383 2109 quoque
3414 2037 3548 2091 deus

1953 2128 2268 2183 excludatur
2312 2126 2616 2183 Marcionis.
2658 2125 2824 2181 Decet
2853 2124 3125 2181 veritatem
3168 2126 3293 2181 totis
3344 2124 3549 2184 viribus

1950 2215 2027 2270 uti
2066 2216 2200 2287 suis,
2234 2232 2340 2270 non
2368 2222 2426 2270 ut
2453 2215 2781 2271 laborantem
2812 2214 2911 2287 (ρ).
2944 2214 3119 2273 3⁶ἒ3
3158 2216 3447 2281 Caeterum,
3481 2216 3540 2270 in

1951 2305 2419 2376 praescriptionum
2466 2303 2805 2374 compendiis
2856 2302 3040 2359 vincit.
3099 2304 3207 2360 Sed
3261 2304 3540 2361 decretum

1952 2403 2051 2466 est,
2102 2403 2159 2449 ut
2188 2395 2508 2466 gestientem
2563 2392 2764 2465 ubique
2800 2392 3116 2450 adversario
3145 2408 3451 2461 occurrere,
3485 2391 3539 2446 in

1952 2489 2158 2539 tantum
2204 2481 2422 2551 furenti,
2474 2491 2535 2538 ut
2581 2480 2786 2538 facilius
2826 2482 3233 2555 praesumpserit
3279 2498 3404 2539 eum
3450 2498 3541 2536 vr-

1952 2573 2100 2629 nisse
2130 2572 2418 2636 Christum,
2451 2571 2547 2644 qui
2579 2588 2852 2644 nunquam
2885 2572 2953 2627 sit
2982 2572 3350 2643 annuntiatus,
3382 2588 3543 2645 quam

1952 2678 2077 2719 eum
2103 2663 2195 2735 qui
2226 2678 2441 2734 semper
2466 2662 2535 2717 sit
2559 2661 2904 2734 praedicatus.

2578 2751 2802 2808 CAPUT
2842 2752 2906 2808 Il.

2024 2840 2159 2897 Hinc
2182 2839 2417 2913 denique
2456 2840 2679 2914 gradum
2724 2855 2950 2897 consero
2985 2841 3027 2906 2,
3060 2854 3129 2894 an
3159 2838 3410 2898 debuerit
3440 2847 3546 2894 tam

298 2932 494 2987 XXII.
526 2930 741 3003 Quippe
768 2947 889 2987 cum
918 2946 1026 2986 non
1056 2930 1303 2997 alterius,
1337 2933 1431 2987 sed
1462 2933 1711 3002 ejusdem
1744 2932 1841 2989 Dei
1871 2915 1915 2993 ο
1952 2929 2132 2985 subito
2180 2930 2407 2985 venisse.
2458 2929 2662 2997 Primo,
2693 2929 2819 3000 quia
2849 2939 2901 2985 ct
2940 2929 3056 3001 ipse
3102 2927 3200 2985 Dei
3232 2928 3316 2984 sui
3353 2927 3517 2984 Filius
3543 2947 3557 2993 ;

230 3019 633 3091 pradicatores
675 3019 974 3090 apostolos,
1006 3028 1060 3074 et
1087 3019 1278 3075 eadem
1306 3035 1434 3076 cum
1465 3020 1675 3076 Christo
1711 3037 1839 3091 pas-

237 3124 407 3165 suros
437 3120 549 3164 tam
597 3109 760 3180 ipsos,
795 3123 957 3181 quam
997 3125 1188 3167 omnes
1216 3108 1423 3175 ﬁdeles,
1455 3112 1841 3183 prophetatum

236 3200 328 3255 sit.

302 3289 523 3346 XXIII.
557 3287 1050 3356 Verumenimvero,
1096 3288 1222 3360 quia
1262 3303 1383 3343 cum
1432 3287 1639 3343 Judaeis
1668 3305 1839 3361 nega-

240 3381 335 3435 bat
389 3378 666 3433 Christum
731 3377 945 3434 venisse
998 3378 1254 3443 Marcion,
1336 3377 1571 3432 ostendit
1635 3379 1842 3435 exitum

236 3468 379 3538 (sive
434 3466 687 3537 exitium)
741 3468 1005 3539 ipsorum,
1063 3482 1227 3540 quem
1281 3467 1351 3521 ob
1408 3466 1731 3538 impietatem
1786 3467 1843 3521 in

236 3557 519 3613 Christum
570 3556 789 3613 relaturi
842 3555 1295 3628 praedicabantur,
1348 3558 1463 3627 jam
1508 3556 1841 3626 completum

236 3662 383 3702 esse.
417 3644 577 3713 Quot
608 3662 735 3701 vane
762 3645 936 3712 ﬁeret,
980 3644 1022 3700 si
1063 3652 1280 3716 propter
1324 3645 1596 3700 Christum
1628 3645 1723 3700 Dei
1753 3645 1841 3700 al-

236 3737 408 3792 terius
455 3737 511 3792 id
561 3742 884 3805 paterentur,
922 3734 1014 3806 qui
1057 3735 1129 3789 ab
1171 3734 1383 3790 aemulis
1421 3734 1582 3801 illius,
1638 3751 1835 3807 nempe

237 3825 606 3895 potestatibus
686 3823 976 3895 Creatoris,
1037 3823 1091 3878 in
1160 3839 1372 3880 crucem
1447 3833 1599 3880 actus
1653 3832 1836 3890 esset;

238 3930 416 3986 neque
447 3912 587 3968 enim
629 3913 805 3984 potuit
851 3912 1071 3969 Creator
1099 3912 1308 3981 ulcisci,
1342 3912 1445 3968 nisi
1494 3928 1650 3968 suum
1689 3912 1844 3971 Chri-

239 4013 405 4061 stum.

310 4093 524 4148 XXIV.
557 4090 801 4164 Denique
846 4090 1128 4148 occasione
1156 4091 1277 4161 ejus
1316 4090 1457 4162 quod
1491 4090 1726 4146 Marcion
1756 4092 1845 4147 di-

240 4184 421 4246 cebat,
461 4181 766 4239 restitutum
810 4181 873 4236 iri
903 4182 1142 4243 Iudaeam
1180 4197 1213 4235 a
1255 4182 1367 4236 Deo
1412 4196 1532 4247 suo,
1567 4181 1843 4237 remittens

242 4270 498 4327 lectorem
540 4271 607 4325 ad
657 4271 848 4327 librum
898 4270 1200 4326 Anvensus
1240 4271 1581 4324 MARCIONEM
1622 4268 1689 4323 de
1717 4269 1839 4325 sinu
1873 4306 1918 4382 Β

253 4359 478 4382 ιι.--ι-..
560 4370 603 4382 ,ι
666 4359 728 4382 -..Ι
790 4373 921 4382 ---η-
976 4375 1048 4382 _..
1101 4360 1206 4382 ("-—
1264 4358 1536 4382 Π....--.-..-
1578 4358 1640 4382 ιιΑ
1703 4357 1836 4382 ΔΞ-.-

239 4359 502 4430 Abrahae,
556 4370 608 4414 ct
664 4359 733 4414 ad
786 4373 925 4429 Opus
976 4375 1050 4414 ne
1101 4360 1207 4415 Ser.
1264 4358 1536 4414 FIDELIUM
1575 4358 1643 4411 de
1700 4357 1842 4415 dicta

242 4446 584 4502 restitutione
607 4448 826 4516 Judmae,
868 4447 970 4503 late
998 4446 1084 4502 hic
1111 4447 1272 4504 etiam
1305 4445 1643 4516 prosequitur
1670 4444 1838 4521 mille;

243 4537 524 4593 uariorum
568 4536 857 4603 somnium,
907 4537 975 4593 de
1019 4551 1126 4610 quo
1158 4535 1321 4591 latius
1382 4534 1528 4590 inter
1572 4534 1842 4605 paradoxa

245 4623 523 4681 Auctoris.

1952 3019 2051 3073 hoc
2097 3020 2239 3072 enim
2278 3016 2485 3073 ordinis
2522 3016 2696 3071 fuerat
2726 3018 2771 3086 3,
2837 3026 2896 3072 ut
2954 3025 3079 3073 arte
3136 3018 3293 3074 Pater
3347 3016 3539 3072 Filiuru

1952 3104 2320 3177 profiteretur,
2354 3120 2514 3176 quam
2545 3104 2752 3160 Patrem
2801 3104 3010 3171 Filius;
3043 3114 3097 3159 et
3139 3113 3262 3160 ante
3304 3106 3462 3161 Pater
3490 3105 3557 3161 de

1950 3194 2083 3250 Filio
2129 3200 2432 3259 testaretur,
2482 3208 2643 3264 quam
2682 3191 2851 3247 Filius
2894 3192 2964 3246 de
3012 3193 3190 3250 Patre.
3240 3193 3453 3247 Dehinc
3500 3200 3552 3246 ct

1948 3283 2075 3357 quia
2119 3284 2141 3321 ’t
2180 3282 2396 3353 missus,
2438 3291 2634 3353 praeter
2680 3280 2800 3335 Filii
2841 3295 3061 3336 nomen.
3108 3279 3341 3336 Proinde
3398 3280 3549 3335 enim

1947 3371 2290 3445 praecessisse
2336 3370 2593 3425 debuerat
2628 3368 2886 3425 mittentis
2933 3367 3291 3440 patrocinium
3338 3367 3397 3423 in
3468 3373 3551 3422 te-

1948 3462 2259 3518 stimonium
2313 3460 2482 3528 missi,
2533 3458 2658 3531 quia
2704 3473 2863 3514 nemo
2916 3458 3141 3513 veniens
3203 3473 3268 3512 ex
3318 3456 3546 3512 alterius

1949 3550 2281 3617 auctoritate,
2329 3548 2443 3621 ipse
2487 3565 2603 3604 eam
2644 3546 2742 3603 sibi
2792 3563 2861 3603 ex
2908 3562 3008 3602 sua
3049 3544 3405 3601 afﬁrmatione
3454 3545 3550 3601 de-

1951 3639 2137 3707 fendit,
2183 3639 2277 3693 sed
2310 3637 2377 3693 ab
2425 3638 2542 3709 ipsa
2587 3636 2806 3693 defendi
2855 3651 2916 3692 se
2960 3637 2984 3674 5
3015 3634 3192 3706 potius
3248 3642 3546 3705 exspectat,

1949 3737 2223 3799 prmeunte
2258 3733 2517 3800 suggestu
2573 3726 2712 3795 ejus,
2766 3724 2856 3795 qui
2894 3722 3272 3779 auctoritatem
3305 3728 3544 3793 praestat.

1950 3817 2237 3889 Caeterum,
2270 3830 2369 3871 nec
2390 3814 2555 3870 Filius
2578 3820 2923 3888 agnoscetur,
2954 3828 3115 3884 quem
3146 3825 3431 3881 nunquam
3462 3811 3559 3864 Pa-

1950 3915 2031 3961 ter
2067 3905 2439 3977 nuncupavit:
2488 3918 2587 3958 nec
2619 3902 2820 3957 missus
2871 3901 3145 3968 credetur,
3193 3915 3353 3971 quem
3404 3914 3549 3953 nun-

1950 4012 2107 4069 quam
2130 3995 2413 4051 mandator
2440 3991 2756 4064 designavit
2778 3993 2855 4063 (3)
2881 4010 2895 4060 ;
2930 3996 3338 4060 nuncupaturus
3368 3988 3547 4051 Pater,

1955 4094 2010 4141 et
2028 4084 2402 4160 designaturus
2428 4081 2728 4147 mandator,
2762 4080 2809 4134 si
2838 4079 3050 4136 fuisset.
3092 4078 3418 4149 Suspectum
3458 4077 3554 4131 ha-

1954 4174 2170 4230 bebitur
2206 4188 2388 4237 omne,
2434 4170 2578 4243 quod
2627 4166 2941 4224 exorbitarit
2982 4183 3013 4222 a
3066 4166 3292 4242 regula;
3340 4180 3555 4220 rerum-

1951 4278 2057 4337 que
2084 4262 2399 4335 principalis
2444 4258 2646 4332 gradus
2688 4272 2798 4311 non
2843 4256 2973 4312 sinit
3019 4254 3295 4326 posterius
3337 4252 3563 4326 agnosci

1952 4358 2172 4411 Patrem
2212 4360 2335 4423 post
2372 4347 2590 4415 Filium,
2640 4356 2694 4402 et
2733 4347 3103 4402 mandatorum
3149 4350 3272 4413 post
3318 4343 3549 4397 manda-

1950 4454 2101 4509 tum;
2132 4447 2185 4496 et
2204 4439 2479 4497 Christum
2498 4443 2624 4508 post
2644 4435 2840 4490 Deum.
2862 4433 3010 4488 Nihil
3037 4431 3249 4504 origine
3279 4447 3377 4487 sua
3404 4431 3552 4500 prius

1948 4543 2029 4587 est
2082 4532 2138 4585 in
2192 4527 2485 4602 agnitione,
2527 4523 2650 4596 quia
2698 4538 2797 4577 nec
2835 4524 2890 4576 in
2918 4519 3289 4591 dispositione.
3347 4518 3540 4574 Subito

1949 4620 2135 4684 Filius,
2166 4627 2218 4676 et
2261 4616 2441 4674 subito
2471 4612 2693 4680 missus,
2726 4619 2780 4667 et
2807 4609 2989 4667 subito
3033 4606 3278 4664 Christus
3299 4606 3327 4662 ?
3349 4604 3553 4676 Atquin

1629 4746 1822 4809 Variae
1866 4747 2180 4808 lectiones.

327 4856 341 4893 ¹
373 4856 631 4913 Seorsum
653 4856 706 4913 in
736 4859 901 4914 Seml.
933 4857 1145 4912 Pamel.
1178 4857 1201 4894 ²
1228 4855 1462 4911 Confero
1500 4855 1682 4912 Paris.
1719 4857 1886 4910 Fran.
1920 4852 2135 4909 Pamcl.
2178 4850 2202 4890 3
2228 4848 2412 4906 Fuerit
2440 4848 2609 4906 Scml.
2643 4847 2666 4885 τι
2696 4845 2812 4916 Qua
2843 4843 3012 4902 Seml.
3046 4841 3263 4898 Pamel.
3295 4838 3319 4878 5
3347 4836 3556 4897 Deice--

247 4928 463 4985 sionem
494 4930 669 4986 Seml.
699 4928 1016 4984 defensione
1044 4928 1259 4983 Pamel.

1657 5052 2165 5116 Commentarius.

263 5203 270 5210 '
325 5193 403 5261 (I)
439 5192 593 5249 Satis
621 5192 775 5248 enim
804 5190 1243 5262 prwjudicatum
1274 5195 1379 5262 est.
1406 5185 1581 5262 Libris
1608 5185 1850 5262 superio-

250 5259 404 5319 ribus
459 5264 591 5318 satis
635 5259 820 5334 aperte
869 5259 1288 5317 demonstratum
1325 5260 1597 5334 Christum
1655 5275 1682 5311 a
1734 5259 1849 5313 Deo

249 5334 509 5390 Creatore
566 5331 810 5400 missum,
870 5350 980 5389 non
1021 5340 1201 5390 autem
1267 5333 1430 5387 alium
1472 5345 1502 5385 a
1556 5331 1843 5395 Creatorc,

247 5408 411 5463 sicuti
440 5405 727 5461 somniavit
758 5405 1014 5462 Marcion.
1053 5406 1127 5459 LE
1161 5405 1254 5460 Pa.

316 5480 401 5547 (2)
432 5479 557 5535 Non
584 5482 652 5533 ut
680 5477 1049 5534 laborantem.
1085 5475 1321 5531 Laborat
1360 5474 1728 5547 veritasicum,
1752 5480 1848 5528 aut

244 5545 500 5625 {falsitate
544 5549 895 5625 Opprimitur.
952 5558 1044 5604 aut
1099 5548 1212 5603 veri
1256 5545 1841 5625 _specie__ohdncitur.

243 5620 529 5696 Contingit
554 5616 716 5679 etiam
746 5635 856 5679 non
881 5636 1023 5686 raro,
1065 5627 1126 5675 ut
1155 5617 1442 5678 veritatem
1471 5616 1654 5671 dicere
1694 5616 1846 5685 peri-

1957 5184 2202 5240 culosum
2240 5183 2308 5238 sit
2346 5187 2571 5257 propter
2597 5177 2913 5257 violentiam
2944 5184 2998 5233 et
3020 5173 3562 5257 impoteritiam'qu‘o-

1958 5257 2207 5329 rumdam
2232 5273 2247 5322 ;
2271 5246 2518 5329 quem-iu
2559 5269 2779 5307 sensum
2810 5248 3186 5329 Thucydides,
3337 5246 3555 5329 ισζιὶείξν

1958 5314 2327 5397 Ἀταλαίπῷρὸς
2371 5329 2403 5382 ἦ
2461 5327 2659 5394 ζήτησις
2715 5329 2800 5396 τῇς
2864 5314 3413 5397 ἀληόςίας-ἀὶχίι,“ἱὰ
3453 5319 3555 5380 est,

1962 5402 2123 5458 Caret
2146 5385 2331 5456 labore
2369 5385 2665 5472 inquisitio
2684 5385 3194 5472 ve'ritatis._Ln_Pn.
3225 5396 3278 5442 et
3307 5385 3446 5472 Epp.
3478 5471 3483 5472 γ
3543 5454 3553 5465 .

2030 5472 2107 5539 (3)
2169 5462 2462 5526 Mandatoi'
2533 5468 2867 5541 designavit.
2935 5462 3214 5541 Mandator
3283 5462 3390 5539 est,
3464 5462 3556 5526 qui

1957 5534 2154 5609 aliquid
2202 5541 2477 5610 agendum
2521 5534 2839 5601 committit;
2893 5534 3253 5592 mandatarius
3298 5534 3393 5599 qui
3423 5542 3553 5582 sus-

1957 5614 2105 5683 cipit.
2138 5612 2326 5668 RBEN.
