3980 6144
373 262 471 321 351

1046 260 1488 322 TERTULLIANI
1526 260 1796 323 OPERUM
1833 263 1997 323 PARS
2034 262 2106 323 II.
2146 291 2213 305 —
2250 259 2477 321 SERIES
2516 259 2558 329 l,
2602 259 2951 318 POLEMIGA.

3564 258 3672 317 352

374 388 506 444 nihil
549 393 733 457 putem
787 401 816 439 a
866 388 977 441 Deo
1027 384 1285 450 subitum,
1317 384 1443 455 quia
1481 384 1610 438 nihil
1643 401 1672 439 a
1710 386 1821 439 Deo
1852 400 1959 440 non
1990 399 2037 477 Α
2066 383 2151 458 gis
2196 381 2466 437 Christum
2524 394 2630 434 non
2684 395 2749 435 ex
2800 379 2932 435 solis
2986 377 3271 434 virtutibus
3332 376 3669 433 credendum

371 474 712 546 dispositum.
748 473 804 529 Si
833 482 1011 529 autem
1059 472 1408 544 diSpositum,
1452 489 1548 530 cur
1592 481 1644 529 et
1671 490 1780 528 non
1812 489 1956 543 prae-

305 564 316 575 ’
373 566 627 630 dicatum,
661 574 719 619 ut
747 564 962 635 probari
995 573 1176 633 posset
1211 573 1264 618 et
1308 562 1627 633 diSpositum
1662 579 1725 617 ex
1755 563 1961 633 praedi-

374 656 601 721 catione,
634 666 686 709 et
708 655 945 709 divinum
975 668 1041 707 ex
1072 652 1429 723 dispositione
1450 654 1477 705 ‘2
1506 654 1574 707 Et
1619 652 1802 720 utique
1834 660 1959 707 tan-

378 756 490 802 tum
520 760 677 815 opus,
711 744 856 815 quod
910 743 1107 798 scilicet
1165 745 1415 798 humanae
1446 741 1607 797 saluti
1652 744 1960 812 parabatur,

374 837 460 894 vel
489 846 714 891 eatenus
750 834 982 889 subitum
1015 847 1123 888 non
1150 832 1360 901 fuisset,
1383 848 1488 904 qua
1512 848 1610 904 per
1636 831 1799 887 fidem
1832 846 1964 901 pro-

376 925 633 980 futurum.
664 927 723 980 In
754 932 1011 995 quantum
1042 922 1184 977 enim
1218 922 1362 977 credi
1392 923 1619 977 habeth
1646 930 1702 975 ut
1732 921 1964 994 prodes-

379 1024 483 1082 set,
505 1014 556 1068 in
580 1023 780 1068 tantum
805 1022 1112 1084 paraturam
1133 1011 1492 1079 desiderabat,
1514 1020 1570 1066 ut
1590 1011 1734 1067 credi
1758 1017 1962 1079 posset,

377 1104 729 1158 substructam
760 1101 1121 1157 fundamentis
1148 1099 1513 1171 dispositionis
1542 1112 1596 1155 et
1625 1098 1968 1169 prmdicalio-

378 1191 499 1262 nis;
531 1206 639 1261 quo
676 1190 864 1245 ordine
912 1189 1046 1245 fides
1093 1189 1396 1257 informata,
1431 1188 1622 1244 merito
1665 1198 1718 1244 et
1762 1188 1969 1243 homini

374 1280 702 1335 indiceretur
737 1295 769 1333 a
798 1280 929 1343 Deo,
980 1288 1031 1333 et
1062 1281 1170 1333 Deo
1210 1278 1563 1333 exhiberetur
1591 1279 1657 1333 ab
1691 1280 1920 1333 homine
1949 1295 1963 1343 ;

380 1384 445 1423 ex
474 1367 748 1440 agnitione
778 1367 979 1422 dehens
1008 1368 1227 1423 credere
1256 1367 1380 1439 quia
1412 1377 1615 1437 posset,
1646 1383 1766 1438 quae
1809 1367 1962 1423 scili-

379 1461 466 1510 cet
493 1455 714 1511 credere
744 1453 1019 1510 didicisset
1048 1471 1112 1509 ex
1143 1454 1546 1524 praedicatione.

1001 1578 1228 1635 CAPUT
1263 1582 1353 1635 IlI.

2066 471 2254 535 fuisse,
2285 477 2484 540 quanto
2514 467 2662 523 illum
2693 482 2801 523 non
2845 465 3064 521 alterius
3092 482 3251 537 quam
3279 464 3546 521 Creatoris
3577 466 3665 520 in-

2065 560 2346 630 terpretari
2375 556 2693 629 potuissent,
2746 566 2803 611 ut
2832 556 3221 625 respondentes
3274 555 3319 591 ιι
3370 553 3672 609 virtutibus

2068 647 2358 711 Creatoris,
2393 656 2446 701 et
2498 645 2655 700 editis
2711 662 2806 716 per
2836 645 3067 699 famulos
3123 659 3275 708 suos,
3315 650 3367 699 et
3415 643 3471 696 in
3516 644 3675 698 Chri-

2070 745 2211 792 stum
2240 752 2396 790 suum
2442 733 2805 803 repromissis.
2839 732 3160 803 Quanquam
3201 741 3254 788 et
3281 732 3327 787 si
3361 731 3462 785 alia
3504 732 3674 789 docu-

2070 833 2252 880 menta
2296 823 2663 879 invenirentur
2719 823 2772 877 in
2818 833 2907 879 tuo
2967 821 3202 885 Christo,
3258 836 3399 876 nova
3447 821 3671 891 scilicet,

2072 913 2287 968 facilius
2314 912 2660 969 crederemus
2708 912 2867 966 etiam
2912 925 3053 966 nova
3082 909 3327 980 ejusdem
3357 925 3478 964 esse
3518 912 3674 978 cujus

2073 1014 2126 1061 et
2155 1014 2354 1070 vetera,
2411 1021 2574 1075 quam
2624 1004 2781 1071 cujus
2828 1002 3200 1058 tantummodo
3244 1017 3421 1071 nova;
3463 1003 3675 1075 egentia

2072 1092 2456 1165 experimentis
2494 1091 2618 1147 ﬁdei
2665 1092 2893 1148 victricis
2940 1090 3258 1159 vetustatis;
3292 1098 3350 1146 ut
3406 1092 3486 1146 sic
3541 1106 3676 1162 quo-

2072 1199 2179 1254 que
2212 1182 2528 1252 praedicatus
2575 1180 2760 1236 venire
2807 1180 3077 1244 debuerit,
3130 1187 3240 1234 tam
3270 1178 3668 1248 prmdicationi-

2073 1272 2177 1326 bus
2204 1270 2440 1343 prOpriis
2469 1268 2871 1326 exstruentibus
2915 1268 2965 1322 ei
2992 1268 3155 1324 fidem
3200 1283 3362 1340 quam
3401 1277 3453 1323 et
3490 1268 3661 1325 virtu-

2075 1360 2245 1428 tibus;
2288 1359 2589 1430 praasertim
2638 1358 2896 1416 adversus
2925 1356 3194 1413 Christum
3226 1357 3496 1411 Creatoris
3534 1373 3667 1412 ven—

2072 1457 2275 1515 turum,
2306 1455 2359 1503 et
2386 1448 2557 1521 signis
2600 1455 2653 1503 et
2682 1444 2961 1518 prOphetis
3007 1446 3052 1482 12
3080 1444 3315 1516 propriis
3360 1443 3665 1511 munitum;

2079 1546 2135 1591 ut
2173 1537 2398 1593 aemulus
2427 1536 2621 1591 Christi
2673 1551 2766 1605 per
2797 1549 2986 1590 omnes
3036 1533 3412 1589 diversitatum
3461 1532 3671 1603 species

2077 1627 2368 1682 reluceret.
2406 1626 2509 1682 Sed
2531 1624 2807 1698 quomodo
2840 1640 2871 1678 a
2897 1625 3012 1679 Deo
3033 1638 3310 1693 nunquam
3338 1619 3507 1677 825
3534 1637 3673 1693 pra:-

450 1685 569 1782 N_°n
596 1685 716 1754 funt
748 1685 948 1782 incl‘fis’
979 1686 1420 1782 οτάοῖθλίξδηῖοδί
1448 1689 1810 1761 necessarius,
1842 1692 1970 1764 (ιυῖθ
2004 1679 2046 1754 Β
2299 1679 2719 1781 έὶίτῖείυξθὶιιε
2772 1679 3203 1782 praedicaretur?!
3259 1710 3374 1765 Hoc
3419 1717 3503 1764 est
3536 1679 3675 1780 ergo

381 1775 560 1831 statim
616 1791 674 1829 se
731 1782 783 1829 et
813 1774 1027 1839 Filium,
1059 1783 1113 1829 et
1164 1775 1407 1841 missum,
1451 1787 1505 1834 et
1550 1779 1651 1835 Dei
1696 1781 1966 1838 Christum

382 1865 545 1918 rebus
581 1861 755 1917 324
792 1862 923 1933 ipsis
951 1873 1094 1918 esset
1141 1864 1463 1935 probaturus
1511 1882 1605 1937 per
1650 1869 1969 1928 documenta

378 1952 661 2008 virtutum.
696 1954 764 2006 At
811 1967 916 2023 ego
962 1953 1198 2025 negabo,
1230 1954 1401 2010 solam
1439 1956 1577 2012 hanc
1608 1957 1683 2012 illi
1733 1960 1968 2031 speciem

381 2041 449 2095 ad
491 2040 855 2095 testimonium
901 2041 1242 2113 competisse,
1279 2060 1438 2116 quam
1470 2053 1523 2101 et
1557 2046 1678 2117 ipse
1722 2057 1968 2119 postmo-

381 2130 507 2185 dum
542 2130 904 2187 exauctoravit
935 2168 948 2182 .
982 2131 1256 2203 Siquidem
1285 2132 1506 2189 edicens
1548 2135 1766 2206 (Matth.
1802 2154 1963 2206 xxw,

382 2218 472 2288 24)
505 2218 697 2272 multos
726 2226 978 2273 venturos
1011 2220 1108 2289 (4),
1144 2230 1197 2275 et
1226 2221 1382 2293 signa
1411 2222 1665 2291 facturos,
1708 2235 1760 2282 et
1788 2228 1967 2284 virtu-

383 2316 464 2361 tes
518 2322 742 2379 magnas
787 2307 1046 2373 edituros,
1087 2310 1425 2365 aversionem
1466 2313 1628 2367 etiam
1676 2316 1967 2372 electorum

382 2397 482 2467 (5),
515 2412 612 2452 nec
642 2397 761 2453 ideo
792 2406 965 2452 tamen
994 2399 1382 2469 admittendos;
1416 2405 1755 2459 temerariam
1788 2407 1971 2478 signo-

382 2503 498 2541 rum
547 2494 601 2540 et
645 2487 901 2542 virtutum
959 2486 1119 2542 fidem
1179 2490 1433 2561 ostendit,
1494 2502 1553 2547 ut
1611 2494 1770 2548 etiam
1825 2497 1969 2566 apud

383 2574 815 2645 pseudochristos
846 2576 1215 2633 facillimarum
1252 2580 1294 2633 δ.
1337 2582 1443 2635 Aut
1470 2581 1622 2652 quale
1650 2592 1751 2649 est,
1782 2584 1846 2653 si,
1877 2585 1968 2640 in-

382 2663 450 2718 de
480 2678 539 2718 se
568 2664 735 2719 voluit
782 2665 1017 2735 probari,
1069 2674 1121 2721 et
1156 2666 1399 2739 intelligi,
1434 2676 1489 2723 et
1517 2672 1683 2743 recipi
1730 2674 1815 2743 (ex
1856 2674 1971 2730 vir-

380 2752 585 2808 tutibus
604 2752 768 2824 dico),
799 2754 941 2809 unde
963 2762 1188 2812 caeteros
1214 2757 1402 2829 noluit,
1436 2774 1589 2831 aeque
1617 2770 1670 2816 et
1692 2763 1833 2831 ipsos
1866 2772 1970 2819 tam

382 2842 559 2898 subito
591 2851 859 2910 venturos,
906 2860 1067 2914 quam
1108 2861 1138 2897 a
1171 2847 1317 2901 nullo
1354 2857 1573 2905 auctore
1604 2851 1968 2920 praedicatos‘?

382 2930 440 2986 Si
470 2932 491 2969 7
525 2931 651 3002 quia
693 2931 844 3001 prior
892 2930 971 2986 eis
1018 2932 1183 3002 venit,
1242 2944 1292 2991 et
1342 2936 1488 3007 prior
1518 2939 1772 2995 virtutum
1801 2941 1969 2998 docu—

382 3028 560 3075 menta
604 3019 855 3093 signavit,
898 3019 1120 3092 idcirco,
1151 3024 1309 3093 quasi
1338 3023 1519 3081 locum
1550 3026 1603 3081 in
1632 3029 1864 3103 balneis,
1900 3032 1967 3087 ita

382 3109 542 3165 fidem
572 3111 880 3180 occupavit,
927 3110 1162 3182 posteris
1192 3114 1503 3187 quibusque
1542 3120 1840 3189 praeripuit,
1891 3122 1971 3177 vi-

382 3200 451 3254 de
488 3214 557 3254 ne
594 3198 710 3269 ipse
742 3199 797 3252 in
844 3199 1148 3256 conditione
1199 3203 1559 3271 posteriorum
1598 3206 1970 3276 deprehenda-

383 3296 491 3356 tur,
521 3290 789 3359 posterior
818 3287 1071 3344 inventus
1108 3289 1382 3357 Creatore,
1425 3300 1546 3348 ante
1574 3296 1685 3364 jam
1725 3299 1968 3369 cognito,

382 3390 435 3433 et
513 3378 739 3448 proinde
793 3376 1017 3433 virtutes
1074 3388 1197 3434 ante
1274 3390 1518 3451 operate,
1568 3392 1620 3439 et
1677 3401 1781 3441 non
1864 3387 1968 3441 ali-

383 3474 464 3520 ter
489 3466 514 3503 8
562 3466 783 3537 praefato
820 3481 928 3521 non
959 3483 1081 3522 esse
1123 3468 1243 3523 aliis
1295 3470 1647 3541 credendum,
1691 3482 1814 3545 post
1848 3491 1971 3532 eum

380 3555 603 3612 scilicet.
645 3555 811 3630 Igitur
859 3556 903 3611 si
952 3558 1189 3628 priorem
1233 3561 1473 3627 venisse,
1516 3570 1568 3617 et
1625 3562 1861 3633 priorem
1905 3566 1972 3621 de

382 3643 618 3714 posteris
651 3647 1043 3714 pronuntiasse,
1078 3648 1180 3702 hoc
1212 3646 1370 3703 fidem
1402 3651 1585 3707 eludet
1605 3653 1661 3718 9;
1695 3653 1971 3723 praedam-

381 3739 540 3787 natus
582 3733 688 3787 erit
731 3740 786 3788 et
844 3734 963 3804 ipse
1003 3737 1112 3803 jam
1143 3738 1209 3791 ab
1245 3752 1313 3791 eo
1338 3740 1483 3807 quod
1513 3741 1559 3778 ιο
1587 3743 1860 3812 posterior
1891 3754 1973 3799 est

381 3820 616 3892 agnitus,
662 3829 716 3875 et
770 3822 940 3876 solius
983 3823 1085 3878 erit
1131 3827 1418 3880 auctoritas
1448 3827 1738 3895 Creatoris,
1787 3832 1973 3889 hocin

382 3917 629 3980 posteros
667 3909 1044 3979 constituendi,
1096 3913 1187 3985 qui
1227 3915 1372 3969 nullo
1427 3919 1695 3988 posterior
1723 3936 1842 3975 esse
1874 3936 1974 3991 po-

381 3996 497 4053 tuit.
528 3999 647 4052 Jam
676 4014 814 4053 nunc
846 4016 964 4055 cum
1015 4003 1339 4072 probaturus
1369 4003 1468 4058 sim
1500 4007 1809 4064 Creatorem
1842 4027 1974 4078 eas-

384 4086 509 4142 dem
550 4086 797 4154 virtutes,
830 4105 962 4159 quas
1002 4091 1146 4145 solas
1188 4091 1255 4144 ad
1286 4090 1443 4147 ﬁdem
1477 4093 1690 4153 Christo
1722 4105 1816 4155 tuo
1848 4101 1974 4156 vin-

385 4176 549 4246 dicas,
584 4175 855 4232 interdum
902 4194 996 4248 per
1047 4178 1278 4235 famulos
1333 4196 1458 4237 suos
1506 4193 1651 4240 retro
1719 4188 1975 4257 edidisse,

385 4265 655 4322 interdum
696 4282 790 4338 per
837 4267 1107 4324 Christum
1157 4286 1315 4324 suum
1362 4271 1593 4327 edendas
1645 4275 1975 4348 destinasse;

385 4368 609 4427 possum
637 4364 692 4412 et
730 4371 798 4411 ex
842 4356 946 4413 hoc
992 4357 1184 4415 merito
1234 4360 1612 4431 praescribere,
1675 4374 1821 4422 tanto
1870 4385 1980 4424 ma-

2075 1803 2219 1873 quod
2246 1801 2431 1872 exigit,
2465 1817 2567 1856 nec
2594 1802 2784 1869 Deum,
2816 1815 2918 1855 nec
2964 1798 3236 1854 Christum
3290 1805 3443 1852 tuum
3498 1797 3673 1863 credi,

2074 1891 2200 1963 quia
2230 1898 2283 1946 et
2311 1891 2461 1946 Deus
2508 1890 2725 1964 ignotus
2773 1903 2893 1944 esse
2934 1903 3042 1944 non
3087 1887 3294 1953 debuit,
3346 1895 3399 1942 et
3428 1885 3679 1942 Christus

2075 1981 2299 2053 agnosci
2327 1995 2427 2050 per
2456 1980 2633 2035 Deum
2662 1977 2871 2034 debuit.

2700 2066 2931 2122 CAPUT
2969 2065 3062 2122 IV.

2146 2157 2497 2229 Dedignatus,
2589 2156 2806 2226 Opinor,
2868 2162 2950 2209 est
3010 2152 3203 2208 imitari
3285 2152 3523 2209 ordinem
3577 2153 3679 2209 Dei

2075 2246 2265 2311 nostri,
2308 2254 2364 2300 ut
2421 2244 2773 2316 displicentis,
2830 2251 2888 2297 ut
2947 2242 2993 2280 13
3031 2259 3151 2299 cum
3205 2241 3436 2298 maxime
3493 2242 3676 2298 revin-

2074 2334 2249 2390 cendi.
2283 2335 2467 2391 Novus
2496 2347 2636 2388 nove
2665 2331 2849 2389 venire
2896 2329 3104 2395 voluit;
3142 2330 3307 2385 Filius
3345 2336 3469 2384 ante
3501 2330 3677 2384 Patris

2075 2423 2491 2495 professionem,
2551 2430 2604 2477 et
2659 2421 2858 2475 missus
2905 2426 3029 2473 ante
3067 2419 3397 2474 mandatoris
3444 2418 3680 2474 auctori-

2076 2521 2272 2578 tatem;
2328 2519 2385 2565 ut
2422 2521 2476 2565 ct
2521 2509 2691 2579 ipsam
2738 2510 2781 2546 ιθ
2838 2507 2997 2564 ﬁdem
3038 2506 3547 2563 monstrosissimam
3584 2507 3677 2561 in-

2077 2601 2312 2665 duceret,
2372 2615 2477 2670 qua
2533 2608 2659 2653 ante
2725 2599 3038 2652 crederetur
3111 2595 3380 2651 Christum
3445 2595 3677 2662 venisse,

2078 2706 2237 2761 quam
2295 2687 2524 2743 sciretur
2582 2685 2769 2741 fuisse.
2818 2686 3089 2757 Competit
3138 2683 3269 2739 mihi
3324 2684 3485 2739 etiam
3545 2685 3683 2740 illud

2079 2786 2392 2841 retractare,
2450 2792 2548 2831 cur
2614 2790 2723 2829 non
2780 2784 2902 2845 post
2939 2774 3211 2829 Christum
3258 2774 3489 2830 venerit.
3541 2774 3682 2828 Nam

2078 2883 2202 2922 cum
2228 2866 2441 2921 intueor
2478 2863 2757 2920 dominum
2796 2864 2936 2933 ejus,
2987 2872 3133 2917 tanto
3165 2877 3279 2918 aevo
3336 2861 3678 2933 patientissi-

2074 2971 2222 3010 mum
2279 2953 2613 3010 acerbissimi
2667 2952 2937 3008 Creatoris
2985 2950 3355 3007 annuntiantis
3388 2950 3593 3007 interea
3620 2951 3679 3004 in

2077 3044 2321 3100 homines
2381 3042 2652 3097 Christum
2707 3057 2896 3108 suum,
2965 3054 3285 3112 quacunque
3342 3038 3397 3093 id
3462 3038 3673 3095 ratione

2077 3132 2221 3199 fecit,
2271 3141 2375 3187 tam
2406 3131 2788 3188 revelationem
2840 3146 3003 3201 quam
3044 3128 3487 3185 intercessionem
3521 3144 3680 3183 suam

2077 3220 2354 3292 differens,
2383 3221 2569 3275 eadem
2620 3219 2828 3275 ratione
2876 3219 2996 3274 dico
3041 3219 3192 3274 illum
3237 3217 3549 3289 patientiam
3578 3218 3681 3271 de-

2080 3308 2258 3365 buisse
2306 3307 2567 3375 Creatori,
2621 3307 2674 3361 in
2724 3307 2936 3362 Christo
2974 3323 3191 3379 quoque
3228 3321 3326 3361 suo
3362 3306 3684 3376 dispositio-

2080 3414 2177 3452 nes
2230 3404 2355 3452 suas
2396 3404 2737 3461 exsecuturo,
2792 3405 2848 3450 ut
2887 3395 3119 3466 perfecta
3174 3402 3227 3449 et
3268 3393 3484 3465 expleta
3531 3395 3687 3449 omni

2084 3487 2397 3556 Operatione
2458 3485 2637 3539 aemuli
2688 3484 2803 3547 Dei,
2846 3493 2898 3539 et
2936 3483 3115 3539 aemuli
3172 3482 3395 3551 Christi,
3455 3490 3581 3537 tunc
3635 3492 3694 3537 et

2080 3574 2196 3644 ipse
2260 3574 2508 3645 proprias
2587 3572 2971 3644 dispositiones
3044 3570 3450 3642 superduceret.
3510 3571 3691 3626 Caete-

2080 3679 2223 3733 rum,
2252 3661 2569 3733 poenitentia
2612 3670 2769 3716 tantae
2824 3661 3101 3733 patientia:
3131 3660 3282 3729 fecit,
3312 3660 3459 3731 quod
3491 3674 3599 3714 non
3634 3660 3692 3714 in

2082 3751 2241 3806 ﬁnem
2293 3766 2474 3805 rerum
2522 3748 2791 3805 Creatoris
2837 3746 3278 3820 perseveraverit.
3321 3749 3469 3804 Vane
3525 3748 3696 3803 susti-

2093 3839 2211 3895 nuit
2258 3838 2540 3910 praedicari
2585 3838 2855 3893 Christum
2900 3840 3037 3909 ejus,
3079 3853 3238 3909 quem
3281 3852 3390 3891 non
3431 3836 3693 3892 sustinuit

2084 3927 2365 3983 exhiberi?
2412 3935 2502 3982 aut
2558 3927 2673 3982 sine
2720 3942 2880 3981 causa
2940 3926 3145 3981 tamdiu
3199 3941 3306 3980 non
3363 3925 3690 3981 intercidit?

2086 4016 2223 4085 Quid
2273 4016 2417 4072 illum
2476 4016 2723 4084 detinuit,
2768 4015 2968 4088 quidve
3023 4015 3309 4071 turbavit?
3357 4014 3559 4086 Atquin
3628 4016 3684 4070 in

2011 4139 2055 4214 Β
2086 4116 2372 4178 utrumque
2430 4105 2720 4171 commisit,
2780 4113 2904 4176 post
2941 4105 3257 4160 Creatorem
3313 4103 3530 4176 quidem
3578 4110 3692 4157 tam

2610 4202 2724 4214 μ.-
2761 4193 3021 4214 manna
3061 4208 3182 4214 μ--
3414 4200 3517 4214 .-μ
3553 4208 3649 4214 __-

2089 4194 2237 4250 tarde
2264 4195 2558 4265 revelatus,
2606 4202 2729 4249 ante
2759 4193 3029 4250 Christum
3060 4208 3187 4250 vero
3238 4194 3356 4263 ejus
3414 4200 3524 4247 tam
3553 4208 3689 4262 pro-

2086 4300 2236 4355 pere.
2270 4284 2513 4340 Alterum
2541 4299 2671 4341 vero
2714 4282 3035 4353 jamdudum
3082 4282 3338 4338 debuerat
3368 4281 3691 4353 traduxisse,

2090 4374 2313 4429 alterum
2353 4374 2631 4443 nondum;
2656 4389 2757 4429 nec
2794 4373 2944 4427 illum
2976 4371 3197 4445 quidem
3231 4371 3433 4427 tamdiu
3462 4371 3699 4428 saevien-

1759 4519 1953 4585 Variae
2012 4528 2322 4590 lectiones.

458 4646 484 4685 δ
527 4644 851 4728 Facillimam
882 4650 1071 4728 Franz‘
1096 4649 1309 4728 Pamnel.
1339 4650 1360 4728 ’ζ
1392 4649 1499 4705 Sed
1533 4653 1708 4728 Semt.
1742 4656 1955 4710 Panzel.
1988 4658 2012 4693 θ
2044 4657 2107 4711 Ει
2138 4656 2469 4728 nominatim
2484 4658 2611 4728 Lat.
2642 4655 2667 4692 9
2705 4654 2897 4728 Eliciet
2942 4658 3069 4712 Lat.
3110 4656 3292 4711 eludet
3321 4656 3446 4712 alii.
3492 4655 3537 4728 ἕο
3571 4654 3696 4724 Quo

391 4718 562 4799 Sensi.
605 4719 648 4757 ιι
689 4719 1159 4790 Respondentibus
1210 4723 1377 4778 Scml.
1432 4726 1852 4794 respondentem
1890 4729 2107 4785 Pamel.
2145 4730 2189 4767 12
2221 4727 2524 4798 Prophetiis
2554 4727 2679 4782 alii.
2734 4727 2779 4765 13
2808 4727 2874 4782 Et
2905 4730 3027 4783 Lat.
3078 4728 3122 4765 1"
3178 4730 3299 4799 Ipse
3358 4726 3528 4785 Seml.
3579 4718 3697 4784 Pa-

392 4790 525 4849 mel.

1791 4897 2292 4962 Commentarius.

465 4994 545 5067 (4)
578 4995 1114 5074 δίᾳιιέᾴειζη-ςάίᾳθηδ
1146 4998 1354 5074 multos
1372 5005 1655 5059 venturos.
1689 5004 1984 5074 Paraphra-

395 5066 526 5147 stice
554 5066 682 5147 citat
702 5067 1047 5147 illudMatth.
1081 5086 1243 5147 x_xrv,
1293 5073 1453 5147 Multi
1480 5077 1710 5147 venient
1748 5066 1986 5147 pseudo-

397 5139 621 5204 christi,
662 5145 765 5193 etc.
798 5138 888 5195 Sic
917 5138 1079 5194 etiam
1110 5141 1168 5195 Β.
1202 5143 1554 5212 Augustinus,
1588 5145 1681 5200 lib.
1716 5138 1824 5201 x'ttt
1855 5164 1987 5205 con-

399 5214 490 5266 tra
510 5212 807 5290 Faustum,
831 5226 955 5290 cap,
981 5215 1013 5266 5
1045 5230 1058 5265 :
1098 5232 1121 5265 ι
1154 5214 1406 5269 Miracula
1431 5231 1536 5271 non
1566 5216 1769 5290 facitis;
1810 5234 1984 5281 quan-

398 5296 558 5354 quam
616 5282 672 5354 si
744 5281 1008 5347 faceretis,
1064 5300 1405 5353 caveremus,
1454 5303 1548 5353 per
1632 5287 1986 5342 instruentem

400 5353 500 5429 nos
520 5353 830 5429 Dominum,
856 5362 909 5409 et
928 5355 1199 5411 dicentem
1227 5360 1583 5429 :Exsurgent
1608 5359 1803 5429 multi,
1827 5379 1851 5407 ι)
1884 5369 1986 5414 etc.

401 5427 659 5496 Etitract.
691 5427 754 5480 14
794 5428 857 5481 in
895 5429 1073 5484 Joan:
1111 5446 1134 5479 ‹
1168 5428 1387 5485 Pontius
1417 5427 1601 5484 fecerit
1640 5428 1984 5496 miraculum,

399 5507 453 5551 et
470 5495 718 5576 Donatus
742 5498 1012 5576 oraverit,
1058 5509 1109 5553 et
1150 5498 1488 5576 responderit
1532 5500 1673 5555 Deus
1720 5499 1785 5576 de
1831 5502 1987 5576 creto,

405 5568 576 5637 primo
606 5577 697 5625 aut
737 5568 1011 5639 falluntur,
1050 5579 1144 5626 aut
1170 5568 1397 5636 fallunt;
1451 5580 1719 5642 pottremo
1753 5571 1835 5631 fac
1871 5574 1994 5630 illos

2093 5013 2301 5060 montes
2350 5002 2660 5069 transferre,
2695 5002 2740 5057 si
2791 5003 3102 5058 charitalem
3151 5018 3256 5057 non
3307 5002 3528 5067 habent,
3560 5002 3701 5057 nihil

2097 5087 2249 5143 sunt;
2281 5077 2376 5131 sed
2413 5077 2685 5147 quomodo
2725 5075 3003 5141 haberent,
3039 5074 3128 5144 qui
3175 5075 3472 5129 diviserunt
3516 5074 3697 5147 unita-

2095 5158 2202 5203 tem
2224 5149 2250 5202 ?
2283 5167 2306 5199 »
2344 5146 2506 5218 Atqui
2537 5162 2642 5201 non
2674 5156 2956 5218 propterea
2977 5148 3212 5200 sensisse
3243 5148 3535 5218 Auctorem
3558 5146 3701 5200 veri-

2099 5227 2259 5273 tatem
2290 5216 2567 5289 signdrum
2591 5229 2643 5272 et
2665 5216 2923 5273 virtutum
2946 5218 3084 5289 apud
3112 5218 3389 5272 haereticos
3408 5217 3703 5287 aliquando

2096 5290 2257 5345 fuisse
2304 5287 2395 5345 aut
2453 5289 2706 5353 futuram,
2747 5299 2896 5360 patet
2934 5305 2995 5344 ex
3028 5287 3120 5342 lib.
3174 5289 3241 5343 de
3290 5290 3515 5358 Anima,
3569 5302 3699 5357 cap.

2099 5365 2189 5425 57,
2220 5369 2273 5415 et
2300 5360 2394 5414 lib.
2430 5377 2479 5416 v.
2513 5360 2637 5416 adv.
2674 5361 2935 5416 Marcion.
2970 5376 3093 5427 cap.
3131 5362 3215 5414 16.
3249 5360 3389 5415 Pu.

2172 5432 2251 5501 (5)
2280 5433 2636 5489 Aversionem
2658 5432 2831 5487 etiam
2854 5432 3183 5488 electorum.
3217 5433 3330 5487 Etsi
3355 5446 3463 5487 non
3484 5432 3585 5485 sim
3609 5448 3704 5485 su-

2102 5503 2442 5575 perstitiosus
2471 5503 2523 5557 in
2581 5503 2724 5559 varia
2763 5503 3013 5575 lectione,
3047 5518 3327 5559 censerem
3384 5512 3558 5559 tamen
3614 5502 3697 5557 le-

2102 5573 2340 5647 gendum
2370 5575 2731 5634 eversionem.
2763 5573 2843 5630 LE
2871 5573 2965 5631 Pa.
