1990 3072
129 137 180 167 353

125 203 176 226 tem
193 197 374 231 sustinuisse;
387 196 471 224 istum
494 203 558 225 vero
581 196 669 223 adhuc
690 197 871 231 quiescentem
886 197 930 224 in—

125 243 279 279 quietasse,
296 242 366 270 circa
387 242 483 269 ambos
509 241 635 268 excidens
654 241 688 268 ab
713 241 806 276 optimi
823 241 871 268 Dei
895 242 930 268 ti-

126 288 189 319 tulo,
208 290 288 314 certe
301 286 394 314 varius
415 290 442 313 et
459 286 515 320 ipsc
531 289 557 312 et
580 285 715 320 incertus;
732 285 837 320 tepidus
858 286 931 314 scili-

125 337 161 361 cet
177 332 207 358 in
232 332 403 362 Creatorem,
423 335 448 358 et
473 329 576 358 calidus
591 330 617 357 in
634 330 779 362 Christum,
800 334 825 357 et
846 339 932 358 vanus

128 376 272 411 utrobique
294 376 326 402 ιδ.
342 376 402 402 Non
422 375 508 411 magis
531 374 605 401 enim
630 375 795 409 compescuit
818 375 931 403 Creato-

128 429 187 453 rem,
204 428 293 456 quam
317 419 423 447 obstitit
438 419 556 447 Christo.
582 419 672 447 Manet
686 422 713 447 et
728 419 848 455 Creator,
863 428 932 456 qua—

125 466 154 493 lis
167 465 288 493 omnino
303 468 344 492 est
359 474 366 492 :
391 464 482 492 veniet
497 467 524 491 et
546 463 681 497 Christus,
696 463 782 500 qualis
794 467 821 492 et
835 463 932 492 scribi-

126 516 172 538 tur.
203 509 282 543 Quid
312 509 387 538 venit
411 512 475 544 post
498 508 662 542 Creatorem,
684 517 764 545 quem
789 509 934 537 emendare

125 563 173 582 non
189 553 304 589 valuitj?
319 553 390 587 Quid
415 557 478 581 ante
494 553 629 581 Christum
653 553 712 587 ejus
727 553 862 581 revelatus
881 557 932 587 est,

123 607 203 635 quem
232 605 367 626 revocare
396 605 451 625 non
480 597 619 632 potuerit?
644 596 700 625 Aut
729 597 752 625 si
782 597 934 626 emendavit

124 644 299 675 Creatorem,
316 646 380 678 post
394 641 471 670 illum
495 642 629 670 revelatus
644 645 695 675 est,
713 645 742 669 ut
766 641 933 670 emendanda

124 686 334 724 praecederent;
350 693 415 722 ergo
430 689 458 713 et
477 685 612 713 Christum
633 685 694 719 ejus
709 693 785 721 aeque
804 685 933 713 emenda-

123 737 201 760 turus
214 734 397 766 exspectasse
419 730 558 764 debuerat,
579 730 691 765 proinde
715 734 741 758 et
755 729 828 757 illius
842 734 934 766 poste-

125 777 177 805 rior
199 776 367 803 emendator
381 775 498 808 futurus,
521 776 592 803 sicut
616 775 760 803 Creatoris.
783 775 864 803 Aliud
880 779 931 808 est,

125 821 147 848 si
161 826 188 848 et
202 821 267 855 ipse
284 823 348 854 post
365 819 440 846 illum
456 827 550 847 rursus
568 818 710 855 adveniet;
725 823 755 846 ut
770 818 857 855 primo
871 819 933 855 qui-

125 866 186 892 dem
213 865 340 892 adventu
361 864 523 898 processerit
546 864 676 892 adversus
700 864 867 899 Creatorem,
892 864 934 892 le-

130 917 190 944 gem
217 913 246 936 et
278 908 426 943 prophetas
454 907 597 935 destruens
625 908 698 943 ejus;
723 908 842 935 secundo
870 915 933 936 vero

136 953 263 988 procedat
276 951 366 980 326
390 951 520 980 adversus
536 952 684 985 Christum,
700 960 813 988 regnum
836 953 933 980 redar—

136 1005 223 1034 guens
242 997 306 1030 ejus.
325 997 403 1023 Tunc
417 1004 483 1032 ergo
503 996 682 1024 conclusurus
705 996 827 1024 ordinem
843 1005 934 1029 suum,

133 1046 198 1069 tunc
212 1041 235 1067 si
251 1040 320 1068 forte
339 1040 492 1068 credendus
506 1044 546 1068 est
559 1049 565 1074 ;
578 1045 623 1068 aut
637 1041 660 1068 si
672 1041 729 1075 jam
747 1040 808 1068 hinc
817 1041 936 1076 perfecta

127 1092 171 1113 res
190 1089 232 1112 est
258 1085 332 1120 ejus,
352 1092 422 1113 vane
435 1092 502 1122 ergo
525 1090 657 1113 venturus
678 1088 729 1117 est,
751 1084 818 1112 nihil
833 1084 935 1113 scilicet

126 1132 297 1165 peracturus
303 1148 310 1156 .

449 1190 563 1219 CAPUT
589 1191 622 1218 V.

160 1248 213 1276 His
239 1247 411 1284 praeluserim
428 1247 451 1267 ιθ
476 1247 552 1283 quasi
568 1248 601 1275 de
623 1248 710 1284 gradu
735 1247 822 1284 primo
837 1248 936 1282 adhuc,

127 1298 152 1321 et
167 1293 253 1329 quasi
273 1293 308 1320 de
331 1292 489 1328 longinquo.
506 1292 557 1320 Sed
574 1296 600 1319 et
624 1292 687 1320 hinc
708 1292 764 1327 jam
780 1293 814 1320 ad
835 1296 938 1321 certum

126 1342 153 1365 et
177 1336 311 1365 cominus
336 1336 510 1364 dimicaturus
535 1336 597 1372 (6),
623 1336 701 1363 video
725 1336 828 1372 aliquas
857 1336 938 1364 etiam

127 1389 202 1409 nunc
227 1380 315 1408 lineas
339 1374 552 1416 prmducendas,
577 1380 611 1407 ad
634 1389 701 1416 quas
729 1380 780 1408 erit
804 1380 937 1408 dimican-

128 1427 206 1459 dum,
232 1426 268 1453 ad
301 1426 453 1461 Scripturas
482 1425 588 1453 scilicet
610 1425 755 1454 Creatoris.
783 1426 937 1454 Secundum

129 1479 177 1498 eas
201 1471 278 1498 enim
299 1470 462 1506 probaturus
483 1470 619 1498 Christum
643 1470 776 1498 Creatoris
798 1471 892 1503 fuisse,
907 1475 938 1498 ut

131 1519 230 1551 postea
248 1515 271 1534 Π
287 1515 394 1543 Christo
411 1523 461 1543 suo
476 1515 646 1550 adimpletas,
667 1523 778 1543 necesse
793 1515 879 1543 habeo
892 1515 936 1550 ip-
954 1511 975 1550 Β

130 1567 226 1587 sarum
247 1566 357 1594 quoque
380 1559 543 1595 scripturam
568 1559 683 1587 formam
708 1560 758 1594 (7),
785 1564 812 1587 et
837 1560 877 1594 (ut
903 1560 939 1586 ita

130 1604 266 1638 dixerim)
291 1607 417 1631 naturam
440 1603 611 1637 demandare,
637 1612 670 1631 ne
694 1607 759 1631 tunc
778 1603 806 1630 in
827 1608 938 1631 contro-

131 1648 254 1677 versiam
278 1647 421 1681 deductae,
448 1655 509 1675 cum
536 1648 700 1676 adhibentur
723 1648 756 1675 ad
781 1656 889 1680 causas,
915 1652 942 1676 et

132 1701 184 1720 sua
209 1696 237 1720 et
263 1700 405 1720 causarum
429 1692 587 1720 defensione
611 1693 772 1725 commistze,
792 1692 942 1721 obtundant

131 1737 251 1765 lectoris
276 1737 467 1765 intentionem.
487 1738 560 1765 Duas
587 1738 676 1773 itaque
700 1745 796 1765 causas
819 1738 941 1773 prophe-

133 1781 182 1809 tici
206 1781 309 1818 eloquii
333 1781 424 1817 allego
446 1782 632 1818 agnoscendas
657 1782 756 1811 abhinc
779 1781 941 1811 adversariis

132 1826 241 1853 nostris
258 1834 265 1852 :
282 1833 376 1860 uuam,
392 1834 444 1861 qua
459 1825 547 1853 futura
562 1826 696 1854 interdum
711 1834 761 1862 pro
778 1827 833 1861 jam
850 1829 941 1853 trans-

134 1869 206 1897 actis
245 1869 428 1897 enuntiantur.
454 1870 524 1897 Nam
561 1873 590 1898 et
627 1870 764 1899 Divinitati
802 1871 940 1906 competit,

136 1922 313 1950 qumcunque
336 1914 494 1949 decreverit,
524 1919 553 1943 ut
578 1914 696 1950 perfecta
719 1918 856 1950 reputare,
880 1914 942 1950 quia

137 1967 194 1986 non
215 1959 251 1985 sit
266 1958 338 1993 apud
352 1958 426 1985 illam
449 1959 604 1987 differentia
619 1959 759 1995 temporis,
776 1959 845 1994 apud
861 1967 943 1994 quam

139 2003 307 2031 uniformem
331 2006 430 2031 statum
458 2007 610 2040 temporum
639 2004 663 2022 ιδ
686 2003 780 2041 dirigit
807 2004 944 2032 aeternitas

138 2048 209 2083 ipsa,
227 2051 254 2075 et
280 2047 437 2075 divinationi
456 2048 623 2083 prophetica:
647 2048 735 2084 magis
750 2048 879 2075 familiare
903 2051 944 2075 est

141 2092 168 2117 id
184 2092 257 2128 quod
283 2091 439 2126 prospiciat,
462 2092 526 2119 dum
551 2092 695 2128 prospicit,
709 2092 764 2126 jam
790 2092 887 2124 visum,
903 2095 944 2118 at-

734 134 797 164 LIB.
819 134 855 164 Ill
873 134 951 164 ADV.
983 135 1188 167 MARCIONEM.

1737 142 1789 172 354

989 207 1067 233 mas;
1077 201 1180 235 facient
1191 208 1282 228 meam
1292 209 1355 230 vero
1362 209 1420 230 non
1434 204 1526 230 averti
1535 212 1553 231 (ι
1567 205 1783 239 sputaminibus.

986 244 1048 272 Sive
1062 244 1134 272 enim
1153 245 1273 272 Christus
1287 246 1343 281 jam
1359 251 1421 274 tunc
1445 247 1473 273 in
1487 248 1663 283 semetipsum
1679 257 1782 278 secun-

986 289 1050 316 dum
1070 297 1129 322 nos,
1157 290 1213 318 sive
1235 291 1381 327 prophetes
1401 292 1433 319 de
1456 293 1604 328 semetipso
1630 294 1781 322 secundum

986 333 1094 361 JUdR?OS
1115 335 1321 370 pronuntiabat,
1347 336 1466 363 nondum
1490 342 1576 365 tamen
1604 337 1706 367 factum
1730 347 1781 374 pro

984 378 1040 412 jam
1057 382 1190 407 transacto
1205 380 1327 408 sonabat.
1345 380 1404 407 Alia
1420 381 1527 416 species
1541 381 1601 414 erit,
1618 382 1680 416 quia
1694 381 1783 417 plera-

987 431 1040 458 que
1062 423 1175 459 ﬁgurate
1198 425 1397 461 portenduntur
1415 433 1465 461 per
1480 426 1623 461 aenigmata
1640 430 1667 454 et
1691 427 1789 463 allego-

988 468 1040 495 rias
1055 472 1080 494 et
1105 468 1259 503 parabolas,
1284 469 1359 496 aliter
1381 469 1558 505 intelligenda
1582 478 1663 506 quam
1688 470 1788 506 scripta

989 517 1061 541 sunt.
1086 513 1153 540 Nam
1180 518 1206 540 et
1229 518 1335 541 montes
1357 514 1474 550 legimus
1497 514 1673 543 distillaturos
1694 515 1788 544 dulco-

989 566 1045 585 rem
1061 558 1142 591 (Jool.
1165 566 1206 591 ιιι,
1223 558 1283 594 18);
1300 566 1355 586 non
1376 563 1465 587 tamen
1486 563 1514 586 ut
1530 567 1622 596 sapam
1638 559 1672 588 de
1693 560 1787 596 petris,

988 607 1032 629 aut
1047 602 1182 630 defrutum
1198 603 1232 630 de
1256 603 1369 639 rupibus
1386 604 1425 639 (8)
1440 612 1533 639 speres
1549 613 1555 632 :
1573 608 1601 632 et
1625 608 1722 632 terram
1736 612 1787 632 au-

987 646 1077 674 dimus
1099 647 1168 675 lacte
1181 652 1208 675 et
1231 647 1311 675 melle
1335 652 1503 684 manantem;
1519 656 1574 676 non
1593 652 1682 676 tamen
1705 652 1735 676 ut
1753 650 1788 678 de

987 691 1075 728 glebis
1101 691 1197 720 credas
1217 695 1243 719 te
1265 700 1386 728 unquam
1409 692 1551 729 placentas
1578 697 1605 720 et
1630 693 1731 721 samiae
1748 693 1788 730 (9)

989 740 1146 764 coacturum
1170 746 1176 765 :
1202 737 1264 772 quia
1289 745 1339 765 nec
1363 737 1451 765 statim
1475 737 1616 772 aquilicem
1636 741 1662 765 et
1678 737 1788 773 agrico-

988 780 1041 808 lam
1065 788 1096 809 os
1111 781 1158 809 Dei
1185 782 1352 817 repromisit,
1377 781 1471 810 dicens
1486 782 1552 816 (lsa.
1567 790 1621 816 xu,
1645 782 1713 817 l9):
1734 783 1789 810 Po-

989 834 1059 854 rtam
1073 826 1197 860 ﬂumina
1204 827 1235 853 in
1246 826 1358 862 regione
1369 827 1490 858 sitienti,
1503 829 1530 854 et
1541 827 1573 853 in
1583 826 1737 855 solitudine
1747 834 1791 855 ce-

953 867 974 905 Β
991 870 1076 898 drum
1101 872 1129 899 et
1153 870 1273 899 buxum.
1290 870 1365 898 Sicut
1388 874 1415 897 et
1429 871 1579 905 praedicans
1594 870 1626 898 de
1648 870 1787 898 nationum

989 914 1168 942 conversione
1184 923 1190 942 :
1207 914 1377 942 Benedicent
1390 922 1435 942 me
1450 914 1544 942 bestia:
1563 914 1635 949 agri,
1647 915 1751 942 Sirenes
1762 917 1790 943 et

989 959 1059 994 ﬁliae
1070 952 1219 995 passerum
1244 959 1309 993 (Isa.
1331 965 1414 990 mn,
1430 959 1491 994 20):;
1508 966 1562 987 non
1585 958 1681 994 utique
1695 958 1729 985 ab
1747 958 1788 985 hi-

990 1003 1133 1031 rundinum
1155 1003 1236 1038 pullis
1258 1007 1285 1031 et
1307 1002 1469 1038 vulpeculis,
1487 1006 1513 1030 et
1532 1002 1585 1029 illis
1606 1002 1788 1030 monstruosis

992 1047 1177 1083 fabulosisque
1191 1047 1357 1075 cantricibus
1371 1047 1458 1075 fausta
1471 1046 1562 1075 omnia
1581 1046 1716 1074 relaturus
1734 1048 1786 1074 est.

990 1093 1023 1120 Et
1050 1092 1115 1128 quid
1138 1099 1190 1128 ego
1210 1092 1244 1120 de
1266 1092 1318 1119 isto
1339 1100 1440 1127 genere
1463 1091 1600 1126 amplius?
1614 1089 1700 1119 827
1724 1099 1787 1119 cum

990 1138 1074 1165 etiam
1088 1136 1115 1172 (I
1131 1137 1192 1165 Cor.
1208 1143 1245 1169 ιχ,
1262 1137 1288 1170 9)
1314 1136 1513 1164 haereticon
1527 1136 1552 1155 ²⁰
1575 1135 1717 1171 apostolus
1733 1135 1793 1180 (10)

991 1183 1078 1218 ipsam
1101 1181 1189 1219 legem
1212 1181 1398 1216 indulgentem
1421 1181 1507 1208 bobus
1530 1181 1678 1209 terentibus
1706 1187 1738 1207 os
1759 1180 1791 1207 li-

991 1227 1098 1261 berum,
1113 1234 1167 1254 non
1183 1226 1216 1255 de
1240 1226 1339 1259 bubus,
1356 1226 1403 1253 sed
1426 1225 1460 1253 de
1483 1225 1563 1253 nobis
1577 1224 1767 1260 interpretetur
1783 1233 1789 1252 :

993 1276 1019 1300 et
1033 1275 1136 1307 petram
1153 1271 1226 1307 potui
1250 1271 1480 1298 subministrando
1501 1270 1637 1305 comitem,
1652 1269 1789 1298 Christum

993 1317 1090 1353 alleget
1104 1316 1131 1352 (ι
1145 1317 1204 1344 Cor.
1221 1324 1248 1350 x,
1264 1315 1291 1351 4)
1307 1315 1400 1348 fuisse,
1416 1315 1520 1342 docens
1539 1314 1653 1350 proinde
1667 1318 1694 1342 et
1707 1313 1790 1341 Gala-

994 1365 1035 1389 tas
1050 1361 1154 1396 (Galat.
1172 1368 1208 1393 Iv,
1223 1362 1280 1396 22),
1300 1360 1353 1388 duo
1367 1364 1526 1395 argumenta
1545 1358 1659 1386 filiorum
1672 1358 1790 1386 Abrahae

995 1405 1140 1441 allegorice
1155 1405 1316 1438 cucurrisse,
1332 1409 1357 1432 et
1377 1412 1528 1441 suggerens
1542 1403 1665 1439 Ephesiis
1679 1402 1788 1439 (Ephes.

993 1460 1019 1484 v,
1043 1450 1098 1485 51),
1124 1450 1195 1486 quod
1218 1449 1245 1476 in
1269 1448 1419 1484 primordio
1433 1449 1468 1477 de
1483 1447 1591 1477 homine
1615 1447 1792 1484 pradicatum

993 1499 1042 1527 est,
1060 1494 1186 1522 relicturo
1210 1496 1314 1529 patrem
1329 1498 1354 1521 et
1376 1499 1499 1526 matrem,
1518 1497 1544 1521 et
1568 1492 1666 1521 futuris
1684 1492 1793 1521 duobus

994 1540 1019 1566 in
1044 1547 1124 1566 unam
1148 1546 1268 1572 carnem,
1286 1538 1313 1565 id
1335 1546 1364 1565 se
1381 1538 1409 1565 in
1434 1537 1574 1565 Christum
1598 1542 1625 1566 et
1647 1537 1794 1565 Eeclesiam

995 1591 1155 1621 agnoscere.

1297 1635 1409 1664 CAPUT
1444 1634 1489 1662 VI.

1030 1682 1059 1710 Si
1074 1682 1139 1710 satis
1159 1685 1265 1710 constat
1288 1681 1322 1709 de
1337 1680 1396 1708 istis
1414 1679 1523 1708 interim
1545 1679 1650 1707 duabus
1669 1677 1791 1715 proprie-

996 1727 1096 1755 tatibus
1134 1726 1254 1754 Iudaicae
1295 1725 1463 1758 litteraturae;
1506 1728 1654 1756 memento,
1696 1723 1791 1757 lector,

995 1771 1156 1804 constitisse,
1181 1774 1210 1798 ut
1237 1778 1298 1798 cum
1321 1769 1373 1797 tale
1401 1769 1467 1805 quid
1491 1768 1711 1800 adhibuerimus,
1735 1763 1792 1795 non

996 1821 1157 1846 retractetur
1170 1816 1203 1843 de
1219 1815 1307 1843 forma
1324 1815 1477 1850 scripturas,
1493 1813 1541 1841 sed
1552 1813 1585 1841 de
1605 1817 1675 1840 statu
1689 1820 1790 1840 causae.

997 1863 1063 1890 Cum
1087 1861 1169 1899 igitur
1191 1862 1317 1889 hazretica
1340 1859 1473 1887 dementia
1495 1866 1557 1887 eum
1579 1857 1713 1885 Christum
1741 1864 1790 1885 ve-

996 1909 1069 1935 nisse
1085 1909 1269 1942 prtesumeret,
1285 1905 1331 1941 qui
1355 1911 1490 1939 nunquam
1505 1903 1591 1931 fuerat
1608 1901 1790 1934 annuntiatus,

997 1953 1159 1987 sequebatur
1174 1956 1202 1978 ut
1225 1959 1284 1979 eum
1301 1949 1438 1978 Christum
1461 1948 1580 1976 nondum
1603 1947 1709 1975 venisse
1724 1954 1791 1974 con-

998 1997 1128 2029 tenderet,
1150 1994 1196 2032 qui
1218 2003 1323 2030 semper
1342 1994 1430 2021 fuerat
1454 1991 1636 2029 prmdicatus:
1661 1995 1741 2026 atque
1756 1990 1791 2017 ita

998 2045 1089 2070 coacta
1104 2045 1145 2068 est
1164 2048 1226 2067 cum
1240 2039 1354 2067 Judaico
1378 2045 1468 2066 errore
1483 2036 1593 2070 sociari,
1609 2041 1637 2064 et
1651 2036 1684 2063 ab
1699 2042 1732 2063 eo
1747 2043 1792 2062 ar-

998 2085 1226 2121 gumentationem
1254 2083 1306 2111 sibi
1335 2086 1450 2114 struere,
1473 2081 1550 2117 quasi
1572 2080 1657 2107 Judaei
1680 2079 1745 2106 certi
1767 2084 1795 2106 et

142 2123 201 2171 que-
209 2137 246 2162 ita
261 2123 317 2170 jam
334 2123 357 2154 “3
374 2123 560 2171 expunctum;
568 2137 594 2163 id
610 2123 663 2170 est,
679 2123 753 2164 omni
768 2136 849 2163 modo
867 2123 943 2164 futu—
960 2137 982 2175 ο
999 2130 1051 2166 iPSi
1075 2129 1157 2157 alium
1180 2128 1262 2156 fuisse
1280 2128 1327 2164 qui
1350 2127 1436 2161 νθηίῐι
1462 2133 1516 2175 11?“
1539 2125 1620 2175 ῐῐξοάο
1631 2123 1794 2175 Τεδρυθῖίηῑ

142 2188 202 2207 rum
216 2182 414 2215 demonstrare,
430 2181 499 2208 sicut
518 2190 565 2217 per
589 2181 685 2209 Isaiam
700 2181 738 2215 (L,
755 2181 783 2215 6)
799 2189 806 2208 :
825 2182 943 2209 Dorsum

142 2233 240 2253 meum
249 2225 332 2260 posui
341 2226 373 2253 in
383 2226 507 2261 ﬂagella,
517 2227 655 2255 maxillas
661 2228 758 2254 autem
764 2234 842 2254 meas
849 2226 879 2254 in
883 2225 947 2261 pal-

1000 2183 1060 2204 eum
1084 2180 1113 2202 ut
1132 2178 1298 2205 extraneum,
1323 2180 1416 2200 verum
1436 2176 1462 2199 et
1485 2170 1669 2199 interfecerint
1691 2177 1752 2198 eum
1768 2173 1795 2196 ut

1002 2220 1195 2253 adversarium,
1219 2217 1335 2255 agnituri
1363 2216 1421 2244 sine
1445 2216 1527 2243 dubio
1551 2218 1577 2242 et
1602 2215 1676 2243 omni
1704 2213 1794 2242 ofﬁcio

834 2296 932 2327 Variae
953 2297 1109 2327 lectiones.

183 2362 207 2380 ‘5
228 2362 390 2400 inutroque
404 2363 467 2391 alii.
485 2363 508 2381 ιδ
522 2363 683 2392 Proluserim
699 2364 759 2400 Rig.
782 2364 849 2392 Jun.
877 2363 969 2391 Venet.
989 2361 1011 2381 1"
1031 2361 1094 2388 Post
1107 2368 1123 2387 a
1142 2360 1211 2387 Jun.
1229 2357 1251 2377 l8
1265 2354 1405 2392 Temporis
1421 2354 1505 2382 Seml.
1527 2352 1633 2381 Pamel.
1652 2351 1674 2370 ι⁹
1693 2350 1728 2378 Ut
1738 2351 1795 2383 jam

146 2398 216 2425 Iun.
227 2397 252 2416 ²⁰
266 2397 439 2426 Ethnicorum
455 2399 517 2427 Lat.

848 2448 1101 2480 Commentarius.

182 2499 223 2533 (6)
239 2499 279 2527 Ad
303 2502 414 2528 eertum
438 2502 466 2528 et
491 2501 616 2529 cominus
642 2500 843 2529 dimicaturus.
865 2500 950 2535 Quasi

147 2536 306 2571 superiores
341 2536 541 2571 disputationes
577 2536 742 2564 velitationis
778 2537 805 2563 in
838 2537 949 2564 modum

147 2570 228 2598 [δεῖξε
247 2576 348 2607 essent,
362 2570 406 2599 hic
430 2571 526 2599 fortius
546 2576 729 2607 pugnaturum
746 2580 776 2600 se
799 2572 948 2607 pollicetur,

147 2611 175 2633 ut
191 2606 288 2641 quavis
311 2608 459 2641 sponsione
482 2606 665 2636 adversarium
691 2606 807 2642 premat:
827 2608 952 2642 Appellat

149 2642 486 2704 itaqpeLadPScripturam,
508 2651 587 2679 quam
607 2643 634 2669 in
659 2643 820 2672 Marcionem
843 2648 949 2672 contor-

149 2685 204 2704 uue
219 2697 225 2703 .
264 2685 280 2704 ιζ
320 2685 347 2704 ιι.

147 2681 225 2713 quet.
241 2681 280 2704 La
296 2681 347 2704 Pa.

180 2713 227 2752 ('1)
252 2713 471 2752 Scripturarum
494 2716 635 2752 formam,
644 2718 696 2752 etc.
717 2714 880 2752 Praemittere
904 2723 950 2743 ex-

149 2748 289 2784 plicando,
306 2748 479 2784 declarando,
494 2748 721 2778 commendando.
735 2750 799 2778 me.

187 2784 228 2818 (8)
241 2784 345 2822 sapam
353 2785 387 2814 de
394 2787 493 2822 petris,
506 2788 559 2814 aut
567 2786 751 2822 defrutumde
761 2788 887 2822 rupibus,
897 2790 948 2814 etc.

148 2819 225 2847 Idem
253 2819 293 2847 hae
319 2819 484 2850 dum—voces
510 2819 682 2858 significant,
707 2819 950 2858 mustum'nempe

1004 2502 1119 2527 coctum.
1144 2495 1296 2524 Discrimen
1320 2498 1361 2522 est
1383 2494 1455 2530 quod
1478 2500 1542 2527 sapa
1566 2494 1607 2519 est
1627 2494 1748 2530 mustum
1763 2488 1797 2516 ad
1820 2527 1824 2530 ~

1003 2525 1117 2562 inediam
1133 2537 1235 2568 partem
1259 2525 1413 2568 decoctum,
1438 2525 1575 2557 defrutum
1588 2530 1675 2555 autem
1694 2525 1727 2553 ad
1743 2530 1796 2553 ter-

1006 2570 1068 2598 tiam
1087 2578 1093 2596 :
1109 2566 1145 2596 ita
1157 2569 1194 2595 M.
1215 2568 1310 2595 Varro.
1327 2567 1365 2593 La
1381 2566 1429 2593 Pa.
1499 2601 1511 2602 γ
1581 2599 1586 2602 Δ
1635 2599 1641 2602 _
1721 2600 1725 2602 Α

1041 2596 1081 2641 (9)
1097 2605 1244 2633 Placentas
1257 2605 1287 2641 et
1301 2603 1415 2641 sumius,
1431 2605 1484 2641 etc.
1498 2599 1621 2641 Psomias
1633 2599 1729 2641 legunt
1742 2596 1797 2641 alii,

1006 2633 1051 2669 alii
1072 2633 1194 2677 Ipsomia,
1215 2638 1348 2677 a_erc_o
1370 2633 1485 2677 ψῳμῐον..
1498 2636 1551 2670 Qui
1574 2633 1674 2677 samias
1695 2633 1797 2677 legujnAt,

1007 2668 1134 2712 puto‘eos
1157 2668 1309 2712 inielligere
1323 2675 1357 2702 de
1372 2668 1688 2712 placentiswsamiisrqute
1747 2668 1798 2712 de:

1006 2705 1075 2740 iiciis
1095 2715 1182 2744 erant,
1198 2705 1317 2739 auctoris
1341 2705 1405 2739 vero
1428 2716 1528 2736 nomen
1551 2705 1737 2743 praeferebant,
1752 2705 1799 2738 qui

1007 2748 1114 2776 Samius
1129 2747 1278 2775 dicebatur.
1294 2746 1333 2773 LE
1347 2746 1394 2773 Pa.

1043 2773 1319 2819 (ibi'rie‘réiiibmm
1334 2781 1486 2816 apostolus.
1504 2777 1630 2819 Intelligit
1645 2773 1799 2819 apostolum

1006 2809 1368 2854 Ραῖιιιῖιιᾜέιῖῇἁιοίοιιειὲι
1382 2818 1482 2843 ρςίιιιιιιι
1499 2820 1524 2842 rt
1549 2809 1710 2841 truncatum.
1732 2809 1798 2837 ΡΔιι.
