1990 3072
192 122 245 152 355

195 183 332 221 religionis
359 182 540 218 pr05eculuri,
562 183 585 210 si
606 183 730 219 ipsorum
755 181 858 209 fuisset.
884 180 995 210 Scilicet
1009 191 1032 230 Α

195 228 320 257 nauclero
341 227 380 254 illi
400 234 453 254 non
475 227 586 262 quidem
609 226 714 254 Rhodia
738 227 790 258 lex,
808 226 857 253 sed
883 226 994 254 Pontica

194 276 302 301 caverat
318 273 383 307 (tl),
402 280 492 300 errare
517 271 626 299 Judaeos
643 271 670 298 in
687 270 821 298 Christum
846 279 925 298 suum
940 279 993 298 non

195 318 292 350 licere;
314 317 424 352 quando
446 316 496 343 etsi
521 315 587 343 nihil
605 315 656 343 tale
683 315 857 350 praedicatum
881 315 908 341 in
934 316 995 343 illos

194 361 370 393 inveniretur,
391 360 433 389 vel
457 361 514 388 sola
539 361 631 396 utique
657 360 775 388 humana
799 360 919 388 conditio
946 361 994 388 de-

195 406 284 442 ceptui
299 405 424 439 obnoxia,
445 405 625 441 persuasisset
648 405 759 432 Judaeos
782 413 870 432 errare
885 405 993 440 potuis-

197 460 235 484 se,
251 459 304 487 qua
328 450 466 484 homines;
483 458 533 478 nec
556 449 646 477 statim
670 448 859 485 prasjudicium
882 457 995 476 sumen-

197 497 259 524 dum
274 496 309 523 de
333 495 465 524 sententia
486 503 592 528 eorum,
608 502 677 530 quos
700 494 829 521 credibile
849 494 929 521 fuerit
952 502 994 521 er—

197 549 284 569 rasse.
299 542 397 573 Porro,
411 548 472 568 cum
487 543 513 567 et
534 539 706 575 praedicatum
723 540 757 566 sit
781 547 834 566 non
856 539 996 575 agnituros

198 594 245 614 eos
269 585 424 618 Christum,
454 584 570 619 ideoque
596 583 679 611 etiam
708 587 912 619 perempturos;
940 583 995 617 jam

198 638 263 666 ergo
279 629 338 665 ipse
363 628 414 657 erit
428 632 455 656 et
479 628 619 663 ignoratus
634 632 661 655 et
685 627 864 662 interemptus
884 627 997 662 abillis,

198 676 225 703 in
241 682 321 711 quem
337 674 373 701 ita
396 673 537 700 admissuri
561 673 791 708 praenotabantur.
815 673 872 700 Hoc
896 672 918 699 si
934 680 998 707 pro-

199 719 257 746 bari
272 717 370 753 exigis,
387 725 441 745 non
457 725 501 744 eas
516 717 665 753 scripturas
689 716 821 751 evolvam,
837 724 898 752 quas
912 716 997 743 inter-

199 762 363 798 emptibilem
387 762 523 789 Christum
549 761 694 793 edicentes,
722 760 812 796 utique
837 765 864 787 et
888 760 997 797 ignora-

200 808 279 835 bilem
304 807 457 834 afﬁrmant:
475 806 527 832 nisi
548 806 617 832 enim
640 806 780 842 ignoratus
804 804 872 831 nihil
895 803 998 831 scilicet

201 853 256 888 pati
281 855 394 887 posset:
411 851 459 878 sed
486 850 632 877 reservatis
657 849 694 876 eis
713 849 747 876 ad
770 857 878 876 causam
895 848 998 884 passio-
1016 836 1037 874 Β

203 905 275 930 num,
287 904 334 923 eas
349 894 554 931 praedicationes
570 895 596 920 in
612 894 737 928 praesenti
753 893 866 921 sufﬁciet
885 894 999 921 adhibe-

204 951 242 976 re,
259 949 320 976 quae
339 939 448 967 interim
472 938 649 975 ignorabilem
673 938 786 973 probent
809 932 954 972 Christum,
974 942 1000 966 ct

205 987 256 1013 hoc
270 983 396 1015 breviter,
416 983 480 1009 dum
495 982 641 1010 ostendunt
656 990 763 1009 omnem
784 981 836 1009 vim
852 982 1002 1010 intellectus

204 1030 356 1064 ademptam
371 1027 472 1064 populo
485 1035 500 1054 a
511 1027 647 1054 Creatorc.
658 1028 804 1062 Auferam,
815 1026 902 1062 inquit
915 1025 1000 1054 328

205 1075 271 1109 (lsa.
281 1080 370 1105 xxxix,
388 1072 446 1107 14),
463 1072 821 1107 sapientiumsapientium
831 1071 958 1104 illorum,
975 1073 1002 1098 et

203 1118 388 1154 prudentiam
397 1117 584 1152 prudentium
599 1124 696 1145 eorum
709 1116 886 1147 abscondam,
899 1119 926 1143 et
935 1115 1000 1150 (lsa.

205 1171 242 1195 vi,
255 1163 310 1197 10),
322 1162 397 1190 Aure
412 1161 544 1193 audietis,
556 1163 584 1189 ct
598 1169 655 1188 non
664 1161 803 1189 audietis:
817 1162 845 1188 et
858 1160 948 1187 oculis
963 1160 1003 1188 vi-

206 1207 316 1239 debitis,
328 1208 356 1234 et
370 1215 427 1234 non
442 1202 569 1234 videbitis
582 1216 591 1233 .-
602 1206 796 1233 incrassatum
811 1207 852 1232 est
867 1206 942 1233 enim
957 1213 1004 1232 cor

204 1252 431 1288 populi/iuius,et
441 1251 558 1278 auribus
565 1250 864 1285 grauiteraudierunt,
875 1251 902 1277 et
909 1250 1004 1277 oculos

207 1298 425 1329 concluserunt;
436 1304 471 1324 ne
485 1295 597 1331 quando
613 1294 731 1322 auribus
742 1295 863 1322 audiant
874 1297 901 1322 et
916 1294 1005 1322 oculis

208 1341 336 1373 videant,
352 1342 380 1368 et
395 1340 476 1368 corde
487 1339 652 1375 conjiciant,
664 1341 692 1367 ct
702 1340 912 1373 convertantur,
924 1340 952 1366 et
961 1347 1005 1366 sa-

208 1392 274 1411 nem
299 1384 375 1412 illos.
398 1383 472 1410 Hanc
496 1383 567 1410 enim
600 1382 772 1410 obtusioncm
794 1382 816 1400 ’λι
850 1382 1004 1409 salutarium

211 1437 341 1456 sensuum
367 1431 532 1460 meruerant,
554 1427 629 1454 labiis
655 1427 799 1463 diligentes
815 1427 910 1461 Deum,
926 1427 1008 1454 corde

530 117 755 150 TERTULLIANI
774 116 907 148 OPERUM
924 118 1007 149 PARS
1026 119 1060 149 ll.
1084 133 1121 142 -
1139 118 1253 149 SERIES
1273 119 1294 152 Ι,
1311 119 1482 149 POLEMICA.

1789 119 1841 150 356

1049 191 1110 212 eum
1132 182 1328 219 principalibus
1352 182 1517 218 sapientibus
1537 190 1643 216 eorum,
1660 182 1687 209 id
1710 185 1750 210 est
1773 183 1841 211 scri-

1049 227 1100 261 bis,
1117 231 1143 255 et
1158 227 1332 262 prudentibus
1347 235 1442 255 eorum
1468 227 1501 262 26,
1519 227 1545 254 id
1560 231 1602 255 est
1624 227 1783 263 Pharisaeis;
1798 236 1843 263 pa-

1050 272 1113 300 riter
1132 276 1158 299 ct
1183 272 1285 307 populo
1308 272 1417 299 auribus
1440 272 1573 304 audituro,
1590 276 1616 299 et
1640 281 1693 300 non
1709 272 1840 308 audituro,

1050 316 1142 352 utique
1161 317 1295 343 Christum
1310 316 1452 344 docentem
1468 325 1473 343 :
1489 322 1515 345 et
1534 316 1618 344 oculis
1633 316 1734 349 visuro,
1752 320 1776 344 et
1792 325 1842 344 non

1049 361 1150 393 visuro,
1168 360 1259 396 utique
1283 360 1418 388 Christum
1434 360 1512 397 signa
1527 361 1682 394 facientem,
1697 361 1842 389 secundum

1049 404 1120 440 quod
1143 408 1170 431 et
1194 404 1257 431 alibi
1279 405 1345 440 (lsa.
1368 413 1433 439 XLII,
1449 406 1494 439 l9)
1513 414 1518 432 :
1535 407 1569 433 Et
1593 407 1653 442 quis
1670 414 1772 441 aecus,
1788 407 1843 434 nisi

1048 450 1131 485 pueri
1136 450 1191 477 mei
1197 451 1241 476 Yet
1249 450 1431 485 quissurdus,
1439 451 1498 478 nisi
1503 450 1723 486 quidominatur
1729 450 1841 479 eorum?

1050 494 1100 521 Sed
1123 498 1149 520 et
1168 501 1229 521 cum
1245 495 1389 528 exprobrat
1413 502 1459 529 per
1483 494 1609 522 eumdem
1630 495 1724 521 Isaiam
1747 495 1778 529 (ι,
1793 496 1840 528 3):

1051 539 1137 566 Filios
1151 539 1283 574 generan
1298 541 1325 566 et
1342 540 1469 567 cacaltavi
1484 549 1492 567 :
1507 542 1538 566 at
1552 540 1598 567 illi
1612 548 1657 567 me
1673 540 1839 575 rejecerunt.

1052 583 1169 618 Agnovit
1189 583 1234 612 bos
1253 591 1436 619 possessorem
1452 592 1546 616 suum,
1563 586 1590 612 et
1610 585 1709 612 asinus
1723 592 1841 620 prwsepe

1052 628 1161 655 domini
1174 628 1220 655 sui
1235 637 1244 655 :
1258 628 1346 668 Israel
1360 630 1457 655 autem
1473 637 1516 656 me
1536 637 1592 657 non
1608 629 1744 664 cognouit,
1759 631 1786 655 et
1796 637 1839 664 pe-

1052 672 1140 708 pulus
1150 681 1194 700 me
1206 680 1263 700 non
1274 672 1433 700 intellexit.
1445 673 1500 699 Nos
1511 672 1619 708 quidem
1630 672 1706 705 certi,
1716 672 1844 699 Christum

1053 724 1161 751 semper
1188 716 1216 743 in
1245 716 1385 752 prophetis
1414 715 1553 748 locutum,
1588 716 1718 751 Spiritum
1748 716 1846 744 scilicet

1054 760 1199 794 Creatoris,
1216 761 1285 788 sicut
1299 761 1430 797 propheta
1446 764 1576 795 testatur,
1593 760 1711 796 Spiritus
1725 768 1846 795 personae

1053 806 1113 840 ejus
1126 805 1239 841 (Thren.
1257 813 1294 837 iv,
1311 807 1368 840 20),
1387 806 1509 833 Christus
1523 805 1654 833 Dominus
1669 806 1737 840 (l2),
1754 805 1799 841 qui
1815 805 1847 832 ab

1055 850 1129 878 initio
1154 850 1269 878 vicarius
1291 850 1378 877 Patris
1392 850 1419 876 in
1443 850 1491 878 Dei
1514 850 1624 878 nomine
1646 853 1672 877 et
1692 850 1799 877 auditus
1820 850 1850 876 sit

1054 898 1080 922 et
1107 894 1199 927 visus;
1227 895 1328 921 scimus
1341 894 1364 913 ετ
1390 894 1475 929 ipsius
1505 902 1585 923 voces
1613 894 1745 930 ejusmodi
1773 893 1852 922 fuisse

1054 939 1108 975 jam
1123 942 1186 966 tunc
1210 938 1299 966 lsraeli
1322 938 1518 973 exprobrantis,
1545 947 1606 974 quae
1629 938 1657 966 in
1679 938 1755 965 illum
1775 945 1851 966 com-

1057 982 1164 1010 missuri
1180 982 1396 1017 praedicabantur
1411 991 1416 1010 :
1434 982 1626 1018 Dereliquistis
1649 983 1812 1016 Dominum,
1827 985 1852 1010 et

1058 1028 1088 1055 in
1108 1028 1182 1055 iram
1196 1028 1371 1062 prouocastis
1393 1027 1529 1055 Sanctum
1545 1028 1633 1055 Israel
1655 1027 1719 1062 (Isa.
1737 1035 1756 1059 ι,
1773 1027 1811 1062 4).
1826 1027 1853 1054 Si

1056 1079 1120 1099 vero
1137 1079 1189 1099 non
1204 1072 1228 1090 2⁸
1243 1071 1269 1097 in
1285 1071 1435 1106 Christum,
1450 1071 1500 1099 sed
1515 1072 1542 1099 in
1560 1071 1648 1106 ipsum
1664 1071 1753 1106 potius
1766 1072 1852 1099 Deum

1057 1115 1177 1143 volucris
1205 1115 1308 1143 referre
1347 1123 1456 1143 omnem
1492 1115 1611 1144 Judaicze
1643 1116 1800 1152 ignorantiae
1822 1116 1854 1143 de

1059 1160 1170 1196 pristino
1195 1160 1402 1195 reputationem,
1426 1160 1523 1188 nolens
1545 1161 1626 1188 etiam
1651 1164 1722 1189 retro
1746 1161 1856 1189 Sermo-

1059 1213 1120 1232 nem
1136 1209 1162 1232 et
1185 1204 1325 1239 Spiritum,
1342 1205 1369 1231 id
1388 1209 1439 1237 est,
1455 1205 1592 1233 Christum
1608 1205 1744 1233 Creatoris
1760 1206 1856 1240 despe-

1058 1253 1129 1276 ctum
1144 1249 1176 1276 ah
1192 1249 1240 1284 eis,
1257 1252 1284 1276 et
1299 1256 1353 1276 non
1373 1248 1505 1284 agnitum,
1522 1249 1562 1277 sic
1576 1257 1684 1285 quoque
1703 1249 1857 1277 revinceris.

1060 1294 1117 1322 Non
1132 1301 1235 1329 negans
1253 1293 1324 1321 enim
1339 1293 1436 1320 Filium
1452 1299 1479 1321 et
1492 1293 1622 1327 Spiritum
1645 1299 1671 1322 et
1685 1294 1859 1322 substantiam

1061 1339 1197 1367 Creatoris
1216 1347 1277 1366 esse
1303 1339 1441 1366 Christum
1463 1338 1551 1367 329
1573 1341 1641 1375 ejus,
1657 1340 1790 1368 concedas
1813 1347 1862 1368 nc-

1061 1391 1137 1411 ceSse
1160 1388 1212 1416 est,
1229 1391 1274 1411 eos
1297 1383 1343 1419 qui
1366 1384 1471 1410 Patrem
1495 1392 1548 1412 non
1564 1384 1732 1420 agnoverint,
1749 1392 1799 1412 nec
1813 1384 1860 1411 Fi—

1062 1427 1128 1454 lium
1153 1435 1301 1463 agnoscere
1324 1427 1455 1462 potuisse,
1480 1437 1527 1462 per
1550 1428 1672 1464 ejusdem
1701 1428 1861 1456 substantiae

211 1477 299 1500 autem
319 1473 401 1509 longe
426 1472 586 1500 absistentes
607 1471 639 1498 ab
663 1478 705 1498 eo.
731 1471 817 1506 igitur
840 1471 862 1497 si
887 1471 1010 1499 Christus
1026 1479 1046 1517 Β
1062 1471 1255 1505 conditionem,
1271 1472 1349 1506 cujus
1372 1472 1394 1499 si
1421 1472 1560 1507 plenitudo
1583 1472 1717 1500 intellecta
1736 1481 1789 1500 non
1808 1477 1862 1506 est,

211 1518 319 1553 quidem
347 1517 556 1545 annuntiabatur
584 1524 599 1543 a
619 1516 746 1543 Creatore
769 1515 910 1543 solidante
938 1517 1010 1544 toni-

212 1564 301 1594 trum,
317 1566 344 1589 et
368 1562 460 1593 (Amos
485 1569 520 1593 Iv,
539 1561 582 1592 13)
607 1560 745 1587 candente
769 1560 793 1578 22
807 1561 954 1596 spiritum,
981 1563 1008 1588 et

210 1607 407 1634 anuuntiantc
421 1606 445 1624 2³
460 1607 491 1633 in
503 1605 627 1633 homines
645 1605 789 1633 Christum
805 1613 901 1636 suum,
912 1613 1008 1632 secun-

210 1652 272 1679 dum
297 1652 382 1678 Amos
405 1651 583 1686 prolihetam;
601 1649 623 1675 si
644 1649 731 1676 omnis
755 1656 817 1683 spes
840 1649 1007 1683 Judaeorum,

211 1704 244 1724 ne
259 1696 284 1715 2³
304 1695 390 1724 dicam
407 1695 487 1723 etiam
503 1694 644 1725 Gentium,
662 1693 688 1720 in
703 1692 802 1720 Christi
818 1693 1009 1720 rerclntionem

211 1741 412 1773 destinabatur,
438 1739 498 1767 sine
523 1739 604 1766 dubio
626 1738 652 1765 id
676 1737 930 1765 demonstrabantur
956 1746 1009 1766 non

213 1785 339 1822 agnituri,
361 1788 386 1812 et
401 1792 455 1812 non
471 1782 644 1816 intellecturi,
665 1781 761 1809 ablatis
783 1782 928 1817 agnitionis
943 1783 967 1801 2⁵
982 1787 1009 1809 et

213 1829 398 1866 intelligentiae
434 1828 537 1857 viribus
573 1826 705 1862 sapientia
740 1830 819 1861 atque
858 1826 1007 1861 prudentia,

213 1874 284 1909 quod
308 1873 526 1903 annuntiabatur,
549 1871 576 1899 id
600 1876 641 1899 est
664 1870 808 1902 Christum,
832 1870 960 1898 erraturis
983 1871 1010 1898 in

1064 1516 1148 1544 multo
1164 1517 1250 1553 magis
1266 1516 1365 1551 portio,
1385 1520 1457 1544 certe
1472 1525 1524 1552 qua
1546 1517 1719 1552 plenitudinis
1734 1525 1861 1545 consors.

1063 1561 1109 1587 llis
1127 1561 1162 1587 ita
1190 1560 1330 1596 dispectis,
1353 1561 1408 1595 jam
1431 1565 1544 1596 apparet
1566 1563 1701 1596 quomodo
1724 1564 1752 1589 et
1775 1563 1799 1581 '19
1815 1570 1863 1590 re-

1064 1605 1185 1639 spuerint
1208 1605 1295 1631 Juda-i
1321 1604 1467 1639 Christum,
1488 1609 1513 1632 et
1537 1604 1732 1641 interemerint,
1757 1615 1812 1634 non
1835 1611 1868 1634 ut

1064 1653 1220 1676 extraneum
1251 1647 1387 1675 Christum
1416 1648 1616 1685 intelligentcs,
1647 1650 1694 1677 sed
1723 1655 1752 1677 ut
1783 1659 1866 1678 suum

1064 1700 1117 1720 non
1132 1696 1323 1729 agnoscentes.
1339 1692 1391 1726 Qui
1405 1692 1477 1720 enim
1500 1693 1525 1712 3°
1539 1698 1696 1722 extraneum
1713 1694 1869 1731 intelligere

1065 1737 1225 1773 potuissent,
1241 1737 1274 1764 de
1298 1745 1351 1772 quo
1371 1737 1437 1765 nihil
1461 1745 1579 1773 unquam
1604 1738 1690 1766 fuerat
1713 1740 1867 1768 annuntia-

1065 1786 1131 1815 tum,
1147 1790 1208 1810 cum
1225 1782 1377 1819 intelligere
1392 1790 1445 1810 non
1463 1783 1623 1817 potuissent,
1639 1784 1673 1811 de
1688 1792 1742 1819 quo
1756 1792 1871 1820 semper

1065 1825 1153 1853 fuerat
1168 1826 1341 1861 praedicatum
1352 1827 1365 1854 ἱ)
1381 1826 1409 1853 Id
1435 1826 1506 1854 enim
1527 1827 1639 1864 intelligi
1655 1828 1696 1856 vel
1716 1836 1768 1856 non
1786 1829 1872 1857 intel-

1065 1869 1112 1906 ligi
1128 1869 1198 1905 capit
1214 1870 1282 1905 (l3),
1303 1870 1377 1906 quod
1396 1871 1521 1899 habendo
1544 1872 1719 1901 substantiam
1735 1874 1874 1909 praedica-

251 1962 273 1981 ²¹
295 1962 490 1991 Obtunsionem
507 1960 591 1988 Se‘ml.
608 1959 632 1978 22
646 1958 828 1996 Concludente
842 1919 1241 1996 Ραφηῐῒέῧὲῗέἔῗὲωηῐς
1257 1958 1303 1996 sed
1321 1959 1454 1996 candente
1467 1962 1586 1996 prtefert
1599 1962 1692 1990 Latin.
1710 1965 1736 1990 et
1768 1964 1874 1996 favent

216 1999 294 2026 Hebr.
308 1999 398 2026 Grece.
415 1999 491 2033 vutg.
509 1996 745 2033 LatsScripturgB
755 1995 898 2033 lectiones.
915 1994 1210 2033 Edd.r'-’3_Annuntiante
1226 1995 1346 2033 Servili?"
1362 1994 1545 2033 Nedumalii.
1558 1997 1582 2015 ²⁵
1601 1997 1754 2033 Agnitionis
1768 1994 1872 2027 omitt.

216 2034 301 2062 Seml.
318 2034 343 2053 26
357 2030 545 2068 Eorum—negl.
567 2030 691 2060 Semli21
706 2031 739 2059 Ει
753 2031 840 2059 inser.
865 2031 950 2060 Seml.
966 2031 991 2050 2⁸
1012 2030 1094 2058 Israel
1109 2038 1171 2059 vero
1186 2030 1210 2057 si
1225 2038 1278 2058 non
1296 2031 1380 2059 Seml.
1396 2031 1420 2050 ²⁹
1435 2032 1468 2060 Et
1486 2033 1560 2068 negl.
1581 2030 1667 2061 Ρνιῖη.
1683 2033 1707 2053 ³ο
1731 2034 1802 2068 Quia
1818 2042 1876 2062 nec

216 2070 304 2099 Ithen.

914 2102 1165 2135 Commentarius.

267 2160 309 2203 ιι)
323 2159 438 2203 scilicet
448 2158 582 2203 naucle'ro
594 2157 639 2203 ἰ]ὶὶ
648 2165 706 2198 non
716 2156 827 2203 quidem
838 2156 944 2185 Rhodia
955 2157 1013 2203 lex,
1031 2165 1053 2203 Β
1069 2155 1179 2203 omnqu
1189 2155 1332 2203 legendum
1343 2164 1452 2203 censeo,
1457 2164 1507 2197 pro
1513 2159 1763 2199 personaspiritus
1774 2160 1879 2199 nostri

217 2192 264 2223 sed
280 2192 401 2223 Pontica
415 2196 537 2223 caverat.
548 2193 702 2221 Barbariem
718 2192 855 2220 Ponticam
870 2192 1015 2227 exprobrat

218 2230 355 2265 Marcioni,
376 2230 452 2266 quasi
475 2229 540 2256 nihil
566 2229 660 2266 edocto
681 2232 776 2263 praeter
799 2228 1015 2266 scila‘quiedom

218 2267 333 2298 nautica,
349 2263 435 2298 eaque
459 2265 580 2298 Pontica,
596 2265 648 2292 hoc
673 2268 712 2291 est
727 2271 800 2291 mere
823 2263 944 2297 barbara,
960 2271 1015 2291 non

218 2275 333 2298 nautica,
351 2275 382 2293 ea
402 2275 435 2293 ue
461 2275 580 2298 t'onuca,
596 2275 648 2292 HOC
673 2275 712 2291 υξι
727 2275 800 2291 mere
823 2275 944 2297 uaruuru,
961 2275 1015 2291 uuu

218 2306 308 2329 autem
325 2275 439 2330 Rhodia.
455 2301 523 2329 Nam
547 2300 645 2328 Rhodii
666 2300 773 2334 quidem
792 2299 827 2326 ob
842 2298 932 2335 legum
947 2299 1015 2326 civi-

218 2338 284 2365 lium
300 2346 393 2365 curam
407 2337 591 2372 justitiamth
613 2335 782 2365 admirationi
798 2334 880 2372 luere,
890 2334 1013 2372 cunctis;

217 2374 264 2400 sed
294 2382 382 2401 rerum
408 2370 517 2408 quoque
549 2370 719 2408 nauticarum
749 2370 903 2408 peritissimi
931 2370 1016 2408 fuisse

219 2409 353 2441 sidentur,
371 2416 402 2435 ac
416 2406 449 2436 de
473 2406 599 2435 omnibus
614 2408 646 2433 ad
662 2406 860 2442 navigationem
877 2406 1016 2441 pertinen-

219 2445 291 2471 tibus
306 2444 459 2480 aeqnissima
470 2444 533 2480 jura
549 2442 715 2480 condidisse;
729 2447 870 2480 propterea
884 2449 948 2468 vero
965 2449 1017 2468 ma-

219 2479 256 2507 ris
289 2477 433 2514 imperium
472 2478 633 2511 obtinuisse,
663 2482 744 2512 atque
772 2477 799 2504 in
834 2477 1024 2514 Romanorum,

219 2513 337 2542 amicitia
360 2514 484 2542 floruisse
512 2514 609 2541 Strabo
633 2518 838 2540 commemorat.
864 2513 902 2539 Ex
924 2521 1016 2541 eorum

217 2551 280 2585 jure
297 2550 400 2577 nautico
415 2558 468 2577 non
489 2557 572 2584 pauca
586 2549 619 2576 de
632 2549 705 2583 jactu
719 2552 746 2577 et
766 2549 868 2576 l'ortean
888 2549 921 2585 de
936 2557 1016 2577 exer-

220 2583 315 2614 citoria
329 2594 437 2621 quoque
458 2583 561 2613 actione
574 2585 600 2612 in
619 2585 768 2612 Pandectas
784 2584 879 2621 relata,
894 2583 965 2621 Plin.
982 2599 1018 2604 ~—

221 2623 281 2651 Non
294 2620 407 2658 quidem
425 2621 529 2649 Rhodia
541 2621 656 2658 legele.
671 2621 713 2658 De
727 2621 832 2656 legibus
850 2620 1017 2658 Rhodiorum

219 2659 266 2695 qui
286 2655 327 2686 rei
352 2658 468 2695 nauticae
490 2657 644 2695 peritissimi
668 2655 785 2695 fuerunt,
810 2655 912 2695 m_e_nti_o_
932 2655 1015 2695 ιιι-Ι)ἱ

220 2690 252 2722 ad
269 2694 355 2727 legem
381 2694 467 2722 Rhod.
482 2690 516 2720 de
528 2693 612 2727 jactu.
630 2692 678 2720 Per
698 2692 812 2720 ironiam
831 2691 874 2718 hic
890 2690 1016 2718 Marcioni

222 2730 279 2757 haec
294 2728 361 2758 dicit
375 2728 565 2757 Tertullianus.
584 2729 620 2756 ιιι
635 2729 684 2756 Pn.

257 2768 314 2801 (t2)
325 2767 448 2803 Spiritus
457 2773 582 2801 personte
597 2766 657 2801 ejus
676 2763 802 2793 Christus
818 2762 965 2792 Dominus.
980 2762 1018 2789 Ita

1071 2191 1197 2228 Christus
1213 2192 1357 2219 Dominus.
1373 2193 1441 2220 Nam
1455 2191 1482 2219 in
1505 2191 1599 2228 primis
1613 2191 1724 2222 nimium
1749 2195 1879 2222 variaret

1068 2227 1199 2266 Auctor}
1221 2227 1307 2259 LXX,
1323 2228 1423 2266 Thren.
1448 2236 1486 2261 ιν,
1506 2227 1558 2266 ubi
1581 2229 1681 2266 legitur
1705 2238 1759 2257 non
1784 2231 1877 2258 modo

1067 2262 1144 2297 juxta
1166 2262 1276 2290 ercos
1295 2266 1321 2301 et
1343 2263 1450 2291 Latinos
1474 2264 1581 2301 codices
1597 2262 1622 2292 Γ
1634 2266 1758 2301 Spiritus
1781 2267 1879 2301 faciei

1069 2300 1185 2336 nostrae,
1194 2306 1253 2336 seu,
1261 2299 1357 2336 vultus
1364 2300 1466 2336 nostri,
1476 2300 1542 2332 sive,
1550 2303 1618 2328 ante
1623 2299 1727 2336 faciem
1738 2299 1877 2330 nostram

1071 2334 1200 2373 Christus
1214 2334 1424 2373 Dominus,_sed
1442 2335 1531 2373 etiam,
1545 2334 1641 2373 iisdem
1660 2336 1757 2364 citatur
1777 2338 1878 2365 verbis

1070 2369 1097 2408 i_n
1112 2369 1415 2408 eamdem_scntentiam
1441 2379 1456 2397 a
1475 2371 1509 2408 B.
1523 2372 1594 2399 lren.
1614 2372 1662 2399 lib.
1688 2380 1729 2405 xu,
1745 2380 1806 2408 cap.
1826 2375 1878 2405 11,

1070 2404 1098 2441 l3.
1117 2405 1195 2441 _.lust.
1224 2405 1300 2432 Mart.
1325 2406 1404 2440 Apol.
1430 2414 1459 2441 ιι,
1479 2407 1512 2434 ad
1536 2407 1703 2435 Antoninum
1728 2404 1821 2440 Pium,
1845 2404 1878 2436 et

1070 2439 1180 2479 lluftino
1194 2441 1224 2468 in
1241 2439 1409 2479 Syriibolum,
1427 2449 1440 2468 a
1454 2439 1649 2479 quibusetiam
1666 2444 1739 2471 haud
1754 2439 1878 2472 multum

1070 2475 1195 2515 dissentit
1218 2476 1299 2515 editio
1325 2477 1446 2515 Hemina,
1464 2475 1534 2511 'quzn
1557 2478 1633 2513 legit,
1666 2480 1790 2515 Spiritus
1812 2481 1879 2508 oris

1070 2512 1172 2551 nostri,
1182 2516 1208 2551 et
1218 2511 1353 2551 Chaldma,
1363 2514 1538 2551 spiraculum
1553 2511 1671 2549 spiritus
1683 2511 1752 2543 vita:
1766 2517 1816 2551 qui
1830 2517 1879 2543 est

1069 2548 1100 2574 in
1126 2547 1242 2575 naribus
1258 2547 1461 2577 nostrisXPAu.

1106 2583 1213 2622 (13).Ιά
1237 2584 1314 2622 enim
1338 2585 1461 2622 intelligi
1484 2585 1527 2613 vel
1550 2593 1605 2614 non
1631 2587 1755 2621 intelligi
1781 2587 1880 2622 capit.

1071 2617 1147 2653 Saape
1160 2618 1218 2652 jam
1237 2619 1413 2657 indicavimus
1432 2617 1597 2657 usumrverbi
1613 2622 1688 2657 capit
1711 2617 1784 2657 apud
1800 2617 1884 2651 h'unc

1071 2658 1232 2694 auctorem._
1240 2654 1418 2694 Simillimum
1434 2660 1485 2694 est_
1496 2656 1562 2694 illud
1578 2657 1625 2694 lib.
1646 2654 1774 2694 proxime
1789 2665 1883 2694 supe-

1073 2689 1137 2716 riori
1154 2698 1160 2716 :
1181 2700 1191 2715 ι(
1214 2690 1290 2725 Capit
1305 2691 1395 2729 etiam,
1412 2691 1509 2727 inquit,
1530 2689 1674 2728 imaginem
1695 2693 1813 2729 Spiritus
1826 2689 1881 2721 'di-

1072 2733 1134 2753 cere
1148 2728 1255 2754 statum.
1274 2736 1287 2751 ι›
1305 2727 1397 2755 Rnsx.
