4032 6152
268 263 389 326 357

1494 258 1623 320 LIB.
1663 257 1738 347 III
1774 257 1928 319 ADV.
1967 258 2373 322 ιιΑιιαιοιιιιιι.

3473 269 3578 330 358

266 388 459 455 tionis,
488 386 712 444 habebit
745 394 800 443 et
833 386 1112 442 materiam
1157 385 1246 442 vel
1286 384 1600 458 agnitionis,
1647 385 1733 441 vel
1773 400 1874 441 er-
1910 403 1956 481 Α
1991 385 2331 443 saecularium
2380 402 2669 458 regnorum
2715 389 3044 447 comminuet
3082 399 3136 448 et
3182 400 3443 450 conteret.
3496 395 3576 448 De

267 480 431 535 roris.
478 477 640 546 Quod
680 492 809 534 vero
864 477 1091 531 materia
1129 484 1298 541 caret,
1347 491 1455 530 non
1501 473 1737 529 admittit
1782 490 1875 529 sa-

267 569 492 640 pientia}
550 574 823 621 eventum.
877 566 944 620 Et
996 564 1133 619 adeo
1189 579 1299 620 non
1336 579 1443 634 qua
1486 563 1705 619 alterius
1760 564 1874 629 Dei,

268 658 547 713 Christum
593 654 826 713 aversati
883 654 929 692 31
986 653 1362 724 persecutique
1423 660 1570 719 sunt,
1624 654 1721 709 sed
1769 669 1881 724 qua

258 744 613 804 solummodo
645 743 940 809 hominem,
988 759 1151 815 quem
1184 742 1402 812 planum
1448 743 1500 796 in
1539 741 1713 815 signis
1740 743 1876 814 (14),

264 845 321 892 et
347 834 605 890 aemulum
653 833 707 888 in
747 832 1007 888 doctrinis
1048 831 1452 899 existimabant,
1501 840 1560 887 ut
1599 839 1652 885 et
1698 831 1879 901 ipsum

266 923 548 980 hominem
593 937 700 993 qua
750 937 930 985 suum,
963 919 1017 974 id
1048 928 1131 976 est
1174 920 1447 989 Judaeum,
1478 919 1572 976 sed
1618 919 1880 976 Judaismi

265 1012 696 1069 exorbitatorem
725 1018 782 1065 et
818 1011 1237 1075 destructorem,
1280 1009 1607 1065 deduxerint
1652 1008 1706 1063 in
1730 1009 1879 1079 judi-

264 1102 428 1166 cium,
479 1109 534 1158 et
586 1115 688 1155 suo
733 1100 857 1169 jure
892 1098 1185 1171 punierint,
1233 1098 1470 1153 alienum
1515 1097 1725 1154 scilicet
1770 1113 1878 1155 non

261 1190 583 1261 judicaturi.
625 1190 800 1246 Tanto
829 1189 980 1244 abest
1011 1195 1068 1243 ut
1094 1187 1328 1243 alienum
1372 1189 1661 1244 Christum
1696 1188 1878 1243 intel-

266 1282 473 1339 lexisse
501 1280 835 1347 videantur,
866 1277 961 1349 qui
990 1293 1091 1333 nec
1108 1276 1387 1334 hominem
1405 1279 1522 1349 ejus
1549 1286 1611 1334 ut
1642 1276 1878 1334 alienum

262 1369 673 1438 judicaserunt.

879 1511 1102 1568 CAPUT
1142 1511 1237 1568 VII
1251 1552 1265 1567 .

340 1636 527 1693 Discat
577 1650 723 1691 nunc
748 1635 1044 1692 haereticus
1086 1650 1153 1689 ex
1182 1631 1475 1690 abundanti
1503 1648 1625 1689 cum
1654 1612 1775 1703 ipso
1802 1632 1867 1688 li-

1989 492 2097 548 quo
2128 477 2366 533 secundo
2410 476 2459 515 3"
2489 476 2720 532 adventu
2766 477 2910 534 idem
2938 481 3236 551 prephetes
3273 482 3436 553 (Dan.
3466 498 3572 548 vn,

1987 567 2053 619 13
2075 565 2251 636 seqq.)
2275 583 2287 617 :
2316 568 2385 621 Et
2405 581 2531 621 ecce
2551 583 2680 622 cum
2703 566 2940 622 nubibus
2959 569 3083 623 caeli
3102 572 3378 640 tanquam
3393 572 3571 627 Filius

1986 652 2229 710 hominis
2250 655 2498 723 veniens,
2526 656 2684 710 venit
2704 671 2877 727 usque
2892 655 2965 710 ad
2992 656 3233 713 Veterem
3261 658 3502 729 dierum,
3522 665 3573 716 et

1986 743 2185 799 aderat
2205 746 2266 798 in
2286 748 2587 816 conspectu
2609 747 2730 816 ejus
2746 764 2764 800 :
2778 746 2939 818 etqui
2951 746 3306 817 assistebant,
3323 747 3575 806 adduxe-

1985 838 2125 889 runt
2155 834 2343 902 illum,
2375 838 2431 889 et
2456 834 2594 889 data
2623 840 2705 892 est
2735 837 2787 892 ei
2812 839 3060 908 potestas
3086 838 3262 907 regia,
3297 842 3353 893 et
3382 855 3577 897 omnes

1987 925 2251 979 nationes
2291 928 2462 980 terra:
2490 924 2807 981 secundum
2835 940 3066 996 genera,
3100 930 3156 980 et
3183 927 3367 983 omnis
3395 928 3576 998 gloria

1984 1010 2435 1081 famulabunda;
2450 1015 2508 1066 et
2528 1015 2780 1083 potestas
2802 1015 2925 1084 ejus
2946 1028 3128 1084 usque
3147 1015 3209 1069 in
3231 1030 3438 1082 sevum,
3453 1031 3579 1087 qua:

1986 1116 2101 1155 non
2118 1101 2444 1169 auferetur;
2465 1105 2523 1155 et
2550 1088 2787 1172 regn'um
2799 1101 2942 1172 ejus,
2967 1102 3110 1174 quod
3133 1119 3248 1160 non
3274 1104 3574 1170 vitabitur,

1988 1195 2114 1242 tunc
2180 1187 2384 1242 scilicet
2437 1187 2718 1243 habiturus
2769 1195 2824 1245 et
2879 1188 3117 1258 speciem
3178 1190 3576 1261 honorabilem,

1986 1285 2041 1334 et
2093 1276 2346 1332 decorem
2404 1274 2804 1333 indeﬁcientem
2860 1293 3026 1350 supra
3079 1276 3219 1334 filios
3272 1279 3577 1347 hominum,

1993 1366 2370 1437 Tempestivus
2410 1365 2583 1429 enim,
2616 1364 2794 1437 inquit
2838 1365 3013 1437 (Psal.
3070 1382 3224 1434 thv,
3259 1372 3314 1434 3,
3365 1369 3444 1440 4),
3476 1369 3579 1426 de-

1985 1471 2109 1511 core
2140 1455 2252 1523 (17)
2280 1456 2430 1509 citra
2459 1455 2616 1525 filios
2633 1453 2962 1526 hominum;
2986 1458 3178 1527 effusa
3196 1462 3280 1513 est
3307 1460 3497 1530 gratia
3513 1461 3578 1516 in

1987 1543 2148 1601 labiis
2180 1544 2298 1599 tuis
2329 1563 2347 1599 :
2373 1547 2673 1616 prapterea
2700 1544 2995 1601 benedixit
3025 1548 3079 1602 te
3107 1548 3254 1603 Deus
3283 1547 3349 1602 in
3369 1564 3577 1606 (eoum.

1978 1634 2278 1705 Accingere
2317 1647 2511 1689 ensem
2546 1648 2720 1704 super
2745 1638 2943 1704 femur
2970 1639 3153 1699 tuum,
3176 1639 3400 1707 potens,
3431 1640 3580 1694 tem-

266 1726 409 1783 cebit
436 1726 650 1789 Iudaeo,
682 1724 946 1781 rationem
984 1739 1199 1797 quoque
1242 1738 1489 1780 errorum
1519 1723 1661 1793 ejus,
1692 1738 1722 1777 a
1759 1738 1870 1796 quo
1904 1712 1948 1789 Β
1976 1723 2302 1795 pestivitate
2332 1727 2434 1778 tua
2461 1726 2520 1779 et
2544 1719 2978 1793 pulchritudine
3004 1727 3130 1790 tua;
3162 1738 3286 1778 cum
3318 1731 3373 1779 et
3398 1732 3573 1796 pater,

274 1814 528 1869 ducatum
585 1819 886 1879 mutuatus,
936 1812 990 1865 iu
1037 1813 1139 1868 hac
1182 1810 1659 1883 argumentatione,
1692 1826 1868 1866 caseus

283 1918 321 1960 ι
342 1918 481 1959 caeco
506 1903 558 1957 in
583 1901 835 1958 eamdem
864 1901 1063 1957 decidit
1090 1902 1140 1940 ³³
1180 1901 1415 1957 foveam.
1460 1901 1607 1956 Duos
1641 1899 1872 1955 dicimus

286 1991 485 2047 Christi
526 1990 755 2056 habitus,
794 2005 829 2045 a
866 1989 1139 2060 prOphetis
1184 1991 1601 2057 demonstratos,
1647 1988 1871 2044 totidem

269 2080 533 2135 adventus
564 2079 687 2148 ejus
713 2086 1048 2149 praenotasse
1071 2096 1084 2133 :
1109 2094 1278 2134 unum
1317 2079 1370 2133 in
1411 2076 1732 2141 humilitate,
1770 2077 1873 2132 uti-

263 2184 373 2241 que
421 2168 678 2239 primum,
708 2182 835 2223 cum
883 2172 1155 2240 tanquam
1200 2170 1314 2225 ovis
1352 2165 1424 2223 ad
1452 2167 1747 2222 victimam
1775 2165 1871 2223 de-

265 2259 397 2316 duci
416 2258 638 2322 habeat,
667 2259 725 2313 et
757 2261 1027 2330 tanquam
1048 2273 1227 2329 agnus
1248 2260 1387 2312 ante
1403 2256 1729 2312 tondentem
1748 2257 1873 2313 sine

260 2363 411 2414 voce,
441 2350 530 2403 ita
551 2362 669 2403 non
704 2348 967 2419 aperiens
986 2360 1044 2401 os
1063 2362 1272 2413 suum;
1293 2360 1395 2403 nec
1413 2345 1463 2384 33
1491 2350 1725 2417 aspectu
1743 2348 1871 2418 qui-

262 2438 387 2493 dem
426 2438 707 2493 honestus
756 2436 891 2507 (15).
942 2437 1429 2491 Annuntiavimus
1467 2436 1643 2501 enim,
1674 2434 1869 2506 inquit,

261 2527 327 2583 de
347 2526 485 2593 illo;
503 2527 659 2581 sicut
673 2524 975 2597 puerulus,
990 2525 1141 2580 sicut
1156 2523 1326 2580 radio:
1346 2525 1411 2581 in
1438 2527 1595 2579 terra
1618 2523 1872 2590 sitienti;

262 2621 317 2673 et
336 2632 457 2672 non
471 2621 555 2672 est
569 2614 779 2687 species
795 2615 939 2685 ejus,
952 2630 1135 2685 neque
1151 2613 1349 2685 gloria.
1373 2615 1443 2669 Et
1461 2613 1708 2670 vidimus
1719 2629 1868 2680 eum,

265 2710 319 2762 et
347 2722 467 2762 non
495 2704 731 2761 habebat
756 2704 1021 2776 speciem,
1044 2718 1224 2776 neque
1242 2702 1530 2770 decorem;
1550 2702 1647 2759 sed
1661 2704 1872 2776 species

266 2797 390 2866 ejus
437 2795 802 2861 inhonorata,
850 2791 1109 2862 deﬁciens
1161 2792 1310 2848 citra
1347 2792 1497 2861 ﬁlios
1535 2791 1874 2860 hominum;

268 2882 432 2941 homo
461 2886 527 2939 in
569 2881 742 2954 plaga
790 2885 847 2939 et
886 2883 1066 2939 sciens
1099 2883 1251 2951 ferre
1289 2881 1695 2950 inﬁmitatem
1741 2880 1870 2953 (lsa.

266 2986 405 3041 vui,
431 2974 458 3024 1
480 2970 685 3042 seqq.);
716 2975 783 3028 ut
811 2971 1027 3046 positus
1056 2967 1240 3026 330
1268 2987 1304 3025 a
1340 2972 1509 3028 Patre
1535 2973 1598 3026 in
1630 2970 1874 3042 lapidem

276 3061 613 3129 offensionis
632 3062 687 3117 et
711 3065 936 3145 petrgm
955 3060 1216 3116 scandali
1234 3059 1367 3131 (lsa.
1390 3075 1511 3117 vui.
1538 3061 1660 3130 ib);
1690 3063 1873 3117 mino-

280 3147 533 3203 ratusab
567 3164 622 3204 eo
648 3148 934 3206 modicum
965 3150 1110 3205 citra
1150 3149 1376 3219 angelos
1406 3148 1581 3217 (Psal.
1611 3162 1735 3211 vm,
1766 3148 1823 3218 7)
1855 3162 1870 3215 ;

270 3251 524 3294 vermem
549 3253 606 3295 se
640 3236 1013 3309 pronuntians,
1045 3242 1103 3294 et
1129 3253 1246 3293 non
1278 3236 1600 3305 hominem;
1628 3237 1872 3309 ignomi-

263 3327 433 3383 niam
452 3325 710 3393 hominis,
746 3331 802 3383 et
822 3327 1221 3397 nulliﬁcamen
1247 3328 1448 3399 populi
1465 3326 1640 3397 (Psal.
1659 3326 1874 3395 xxxﬂ).

264 3414 404 3483 Quae
454 3414 811 3488 ignobilitatis
847 3423 1166 3489 argumenta
1211 3417 1387 3488 primo
1437 3415 1688 3472 adventui
1718 3431 1873 3473 com—

265 3513 484 3577 petunt,
534 3506 675 3561 sicut
715 3504 1062 3560 sublimitatis
1121 3505 1391 3572 secundo;
1446 3520 1572 3561 cum
1632 3503 1725 3560 ﬁet
1764 3505 1873 3575 jam

264 3609 379 3650 non
405 3593 546 3666 lapis
600 3592 944 3660 offensionis,
976 3609 1077 3649 nec
1122 3602 1272 3665 petra
1301 3592 1576 3659 scandali;
1610 3593 1708 3649 sed
1739 3592 1877 3665 lapis

265 3698 515 3738 summus
552 3681 832 3755 angularia
861 3684 997 3755 (16),
1029 3691 1153 3755 post
1191 3682 1629 3755 reprobationem
1656 3698 1876 3740 assum-

264 3781 416 3843 ptus,
488 3781 543 3828 et
606 3772 927 3828 sublimatus
973 3773 1029 3828 in
1084 3772 1602 3830 consummationem
1667 3772 1874 3845 templi,

268 3860 530 3918 Ecclesia:
585 3860 823 3930 scilicet;
856 3867 911 3916 et
951 3867 1105 3932 patre
1144 3877 1275 3917 sane
1323 3861 1437 3926 illa,
1488 3861 1633 3933 apud
1681 3860 1876 3917 Danie-

266 3951 379 4007 lem
433 3950 576 4022 (cap.
636 3950 718 4020 ιι),
770 3951 840 4006 de
886 3958 1070 4009 monte
1113 3950 1358 4024 praecisa,
1407 3965 1528 4023 quas
1580 3949 1877 4024 imaginem

1976 1818 2325 1885 posteaquam
2337 1809 2511 1883 (Psal.
2524 1809 2676 1881 vui.)
2698 1810 2978 1868 diminuit
2997 1826 3131 1868 eum
3139 1811 3424 1868 modicum
3439 1815 3575 1886 quid

1978 1901 2127 1956 citra
2155 1901 2398 1972 angelos,
2427 1900 2607 1972 gloria
2639 1903 2695 1957 et
2742 1900 2951 1958 honore
2979 1899 3269 1955 coronabit
3293 1901 3486 1957 illum.
3521 1907 3577 1960 et

1934 2032 1943 2041 .
1978 1991 2445 2062 subjicietomnia
2472 1988 2571 2045 sub
2601 1989 2649 2027 ³⁵
2676 1988 2909 2061 pedibus
2936 1990 3078 2061 ejus.
3111 1990 3264 2045 Tunc
3288 1996 3347 2044 et
3376 1989 3570 2060 (Zaeh.

1975 2094 2079 2144 xu,
2103 2077 2192 2151 10)
2212 2081 2545 2150 cognoscent
2563 2093 2713 2144 eum,
2726 2078 2826 2150 qui
2837 2082 3273 2150 compugerunt;
3289 2085 3342 2133 et
3362 2079 3578 2136 caedent

1978 2177 2199 2239 pectora
2245 2183 2344 2224 sua
2380 2167 2555 2224 tribus
2602 2166 2671 2221 ad
2717 2166 2955 2233 tribum;
3001 2167 3189 2238 utique
3242 2168 3387 2239 quod
3429 2175 3576 2224 retro

1980 2271 2092 2313 non
2140 2264 2476 2329 agnoverunt
2520 2271 2645 2311 eum
2692 2256 2747 2311 in
2794 2255 3096 2311 humilitate
3126 2255 3448 2313 conditionis
3475 2258 3574 2313 hu-

1981 2361 2158 2401 manae
2185 2345 2542 2402 constitutum
2571 2345 2639 2399 35.
2672 2349 2743 2402 Et
2773 2346 2933 2401 homo
2963 2348 3068 2410 est,
3101 2342 3279 2416 inquit
3307 2345 3574 2401 Jeremias

1978 2436 2143 2506 (xvu,
2185 2435 2278 2506 9);
2312 2440 2367 2492 et
2404 2437 2528 2507 quis
2548 2439 2834 2507 cognoscet
2863 2434 3074 2490 illum?
3101 2433 3227 2505 quia
3257 2441 3315 2490 et
3344 2436 3571 2492 Nativi-
3628 2508 3633 2511 ἶ

1980 2526 2163 2581 tatem
2186 2526 2323 2597 ejus,
2356 2524 2530 2595 inquit
2574 2523 2743 2579 Isaias
2790 2524 2930 2596 (cur,
2963 2522 3041 2594 8),
3074 2524 3199 2595 quis
3226 2523 3528 2581 enarrabit
3548 2527 3576 2582 ?

1981 2612 2077 2669 Sic
2101 2621 2157 2669 et
2184 2612 2329 2685 apud
2360 2612 2669 2669 Zachariam
2715 2613 2857 2684 (cap.
2908 2611 3016 2683 111),
3050 2609 3110 2666 in
3153 2626 3387 2683 persona
3424 2612 3575 2683 Jesu,

1982 2704 2089 2760 imo
2119 2713 2173 2761 et
2201 2703 2258 2758 in
2309 2702 2486 2775 ipsius
2513 2703 2558 2741 37
2592 2700 2829 2758 hominis
2857 2710 3193 2757 sacramento
3224 2717 3389 2758 verus
3416 2718 3574 2758 sum-

1979 2809 2100 2848 mus
2143 2793 2396 2848 sacerdos
2424 2791 2595 2848 Patris
2640 2788 2885 2845 Christus
2927 2788 3106 2855 Jesus,
3139 2789 3343 2861 duplici
3390 2789 3573 2846 habitu

1980 2884 2037 2939 in
2066 2883 2204 2937 duos
2230 2880 2494 2936 adventus
2521 2880 2842 2937 delineatur.
2874 2879 3077 2945 Primo,
3120 2877 3356 2935 sordidis
3399 2878 3570 2937 indu-

1982 2981 2091 3036 tus,
2123 2971 2175 3025 id
2215 2978 2318 3035 est,
2350 2968 2531 3026 carnis
2560 2968 2834 3040 passibilis
2862 2976 2917 3023 et
2955 2968 3199 3025 mortalis
3224 2964 3388 3025 331
3422 2968 3570 3025 indi-

1981 3060 2206 3133 gnitate,
2256 3074 2381 3114 cum
2429 3065 2480 3113 et
2531 3056 2780 3114 diabolus
2821 3057 3209 3113 adversabatur
3256 3057 3337 3128 ei,
3388 3066 3577 3117 auctor

1979 3147 2185 3205 scilicet
2213 3145 2367 3201 Judas
2395 3144 2689 3209 traditoris,
2722 3161 2792 3199 ne
2821 3145 2997 3201 (licam
3034 3146 3196 3201 etiam
3242 3153 3363 3215 post
3390 3146 3574 3217 bapti-

1982 3253 2097 3293 sma
2142 3242 2396 3291 tentator.
2446 3233 2654 3289 Dehinc
2721 3232 2913 3304 (Zach.
2970 3248 3054 3297 ιιι,
3098 3234 3184 3302 5),
3237 3232 3575 3302 despoliatus

1982 3325 2235 3397 pristinas
2283 3323 2495 3390 sordes,
2526 3331 2580 3379 et
2626 3331 2917 3378 exornatus
2965 3319 3185 3392 pedere,
3217 3327 3272 3376 et
3313 3321 3492 3393 mitra,
3522 3330 3576 3378 et

1983 3414 2147 3471 cidari
2192 3413 2410 3482 munda,
2452 3411 2507 3466 id
2546 3419 2658 3479 est,
2706 3409 2929 3466 secundi
2987 3407 3247 3465 adventus
3302 3409 3477 3481 gloria
3524 3418 3580 3466 et

1986 3504 2209 3560 honore.
2253 3501 2309 3557 Si
2366 3501 2510 3557 enim
2562 3501 2760 3572 (Leuit.
2816 3500 2943 3568 xvr)
2999 3505 3055 3554 et
3094 3497 3331 3554 duorum
3395 3499 3576 3557 hirco-
3653 3505 3657 3508 ’

1982 3609 2101 3648 rum
2131 3591 2247 3664 (18)
2275 3590 2369 3663 qui
2410 3588 2617 3660 jejunio
2662 3587 3031 3646 offerebantur
3058 3586 3253 3644 faciam
3305 3587 3574 3661 interpre-

1982 3681 2261 3747 tationem,
2309 3695 2492 3736 nonne
2537 3687 2593 3734 et
2638 3676 2720 3733 illi
2747 3684 3037 3749 utrumque
3080 3675 3324 3733 ordinem
3375 3677 3576 3735 Christi

1984 3771 2269 3845 ﬁgurant?
2316 3769 2485 3826 Pares
2512 3767 2736 3841 quidem
2764 3774 2926 3839 atque
2981 3764 3296 3823 consimiles
3350 3775 3578 3839 propter

1983 3860 2236 3917 eumdem
2283 3857 2577 3915 Dominum
2623 3864 2993 3929 conspectum,
3046 3854 3175 3927 quia
3221 3870 3330 3912 non
3372 3856 3429 3913 in
3474 3858 3578 3915 alia

1984 3958 2247 4007 venturus
2293 3956 2376 4005 est
2422 3948 2616 4013 forma,
2645 3954 2704 4003 ut
2751 3946 2843 4020 qui
2888 3943 3114 4017 agnosci
3142 3944 3354 4015 habeat,
3387 3962 3418 4002 a
3447 3947 3572 4018 qui-

1652 4102 1844 4168 Varia:
1888 4104 2203 4164 lectiones.

345 4207 710 4266 31Adversati
753 4210 882 4266 alii.
926 4210 976 4248 ³2
1025 4209 1300 4268 Deductus
1336 4212 1497 4267 Pam.
1540 4212 1713 4266 Fran.
1753 4212 1936 4267 Paris.
1985 4208 2036 4247 33
2063 4207 2159 4270 Os,
2197 4220 2267 4260 ne
2298 4205 2473 4264 Rhen.
2515 4206 2691 4264 Seml.
2742 4204 2963 4262 Oberth.
3008 4204 3059 4243 3"
3098 4201 3347 4264 Secundo
3384 4210 3576 4267 omitt.

267 4281 451 4338 Rhea.
500 4282 671 4337 Seml.
720 4282 942 4338 Oberth.
974 4282 1023 4320 ³⁵
1050 4282 1162 4338 Sub
1204 4284 1393 4341 omitt.
1444 4281 1619 4339 Rhen.
1663 4282 1831 4339 Seml.
1876 4278 2168 4338 Oberth.36
2194 4276 2555 4334 Constitutum
2593 4277 2783 4336 omitt.
2826 4277 3000 4334 Rhen.
3047 4274 3221 4333 Seml.
3270 4277 3492 4338 Oberth.
3527 4279 3577 4320 ³⁷

267 4354 401 4424 Ipso
430 4351 608 4409 Rhea.
644 4352 815 4411 Seml.
854 4353 1073 4410 Oberth.

1674 4422 2175 4487 Commentarius.

341 4529 464 4611 (14)
492 4532 741 4611 Planum
790 4532 855 4588 in
883 4533 1081 4611 signis.
1121 4530 1288 4611 Recte
1334 4528 1402 4586 ad
1430 4528 1878 4611 (inargine‘m‘ad-

268 4601 487 4674 notavit
528 4603 821 4659 Bhenanus
866 4621 880 4658 :
925 4601 1038 4660 Hoc
1083 4614 1200 4670 est,
1245 4601 1614 4674 impostorem.
1668 4601 1880 4674 Eadem

270 4672 669 4746 signiﬁcatione
718 4674 945 4743 Plinius,
989 4675 1027 4730 l.
1077 4690 1264 4744 xxxv,
1312 4672 1360 4730 ὀ.
1416 4678 1500 4742 18,
1533 4672 1771 4746 loquitur
1814 4673 1880 4727 de

264 4744 449 4818 plano
500 4747 647 4816 regio
692 4746 784 4818 qui
830 4748 1123 4801 Ptolomaeo
1172 4747 1227 4801 in
1271 4746 1483 4802 deliciis
1508 4753 1643 4800 erat.
1683 4744 1821 4818 Nam
1844 4758 1881 4818 _a

269 4814 469 4873 Graeca
510 4814 647 4873 voce
700 4814 886 4878 ἦλάνος
943 4818 997 4872 in
1048 4818 1304 4873 familiam
1352 4817 1590 4872 Latinam
1635 4814 1883 4871 transivit

271 4905 341 4943 ea
371 4903 495 4952 vox,
551 4904 712 4960 quam
760 4889 899 4944 adeo
928 4888 1089 4945 etiam
1114 4890 1187 4960 de
1230 4889 1617 4960 impostoribus
1653 4887 1882 4960 quibus-

270 4960 401 5032 dam
449 4958 830 5032 interpretatur
876 4959 1192 5017 Eustathius
1252 4958 1472 5015 Humeri
1517 4958 1783 5032 interpres
1822 4958 1881 5014 in

276 5030 600 5104 Odysseaml
634 5033 777 5088 Pax.

349 5105 466 5176 (t5)
490 5103 605 5176 Nec
644 5108 877 5176 aspectu
921 5103 1145 5175 quidem
1187 5104 1472 5176 honestus.
1513 5103 1594 5176 De
1638 5109 1883 5171 tempore

274 5173 545 5249 passionis
591 5173 727 5249 haec:
756 5173 992 5249 intelligo
1045 5183 1265 5249 prepter
1295 5174 1695 5249 deformitatem
1721 5188 1883 5240 quam

276 5245 547 5370 supplicia
595 5253 648 5300 et
698 5245 1192 5317 dolores’corpori
1259 5261 1414 5302 sacro
1466 5245 1879 5314 impresserant.

278 5317 341 5371 Li
380 5357 395 5370 .
440 5333 460 5373 ι
505 5316 637 5372 adv.
688 5317 915 5373 Judazos
961 5322 1152 5373 eadem
1198 5318 1330 5373 fere.
1378 5317 1426 5371 si
1457 5316 1594 5372 bene
1642 5314 1879 5373 memini.

323 5331 395 5370 ιο.
440 5333 460 5372 ι
505 5331 637 5372 aav.
688 5331 915 5372 Juawos
961 5331 1152 5372 eadem
1198 5331 1330 5372 lCl‘C.
1378 5334 1426 5371 Sl
1458 5331 1594 5372 ncnc
1642 5331 1858 5372 memmi

283 5331 395 5371 Lm.
440 5333 460 5373 ι
505 5331 637 5372 aav.
688 5331 915 5373 Juaazos
961 5331 1152 5374 eadem
1198 5331 1330 5382 iere,
1378 5334 1426 5371 δι
1458 5331 1594 5372 ncnc
1642 5331 1884 5383 memmi,

283 5388 571 5446 habentur.
602 5387 683 5443 ιε
705 5388 807 5443 Pu.

353 5461 467 5532 (16)
497 5462 664 5532 Lapis
705 5477 968 5532 summus
1018 5456 1576 5532 angularis.Paulus,
1608 5458 1789 5532 Epist.
1813 5455 1887 5512 ad

282 5528 721 5603 Ephesios,'cap.
755 5547 822 5599 rt,
865 5528 1220 5604 ὰχρογωνίαῖον
1247 5530 1486 5604 lapidem
1519 5528 1672 5595 dixit,
1723 5544 1887 5599 quem

1986 4524 2438 4609 Psalmographus
2469 4521 2711 4609 ndixefrat
2775 4523 2973 4605 factum
3021 4524 3187 4609 fuisse
3226 4531 3301 4608 ﬁt;
3326 4526 3577 4609 ἡξιιραλὴν

2020 4599 2170 4660 ωνιας
2204 4594 2232 4654 ’Ξ
2284 4594 2367 4654 ést
2396 4602 2577 4670 autem
2619 4595 2807 4669 ﬁgura,
2858 4594 2970 4670 sive
3012 4597 3275 4670 allegoria
3322 4594 3519 4670 Christi
3538 4594 3578 4653 'a

2020 4621 2170 4660 ωνιας
2221 4621 2232 4654 ζ
2284 4621 2367 4654 υδι
2396 4621 2577 4650 autem
2620 4621 2807 4669 uguru,
2858 4621 2970 4651 alvu
3012 4621 3275 4670 ειιιεςυΐιᾶ
3322 4621 3519 4653 unrrsu
3546 4621 3575 4653 ﬂ

1984 4621 2186 4726 Iudaeis
2236 4667 2525 4738 reprobati,
2556 4675 2611 4721 et
2658 4678 2837 4722 tamen
2852 4666 3041 4739 editus
3070 4678 3153 4724 est
3177 4683 3354 4739 nuper
3382 4668 3575 4739 Ande-

2028 4743 2140 4812 τινὶ,
2167 4741 2234 4812 de
2281 4737 2478 4812 veteris
2522 4738 2808 4812 cujusdam
2850 4737 3573 4812 bibliothecas,duisqniliis,

2015 4808 2137 4869 ibcr'
2186 4810 2490 4866 itinerarius
2536 4809 2792 4866 Antonini
2838 4812 3109 4877 monachi,
3152 4808 3470 4866 afﬁrman'tis
3516 4825 3576 4864 se

1989 4884 2189 4941 vidisse
2228 4881 2458 4952 lapidem
2488 4880 2640 4942 illum
2672 4880 2726 4935 in
2756 4881 2975 4937 basilica
3019 4881 3220 4938 Sionis.
3268 4881 3436 4951 Syrus
3463 4880 3572 4936 ali-

1966 4956 2124 5038 quis.
2150 4955 2509 5038 imposturam
2539 4954 2677 5035 fecit
2712 4952 2984 5038 imperitae
3013 4952 3346 5025 simplicitati
3391 4954 3574 5009 homi-

1990 5023 2076 5083 nis
2114 5023 2295 5081 idiota!
2323 5040 2386 5080 ac
2422 5023 2645 5078 nimium
2679 5023 2901 5079 creduli.
2948 5025 3072 5082 Rm.

2062 5099 2177 5179 (17)
2213 5096 2596 5179 Τβχηρςειὶυιιε
2624 5096 2801 5179 enim,
2824 5097 3035 5179 inquit,
3057 5099 3276 5179 decore.
3304 5098 3387 5153 Ex
3405 5096 3581 5179 ambi-

1991 5168 2521 5244 guasignificatione
2551 5170 2701 5244 vocis
2729 5168 2933 5244 Graecae
2961 5172 3155 5242 ὡραῖος.
3193 5170 3330 5225 Nam
3360 5170 3579 5244 vulgata

1991 5239 2197 5297 melius
2218 5240 2397 5305 habet,
2430 5241 2727 5311 speciosus.
2759 5239 2835 5294 La
2866 5240 2966 5295 Pa.

2064 5313 2173 5385 (18)
2202 5314 2265 5385 Si
2293 5312 2451 5385 enim
2495 5315 2552 5367 et
2598 5311 2841 5385 duorum
2884 5311 3192 5378 hircorum,
3224 5319 3327 5385 etc.
3376 5311 3575 5385 Locum

1992 5382 2480 5455 liuuc'desumpsit
2528 5382 2664 5455 haud
2703 5383 2871 5440 duhic
2920 5386 3126 5441 Auctor
3163 5400 3226 5438 ex
3258 5384 3318 5436 Β.
3365 5383 3578 5437 Justino

1998 5457 2154 5512 Mart.
2187 5454 2450 5514 adversus
2487 5454 2846 5527 Tryphonem.
2880 5455 3017 5509 Pan.
