3980 6144
280 349 361 409 36!
1472 348 1598 410 LIB.
1633 351 1703 410 lll
1742 348 1897 411 ADV.
1938 346 2340 412 MARCIONBM.

760 420 785 449 1

3445 348 3547 408 302

266 475 466 546 'operati
498 476 639 546 quod
671 474 983 529 mandatum
1015 474 1097 530 eis
1125 475 1334 543 fuerat;
1364 476 1563 549 primo,
1612 492 1719 532 non
1749 479 1848 532 ad-
1881 493 1928 571 Α
1960 478 2159 549 paruit,
2188 476 2282 531 sed
2325 475 2562 531 nondum
2600 480 2768 542 natae;
2811 473 2936 544 quia
2972 473 3208 530 nondum
3257 473 3547 546 moriture,

277 564 490 620 mitteris
519 564 583 618 ad
615 565 733 633 ejus
764 563 864 619 Dei
895 566 1162 636 exempla,
1212 581 1370 637 quem
1411 565 1644 621 destruis
1680 585 1692 620 :
1727 584 1848 622 nam

275 666 319 711 et
343 662 545 725 quanto
580 653 854 708 meliorem
900 664 955 710 et
993 653 1369 726 perfectiorem
1418 654 1592 710 Deum
1623 655 1850 722 inducis,

275 752 406 797 tanto
439 758 549 798 non
577 729 994 813 competunFilli
1024 745 1146 814 ejus
1173 742 1437 816 exempla,
1468 759 1598 814 quo,
1632 744 1734 799 nisi
1764 745 1854 799 di-

273 848 448 887 versus
494 830 550 884 in
608 837 801 899 totum,
858 847 964 886 non
1019 832 1121 886 erit
1167 833 1386 889 omnino
1444 831 1643 887 melior
1697 841 1855 904 atque

275 919 576 993 perfectior.
623 919 836 975 Dehinc
872 919 1028 989 scito,
1060 936 1163 975 nec
1192 920 1318 974 illud
1369 919 1597 976 concedi
1650 920 1765 993 tibi,
1797 931 1855 980 ut

272 1009 498 1079 putativa
529 1007 687 1061 fuerit
725 1008 779 1060 in
811 1007 1015 1078 angelis
1043 1023 1196 1074 caro,
1230 1008 1325 1064 sed
1370 1024 1512 1064 verte
1558 1017 1616 1064 et
1668 1009 1855 1066 solidae

272 1096 576 1151 substantia
622 1095 888 1150 humanas.
949 1094 1004 1150 Si
1046 1097 1191 1150 enim
1248 1096 1464 1153 difﬁcile
1494 1112 1602 1151 non
1632 1097 1729 1152 fuit
1757 1098 1853 1171 illi,

271 1184 514 1255 putativaa
554 1185 731 1238 carnis
756 1199 916 1239 veros
945 1194 997 1239 et
1036 1200 1225 1240 sensus
1274 1193 1329 1239 et
1375 1193 1526 1241 actus
1579 1186 1854 1257 exhibere,

268 1272 430 1328 multo
473 1271 692 1328 facilius
750 1271 937 1328 habuit
978 1272 1119 1329 veris
1166 1284 1217 1328 et
1261 1274 1511 1329 sensibus
1549 1286 1603 1331 et
1651 1276 1856 1332 aclibus

267 1375 438 1415 teram
486 1359 709 1414 dedisse
756 1360 1110 1416 substantiam
1150 1350 1350 1426 carnis,
1417 1362 1502 1417 vel
1568 1379 1675 1435 qua
1722 1378 1854 1434 pro-

268 1450 413 1523 prius
442 1456 635 1503 auctor
676 1454 729 1502 et
765 1447 963 1503 artifex
1001 1450 1141 1518 ejus.
1183 1450 1330 1504 Tuus
1371 1459 1548 1506 autem
1588 1451 1755 1519 Deus,
1787 1466 1853 1508 eo

265 1540 401 1611 quod
458 1552 684 1592 carnem
735 1538 935 1591 nullam
982 1539 1205 1593 omnino
1269 1538 1619 1610 produxerit,
1664 1537 1855 1595 merito

264 1630 488 1684 fortasse
518 1626 843 1697 phantasma
867 1626 983 1696 ejus
1009 1626 1270 1693 intulerit,
1304 1628 1460 1697 cujus
1506 1643 1616 1683 non
1662 1628 1853 1691 value-

262 1726 337 1770 rat
362 1714 678 1771 veritatem.
723 1713 877 1769 Meus
912 1722 1089 1769 autem
1120 1715 1288 1781 Deus,
1320 1715 1413 1786 qui
1439 1713 1581 1770 illam
1610 1716 1676 1772 de
1720 1716 1852 1773 limo

1963 566 2058 622 sed
2101 574 2155 619 et
2197 565 2247 602 ⁵³
2290 563 2550 619 discentis
2590 563 2707 631 jam
2749 561 2888 617 inter
2931 562 3179 618 homines
3220 566 3546 621 conversari.

1961 651 2084 721 Quo
2124 653 2294 726 magis
2330 650 2524 725 angeli,
2573 667 2750 721 neque
2788 650 2856 704 ad
2894 651 3231 705 moriendum
3268 670 3366 722 pro
3397 653 3555 708 nobis

1963 741 2234 813 dispositi,
2284 741 2504 795 brevem
2561 739 2738 794 carnis
2793 746 3148 794 commeatum
3204 756 3309 796 non
3353 740 3555 797 debue-

1964 838 2085 885 runt
2121 829 2390 886 nascendo
2420 827 2733 899 sumpsisse,
2755 828 2879 898 quia
2927 842 3025 881 nec
3072 827 3351 883 moriendo
3391 831 3558 899 depo-

1966 920 2121 976 situri
2170 935 2289 975 eam
2338 917 2570 983 fuerant,
2616 916 2711 972 sed
2744 915 2888 972 unde
2930 916 3072 971 unde
3101 916 3149 954 ⁵³
3177 925 3465 988 sumptam,
3505 924 3559 973 et

1961 1024 2182 1081 quoquo
2212 1007 2372 1064 modo
2402 1007 2623 1063 omnino
2657 1004 2955 1071 dimissam,
2993 1006 3197 1060 mentiti
3226 1021 3349 1061 eam
3385 1014 3561 1061 tamen

1966 1113 2072 1151 non
2100 1104 2243 1151 sunt.
2285 1096 2342 1153 Si
2372 1097 2592 1152 Creator
2626 1096 2775 1165 facit
2801 1096 3028 1166 angelos
3058 1096 3322 1167 spiritus,
3368 1100 3422 1151 et
3467 1112 3562 1168 ap-

1959 1187 2239 1256 paritores
2263 1201 2387 1241 suos
2423 1188 2609 1255 ignem
2627 1185 2971 1255 ﬂagrantem
2998 1183 3167 1253 (Psal.
3192 1199 3310 1256 cm,
3346 1184 3421 1254 4),
3450 1190 3564 1238 tam

1963 1288 2085 1328 vere
2127 1272 2352 1344 spiritus
2390 1288 2552 1345 quam
2580 1282 2634 1326 et
2671 1270 2882 1345 ignem;
2924 1271 3067 1327 idem
3109 1272 3231 1326 illos
3269 1289 3394 1330 vere
3439 1271 3564 1329 fecit

1964 1368 2017 1415 et
2054 1377 2274 1418 carnem
2312 1379 2327 1415 :
2360 1371 2417 1417 ut
2467 1376 2612 1416 nunc
2657 1362 3024 1429 recordemur,
3073 1368 3127 1414 et
3169 1361 3442 1418 haereticis
3488 1378 3568 1417 re-

1963 1450 2294 1517 nuntiamus,
2337 1452 2458 1520 ejus
2505 1464 2625 1505 esse
2673 1449 3019 1521 promissum,
3068 1450 3316 1506 homines
3364 1450 3422 1505 in
3463 1468 3565 1505 an-

1965 1539 2119 1612 gelos
2161 1538 2486 1596 reformandi
2524 1537 2867 1612 quandoque,
2905 1537 2997 1610 qui
3036 1538 3261 1611 angelos
3296 1540 3351 1593 in
3387 1539 3571 1596 homi-

1962 1644 2062 1683 nes
2126 1627 2370 1683 formarit
2398 1627 2714 1698 aliquando.

2602 1713 2835 1771 CAPUT
2874 1716 2947 1771 X.

264 1810 558 1873 sumptam,
591 1802 645 1855 in
675 1801 775 1856 hac
818 1798 1126 1859 reformavit
1172 1779 1451 1875 qualitate,
1498 1803 1737 1858 nondum
1786 1819 1853 1859 ex
1885 1779 1930 1858 Β
2030 1804 2200 1878 Igitur
2240 1820 2347 1861 non
2384 1803 2653 1858 admissus
2693 1802 2761 1858 ad
2817 1803 3149 1860 consortium
3196 1805 3569 1877 exemplorum

272 1890 467 1945 semine
508 1889 806 1961 conjugali,
839 1896 892 1947 et
938 1899 1114 1947 tamen
1156 1905 1370 1947 carnem
1403 1906 1556 1963 aeque
1592 1891 1769 1963 potuit
1799 1908 1865 1947 ex

281 1993 585 2050 quacunque
642 1978 869 2033 materia
940 1979 1154 2051 angelis
1227 1995 1444 2052 quoque
1530 1979 1865 2037 adstruxisse

280 2072 516 2134 carnem,
545 2064 633 2140 qui
656 2067 816 2123 etiam
856 2067 1108 2122 mundum
1141 2084 1204 2124 ex
1231 2058 1402 2123 nihilo
1433 2067 1489 2125 in
1532 2077 1609 2125 tot
1652 2085 1713 2125 ac
1744 2069 1867 2125 talia

271 2171 515 2226 corpora,
548 2163 603 2210 et
630 2154 852 2228 quidem
888 2157 1083 2224 verbo,
1118 2155 1423 2213 aedificavit.
1465 2158 1530 2212 Et
1578 2160 1763 2230 utique
1820 2158 1866 2213 si

263 2248 413 2303 Deus
453 2255 580 2301 tuus
633 2262 813 2302 veram
862 2248 1184 2319 quandoque
1234 2247 1591 2304 substantiam
1639 2248 1865 2320 angelo-

258 2352 378 2392 rum
400 2336 722 2392 hominibus
751 2336 1029 2407 pollicetur
1053 2354 1066 2391 :
1091 2339 1275 2393 Erunt
1305 2337 1477 2405 enim,
1510 2336 1681 2409 inquit
1712 2340 1864 2409 (Luc.

257 2442 357 2492 xx,
391 2428 485 2498 36,
517 2427 669 2481 sicut
698 2426 916 2497 angeli;
940 2441 1037 2482 cur
1066 2441 1174 2482 non
1215 2437 1267 2481 et
1294 2426 1443 2482 Deus
1485 2442 1639 2482 meus
1681 2444 1867 2485 veram

255 2514 632 2568 substantiam
667 2513 941 2569 hominum
972 2513 1181 2587 angelis
1219 2514 1663 2583 accommodarit,
1723 2514 1868 2572 unde

255 2606 407 2659 unde
437 2603 491 2641 ⁵ο
520 2604 841 2674 sumptam?
877 2601 1015 2670 Quia
1062 2619 1163 2660 nec
1208 2612 1264 2659 tu
1301 2603 1434 2658 mihi
1481 2604 1866 2675 respondebis,

256 2694 409 2748 unde
440 2693 543 2747 illa
563 2692 705 2763 apud
733 2700 786 2747 te
817 2692 1063 2766 angelica
1094 2703 1353 2760 sumatur,
1386 2691 1587 2750 sufficit
1615 2693 1746 2748 mihi
1769 2696 1870 2750 hoc

256 2781 496 2838 deﬁnire
518 2823 533 2847 ,
566 2781 710 2854 quod
741 2782 854 2836 Deo
893 2782 1173 2854 congruit;
1207 2781 1487 2839 veritatem
1514 2782 1713 2839 scilicet
1753 2783 1870 2852 ejus

257 2873 363 2939 rei,
430 2886 599 2943 quam
647 2870 817 2925 tribus
863 2869 1085 2926 testibus
1142 2870 1387 2927 sensibus
1435 2871 1652 2942 objccit,
1711 2872 1868 2943 visui,

257 2963 460 3025 tactui,
492 2960 718 3016 auditui.
744 2957 1029 3015 Difficilius
1071 2960 1186 3015 Deo
1217 2960 1454 3032 mentiri,
1482 2977 1639 3033 quam
1692 2961 1867 3017 carnis

254 3049 555 3104 veritatem
586 3047 730 3103 unde
775 3046 916 3103 unde
946 3048 993 3085 51
1033 3049 1349 3118 producere,
1398 3049 1520 3104 licet
1562 3065 1667 3105 non
1709 3059 1864 3104 natae.

1970 1894 2259 1962 Creatoris,
2302 1902 2358 1949 ut
2405 1892 2705 1949 alienorum
2735 1899 2789 1947 et
2825 1908 2951 1948 suas
2987 1891 3298 1950 habentium
3328 1911 3571 1967 caussas,

1972 1983 2129 2040 velim
2188 1983 2321 2039 edas
2377 1991 2431 2039 et
2479 1981 2599 2054 ipse
2654 1979 2939 2037 consilium
3000 1982 3097 2036 Dei
3149 1985 3226 2039 tui
3282 1986 3419 2055 (2t),
3467 2003 3575 2057 quo

1975 2072 2248 2129 Christum
2297 2088 2452 2129 suum
2500 2087 2607 2127 non
2643 2071 2698 2126 in
2737 2070 2957 2128 veritate
3000 2072 3181 2128 carnis
3219 2073 3487 2130 exhibuit.
3519 2075 3576 2133 Si

1972 2170 2288 2234 aspernatus
2333 2169 2416 2216 est
2466 2159 2637 2227 illam,
2670 2166 2727 2214 ut
2774 2166 3065 2227 terrenam,
3105 2169 3177 2227 et,
3254 2172 3313 2219 ut
3375 2162 3573 2234 dicitis,

1974 2251 2299 2308 stercoribus
2338 2249 2589 2305 infersam
2620 2249 2688 2320 ⁵⁵,
2726 2265 2825 2321 cur
2863 2264 2969 2304 non
3002 2259 3056 2307 et
3083 2250 3427 2308 simulacrum
3457 2255 3579 2324 ejus

1974 2341 2201 2417 proinde
2248 2339 2539 2412 despexit?
2582 2338 2796 2395 Nullius
2860 2338 3005 2393 enim
3081 2339 3432 2414 dedignanda
3497 2344 3578 2399 rei

1974 2428 2153 2503 imago
2215 2429 2490 2505 dignanda
2527 2436 2611 2484 est
2649 2446 2662 2482 :
2715 2429 2960 2500 sequitur
3005 2436 3200 2483 statum
3259 2429 3575 2488 similitudo.

1978 2519 2086 2575 Sed
2142 2519 2414 2591 quomodo
2478 2518 2618 2573 inter
2665 2516 2909 2574 homines
2971 2526 3401 2586 conversaretur,
3472 2520 3581 2575 nisi

1976 2624 2074 2682 per
2120 2607 2413 2682 imaginem
2467 2607 2781 2663 substantiae
2822 2607 3116 2661 humanae?
3159 2608 3264 2663 Cur
3298 2624 3429 2680 ergo
3472 2625 3581 2667 non

1976 2693 2157 2764 potius
2205 2708 2300 2763 per
2344 2691 2638 2758 veritatem,
2681 2699 2741 2745 ut
2776 2707 2906 2746 vere
2933 2700 3359 2759 conversaretur,
3392 2694 3437 2748 si
3477 2711 3579 2749 ne-

1978 2797 2132 2838 cesse
2178 2781 2408 2837 habebat
2463 2779 2810 2839 cmversari?
2861 2787 3064 2851 quanto
3118 2779 3338 2851 dignius
3380 2799 3583 2837 neces-

1980 2870 2111 2925 sitas
2155 2870 2341 2935 ﬁdem,
2389 2886 2548 2943 quam
2596 2868 2873 2940 strepham
2938 2867 3363 2925 administrasset
3423 2872 3579 2943 (22)?

1978 2960 2116 3015 Satis
2196 2961 2454 3015 miserum
2518 2960 2692 3014 Deum
2746 2958 3002 3024 instituis,
3072 2960 3175 3015 hoc
3243 2959 3384 3032 ipso,
3435 2964 3581 3033 quod

1976 3046 2249 3102 Christum
2305 3064 2464 3100 suum
2510 3062 2620 3101 non
2652 3046 2826 3116 potuit
2869 3047 3144 3117 exhibere,
3197 3048 3301 3104 nisi
3348 3050 3404 3105 in
3443 3050 3583 3107 indi-

256 3138 565 3207 Caeterum,
597 3146 654 3193 et
681 3137 801 3192 aliis
828 3136 1094 3193 hmreticis
1123 3136 1635 3210 deﬁnientibus(20)
1655 3155 1866 3196 carnem
1897 3120 1941 3200 ο
1970 3150 2091 3208 gnae
2132 3134 2208 3191 rei
2252 3133 2454 3207 efﬁgie,
2487 3143 2543 3190 et
2577 3133 2793 3205 quidem
2840 3134 3046 3192 alienae.
3086 3136 3390 3208 Aliquantis
3429 3141 3575 3195 enim

252 3225 421 3280 illam
448 3226 508 3281 in
558 3224 764 3297 angelis
811 3242 876 3281 ex
922 3241 1080 3281 carne
1124 3225 1274 3282 nasci
1321 3226 1593 3294 debuisse,
1646 3227 1693 3283 si
1740 3243 1868 3284 vere

252 3313 468 3367 fuisset
497 3313 754 3379 humana,
785 3322 929 3368 certa
978 3314 1185 3369 ratione
1224 3314 1645 3385 respondemus,
1672 3331 1777 3387 qua
1817 3325 1872 3372 et

255 3405 513 3458 humana
542 3417 667 3457 vere
695 3400 877 3469 fuerit,
908 3410 960 3456 et
1007 3403 1187 3459 innata
1218 3421 1232 3457 :
1267 3405 1503 3458 humana
1546 3420 1692 3473 vere,
1736 3420 1867 3475 pro-

253 3501 392 3563 pter
425 3491 526 3545 Dei
557 3493 857 3562 veritatem,
889 3507 919 3545 a
948 3492 1227 3549 mendacio
1266 3501 1319 3548 et
1352 3492 1561 3549 fallacia
1607 3495 1864 3564 extranei,

248 3580 443 3640 334
499 3587 551 3636 et
595 3581 721 3652 quia
764 3596 873 3637 non
911 3591 1132 3653 possent
1175 3582 1486 3639 humanitus
1540 3585 1756 3640 tractari
1804 3586 1870 3639 ab

260 3673 605 3736 hominibus,
636 3670 745 3726 nisi
790 3670 846 3725 in
884 3671 1179 3726 substantia
1223 3673 1495 3739 humana;
1536 3672 1718 3727 innata
1764 3690 1869 3730 au-

262 3772 403 3827 tem,
436 3760 566 3833 quia
614 3760 762 3815 solus
790 3759 1034 3816 Christus
1074 3759 1128 3815 in
1168 3776 1385 3816 carnem
1434 3777 1502 3817 ex
1538 3775 1696 3818 carne
1723 3761 1871 3819 nasci

266 3851 533 3919 habebat,
590 3857 652 3905 ut
692 3849 1020 3905 nativitatem
1070 3857 1304 3909 nostram
1359 3851 1631 3907 nativitate
1677 3867 1776 3906 sua
1823 3851 1872 3890 ⁵2

269 3940 615 4006 reformaret,
647 3948 808 4010 atque
838 3940 911 3994 ita
939 3937 1099 3994 etiam
1146 3948 1374 3997 mortem
1412 3948 1653 3997 nostram
1700 3949 1872 3998 morte

270 4047 370 4086 sua
399 4029 744 4097 dissolveret,
784 4027 1119 4102 resurgendo
1147 4028 1202 4084 in
1230 4046 1414 4100 carne,
1462 4030 1518 4088 in
1558 4046 1665 4104 qua
1714 4039 1874 4087 natus

272 4132 380 4187 est,
411 4129 470 4177 ut
498 4128 553 4177 et
581 4120 720 4176 mori
750 4129 950 4192 posset.
983 4120 1219 4193 Ideoque
1245 4128 1298 4176 et
1348 4120 1466 4195 ipse
1513 4136 1634 4176 cum
1666 4121 1873 4195 angelis

278 4216 408 4268 tunc
448 4209 596 4285 apud
622 4209 897 4265 Abraham
933 4209 986 4264 in
1034 4209 1255 4269 veritate
1302 4210 1520 4283 quidem
1560 4209 1738 4266 carnis
1777 4225 1871 4283 ap-

1978 3222 2215 3296 indignis
2243 3221 2529 3278 conveniet
2552 3220 2649 3289 uti,
2675 3220 2718 3275 si
2751 3221 2800 3257 ⁵6
2827 3222 3026 3277 nostris
3057 3224 3201 3291 (23);
3235 3225 3371 3280 sicut
3390 3227 3579 3281 alienis

1978 3328 2087 3369 non
2142 3319 2403 3384 congruet
2454 3312 2549 3376 uti,
2596 3310 2720 3368 licet
2765 3311 2963 3384 dignis.
3013 3304 3121 3366 Cur
3173 3314 3315 3367 enim
3358 3330 3464 3370 non
3525 3316 3579 3371 in

1979 3401 2156 3475 aliqua
2200 3402 2306 3457 alia
2352 3401 2601 3474 digniora
2649 3399 2944 3455 substantia
2989 3401 3152 3468 venit,
3203 3409 3257 3457 et
3293 3402 3349 3457 in
3392 3403 3579 3476 primis

1978 3515 2097 3565 sua,
2152 3514 2218 3554 ne
2270 3506 2323 3554 et
2361 3498 2582 3571 indigna
2638 3504 2692 3553 et
2736 3496 2912 3552 aliena
2978 3497 3251 3554 videretur
3319 3501 3579 3572 eguisse?

1979 3589 2036 3645 Si
2065 3588 2284 3644 Croator
2310 3602 2465 3641 meus
2494 3601 2591 3657 per
2628 3586 2824 3640 rubum
2850 3598 3067 3657 quoque
3094 3594 3147 3640 et
3185 3587 3390 3659 ignem,
3433 3590 3578 3647 idem

1980 3685 2167 3750 postea
2194 3693 2290 3747 per
2318 3677 2520 3731 nubem
2567 3682 2622 3731 et
2650 3674 2869 3746 globum
2907 3690 3030 3730 cum
3057 3673 3277 3731 homine
3314 3693 3579 3752 congres-

1980 3784 2072 3824 sus
2101 3763 2272 3824 335
2304 3772 2406 3831 est,
2439 3772 2493 3821 et
2513 3763 2903 3819 elementorum
2942 3764 3259 3835 corporibus
3287 3765 3341 3819 in
3371 3782 3581 3839 reprae-

1980 3854 2370 3913 sentationibus
2396 3853 2479 3910 sui
2507 3869 2639 3909 usus
2665 3861 2765 3917 est,
2799 3853 2929 3907 satis
2960 3853 3076 3910 haec
3108 3855 3355 3927 exempla
3384 3856 3582 3914 divinae

1979 3942 2264 4017 potestatis
2292 3942 2605 4009 ostendunt,
2642 3942 2818 3997 Deum
2872 3956 2980 3998 non
3020 3944 3241 4015 eguisse
3278 3952 3371 4001 aut
3405 3944 3579 4016 falsae,

1981 4040 2074 4088 aut
2116 4031 2277 4088 etiam
2322 4047 2466 4088 verae
2524 4030 2703 4088 carnis
2756 4024 3023 4102 paratura.
3084 4032 3373 4104 Caeterum,
3422 4035 3469 4091 si
3517 4036 3583 4093 ad

1980 4128 2188 4178 certum
2226 4129 2554 4193 spectamus,
2586 4121 2735 4177 nulla
2772 4120 3065 4178 substantia
3101 4121 3261 4194 digna
3308 4131 3390 4179 est
3426 4120 3583 4196 quam

1980 4211 2126 4266 Deus
2172 4209 2407 4267 inducat.
2458 4209 2831 4283 Quodcunque
2893 4210 3127 4267 induerit
3172 4211 3306 4282 ipse,
3358 4213 3583 4286 dignum

1682 4335 1870 4400 Varias
1911 4339 2224 4400 lectiones.

348 4443 579 4517 50(Inde
606 4458 725 4500 non
752 4446 930 4517 repet.
982 4444 1186 4517 ,Wouw.
1217 4444 1378 4501 Pam.
1409 4443 1541 4517 Par,
1574 4445 1740 4517 Fran.
1774 4442 1837 4517 51,
1870 4442 2021 4517 Unde
2054 4446 2288 4517 tanturn
2304 4442 2486 4517 semel
2515 4441 2690 4517 Iihen.
2710 4441 2894 4517 Salui.
2918 4440 3153 4517 ﬁber-iit.
3185 4441 3237 4481 ⁵²
3262 4442 3395 4517 _Sua
3436 4448 3583 4504 abes.

276 4517 414 4573 Par.
447 4516 499 4554 ⁵³
545 4518 613 4571 Et
637 4518 791 4574 abest
812 4510 949 4573 'Par.
972 4516 1021 4556 ⁵4
1054 4517 1204 4573 Unde
1261 4517 1434 4573 semel
1473 4514 1648 4572 Rhen.
1689 4514 1858 4573 Seml.
1896 4514 2114 4572 Oberth.
2148 4513 2196 4553 55
2233 4513 2498 4569 Infarsam
2525 4516 2660 4571 Jun.
2708 4510 2758 4550 ⁵6
2787 4512 2845 4568 Si
2875 4511 3029 4570 abest
3056 4515 3216 4569 Pam.
3250 4515 3379 4574 Par.
3408 4518 3592 4574 Fra-rtt

275 4589 422 4645 sicut
446 4588 625 4647 Rhea.

1679 4656 2175 4721 Commentarius.

351 4786 464 4874 (2-0)
495 4786 781 4874 eceteram
800 4786 856 4842 et
876 4779 1878 4874 etiis-hiereticlisdfﬁnwntibus.4git
1910 4795 1955 4874 ο
1986 4780 2400 4874 subMarcionis
2425 4794 2680 4874 persona
2693 4775 3330 4874 dici‘vigept-urbab‘liis“
3359 4780 3553 4874 verbis
3578 4802 3592 4840 :

279 4853 592 4928 de’Apelle,
622 4858 711 4927 qui
733 4860 871 4911 sicut
908 4855 1172 4928 indicatur
1210 4856 1302 4909 lib.
1335 4854 1400 4910 de
1435 4857 1613 4928 Carne
1646 4853 1875 4919 Christi,

1988 4854 2139 4926 satis
2154 4850 2444 4926 miserum}
2463 4866 2635 4926 usque
2655 4852 2745 4926 ad2
2766 4853 2823 4926 et
2835 4850 3025 4926 aliena
3041 4850 3330 4926 videretur
3347 4856 3593 4926 eguisse.

280 4943 332 4983 e.
377 4920 766 5007 εἱς-ηοῃηὶοῴ
794 4926 1027 5007 Christi,
1060 4927 1155 5007 sed
1193 4936 1247 4981 et
1296 4925 1612 5007 angelorum
1655 4940 1879 4982 carnem
1988 4925 2044 4983 Si
2092 4920 2561 5007 nostrishinquit;
2588 4920 3042 5007 membris‘Deus
3078 4925 3282 5007 utitur,
3325 4920 3397 4980 ut'
3429 4927 3594 4983 nobi-

290 5014 361 5055 ει
391 4999 662 5054 sideribus
701 4997 894 5053 factam
926 4997 1221 5053 asseruisse
1260 4996 1487 5053 videtur.
1520 4997 1657 5053 Pu.

355 5072 477 5143 (21)
510 5069 679 5151 Velini
857 5074 913 5151 et
929 5078 1057 5151 ipse.
1072 5070 1371 5151 consilium
1392 5069 1502 5151 Dei
1519 5069 1622 5125 tui.
1656 5069 1881 5151 Ipse‘me

280 5158 487 5199 sensus
505 5142 702 5212 coegit,
727 5152 784 5196 ut
821 5142 909 5196 hic
934 5142 1226 5196 dictionem
1250 5144 1360 5205 uti,
1392 5146 1654 5196 verterem
1685 5142 1739 5196 in
1771 5142 1880 5205 tui,

281 5231 427 5308 quo“
448 5214 741 5308 Christum
770 5227 961 5308 suain,
990 5221 1093 5267 etc.
1127 5228 1142 5270 :
1176 5212 1508 5308 exemplaria
1536 5219 1717 5269 vetera
1758 5227 1890 5267 con-

286 5285 535 5342 sentiunt
562 5286 620 5338 in
646 5300 849 5339 errore.
883 5285 1071 5342 ltum.

361 5361 478 5431 (22)
509 5358 687 5431 Quam
711 5353 1900 5431 strophamgadministrasset?_Str0phado-

284 5424 424 5503 lum,
456 5424 778 5503 versutiam,
807 5424 970 5502 atque
1007 5429 1363 5503 imposturam
1409 5424 1693 5500 signiﬁcat,
1748 5425 1902 5483 Gras-

284 5501 372 5561 cis
401 5500 618 5573 στροφή.
670 5500 859 5558 RHBN.

360 5570 842 5649 (zajﬁliquantis
859 5574 1012 5633 enim
1032 5572 1284 5649 indignis
1302 5570 1609 5649 conveniet
1616 5572 1709 5629 uti
1739 5572 1789 5629 si
1808 5585 1908 5628 ηο-

317 5643 580 5709 ιιδίείεὶσ
605 5643 800 5719 iegitur
827 5644 885 5703 in
913 5643 1211 5727 exemplari
1230 5643 1532 5707 Pithoeano.
1562 5643 1691 5704 Haec
1729 5650 1908 5702 autem

281 5710 311 5764 ⁸
440 5761 524 5823 ΡΑ
541 5771 708 5821 non.
761 5758 830 5857 il.

1987 5012 2160 5069 scum;
2186 4992 2357 5069 possit
2400 4992 2724 5069 cpnversari,
2762 4992 2933 5048 multa
2968 5003 3093 5050 sunt
3140 4997 3196 5051 in
3235 4992 3465 5067 corpore
3506 5014 3599 5058 no-

1990 5034 2140 5053 ουμ...
2226 5034 2357 5052 νου..
2400 5034 2702 5052 scmus“...
2764 5034 2933 5048 ...ω-κ
2968 5034 3093 5050 νυ...
3140 5034 3196 5051 ...
3235 5034 3320 5051 νυ.
3372 5034 3465 5054 me
3506 5034 3539 5054 ιι

1990 5076 2102 5125 stro
2149 5034 2374 5139 iri’digna
2426 5067 2557 5139 Deo,
2609 5034 2808 5139 quibus
2854 5073 3033 5139 tamen
3081 5069 3253 5122 Deum
3311 5034 3598 5128 abnveni;

1992 5140 2119 5221 uti,‘
2145 5140 2193 5195 si
2230 5135 2726 5221 nostrisuti'vélit.
2768 5137 2873 5221 Sed
2905 5135 3230 5221 etsiﬂdigna.
3252 5139 3371 5221 Deo
3418 5150 3601 5221 essent

2002 5208 2209 5282 noetra,
2245 5212 2417 5266 Deum
2445 5218 2623 5265 tamen
2653 5223 2763 5282 non
2791 5208 2945 5264 decet
2972 5208 3282 5282 utiaﬁenis.
3312 5212 3409 5266 Illa
3439 5214 3604 5267 etiam

1999 5299 2121 5356 quae
2167 5297 2534 5356 praecessere;
2562 5302 2614 5356 _«
2670 5281 2777 5356 Sed
2839 5281 3138 5356 quomoda
3166 5282 3320 5356 inter
3357 5284 3608 5338 homines

2005 5351 2431 5419 conve'rsaretur,
2472 5351 2577 5408 nisi
2608 5368 2700 5425 per
2728 5351 3029 5425 imaginem
3058 5353 3372 5425 substantiae
3422 5357 3611 5425 buma-

2006 5443 2115 5493 πω,
2160 5445 2187 5479 ››
2240 5429 2344 5482 sub
2390 5426 2581 5481 eadem
2610 5424 2854 5496 persona
2900 5424 3180 5496 marcionis
3223 5424 3495 5496 dicuntur.
3539 5424 3611 5482 Et

2010 5498 2214 5581 similia
2249 5497 2454 5581 passim
2501 5493 2825 5581 ‘occurrunt,
2873 5495 2965 5552 ubi
3019 5493 3308 5581 Septimius
3349 5494 3608 5581 disputat,

2013 5585 2133 5646 quae
2159 5567 2459 5647 nisiperite
2485 5567 2905 5647 distinguantur,
2941 5580 3156 5625 omnem
3197 5567 3615 5643 disputationem

2016 5640 2359 5702 conturbant.
2397 5640 2582 5701 nam.

3379 5752 3447 5817 12
