3980 6144
407 390 506 446 363

1108 380 1548 443 TERTULLIANI
1588 378 1855 441 ΟΡΕῆοΜ
1894 379 2063 441 PARS
2091 378 2157 439 ll.
2198 411 2271 423 —
2306 376 2533 440 SERIES
2566 380 2605 447 Ι,
2648 372 2989 439 POLEMICA.

3598 377 3693 436 364

404 516 543 580 facit,
593 511 796 581 absque
827 507 1103 564 mendacio
1153 516 1354 563 tamen.
1403 509 1469 565 Et
1502 508 1646 576 ideo,
1696 509 1854 580 quale
1887 515 2000 573 est,
2036 524 2082 602 Α
2115 507 2198 562 nis
2237 522 2342 562 non
2373 506 2687 562 desaltasset
2719 506 2785 572 ⁵8,
2819 506 2911 577 qui
2954 519 3241 576 personam
3281 502 3591 558 susbtantiae
3620 503 3701 572 ip-

403 612 458 656 ut
515 600 749 655 dedecus
815 598 1131 654 existimarit
1204 601 1484 654 veritatem
1561 599 1764 667 potius,
1833 614 1997 669 quam

399 687 737 743 mendacium
776 687 993 742 carnis?
1032 686 1228 758 Atquin
1270 687 1557 744 honoravit
1596 686 1741 740 illam
1789 685 2001 757 fingen-

398 778 489 832 do.
530 776 739 845 Quanta
787 776 901 844 jam
935 792 1059 832 caro
1097 782 1199 842 est,
1247 775 1406 845 cujus
1443 776 1763 845 phantasma
1799 791 1996 830 neces-

402 868 599 921 sarium
636 865 735 920 fuit
764 865 877 921 Deo
910 864 1218 935 superiori?

1005 1009 1228 1065 CAPUT
1266 1010 1366 1064 XL

472 1137 637 1193 Totas
692 1134 823 1190 istas
872 1134 1173 1207 praestigias
1221 1135 1477 1206 putativae
1530 1135 1585 1190 in
1632 1134 1843 1190 Christo
1881 1149 2000 1189 cor-

400 1226 657 1298 pulentize
695 1225 806 1296 (24)
851 1223 1087 1279 Marcion
1136 1223 1223 1277 illa
1270 1223 1559 1278 intentione
1614 1222 1873 1294 suscepit,
1934 1240 2004 1279 ne

398 1332 465 1370 ex
523 1314 829 1369 testimonio
872 1311 1185 1367 substantia
1246 1313 1514 1376 humanae,
1566 1311 1812 1367 nativitas
1858 1326 1999 1382 quo-

399 1420 503 1474 que
554 1403 677 1471 ejus
714 1400 1110 1465 defenderetur,
1142 1409 1302 1471 atque
1332 1401 1404 1454 ita
1446 1400 1693 1456 Christus
1733 1401 2004 1457 Creatoris

396 1492 784 1555 vindicaretur,
844 1497 903 1544 ut
954 1489 1045 1560 qui
1103 1489 1393 1559 nascibilis,
1452 1506 1513 1544 ac
1559 1506 1655 1561 per
1705 1491 1826 1554 hoc,
1880 1506 2003 1544 car-

396 1595 532 1634 neus
578 1577 1004 1633 annuntiaretur.
1054 1575 1377 1631 Stultissime
1422 1585 1475 1631 et
1521 1577 1606 1630 hic
1644 1577 1692 1613 57
1731 1576 2003 1657 Ponticus,

396 1668 552 1741 quasi
591 1682 702 1723 non
731 1665 942 1721 facilius
985 1664 1294 1719 crederetur
1322 1680 1449 1719 caro
1490 1665 1543 1717 in
1575 1666 1688 1720 Deo
1718 1679 1827 1720 non
1859 1674 2002 1731 nata,

397 1775 559 1831 quam
640 1755 802 1821 falsa,
882 1753 1323 1822 praestruentibus
1388 1752 1468 1807 vel
1532 1755 1762 1810 maxime
1844 1752 2006 1809 ﬁdem

2113 597 2225 651 sius
2250 596 2471 666 egisset.
2525 595 2687 650 Plane
2734 594 3026 649 nativitatis
3055 592 3391 649 mendacium
3422 593 3700 657 recusasti,

2108 687 2280 756 ipsam
2339 685 2483 742 enim
2541 700 2754 741 carnem
2802 700 2986 741 veram
3025 682 3261 739 edidisti.
3311 681 3702 752 Turpissimum

2105 774 2313 829 scilicet
2353 773 2471 840 Dei,
2530 773 2690 827 etiam
2745 789 2893 838 vera,
2944 771 3209 828 nativitas.
3270 774 3389 842 Age
3431 772 3563 839 jam,
3608 787 3703 840 pe-

2107 878 2228 917 rora
2259 866 2373 933 (28)
2407 864 2462 916 in
2493 861 2583 916 illa
2612 861 2950 918 sanctissima
2977 868 3029 916 et
3060 861 3352 918 reverenda
3400 874 3563 929 opera
3607 876 3702 912 na-

2107 959 2241 1005 tura:
2276 994 2289 1021 ,
2348 951 2600 1005 invehere
2658 951 2712 1004 in
2754 958 2924 1005 totum
2980 950 3125 1020 quod
3180 964 3279 1003 cs:
3317 948 3496 1003 carnis
3546 956 3703 1019 atque

2107 1040 2299 1094 animm
2321 1039 2591 1111 originem
2607 1040 2822 1095 destrue
2847 1056 2859 1091 :
2892 1039 3130 1093 cloacam
3161 1053 3298 1095 voca
3318 1045 3550 1105 uterum,
3574 1039 3702 1091 tanti

2108 1128 2377 1193 animalis,
2412 1128 2466 1182 id
2486 1135 2587 1193 est,
2632 1128 2861 1184 hominis
2892 1127 3225 1197 producendi
3247 1126 3517 1183 ofﬁcinam
3543 1145 3556 1181 :
3581 1143 3701 1198 per-

2109 1231 2333 1287 sequere
2371 1223 2426 1272 et
2470 1224 2656 1287 partus
2708 1215 2985 1271 immunda
3023 1222 3076 1270 et
3132 1215 3381 1287 pudenda
3424 1222 3703 1281 tormenta,

2110 1313 2161 1362 et
2182 1305 2356 1377 ipsius
2384 1306 2579 1363 exinde
2629 1306 2898 1378 puerperii
2928 1320 3169 1375 spurcos,
3223 1306 3428 1369 auxios,
3471 1303 3697 1362 ludicros

2111 1395 2283 1450 exitus
2328 1394 2465 1465 (29).
2524 1394 2723 1450 Tamen
2752 1410 2875 1449 cum
2913 1393 3092 1449 omnia
3120 1392 3222 1447 ista
3264 1392 3617 1458 destruxeris,
3649 1403 3705 1448 ut

2113 1486 2228 1539 Deo
2276 1483 2495 1557 indigna
2514 1484 2563 1522 ⁵9
2612 1483 2918 1547 confirmes,
2968 1496 3075 1537 non
3110 1481 3211 1537 crit
3238 1480 3510 1553 indignior
3539 1490 3706 1539 morte

2114 1571 2379 1636 nativitas,
2403 1580 2455 1625 et
2486 1587 2642 1627 cruce
2685 1570 2929 1636 infantia,
2961 1579 3014 1624 et
3043 1578 3229 1625 natura
3258 1585 3440 1640 poena,
3470 1577 3525 1625 et
3543 1586 3705 1627 carne

2113 1660 2403 1716 damnatio.
2436 1660 2491 1716 Si
2530 1676 2655 1716 vera
2696 1659 2796 1716 ista
2845 1676 3035 1731 passus
3072 1666 3155 1715 est
3209 1658 3471 1725 Christus,
3530 1658 3707 1719 minus

2116 1746 2218 1802 fuit
2246 1748 2296 1786 δο
2324 1746 2489 1805 nasci.
2524 1747 2581 1804 Si
2609 1747 2890 1805 mendacio
2918 1764 3113 1822 passus
3144 1753 3247 1815 est,
3280 1754 3338 1802 ut
3368 1752 3704 1819 phantasma,

397 1806 561 1903 iustam
615 1842 824 1915 angelis
853 1842 1141 1905 Creatoris,
1181 1840 1234 1894 in
1271 1856 1432 1896 carne
1480 1857 1607 1897 vera
1651 1844 1999 1909 conversatis,
2044 1806 2088 1885 Β
2117 1838 2291 1908 potuit
2318 1838 2671 1894 etmendacio
2700 1837 2873 1895 nasci.
2908 1838 3129 1894 Summa
3148 1836 3253 1893 ista
3296 1836 3580 1895 Marcionis
3617 1855 3705 1895 ar-

397 1953 499 1992 nec
544 1942 723 1988 tamen
754 1938 896 1986 nata.
929 1930 1067 1983 Nam
1105 1937 1156 1984 et
1185 1928 1499 1986 Philumene
1535 1931 1626 1987 illa
1656 1933 1831 2007 magis
1868 1950 2001 2005 per-

399 2024 569 2083 suasit
632 2019 829 2093 Apelli,
888 2018 1203 2092 eaeterisque
1258 2019 1626 2077 desertoribus
1681 2020 2000 2091 Marcionis,

397 2131 461 2172 ex
531 2111 636 2166 iide
700 2108 919 2182 quidem
972 2108 1250 2164 Christum
1304 2107 1697 2165 circumtulisse
1751 2126 1994 2183 carnem;

398 2203 597 2259 nullius
641 2207 820 2255 tamen
866 2196 1176 2264 nativitatis,
1233 2202 1417 2268 utpote
1454 2197 1522 2254 de
1563 2198 1844 2256 elementis
1880 2214 1999 2255 eam

396 2295 717 2345 mutuatum.
767 2284 923 2353 Quod
972 2283 1017 2339 si
1075 2285 1364 2343 verebatur
1423 2286 1682 2359 Marcion,
1733 2304 1804 2345 ne
1868 2287 2002 2345 ﬁdes

395 2379 573 2437 carnis
640 2374 929 2433 nativitatis
983 2388 1201 2447 quoque
1258 2372 1421 2431 ﬁdem
1490 2375 1797 2447 induceret;
1881 2378 2001 2435 sine

396 2468 564 2525 dubio
621 2465 711 2538 qui
765 2464 929 2519 homo
998 2462 1297 2530 videbatur,
1357 2470 1516 2520 natus
1570 2467 1756 2539 utique
1804 2468 1999 2524 crede-

392 2561 551 2614 batur
584 2577 597 2611 :
644 2571 769 2610 nam
818 2561 871 2609 et
910 2551 1101 2607 mulier
1138 2552 1382 2624 quaedam
1424 2554 1811 2611 exclamaverat
1838 2556 1995 2628 (Luc.

393 2662 475 2716 x1,
507 2648 570 2700 27
600 2662 613 2698 :
647 2643 854 2698 Beatus
874 2642 1069 2697 venter
1090 2641 1187 2713 qui
1219 2643 1270 2694 te
1287 2642 1558 2712 portavit,
1593 2646 1649 2699 et
1670 2644 1837 2700 ubera
1870 2662 1998 2716 quae

395 2736 659 2793 hausisti.
687 2733 749 2787 Et
774 2731 1045 2802 quomodo
1066 2732 1254 2787 mater
1276 2732 1331 2784 et
1349 2732 1562 2801 fratres
1583 2735 1706 2804 ejus
1726 2733 1857 2789 dicti
1875 2742 2002 2789 sunt

393 2827 534 2898 foris
563 2819 920 2889 stare?(Lue.
952 2830 1085 2884 Vill,
1119 2818 1234 2889 20.)
1269 2818 1327 2872 Et
1355 2818 1659 2875 videbimus
1699 2821 1765 2876 de
1798 2821 1882 2879 his
1909 2839 1999 2882 ea-

392 2912 582 2984 pitulis
611 2926 711 2985 suo
746 2918 1009 2979 tempore.
1043 2907 1197 2963 Certe
1228 2921 1349 2961 cum
1382 2914 1435 2962 et
1468 2907 1587 2979 ipse
1616 2925 1677 2965 se
1706 2908 1874 2965 filium
1904 2912 1994 2968 ho-

392 3001 552 3056 minis
590 2997 931 3070 praedicaret,
972 3004 1153 3050 natum
1197 2995 1401 3051 scilicet
1442 2996 1811 3068 profitebatur.
1842 3001 1992 3059 Nunc

387 3100 449 3148 ut
485 3092 603 3146 haec
640 3087 816 3144 omnia
866 3085 936 3141 ad
972 3085 1242 3159 Evangelii
1280 3085 1577 3157 distulerim
1626 3090 1993 3149 examinatio-
2028 3091 2071 3169 θ

387 3197 532 3248 nem,
564 3188 745 3234 tamen
775 3176 921 3249 quod
953 3192 1119 3248 supra
1152 3176 1333 3242 statui,
1381 3177 1428 3232 si
1467 3178 1612 3233 omni
1641 3180 1804 3237 modo
1834 3193 1991 3240 natus

385 3270 531 3328 credi
568 3267 816 3332 habebat,
861 3264 954 3337 qui
995 3265 1156 3321 homo
1207 3265 1513 3333 videbatur,
1560 3283 1694 3326 vane
1733 3270 1989 3326 nativita-

387 3361 454 3416 tis
492 3358 649 3415 ﬁdem
698 3354 925 3412 consilio
962 3354 1299 3425 imaginaria
1337 3356 1514 3410 carnis
1569 3360 1987 3431 expungendam

386 3447 608 3521 putavit.
658 3444 801 3514 Quid
849 3442 992 3499 enim
1034 3442 1230 3515 profuit
1275 3459 1382 3499 non
1419 3459 1547 3500 vere
1594 3444 1779 3519 fuisse,
1839 3449 1985 3519 quod

384 3556 481 3611 pro
517 3552 651 3593 vero
688 3536 999 3603 haberetur,
1032 3541 1139 3587 tam
1178 3548 1390 3589 carnem
1420 3550 1586 3606 quam
1616 3536 1985 3597 nativitatem?

384 3631 492 3683 Aut
522 3628 565 3682 si
612 3625 838 3695 dixeris,
878 3621 1088 3679 Viderit
1131 3621 1315 3693 Opinio
1362 3623 1614 3691 humana,
1658 3625 1772 3694 jam
1810 3628 1982 3683 Deum

384 3727 535 3773 tuum
604 3718 841 3772 honoras
890 3712 1111 3768 fallaciae
1160 3711 1334 3781 titulo,
1395 3714 1441 3767 si
1490 3713 1627 3768 aliud
1675 3730 1732 3770 se
1779 3716 1983 3771 sciebat

384 3821 525 3875 esse,
566 3820 727 3875 quam
768 3801 910 3873 quod
942 3800 1193 3856 homines
1225 3801 1421 3857 fecerat
1450 3802 1679 3872 opinari.
1709 3804 1824 3857 Jam
1858 3815 1982 3861 tunc

385 3895 598 3967 potuisti
657 3891 818 3947 etiam
850 3890 1181 3948 nativitatem
1225 3890 1523 3960 putativam
1582 3890 1657 3945 illi
1687 3907 1983 3948 accommo-

382 3986 541 4039 dasse
589 3984 725 4053 (25),
775 3998 841 4036 ne
888 3979 940 4033 in
973 3974 1150 4035 336
1196 3980 1329 4035 hanc
1384 3997 1601 4053 quoque
1654 3980 1982 4055 impegisses

382 4074 759 4147 quaestionem.
797 4070 931 4125 Nam
980 4077 1034 4125 et
1075 4068 1401 4124 muliercula:
1447 4084 1794 4141 nonunquam
1844 4088 1979 4142 prae-

385 4170 611 4237 gnantes
629 4159 737 4215 sibi
762 4158 1031 4223 videntur,
1065 4164 1155 4213 aut
1185 4157 1465 4230 sanguinis
1496 4158 1697 4215 tributo
1722 4158 1857 4231 (26),
1889 4168 1980 4215 aut

386 4252 563 4323 aliqua
592 4248 896 4306 valetudine
933 4245 1146 4302 inﬂatae.
1180 4248 1244 4301 Et
1282 4246 1467 4318 utique
1513 4247 1769 4304 debuerat
1812 4251 1985 4321 phan-

386 4338 625 4397 tasmatis
654 4352 874 4394 scenam
900 4334 1277 4393 decucurrisse
1310 4335 1443 4409 (27),
1474 4353 1541 4393 ne
1574 4336 1833 4412 originem
1861 4355 1984 4397 car-

2110 1937 2388 2003 gumenta,
2422 1946 2516 2003 per
2540 1945 2660 2003 quae
2686 1928 2848 1985 alium
2876 1927 3043 1985 efﬁcit
3072 1927 3361 1994 Christum,
3412 1929 3542 1986 satis
3578 1933 3705 2004 opi-

2109 2035 2231 2091 nor,
2260 2019 2595 2076 ostendimus
2640 2034 2747 2076 non
2785 2018 3083 2077 consistere
3136 2016 3377 2086 omnino,
3423 2018 3553 2075 dum
3606 2022 3704 2077 do-

2108 2123 2291 2163 cemus
2321 2109 2495 2182 magis
2540 2108 2727 2181 utique
2756 2116 3059 2179 competere
3084 2108 3192 2163 Deo
3221 2106 3521 2175 veritatem,
3539 2125 3702 2182 quam

2108 2196 2440 2252 mendacium
2479 2197 2599 2266 ejus
2648 2196 2891 2268 habitus,
2935 2196 2993 2251 in
3048 2210 3157 2268 quo
3215 2195 3485 2252 Christum
3542 2214 3705 2254 suum

2108 2286 2363 2343 exhibuit.
2415 2287 2473 2342 Si
2502 2288 2696 2343 veritas
2742 2287 2866 2360 fuit,
2897 2302 3020 2344 caro
3070 2283 3193 2352 fuit,
3220 2284 3266 2342 si
3296 2303 3420 2344 caro
3449 2288 3566 2355 fuit,
3602 2306 3703 2346 na-

2110 2383 2197 2432 tus
2220 2383 2320 2431 est.
2368 2376 2446 2431 Ea
2489 2375 2653 2446 enim,
2684 2392 2804 2450 quae
2831 2384 3107 2451 expugnat
3134 2377 3251 2433 haec
3279 2376 3524 2444 haeresis,
3572 2395 3703 2436 con-

2108 2462 2387 2521 ﬁrmantur
2416 2481 2539 2521 cum
2569 2482 2653 2533 ea,
2687 2482 2782 2538 per
2811 2482 2932 2539 quae
2980 2474 3279 2539 expugnat,
3329 2466 3699 2525 destruuntur.

2109 2553 2290 2623 itaque
2347 2553 2392 2609 si
2440 2569 2669 2612 carneus
2734 2552 3038 2621 habebitur,
3068 2556 3194 2627 quia
3232 2561 3404 2625 natus,
3436 2562 3489 2612 et
3520 2564 3701 2626 natus,

2107 2640 2230 2711 quia
2269 2658 2531 2710 carneus;
2577 2645 2701 2717 quia
2727 2646 3037 2716 phantasma
3075 2661 3181 2701 non
3212 2644 3391 2715 fuerit,
3443 2648 3559 2718 ipse
3597 2651 3701 2704 erit

2107 2734 2510 2806 agnoscendus,
2541 2735 2633 2807 qui
2658 2735 2711 2790 in
2747 2750 2929 2804 carne,
2962 2744 3015 2791 et
3044 2749 3111 2791 ex
3139 2735 3412 2795 nativitate
3441 2744 3702 2794 venturus

2105 2821 2514 2962 Ennuntiabatur
2539 2840 2570 2880 a
2598 2819 2867 2881 Creatoris
2891 2824 3189 2897 prOphetis,
3222 2832 3408 2898 utpote
3454 2824 3702 2883 Christus

2151 2910 2391 2962 reatoris.

2151 2910 2391 2968 reatoris.

2686 3054 2913 3112 CAPUT
2951 3054 3074 3112 XII.

2171 3181 2409 3239 Provoca
2436 3197 2599 3248 nunc,
2647 3188 2707 3236 ut
2734 3181 2897 3246 soles,
2942 3181 3005 3236 ad
3039 3181 3177 3238 hanc
3214 3180 3366 3237 Isaia:
3411 3196 3701 3256 compara-

2098 3272 2298 3327 tionem
2347 3269 2561 3337 Christi,
2596 3271 2921 3327 contendens
2951 3269 3095 3325 illam
3122 3267 3174 3325 in
3207 3271 3355 3327 nullo
3384 3275 3695 3332 convenire.

2096 3360 2272 3417 Primo
2315 3362 2480 3427 enim,
2534 3359 2733 3431 inquis,
2794 3360 3038 3415 Christus
3086 3361 3237 3417 Isaiae
3291 3361 3410 3429 (Isa
3459 3376 3557 3428 vn,
3604 3364 3700 3435 14)

2094 3448 2415 3505 Emmanuel
2442 3447 2622 3504 vocari
2652 3447 2870 3502 habebit
2902 3466 2916 3519 ;
2952 3448 3017 3503 de
3046 3448 3170 3503 hinc
3196 3450 3446 3506 virtutem
3475 3467 3698 3508 sumere

2092 3537 2356 3603 Damasci,
2388 3545 2442 3591 et
2470 3536 2642 3608 spolia
2686 3536 2942 3592 Samaria:
2992 3540 3279 3593 adversum
3309 3554 3497 3609 regem
3525 3541 3700 3612 Assy-

2094 3627 2318 3685 riorum.
2354 3628 2517 3682 Porro
2548 3626 2683 3697 (Isa.
2713 3640 2830 3691 vm,
2865 3624 2921 3697 4)
2951 3627 3052 3682 iste
3079 3627 3171 3697 qui
3202 3628 3367 3693 venit,
3399 3643 3570 3699 neque
3590 3631 3700 3686 sub

2088 3714 2359 3785 ejusmodi
2413 3714 2629 3771 nomine
2658 3725 2737 3770 est
2781 3713 2978 3781 editus,
3010 3730 3186 3786 neque
3240 3714 3347 3770 ulla
3394 3732 3451 3771 re
3496 3716 3697 3774 bellica

2092 3803 2302 3859 functus
2321 3810 2419 3858 est.
2452 3800 2523 3858 At
2581 3816 2684 3873 ego
2751 3809 2801 3857 te
2856 3801 3176 3867 admonebo,
3239 3804 3314 3857 uti
3362 3805 3697 3861 cohaerentia

2092 3907 2306 3964 quoque
2353 3890 2633 3963 utriusque
2690 3890 2907 3960 capituli
2963 3905 3344 3963 recognoscas.
3393 3893 3700 3964 Subjnncta

2089 3991 2169 4039 est
2212 3982 2355 4038 enim
2413 3988 2467 4037 et
2530 3980 2901 4052 interpretatio
2960 3980 3336 4052 Emmanuelis,
3394 3983 3695 4042 nobiseum

2090 4073 2274 4138 Deus;
2304 4070 2380 4125 uti
2412 4086 2521 4126 non
2543 4070 2715 4127 solum
2745 4085 2939 4125 sonum
2969 4071 3202 4127 nominis
3232 4080 3465 4143 spectes,
3508 4076 3605 4130 sed
3635 4086 3701 4131 et

2088 4157 2260 4217 337
2302 4176 2542 4216 sensum.
2573 4158 2752 4215 Sonus
2780 4159 2923 4215 enim
2942 4156 3247 4227 hebraicus,
3279 4161 3426 4233 quod
3452 4171 3532 4218 est
3560 4164 3702 4219 Em-

2094 4250 2328 4319 manuel,
2362 4266 2474 4306 suae
2521 4248 2695 4321 gentis
2748 4257 2849 4305 est.
2910 4248 3112 4307 Sensus
3166 4258 3341 4307 autem
3369 4250 3511 4322 ejus,
3542 4254 3700 4325 quod

2095 4348 2178 4398 est
2206 4343 2353 4398 Deus
2372 4339 2682 4408 nobiscum,
2708 4355 2775 4395 ex
2804 4338 3244 4411 interpretatione
3265 4340 3568 4397 communis
3589 4352 3701 4400 est.

1769 4462 1959 4531 Variae
2020 4469 2330 4532 lectiones.

461 4566 508 4614 51
550 4571 660 4630 Hoc
711 4572 848 4632 Jun.
896 4565 946 4610 ⁵⁸
993 4567 1327 4628 Desultasset
1377 4568 1542 4631 Seml.
1592 4568 1880 4631 dealtasset
1929 4574 2106 4633 Rhen.
2149 4572 2198 4615 59
2228 4574 2409 4648 Digna
2440 4574 2614 4632 Rhea.
2650 4572 2821 4631 Semt.
2877 4568 3097 4633 Oberth.
3131 4569 3182 4616 θο
3238 4570 3451 4634 Fuisset
3507 4576 3693 4637 Seml.

393 4642 554 4704 Pam.

1797 4713 2304 4785 Commentarius.

463 4823 581 4920 (24)
629 4822 913 4920 Putativee
955 4822 1022 4920 lira
1042 4820 1284 4920 AChristo
1336 4820 1994 4920 corpulentiw..8eticus
2027 4838 2073 4920 υ
2106 4842 2197 4920 sus
2227 4835 2348 4920 est:
2373 4820 2641 4920 Debuerat
2683 4840 2747 4881 ex
2794 4827 3342 4920 totloLservireIscenfe
3372 4831 3426 4912 et
3468 4844 3702 4916 suscept

390 4894 487 4952 lib.
548 4894 613 4952 de
668 4896 795 4952 Fide
828 4913 840 4950 :
887 4914 910 4945 α
955 4894 1234 4967 Hodieque
1252 4913 1378 4972 _non
1416 4894 1630 4972 desunt,
1662 4897 1759 4970 qui
1794 4906 1996 4972 negent

396 4982 518 5023 eum
539 4976 777 5039 nostram
810 4973 1053 5038 gestasse
1081 4965 1489 5039 corpulentiam.
1524 4988 1548 5021 »
1583 4965 1707 5028 BIG'.

472 5037 583 5108 (25)
640 5037 1018 5095 Nativitatem
1051 5037 1375 5110 putativam
1406 5042 1500 5097 illi
1529 5039 1993 5100 accommodasse.

396 5109 563 5178 Quasi
593 5124 724 5164 vere
761 5117 921 5164 natus
948 5118 1001 5164 et
1031 5109 1206 5181 reipsa
1235 5128 1342 5168 non
1382 5111 1591 5167 fuisset.
1625 5115 1683 5169 Id
1711 5113 1854 5169 enim
1886 5113 1997 5169 vult

396 5182 527 5256 inec
542 5196 651 5256 vox
679 5183 1018 5256 putativam,
1056 5182 1199 5256 rsicut
1238 5183 1400 5239 modo
1437 5183 1672 5253 dicebat,
1714 5187 1997 5256 putativa:

396 5254 461 5309 in
495 5253 711 5309 Christo
740 5253 1132 5324 corpulentire.
1158 5256 1235 5309 LE
1266 5256 1363 5309 Pa.

466 5326 582 5396 (26)
613 5325 919 5395 Sanguinis
942 5325 1170 5397 tributo.
1196 5325 1284 5379 Sic
1313 5326 1403 5379 lib.
1438 5326 1502 5381 de
1530 5324 1781 5382 Velamlis
1818 5324 1995 5397 Virgi-

396 5398 563 5452 nibus
595 5416 613 5451 ε
657 5417 679 5445 α(
719 5400 785 5449 Et
825 5399 998 5465 pudor
1026 5396 1224 5466 ubique
1253 5398 1498 5465 vestitur,
1548 5406 1603 5451 et
1632 5412 1845 5452 menses
1892 5396 1992 5454 tri-

396 5469 524 5522 buta
564 5466 892 5536 dependunt.
927 5487 952 5518 »
988 5467 1114 5521 Βία.

468 5540 583 5610 (27)
600 5538 873 5595 Debuerat
897 5537 1322 5611 phantasmatis
1332 5553 1569 5611 scenam
1590 5537 1989 5598 decucurrisse.

397 5610 486 5665 Sic
532 5611 662 5666 dicit
707 5610 924 5665 scenam
988 5610 1391 5681 pbantasmatis,
1424 5619 1481 5667 ut
1525 5610 1578 5665 in
1611 5612 1676 5669 de
1715 5611 1990 5679 hwresib.,

401 5695 623 5761 scenam
652 5681 884 5756 erroris,
916 5691 1095 5741 actum
1114 5696 1275 5759 quem
1294 5693 1485 5744 vocant
1506 5681 1829 5762 intelligens.
1858 5684 1993 5745 Sen-

2106 4907 2211 4954 tam
2242 4896 2495 4977 tabulam
2543 4913 2807 4977 peragere
2857 4899 3099 4977 Christus
3146 4900 3446 4977 Marcionis,
3496 4904 3589 4977 qui
3629 4896 3699 4961 ἐἰ

2102 4970 2397 5096 putativam
2420 4970 2597 5051 gessit
2633 4970 2864 5052 carnem,
2907 4970 3138 5053 debebat
3178 4971 3335 5027 etiam
3391 4970 3699 5044 putativam

2142 5041 2298 5096 abere
2327 5048 2673 5096 natmtatem.
2716 5057 2795 5096 src
2842 5057 2986 5096 enim
3035 5044 3426 5096 nhantasmalis
3472 5061 3696 5096 scenam

2142 5041 2298 5096 abere
2327 5040 2673 5108 nativitatem,
2716 5041 2795 5096 sic
2842 5042 2986 5097 enim
3035 5040 3426 5112 phantasmati's
3472 5061 3698 5102 scenam

2102 5111 2510 5168 decucurrisset.
2534 5112 2716 5168 Runiv.

2172 5182 2283 5254 (28)
2328 5186 2434 5255 Age
2475 5185 2612 5256 iam
2638 5201 2860 5256 perora.
2912 5183 3065 5240 Hunc
3112 5187 3288 5242 locum
3319 5187 3487 5243 habes
3532 5188 3589 5244 in
3627 5191 3700 5249 de

2104 5250 2288 5328 came
2337 5250 2557 5328 Christi
2584 5250 2772 5328 iisdem
2814 5257 3205 5328 propemodum
3232 5260 3411 5315 verbis
3439 5260 3699 5328 relatum,

2102 5341 2211 5382 non
2242 5326 2317 5382 ita
2336 5326 2496 5399 longe
2519 5334 2641 5396 post
2667 5326 2902 5383 initium.
2920 5326 3117 5399 TRIIEN.

2176 5399 2291 5475 (23)
2332 5398 2594 5475 Ludieros
2642 5402 2863 5475 exitus.
2907 5398 3194 5475 Videbatur
3239 5401 3368 5456 mihi
3401 5401 3701 5475 aliquando

2101 5468 2387 5547 legendum
2420 5470 2794 5547 lubricos,se_d
2850 5471 3213 5547 ipseureSpieit
3249 5476 3330 5547 ad
3365 5474 3414 5528 id
3455 5468 3600 5547 quod
3638 5476 3699 5531 in

2100 5540 2193 5596 lib.
2219 5557 2379 5613 quem
2417 5543 2580 5598 modo
2608 5541 2903 5609 citavimus,
2947 5540 3101 5609 dicit,
3127 5542 3195 5598 de
3249 5544 3449 5601 infante
3475 5540 3699 5603 'r’ecens

2102 5614 2251 5697 edito
2273 5613 2517 5697 loquens,
2550 5613 2854 5697 Blanditiis
2901 5613 3217 5697 deridetur;
3250 5624 3303 5674 et
3346 5631 3489 5690 mox,
3516 5619 3695 5683 Illum

2098 5701 2205 5765 per
2233 5684 2479 5745 ludibria
2517 5685 2833 5757 nutritum,
2873 5691 2976 5746 etc.
3011 5684 3190 5751 Briau.
