3980 6144
514 379 610 434 δῠῖ

1188 368 1621 429 TERTULLIANI
1665 364 1927 424 OPERUM
1968 365 2129 425 PARS
2170 367 2235 426 Il.
2277 400 2347 412 —
2385 368 2609 429 SElllES
2643 369 2693 442 l,
2739 369 3089 430 POLEMICA.

3698 372 3797 428 363

512 517 641 554 auro
673 510 725 556 et
773 502 927 555 thure
984 504 1344 563 muner‘antes,
1364 505 1427 550 et
1474 494 1736 564 acceperit
1767 490 1943 548 infans
1978 492 2092 547 vir-
2128 507 2171 586 Α
2205 495 2339 561 ritis,
2409 507 2466 552 ut
2520 496 2774 562 diximus,
2839 494 3216 549 idololatriam.
3275 496 3546 551 Adversus
3619 512 3796 568 regem

511 598 676 643 tutem
724 587 963 643 Damasci
1019 587 1133 641 sine
1188 586 1374 656 pt‘33li0
1422 591 1475 638 et
1521 583 1706 637 armis.
1748 584 1881 637 Nam
1917 578 2093 637 339

505 686 699 747 praeter
724 678 867 749 quod
907 676 1158 731 omnibus
1193 682 1377 728 notum
1408 681 1508 739 est,
1560 670 1795 726 Orientis
1815 670 2088 734 virtutem,

505 766 570 819 ad
602 776 682 820 est
726 766 833 820 vim
875 773 926 819 et
963 764 1124 830 vires,
1155 778 1288 817 auro
1327 770 1375 816 et
1432 758 1692 815 odoribus
1722 758 1927 829 pollere
1955 758 2087 813 soli-

503 862 649 924 tam;
683 867 825 911 certe
863 864 941 909 est
979 852 1215 909 Creatori
1245 853 1290 888 ’τι
1325 850 1574 908 virtutem
1611 860 1916 904 caeterarum
1959 862 2092 917 quo-

500 961 605 1015 que
638 945 873 1017 gentium
907 958 1094 997 aurum
1143 943 1498 1003 constituere;
1531 940 1668 993 sicut
1716 953 1813 1008 per
1882 938 2089 992 Zacha-

500 1034 635 1087 riam
667 1031 807 1104 (xrv,
837 1035 925 1101 14)
959 1051 969 1085 :
1006 1034 1073 1087 Et
1104 1030 1277 1086 Iudas
1297 1028 1594 1101 pertendet
1624 1028 1671 1065 ⁷2
1702 1025 1855 1097 apud
1872 1029 2087 1083 Jerusa-

402 1124 407 1125 ⁷
504 1124 630 1188 lem,
648 1126 701 1178 ct
717 1120 1065 1193 congregabit
1081 1135 1299 1175 omnem
1316 1118 1623 1172 volentiam
1641 1117 1977 1187 papulor-um
1992 1131 2091 1184 per

498 1214 827 1277 circuitum,
862 1226 1071 1266 aurum
1098 1213 1153 1264 et
1182 1204 1503 1277 argentum.
1532 1206 1611 1258 De
1638 1204 1733 1257 illo
1762 1212 1946 1257 autem
1968 1211 2091 1256 tunc

496 1302 614 1355 auri
646 1316 865 1354 munere
895 1301 1057 1353 etiam
1087 1297 1255 1351 David
1289 1314 1301 1349 :
1345 1299 1414 1350 Et
1446 1294 1671 1349 dabitur
1700 1292 1792 1346 illi
1827 1309 1897 1347 ea:
1952 1308 2089 1349 auro

494 1390 751 1453 Arabiae;
797 1398 849 1442 et
873 1402 1063 1441 rursus
1087 1389 1285 1454 :Itegcs
1316 1384 1566 1439 Arabum
1600 1385 1655 1437 et
1678 1381 1819 1437 Saba
1846 1397 2087 1437 munera

495 1482 745 1549 afferent
798 1478 845 1513 Ἧι
878 1476 968 1531 illi
1024 1476 1155 1543 (36).
1187 1475 1317 1528 Nam
1347 1483 1401 1527 et
1428 1486 1616 1542 magos
1644 1486 1799 1541 reges
1827 1470 1874 1507 Ἡ
1905 1471 2090 1526 habuit

491 1555 600 1623 fere
629 1566 817 1623 Oriens
846 1566 975 1635 (3’7),
1017 1572 1066 1618 et
1096 1564 1391 1617 Damascus
1421 1562 1633 1615 Arabiae
1682 1568 1826 1615 retro
1854 1561 2082 1629 deputa-

490 1657 668 1725 batur,
719 1663 1003 1724 antequam
1058 1653 1380 1722 transcripta
1426 1657 1571 1704 esset
1599 1648 1647 1685 ’⁷⁵
1668 1648 1722 1702 in
1779 1650 2076 1721 Syrophm-

490 1746 665 1810 niccn,
701 1760 766 1798 ex
788 1728 1127 1797 distinctione
1149 1740 1422 1809 Syriarum
1452 1756 1468 1800 ;
1510 1739 1666 1807 cujus
1725 1747 1855 1794 tunc
1898 1740 2073 1794 virtu-

2202 592 2379 638 autem
2448 583 2813 653 Assyriorum,
2873 583 3130 638 adversus
3202 584 3467 638 Herodem
3533 583 3797 658 intellige;

2199 677 2284 727 cui
2342 672 2532 743 utique
2583 673 2843 729 adversati
2903 680 3031 727 sunt
3083 670 3259 727 340
3296 673 3438 743 magi
3494 682 3640 739 tunc,
3695 690 3797 729 non

2198 762 2552 816 renuntiando
2615 763 2683 815 de
2731 761 2965 829 Christo,
3033 778 3192 831 quem
3255 761 3571 831 intercipere
3646 780 3795 832 qua:-

2198 850 2365 903 rebat.

2784 992 3008 1048 CAUPT
3049 991 3191 1048 XIV.

2267 1116 2619 1184 Adjuvabitur
2678 1118 2795 1172 haec
2859 1126 3039 1172 nostra
3112 1117 3495 1188 interpretatio,
3550 1118 3677 1175 dum
3747 1132 3793 1175 et

2196 1203 2320 1256 alibi
2359 1202 2669 1259 bellatorem
2717 1205 3033 1259 existimans
3077 1205 3366 1270 Christum,
3414 1206 3483 1261 ob
3526 1222 3788 1263 armorum

2198 1292 2547 1362 quorumdam
2604 1294 2862 1348 vocabula
2915 1303 2979 1369 et
3011 1294 3274 1362 ejusmodi
3320 1296 3524 1364 verba,
3576 1311 3644 1350 ex
3675 1298 3785 1352 reli-

2195 1395 2424 1451 quorum
2459 1398 2672 1451 quoque
2701 1398 2951 1437 sensuum
2982 1385 3378 1453 comparatione
3422 1383 3784 1441 oonvineeris:

2194 1472 2508 1542 Accingere,
2530 1470 2705 1541 inquit
2734 1471 2897 1526 David
2923 1474 3093 1542 (Psal.
3124 1473 3368 1540 xuv,4),
3400 1488 3531 1529 ense
3558 1473 3606 1510 ⁷6
3626 1491 3792 1547 super

2190 1561 2398 1627 femur.
2440 1559 2546 1613 Sed
2587 1560 2715 1630 quid
2755 1576 2915 1629 supra
2944 1559 3081 1631 legis
3110 1560 3175 1614 de
3208 1560 3464 1616 Christo?
3500 1564 3794 1634 Tempesti-

2188 1663 2287 1702 vus
2314 1646 2505 1704 decore
2523 1654 2732 1718 praeter
2764 1649 2908 1715 ﬁlios
2930 1648 3255 1704 hominum:
3287 1650 3471 1719 effusa
3495 1654 3579 1707 est
3604 1655 3790 1723 gratia

2184 1737 2247 1791 in
2274 1736 2434 1790 labiis
2465 1740 2598 1793 tuis.
2628 1735 2819 1801 Rideo,
2844 1736 2890 1791 si
2917 1752 3076 1807 quem
3114 1736 3177 1791 ad
3210 1736 3408 1790 bellum
3440 1752 3570 1795 ense
3598 1739 3789 1812 cinge-

486 1844 595 1889 tem
625 1832 871 1886 Christus
904 1829 1133 1898 accepit,
1165 1825 1486 1898 accipiendo
1520 1824 1755 1897 insignia
1784 1827 1923 1898 ejus,
1974 1842 2075 1882 au-
2111 1810 2153 1886 Β
2183 1822 2304 1891 bat,
2341 1822 2391 1878 ei
2421 1824 2489 1878 de
2530 1824 2936 1895 tempestivitate
2978 1825 3191 1880 decoris
3232 1832 3288 1879 et
3317 1824 3576 1881 labiorum
3615 1810 3788 1901 gratia

485 1938 606 1976 rum
665 1918 868 1973 scilicet
923 1924 977 1971 et
1040 1915 1272 1985 odores;
1316 1914 1491 1985 spolia
1551 1922 1731 1970 autem
1791 1915 2070 1987 Samarite,

483 2012 631 2080 ipsos
677 2022 867 2079 magos
900 2023 912 2060 :
947 2004 1043 2076 qui
1090 2021 1209 2061 cum
1266 2004 1415 2059 illum
1454 2005 1857 2076 cognovissent,
1887 2013 1939 2059 et
1966 2021 2079 2059 mu-

480 2099 699 2154 neribus
754 2096 1134 2161 honorassent,
1201 2101 1254 2148 et
1308 2110 1452 2165 genu
1505 2094 1681 2163 posito
1739 2093 2072 2158 adorassent,

481 2184 638 2254 quasi
669 2182 844 2235 Deum
879 2187 929 2235 et
984 2193 1192 2249 regem,
1252 2179 1350 2231 sub
1399 2177 1706 2232 testimonio
1770 2177 1966 2233 indicis
2022 2186 2078 2233 et

477 2271 633 2325 duris
662 2269 849 2337 stellis,
881 2266 1053 2337 spolia
1074 2274 1201 2323 sunt
1229 2265 1356 2319 facti
1386 2265 1663 2331 Samarize,
1723 2265 1775 2319 id
1834 2274 1916 2321 est
1951 2266 2075 2321 ido-

477 2357 722 2426 lolatriae,
783 2355 1061 2412 credentes
1108 2353 1355 2410 videlicet
1391 2353 1447 2408 in
1478 2353 1768 2409 Christum.
1842 2354 2073 2410 Idolola-

474 2449 636 2503 triam
667 2446 808 2500 enim
842 2444 1105 2499 Samarim
1135 2443 1352 2499 nomine
1372 2443 1596 2510 notavit,
1620 2444 2073 2515 utignominiosaa

476 2538 547 2592 ob
604 2533 984 2603 idololatriam,
1029 2548 1135 2603 qua
1172 2532 1471 2587 desciverat
1528 2539 1655 2587 tunc
1707 2548 1740 2587 a
1788 2533 1920 2599 Deo,
1971 2535 2070 2589 sub

476 2641 606 2696 rege
626 2624 971 2678 Hieroboam.
1004 2621 1118 2676 Nec
1144 2621 1249 2675 hoc
1278 2620 1420 2675 enim
1450 2636 1652 2677 novum
1707 2630 1787 2677 est
1829 2623 2067 2679 Creatori

472 2714 696 2786 ﬁgurate
726 2711 800 2766 uti
849 2710 1195 2765 translatione
1246 2709 1545 2779 nominum,
1578 2726 1643 2765 ex
1666 2711 2068 2782 comparatione

472 2800 771 2857 criminum.
806 2801 942 2854 Nam
974 2806 1027 2852 et
1056 2797 1347 2853 archontas
1392 2797 1770 2865 Sodomorum,
1830 2800 2069 2870 appellat

471 2891 757 2945 archontas
784 2887 1113 2953 Iudaeorum,
1147 2894 1201 2941 et
1233 2886 1492 2956 p0pulum
1549 2886 1748 2958 ipsum,
1805 2890 2067 2960 populum

473 2977 792 3031 Gomorrhze
852 2981 1023 3045 vocat,
1086 2982 1139 3028 et
1177 2974 1315 3028 idem
1392 2974 1562 3028 alibi:
1605 2978 1812 3042 Pater,
1888 2977 2063 3049 inquit

471 3066 692 3133 (Elscch.
735 3078 852 3125 xvr,
884 3064 961 3133 3),
996 3066 1126 3118 tuus
1192 3061 1567 3129 Amorrhmus,
1600 3068 1652 3119 et
1716 3070 1901 3122 mater
1958 3071 2060 3123 tua

476 3155 704 3215 Gethea,
754 3152 824 3206 ob
853 3150 1185 3207 consimilem
1224 3149 1578 3221 impietatem,
1604 3166 1740 3221 quos
1770 3152 2056 3225 aliquando

469 3240 633 3296 etiam
648 3255 775 3294 suos
796 3238 938 3294 ﬁlios
957 3238 1188 3293 dixerat:
1210 3240 1377 3295 Filios
1396 3242 1674 3311 generavi,
1691 3245 1747 3297 et
1778 3245 2051 3299 exaltani.

465 3330 554 3386 Sic
580 3337 629 3383 et
649 3329 939 3401 Egyptus,
969 3340 1355 3397 nonnunquam
1413 3331 1562 3382 totus
1610 3328 1760 3382 orbis
1798 3329 2057 3401 intelligi-

465 3430 549 3475 tur
569 3420 711 3489 apud
743 3419 914 3485 illum,
931 3418 1333 3489 superstitionis
1359 3426 1414 3474 et
1440 3418 1830 3474 maledictionis
1858 3419 2057 3492 elogio.

466 3511 557 3565 Sic
588 3519 638 3565 et
666 3509 905 3578 Babylon
947 3509 1129 3576 etiam,
1161 3508 1301 3579 apud
1341 3509 1603 3563 Joannem
1651 3516 1914 3576 nostrum,
1964 3525 2058 3567 ro-

464 3614 635 3652 manae
691 3597 849 3653 Urbis
910 3596 1086 3670 ﬁgura
1153 3606 1234 3653 est
1288 3598 1425 3666 (38),
1470 3597 1695 3667 proinde
1745 3614 1954 3669 magna;
2003 3608 2058 3655 et

462 3701 633 3755 regno
665 3685 937 3755 superbae,
971 3692 1026 3738 et
1053 3694 1361 3740 sanctorum
1390 3685 1489 3739 Dei
1518 3685 1910 3742 debellatricis.
1942 3689 2055 3745 Hoc

461 3772 645 3841 itaque
672 3787 796 3838 usu,
819 3786 1007 3841 magos
1027 3787 1241 3841 quoque
1269 3772 1657 3827 Samaritarum
1688 3775 2055 3844 appellatione

464 3860 691 3914 titulavit
727 3857 1077 3928 despoliatos,
1128 3858 1270 3929 quod
1332 3859 1626 3915 habuerant
1682 3876 1807 3917 cum
1864 3863 2055 3919 Sama-

2186 1910 2586 1969 blandiebatur.
2635 1912 2725 1968 Sic
2769 1914 2896 1968 item
2927 1913 3262 1985 subjungens
3290 1912 3337 1950 77
3370 1930 3382 1968 :
3428 1915 3704 1975 Extende.
3734 1921 3787 1973 et

2180 2016 2529 2072 prosperare,
2569 2005 2625 2057 et
2664 2018 2872 2073 regna;
2910 2001 3148 2067 adjecit:
3184 2003 3419 2073 Propter
3464 2004 3785 2071 veritatem,

2184 2094 2240 2145 et
2297 2092 2612 2155 lenitatem,
2659 2094 2717 2145 et
2744 2092 3057 2162 justitiam.
3091 2089 3223 2157 Quis
3250 2090 3389 2145 enim
3422 2092 3537 2147 haec
3558 2092 3607 2131 ⁷⁸
3656 2109 3785 2150 ense

2183 2178 2513 2248 Operabitur,
2545 2188 2599 2233 et
2626 2194 2733 2234 non
2762 2178 3030 2233 contraria
3072 2177 3249 2249 potius
3302 2178 3504 2233 lenitati
3544 2188 3596 2235 et
3621 2180 3781 2249 justi-

2182 2267 2269 2322 tias
2298 2269 2367 2333 79,
2406 2268 2586 2323 dolum
2631 2276 2684 2323 et
2712 2269 3053 2337 asperitatem
3103 2276 3155 2322 et
3182 2266 3522 2336 injustitiam,
3562 2270 3780 2341 prapria

2179 2356 2381 2411 scilicet
2411 2356 2621 2428 negotia
2651 2357 2953 2427 prmliorum
2973 2356 3000 2409 ?
3044 2355 3327 2413 Videamus
3359 2372 3507 2429 ergo,
3548 2374 3618 2411 an
3642 2359 3779 2413 alius

2179 2446 2247 2499 sit
2287 2445 2430 2499 ensis
2462 2445 2569 2509 ille,
2596 2446 2774 2516 [cujus
2811 2444 2945 2499 alius
2973 2451 3051 2498 est
3089 2455 3259 2499 actus.
3309 2446 3448 2499 Nam
3478 2454 3532 2500 et
3563 2457 3777 2516 aposto-

2175 2532 2257 2588 lus
2290 2533 2522 2588 Joannes
2550 2531 2605 2587 in
2632 2531 2958 2603 Apocalypsi
2995 2530 3109 2601 (39)
3139 2533 3331 2604 (Apoc.
3366 2548 3407 2601 ι,
3445 2536 3555 2605 16),
3589 2550 3771 2591 ensem

2173 2621 2427 2678 describit
2455 2636 2524 2676 ex
2550 2636 2646 2677 ore
2678 2620 2776 2675 Dei
2804 2619 3176 2691 prodeuntem,
3207 2621 3291 2674 bis
3320 2631 3559 2690 acutum,
3595 2641 3773 2695 praea-

2174 2718 2388 2777 cutum;
2447 2725 2607 2781 quem
2666 2708 2893 2780 intelligi
2966 2717 3185 2778 oportet
3242 2710 3462 2782 (Ephes.
3523 2726 3600 2779 vr,
3658 2716 3773 2783 t7),

2175 2813 2477 2854 sermonem
2515 2797 2773 2863 divinum,
2820 2796 2908 2851 bis
2935 2804 3151 2851 acutum
3196 2797 3410 2853 duobus
3453 2799 3771 2856 Testamen-

2174 2888 2266 2953 tis,
2311 2886 2466 2955 Legis
2493 2892 2547 2939 et
2574 2884 2889 2956 Evangelii;
2936 2896 3147 2941 acutum
3187 2885 3470 2956 sapientia,
3515 2886 3769 2943 infestum

2169 2973 2413 3045 diabolo;
2460 2981 2755 3028 armantem
2786 2986 2885 3028 nos
2946 2973 3205 3029 adversus
3266 2972 3451 3031 hostes
3504 2976 3771 3044 spiritales

2168 3063 2418 3135 nequitias
2474 3070 2528 3117 et
2608 3061 3057 3133 concupiscentiae
3138 3062 3333 3131 omnis,
3399 3070 3766 3133 amputantem

2164 3153 2324 3208 etiam
2362 3169 2393 3206 a
2430 3150 2759 3208 charissimis
2796 3152 2866 3206 ob
2916 3150 3010 3206 Dei
3052 3166 3268 3206 nomen.
3312 3150 3469 3220 Quod
3526 3152 3571 3207 si
3599 3154 3767 3210 Joan-

2165 3260 2289 3297 nem
2318 3241 2559 3315 agnitum
2590 3254 2699 3295 non
2738 3240 2837 3309 vis,
2872 3241 3037 3295 habes
3067 3256 3408 3295 communem
3449 3242 3770 3314 magistrum

2169 3330 2385 3385 Paulum
2417 3331 2550 3399 (40).
2586 3328 3006 3400 prmcingentem
3035 3328 3250 3383 lumbos
3288 3338 3505 3385 nostros
3544 3331 3771 3387 veritate

2166 3429 2219 3475 et
2261 3419 2421 3475 lorica
2444 3418 2690 3487 justitiae,
2735 3428 2789 3474 et
2825 3419 3146 3474 calceantem
3186 3434 3285 3473 nos
3322 3419 3378 3474 in
3413 3421 3768 3490 praeparatio-

2166 3525 2286 3564 nem
2317 3508 2591 3579 Evangelii
2624 3507 2788 3579 pacis,
2819 3522 2926 3562 non
2957 3508 3082 3562 belli
3114 3526 3127 3561 :
3175 3523 3452 3564 assumere
3478 3509 3771 3578 jubentem

2166 3603 2380 3653 scutum
2421 3595 2564 3665 fidei,
2599 3596 2649 3650 in
2680 3611 2789 3666 quo
2829 3594 3103 3667 possimus
3129 3596 3311 3652 omnia
3356 3597 3558 3652 diaboli
3599 3597 3771 3669 ignita

2167 3687 2272 3742 tela
2320 3685 2698 3756 exstinguere;
2739 3692 2791 3739 et
2835 3684 3041 3757 galeam
3097 3685 3370 3752 salutaris,
3410 3696 3460 3740 et
3516 3686 3764 3759 gladium

2162 3774 2405 3846 spiritus,
2451 3774 2592 3845 quod
2630 3773 2953 3849 est,.inquit,
2999 3776 3097 3829 Dei
3136 3791 3339 3831 sermo.
3381 3773 3529 3829 Hanc
3570 3783 3621 3829 et
3652 3777 3768 3830 Do-

2164 3865 2342 3919 minus
2369 3863 2483 3935 ipse
2522 3865 2842 3920 machaeram
2886 3863 3034 3919 venit
3071 3865 3284 3920 mittere
3322 3863 3375 3917 in
3406 3871 3623 3933 terram,
3653 3881 3769 3938 non

1855 3978 2045 4045 Variae
2082 3987 2390 4045 lectiones.

530 4084 575 4121 71
608 4086 897 4161 Creatoris
932 4085 1101 4161 Fran.
1134 4083 1189 4161 ’⁷2-
1213 4084 1725 4161 Praetcndetjllien.
1770 4088 1936 4146 86ml.
1978 4091 2196 4147 Oberth.
2230 4089 2279 4127 73
2308 4086 2551 4143 Offerent
2608 4087 2781 4161 Rhen.
2840 4088 3027 4161 Seml.
3048 4088 3267 4145 Oberth.
3317 4087 3363 4126 7"
3394 4086 3575 4161 Reges
3604 4088 3769 4147 abest

460 4158 659 4233 ΓαίοΠῆ
685 4158 810 4233 Erat
832 4157 1006 4233 liberi.
1027 4157 1208 4233 _Seml.
1247 4157 1466 4233 Obertli.
1500 4157 1547 4195 75
1576 4158 1772 4233 Ensem
1806 4163 1979 4233 Eran.
2013 4161 2059 4198 ’⁷⁷
2088 4163 2153 4216 Ει
2169 4161 2451 4233 ρνίειηίίε.
2479 4160 2721 4217 Seml.18
2750 4161 2875 4216 Haec
2902 4160 3047 4231 negl.
3083 4162 3249 4217 Seml.
3282 4175 3347 4214 ea
3376 4157 3502 4216 cod?
3546 4162 3763 4217 Wouw.

458 4229 506 4265 πυ
536 4227 758 4283 Lcnitati
789 4236 841 4282 et
867 4226 1107 4297 justitiae,
1141 4228 1328 4285 omitt.
1370 4228 1544 4283 Rhen.
1579 4230 1746 4286 Seml.
1792 4231 2012 4289 Oberth.

1830 4330 2328 4395 Commentarius.

526 4432 867 4501 (36)Munera
898 4433 1151 4505 afferent
1173 4432 1284 4487 illi.
1318 4430 1506 4487 Melius
1532 4432 1643 4490 illic
1662 4433 2036 4560 Vulgptalegit,
2072 4451 2117 4529 ο
2148 4438 2341 4494 Christi
2381 4437 2569 4509 religio
2599 4436 2887 4494 constituta
2924 4446 3026 4520 est,
3058 4436 3127 4494 de
3156 4452 3220 4494 ea
3248 4436 3354 4492 dici
3396 4436 3559 4492 debet
3597 4438 3750 4509 quod

526 4506 727 4560 ducent
760 4525 777 4559 :
807 4520 928 4558 nam
960 4504 1150 4559 Graece
1181 4513 1260 4558 est
1291 4504 1633 4560 προσάξουσιν.
1664 4507 1738 4560 LE
1812 4522 1864 4560 lt.
2150 4511 2203 4560 S.
2230 4511 2458 4560 Prosner
2487 4526 2650 4560 carm.
2685 4509 2750 4560 de
2780 4510 3026 4560 Inaratts
3049 4528 3067 4560 :

1812 4522 1864 4561 ﬂ.

454 4506 727 4562 adducent
760 4525 777 4559 :
807 4504 937 4558 nam
960 4504 1150 4559 Graece
1181 4513 1260 4558 est
1291 4504 1633 4575 προσάξουσιν.
1664 4507 1738 4560 LE

520 4579 633 4653 (37)
664 4579 807 4653 Nam
827 4582 878 4631 et
911 4578 1085 4653 Magos
1106 4592 1255 4653 reges
1276 4576 1469 4653 babuit
1488 4580 1606 4647 fere
1629 4578 1839 4653 Oriens.
1862 4580 2041 4653 Reges

446 4647 581 4722 dixit
611 4649 896 4722 t0parcha_s
926 4647 1077 4701 urbis
1141 4646 1371 4716 alicujus
1420 4646 1512 4702 aut
1566 4650 1821 4720 regionis,
1872 4646 2041 4722 qualis

442 4718 537 4790 ille
584 4718 679 4773 rex'
731 4719 873 4790 apud
930 4734 1088 4790 quem
1154 4732 1218 4772 ex
1277 4725 1457 4790 sutore
1522 4718 1764 4775 medicus
1810 4718 2037 4777 'Ptizedri

444 4789 630 4845 fabula
667 4788 1123 4858 derisus;quales
1150 4790 1293 4864 _item
1347 4788 1401 4842 in
1434 4791 1627 4864 __sacris
1684 4792 1898 4864 paginis
1944 4808 2038 4849 oc-

443 4869 665 4935 currunt
696 4874 1080 4935 saepenumero.
1150 4860 1469 4935 Huiusmodi
1528 4860 1694 4935 reges
1730 4860 1895 4935 variis
1943 4880 2036 4935 per

442 4932 717 5004 Orientem
748 4931 976 5004 urbibus
1004 4945 1190 4999 magos
1226 4932 1340 4985 fere
1372 4931 1540 4987 fuisse
1584 4931 1658 4988 ait
1716 4931 2029 5004 Septimius,

2150 4511 2203 4567 S.
2230 4511 2458 4582 Prosper
2487 4526 2650 4563 carm.
2685 4509 2750 4564 de
2779 4510 3026 4578 [ngratis
3049 4528 3067 4563 :

2460 4631 2709 4695 Quidquid
2746 4646 2845 4682 non
2882 4633 3107 4696 possidet
3141 4632 3296 4696 armis

2381 4694 2654 4758 Rolligione
2687 4702 2835 4744 tenet.
2884 4694 2899 4696 “
3179 4694 3250 4745 LE
3279 4695 3366 4744 Pa.

2217 4796 2332 4868 (39)
2374 4796 2517 4869 Nam
2564 4800 2621 4851 et
2664 4797 2909 4869 Joannes
2955 4797 3237 4869 apostolus
3278 4797 3343 4850 in
3390 4795 3555 4867 Apoc.
3598 4795 3757 4851 Facit

2140 4866 2419 4922 etiam'hic
2450 4868 2599 4921 locus
2640 4866 2900 4923 adversus
2943 4866 3036 4922 eos
3076 4867 3167 4937 qui
3210 4866 3476 4921 Joannem
3530 4878 3758 4937 aposto-

2140 4942 2253 4995 lum
2297 4948 2497 5009 negant
2533 4945 2809 4993 auctorem
2851 4938 3274 5009 Apocalypseos,
3306 4954 3493 4995 verum
3524 4937 3597 5009 de
3639 4938 3753 4993 hoc

441 5003 544 5057 hoc
581 5010 684 5067 est,
714 5002 954 5075 siderum
998 5009 1340 5075 _astrorumve
1396 5004 1634 5060 scientias
1681 5002 1901 5075 peritos.
1925 5002 2034 5062 Cas-

443 5083 611 5128 terum
645 5088 730 5126 ma
774 5089 833 5129 os
863 5073 1136 5129 Persicum
1164 5090 1280 5129 esse
1315 5077 1634 5132 vocabulum
1684 5073 1845 5133 docet
1901 5081 2031 5133 Por-

443 5144 664 5197 thrius
707 5091 799 5197 lii.
841 5146 947 5197 περὶ
986 5145 1189 5197 ἀπογῆς.
1222 5162 1392 5197 eoaue
1435 5147 1726 5197 signiﬁcari
1782 5152 1893 5197 τοὺς
1922 5150 2030 5197 moi

438 5160 664 5215 ptlyt‘tus
708 5160 799 5198 ttt).
841 5160 947 5216 περὶ
986 5160 1189 5213 ἀποχῆς,
1222 5162 1392 5217 eoque
1435 5160 1727 5219 signtncari
1782 5160 1893 5209 τοὺς
1922 5160 2029 5219 περὶ

441 5217 496 5340 ι·ὶέ
522 5218 650 5268 Θεῖον
662 5219 864 5340 ἕοφοὺς,
891 5215 969 5267 καὶ
995 5218 1158 5270 τούτου
1179 5219 1486 5288 Θεράποντις,
1516 5220 1642 5291 μέγα
1668 5220 1748 5271 καὶ
1769 5218 2029 5293 σεϐάσμιον

438 5308 466 5340 Ὗ
498 5308 601 5340 voc.
708 5304 784 5340 ια.

436 5289 621 5427 Ἳέῖἓέ)
648 5289 807 5417 ἓξϐἑι
829 5362 1070 5433 Babylon
1098 5360 1730 5433 etiamiapudloannem
1764 5366 2028 5419 nostrum

433 5434 701 5487 Romana:
732 5434 887 5489 urbis
908 5431 1093 5503 ﬁgura
1114 5435 1216 5487 est.
1242 5431 1491 5503 Vulgaris
1519 5439 1598 5485 est
1616 5434 1885 5490 calumnia
1915 5437 2024 5490 Ro-

430 5503 719 5576 mamdici
756 5502 1105 5576 Babylonem.
1140 5504 1197 5557 Id
1225 5503 1388 5576 enim
1424 5502 1504 5557 vir
1560 5504 1791 5561 eximius
1834 5514 1888 5560 et
1936 5506 2023 5561 alii

429 5572 737 5647 intelligunt
766 5575 832 5629 de
871 5572 1044 5647 Roma
1071 5582 1253 5647 vetere
1282 5572 1550 5647 idolorum
1594 5576 1740 5633 cultu
1798 5576 2024 5633 incredi-

426 5644 529 5706 bili
582 5644 862 5711 n'unquam
942 5646 1071 5704 satis
1131 5645 1503 5725 vituperanda.
1578 5647 1656 5707 Ex
1712 5663 1820 5730 quo
1876 5650 2019 5711 enim

2140 5009 2302 5066 latius
2340 5008 2439 5092 lib.
2475 5025 2552 5080 tv,
2587 5026 2738 5092 _cap._
2765 5010 2959 5092 b,nubi
3000 5011 3167 5064 etiam
3214 5009 3544 5065 Marcionem
3584 5008 3644 5061 in
3678 5025 3753 5065 eo

789 5089 833 5128 )S
864 5081 1136 5129 Persicum
1164 5090 1280 5129 esse
1315 5081 1634 5132 vocabulum
1690 5081 1845 5133 docet
1901 5081 2031 5133 Por-

789 5186 803 5223 ._
841 5145 1195 5223 περὶ-ἀττςδχῆςἱ
1222 5162 1392 5223 eoque
1435 5147 1737 5223 signiﬁcari
1782 5152 1893 5223 toil;
1922 5150 2030 5219 περὶ

2175 5097 2323 5139 rrore
2366 5081 2533 5137 fuisse
2583 5082 2765 5136 tradit.
2814 5082 2953 5137 Pam.

2207 5154 2320 5223 (40)
2370 5154 2540 5209 Habes
2569 5169 2928 5209 communem
2971 5154 3309 5223 magistrum
3360 5151 3631 5223 Paulum.
3689 5150 3749 5205 Β.

2135 5222 2356 5279 Joannis
2395 5225 2761 5295 Apocalypsin
2802 5239 2908 5279 non
2938 5222 3249 5279 admittebat
3280 5226 3541 5291 Marcion,
3581 5222 3756 5278 ideo-

2174 5312 2240 5351 uc
2288 5306 2529 5351 sanctum
2578 5296 2818 5361 Paulum,
2879 5310 3036 5366 quem
3080 5311 3185 5351 non
3245 5295 3580 5366 repudiabat,
3631 5296 3747 5366 ad—

2176 5369 2307 5433 ucit,
2346 5376 2404 5422 ut
2432 5382 2777 5422 communem
2816 5364 3091 5421 amborum
3123 5383 3231 5421 non
3261 5364 3422 5421 modo
3452 5366 3545 5420 sed
3574 5364 3751 5419 etiam

2135 5442 2374 5495 omnium
2405 5438 2738 5510 magistrum.
2781 5438 3023 5510 Elogium
3070 5437 3202 5510 illud
3240 5437 3293 5510 Si.
3343 5435 3589 5510 Apostoli
3634 5436 3746 5510 ad:

2132 5510 2370 5565 dendum
2412 5511 2479 5565 iis
2496 5506 2645 5581 'quas
2683 5509 2838 5564 habet
2867 5506 2986 5581 cap.
3041 5513 3105 5565 16
3149 5508 3217 5567 de
3264 5506 3597 5581 Prtescrip_t._
3633 5506 3740 5560 ubi

2131 5582 2222 5650 ait,
2273 5583 2417 5656 quod
2453 5578 2588 5653 ﬁdes
2626 5584 2824 5639 nostra
2862 5578 3189 5663 obsequium
3227 5580 3482 5711 Apgstpllp
3506 5578 3741 5637 debeat.

3306 5667 3334 5708 e
3387 5666 3482 5709 VI.
