4018 6192
305 241 410 306 369

1513 239 1635 304 LIB.
1677 243 1748 306 III
1786 239 1940 306 ADV.
1981 233 2388 299 MARCIONEM.

3495 227 3598 290 3ἷο

301 385 486 443 pacem
525 363 750 462 (.Uatth.
779 381 840 434 ι,
873 367 986 462 33).
1027 367 1082 426 Si
1123 375 1250 428 tuus
1277 365 1520 426 Christus
1546 377 1649 437 est,
1681 385 1812 444 ergo
1841 378 1896 426 et
1925 383 1972 462 Α
2001 361 2220 462 nomina
2275 359 2509 462 privata.
2531 355 2768 462 debebit.
2847 355 3016 430 Quale
3082 363 3164 414 est
3221 353 3382 462 ‘enim‘
3455 357 3598 428 quod

299 461 418 532 ipse
453 457 684 516 bellator
731 466 852 529 est;
911 457 960 514 si
1011 458 1238 516 bellator
1283 473 1391 514 non
1435 466 1538 526 est,
1569 460 1894 518 machaeram

299 547 572 604 intentans
611 545 974 619 alleget-inata,
1015 546 1170 604 licuit
1203 563 1340 622 ergo
1385 558 1444 602 et
1481 547 1696 605 Christo
1725 549 1895 604 Crea-

301 637 436 692 toris
463 635 520 690 in
549 633 783 702 Psalmo,
814 634 932 692 sine
965 634 1170 692 bellicis
1201 637 1385 702 rebus,
1419 653 1602 692 ensem
1633 637 1895 694 sermonis

297 726 396 781 Dei
423 725 476 764 ⁸ο
501 725 760 796 precingi
793 724 1042 794 ﬁgurato,
1075 724 1163 780 cui
1191 721 1354 782 341
1409 726 1716 796 supradicta
1754 735 1896 782 tem-

299 813 578 884 pestivitas
625 823 914 886 congruat,
997 823 1051 870 et
1116 817 1290 886 gratia
1353 817 1656 884 labiorum;
1739 833 1898 888 quem

299 910 426 958 tunc
502 904 608 971 jam
665 902 984 975 cingebatur
1057 920 1224 976 super
1277 904 1456 962 femur
1510 906 1656 978 apud
1703 905 1894 974 David,

293 991 622 1063 quandoque
654 989 920 1046 missurus
961 991 1016 1045 in
1047 998 1266 1048 terram.
1300 993 1412 1053 Hoc
1446 1002 1528 1051 est
1577 994 1724 1050 enim
1753 995 1900 1066 quod

293 1079 366 1134 ait
397 1095 412 1132 :
445 1081 517 1136 Et
543 1079 806 1144 extende,
837 1083 894 1135 et
916 1097 1270 1154 prosperare,
1289 1087 1367 1139 et
1391 1099 1582 1155 regna.
1617 1082 1898 1140 Extendes

292 1181 600 1223 sermonem
637 1166 694 1220 in
731 1181 952 1223 omnem
983 1173 1184 1224 terram
1212 1169 1282 1226 ad
1335 1171 1712 1227 universarum
1757 1185 1898 1242 gen-

291 1255 426 1311 tium
481 1255 864 1325 vocationem;
935 1265 1358 1329 prosperaturus
1437 1275 1696 1316 successu
1751 1257 1898 1324 ﬁdei,

294 1361 400 1416 qua
427 1351 516 1398 est
573 1353 928 1416 recepturus;
975 1353 1030 1402 et
1069 1362 1302 1420 regnans
1348 1347 1567 1414 exinde,
1617 1364 1720 1419 qua
1750 1365 1900 1404 mor-

291 1443 400 1487 tem
441 1434 836 1489 resurrectione
881 1434 1100 1491 devicit.
1159 1439 1232 1494 Et
1275 1437 1526 1496 deducet
1572 1441 1648 1506 te,
1709 1438 1895 1508 inquit,

291 1523 538 1592 miriﬁce
568 1522 802 1581 dextera
841 1527 976 1592 tua;
1031 1524 1199 1582 virtus
1247 1526 1452 1584 scilicet
1499 1527 1686 1600 gratiae
1733 1527 1904 1600 spiri-

293 1613 588 1683 talis,.qua
627 1613 827 1668 Christi
875 1613 1082 1684 agnitio
1137 1613 1444 1672 deducitur.
1494 1619 1730 1688 Sagitta:
1782 1625 1901 1672 tua:

295 1705 500 1765 acute,
559 1701 898 1770 pervolantia
946 1701 1150 1774 ubique
1187 1705 1236 1742 θι
1289 1716 1580 1777 praecepta,
1621 1713 1674 1762 et
1717 1706 1894 1771 minae,

299 1799 354 1844 et
415 1790 466 1826 8³
537 1789 904 1846 traductiones
972 1791 1024 1829 83
1075 1793 1292 1860 cordis;
1351 1801 1772 1865 compungentes
1849 1801 1904 1850 et

311 1877 678 1948 transﬁgentes
703 1878 1087 1936 conscientiam
1131 1897 1419 1953 quamque.
1469 1883 1672 1954 Populi
1715 1883 1816 1939 sub
1851 1885 1904 1940 te

313 1967 616 2030 concident,
689 1968 872 2039 utique
953 1970 1259 2025 adorantes.
1321 1969 1409 2026 Sic
1474 1970 1790 2040 bellipotens
1851 1978 1906 2028 et

303 2057 536 2128 armiger
588 2057 836 2112 Christus
881 2059 1168 2122 Creatoris,
1223 2059 1302 2116 sic
1347 2067 1402 2113 et
1447 2075 1592 2114 nunc
1637 2059 1904 2130 accipiens

299 2145 492 2214 spolia,
559 2159 668 2200 non
725 2143 897 2201 solius
953 2145 1232 2212 Samariae,
1303 2163 1495 2202 verum
1545 2153 1598 2202 et
1661 2147 1902 2203 omnium

297 2233 564 2304 gentium.
597 2235 850 2304 Agnosce
882 2245 936 2289 et
961 2235 1142 2305 spolia
1191 2235 1444 2307 ﬁgurata,
1492 2238 1648 2306 cujus
1677 2247 1728 2292 et
1757 2253 1906 2292 arma

293 2320 590 2392 allegorica
644 2323 898 2378 didicisti.
961 2324 1212 2396 Figurate
1287 2323 1470 2394 itaque
1549 2333 1602 2382 et
1673 2324 1938 2381 Domino.

297 2411 577 2478 ejusmodi
633 2411 900 2482 loquente,
984 2421 1037 2467 et
1104 2413 1366 2482 Apostolo
1446 2415 1728 2484 scribente,
1795 2430 1902 2470 non

299 2509 504 2573 temere
581 2499 1111 2573 interpretationibus
1177 2502 1296 2573 ejus
1369 2502 1590 2568 utimur,
1673 2517 1898 2573 quarum

295 2571 543 2639 exempla
591 2573 750 2625 etiam
806 2570 1094 2627 adversarii
1141 2571 1478 2629 admittunt:
1527 2570 1704 2642 atque
1727 2573 1800 2628 ita
1845 2574 1898 2627 in

297 2667 506 2714 tantum
561 2659 716 2714 Isaiae
782 2658 885 2714 erit
942 2659 1188 2716 Christus
1243 2660 1336 2731 qui
1393 2661 1556 2730 venit,
1611 2661 1666 2716 in
1725 2677 1900 2732 quan—

300 2755 412 2800 tum
441 2763 552 2801 non
584 2745 686 2801 fuit
735 2747 984 2814 bellator,
1014 2747 1142 2820 quia
1189 2763 1296 2804 non
1341 2749 1464 2804 talis
1491 2749 1556 2802 ab
1585 2749 1720 2804 Isaia
1759 2765 1899 2821 prae-

299 2833 530 2890 dicatur.

909 2976 1138 3033 CAPUT
1176 2975 1296 3032 XV.

387 3101 466 3156 De
511 3104 799 3172 quaestione
837 3103 1034 3170 carnis,
1094 3114 1148 3158 et
1195 3119 1293 3174 per
1329 3120 1450 3160 eam
1511 3103 1816 3172 nativitatis,
1850 3113 1903 3160 et

317 3189 478 3262 unius
511 3191 714 3246 interim
745 3190 984 3247 nominis
1028 3193 1418 3248 Emmenuelis
1467 3191 1770 3260 hucusque.
1820 3192 1898 3246 De

301 3279 512 3334 creteris
553 3295 678 3336 vero
726 3280 1056 3346 nominibus,
1087 3273 1138 3335 et
1185 3282 1239 3336 in
1287 3281 1475 3354 primis
1521 3280 1739 3347 Christi,
1770 3281 1902 3352 quid

301 3384 428 3438 pars
455 3368 664 3424 diversa
693 3369 1095 3440 respondebit?
1133 3369 1198 3436 ,Si
1231 3369 1458 3440 proinde
1504 3385 1793 3428 commune
1820 3379 1902 3426 est

299 3457 446 3530 apud
475 3473 572 3514 vos
626 3458 826 3514 Christi
871 3475 1088 3526 nomen,
1119 3459 1578 3532 quemadmodum
1607 3468 1660 3515 et
1686 3459 1804 3528 Dei,
1845 3468 1904 3516 ut

297 3546 440 3601 sicut
469 3546 750 3617 utriusque
789 3547 890 3602 Dei
936 3547 1132 3601 Filium
1177 3547 1444 3602 Christum
1476 3555 1745 3618 competat
1772 3546 1897 3612 dici,

293 3635 376 3689 sic
433 3645 724 3705 utrumque
775 3643 981 3706 patrem
1037 3634 1348 3704 Dominum,
1398 3645 1546 3692 certe
1593 3636 1725 3692 ratio
1775 3634 1902 3692 huic

297 3724 756 3794 argumentationi
839 3724 1217 3796 refragabitur.
1297 3725 1397 3779 Dei
1460 3725 1601 3779 enim
1685 3741 1898 3792 nomen,

279 3813 456 3892 .quasi
483 3813 726 3868 naturale
763 3813 1076 3882 divinitatis,
1109 3821 1286 3886 potest
1331 3814 1386 3868 in
1441 3828 1628 3870 omnes
1657 3829 1900 3870 commu-

299 3901 468 3957 nicari
521 3903 722 3973 quibus
776 3903 1026 3960 divinitas
1072 3902 1394 3969 vindicatur,
1441 3902 1578 3957 sicut
1631 3911 1684 3958 et
1725 3901 1900 3972 idolis,

299 3991 521 4046 dicente
555 3991 812 4061 Apostolo
842 3993 862 4060 (
891 3992 914 4046 Ι
953 3993 1070 4046 Cor.
1104 4007 1223 4060 vni,
1259 3991 1314 4061 5)
1347 4011 1358 4048 :
1387 3993 1528 4047 Nam
1566 3996 1622 4046 et
1650 3995 1786 4046 sunt
1814 3992 1910 4063 qui

297 4079 576 4136 dicuntur
594 4082 821 4146 dii,sive
843 4082 906 4134 i-n
935 4081 1090 4148 caelo,
1113 4082 1228 4136 sive
1247 4081 1308 4136 in
1341 4082 1528 4138 terr-is.
1559 4080 1751 4136 Christi
1775 4095 1903 4135 vero

299 4183 524 4232 nomen,
565 4183 674 4222 non
705 4183 772 4223 ex
802 4177 990 4224 natura
1029 4168 1268 4234 veniens,
1311 4169 1404 4224 sed
1433 4186 1498 4224 ex
1527 4168 1901 4239 dispositione,

301 4257 584 4328 praprium
627 4259 748 4326 ejus
785 4256 1034 4327 efﬁcitur,
1067 4275 1096 4312 a
1125 4273 1235 4330 quo
1266 4257 1582 4328 dispositum
1613 4259 1899 4315 invenitur.

295 4346 412 4400 Nec
437 4347 496 4399 in
527 4345 1074 4401 communicationem
1122 4347 1210 4402 alii
1241 4345 1342 4402 dco
1372 4347 1634 4414 subjacet,
1671 4347 1902 4400 maxime

297 4433 517 4500 aemulo,
585 4441 638 4488 et
701 4433 922 4488 habenti
976 4449 1128 4488 suam
1194 4433 1631 4505 dispositionem,
1709 4434 1796 4490 cui
1849 4441 1904 4490 et

2001 453 2238 510 diversas
2268 447 2650 520 dispositiones
2687 447 2922 504 duorum
2969 446 3312 504 commentati
3353 445 3595 510 deorum,

2005 544 2316 600 societatem
2345 539 2629 596 nominum
2657 537 2947 593 admittunt
2967 537 3022 591 in
3052 538 3375 594 discordiam
3409 535 3597 608 dispo-

2004 632 2299 689 sitionum?
2345 628 2558 702 quando
2605 627 2748 682 nulla
2799 626 2978 698 magis
3025 627 3271 697 probatio
3322 625 3604 682 assisteret

2002 721 2234 776 duorum
2262 727 2316 774 et
2371 717 2700 774 seruulorum
2728 715 2972 782 deorum,
3006 731 3165 788 quam
3203 717 3247 771 si
3287 716 3344 770 in
3369 715 3597 784 disposi-

2007 811 2151 866 tione
2193 825 2388 866 eorum
2416 809 2581 864 etiam
2618 806 2905 860 diversitas
2937 805 3214 860 nominum
3245 803 3598 858 inveniretur.

2004 899 2196 954 Nullus
2235 897 2380 956 enim
2410 905 2585 952 status
2625 893 3052 950 differentiarum
3100 891 3318 948 nonnisi
3346 892 3601 964 proprie-

2005 987 2204 1043 tatibus
2256 985 2426 1044 3‘12
2483 983 2905 1056 appellationum
2954 983 3309 1056 consignatur
3362 980 3602 1050 :quibus

2005 1075 2387 1132 deﬁcientibus
2426 1074 2472 1130 si
2509 1075 2742 1148 quando,
2792 1085 2918 1129 tunc
2964 1075 3014 1111 δε
3041 1074 3231 1128 Graeca
3275 1068 3604 1127 catachresis

2008 1164 2075 1220 de
2119 1165 2294 1222 alieno
2339 1165 2611 1220 abutendo
2659 1163 2937 1218 succurrit.
2995 1161 3150 1232 Apud
3205 1161 3380 1215 Deum
3427 1167 3604 1213 autem

2007 1253 2238 1310 deﬁcere
2297 1263 2424 1324 puto
2479 1253 2612 1310 nihil
2678 1254 2863 1320 debet,
2921 1269 3020 1310 nec
3064 1257 3131 1309 de
3177 1253 3353 1308 alieno
3411 1248 3602 1306 instrui

2009 1341 2392 1412 dispositiones
2448 1342 2584 1410 ejus.
2653 1341 2782 1410 Quis
2833 1343 2921 1397 hic
2977 1344 3120 1398 Deus
3182 1353 3280 1408 est,
3340 1341 3433 1414 qui
3493 1340 3604 1394 ﬁlio

2009 1447 2224 1503 quoque
2253 1447 2350 1486 suo
2381 1430 2596 1486 nomina
2634 1449 2665 1488 a
2715 1431 2966 1486 Creatore
3016 1432 3250 1486 vindicat
3279 1433 3306 1484 ἱ)
3347 1448 3454 1486 non
3482 1431 3604 1485 dico

2011 1521 2205 1586 aliena,
2261 1519 2356 1574 sed
2421 1527 2606 1574 vetera
2661 1526 2711 1574 et
2765 1520 2999 1592 vulgata,
3047 1537 3170 1593 quae
3229 1519 3310 1574 vel
3371 1520 3449 1575 sic
3495 1535 3604 1574 non

2013 1615 2388 1680 competerent
2459 1607 2565 1664 deo
2641 1623 2779 1664 novo
2846 1617 2899 1664 et
2955 1608 3248 1682 inCOgnito.
3319 1606 3602 1679 Quomodo

1931 1693 1976 1770 Β
2005 1697 2240 1768 denique
2265 1695 2443 1760 docet,
2487 1710 2689 1752 novam
2737 1695 3006 1766 plagulam
3062 1711 3170 1750 non
3217 1695 3362 1751 assui
3419 1695 3602 1750 Veteri

2009 1787 2351 1841 Testamento
2389 1781 2527 1854 (41),
2557 1799 2658 1838 nec
2693 1783 2877 1838 vinum
2929 1800 3127 1839 novum
3163 1784 3433 1839 veteribus
3463 1783 3603 1838 utri-

2010 1875 2112 1932 bus
2164 1873 2312 1932 credi
2354 1871 2484 1944 (42),
2523 1872 2748 1928 adsutus
2802 1872 2914 1942 ipse
2943 1877 2998 1927 et
3051 1861 3275 1927 indultis
3325 1873 3604 1926 nominum

2011 1961 2162 2018 senio
2183 1963 2210 2018 ?
2239 1961 2520 2030 Quomodo
2551 1961 2780 2018 abscidit
2833 1959 3192 2030 Evangelium
3228 1977 3260 2014 a
3305 1959 3464 2032 Lege,
3497 1967 3607 2016 tota

1967 2043 2153 2122 'Lege
2219 2051 2489 2106 vestitus?
2541 2049 2600 2104 In
2667 2051 2885 2104 nomine
2942 2049 3144 2106 scilicet
3198 2047 3418 2106 Christi.
3475 2047 3607 2118 Quis

2010 2139 2160 2194 illum
2205 2138 2484 2210 prohibuit
2537 2137 2682 2194 aliud
2757 2139 2960 2206 vocari,
3009 2138 3153 2194 aliud
3202 2137 3606 2208 praedicantem,

2010 2227 2228 2282 aliunde
2286 2226 2586 2283 venientem
2619 2228 2646 2281 ‘I
2693 2243 2814 2282 cum
2871 2235 3154 2298 propterea
3209 2242 3310 2280 nec
3363 2226 3607 2296 corporis

2011 2315 2312 2386 susceperit
2376 2313 2676 2380 veritatem,
2739 2331 2807 2370 ne
2845 2314 3085 2370 Christus
3115 2313 3382 2372 Creatoris
3412 2313 3606 2370 crede—

2011 2404 2201 2460 retur?
2261 2403 2410 2458 Vane
2458 2411 2636 2460 autem
2695 2400 3047 2460 noluit'cum
3103 2419 3160 2458 se
3215 2402 3408 2472 videri,
3442 2418 3607 2474 quem

2009 2491 2179 2548 voluit
2217 2491 2396 2547 vocari
2441 2509 2456 2548 :
2505 2492 2740 2563 quando,
2779 2491 2879 2548 etsi
2908 2508 3029 2548 vere
3075 2507 3366 2563 corporeus
3397 2491 3602 2556 luisset,

2009 2581 2182 2654 magis
2236 2579 2480 2636 Christus
2537 2581 2806 2638 Creatoris
2877 2597 2986 2636 non
3043 2581 3333 2646 videretur,
3391 2580 3436 2636 si
3499 2595 3606 2635 non

2008 2681 2310 2726 vocaretur.
2382 2672 2450 2727 At
2505 2686 2648 2726 nunc
2711 2671 3066 2726 substantiam
3123 2671 3374 2739 respuit,
3451 2669 3604 2738 cujus

2008 2773 2204 2814 nomen
2233 2759 2284 2796 35
2313 2758 2534 2828 accepit,
2589 2757 2748 2814 etiam
2794 2758 3148 2814 substantiam
3187 2758 3509 2828 probaturus
3539 2772 3602 2810 ex

2010 2845 2252 2904 nomine.
2309 2846 2366 2902 Si
2424 2847 2566 2902 enim
2597 2847 2843 2902 Christus
2873 2855 3066 2903 unctus
3093 2853 3193 2912 est,
3225 2844 3393 2917 ungui
3421 2843 3604 2914 utique

2011 2933 2260 3004 corporis
2313 2933 2489 3005 passio
2545 2943 2645 2988 est.
2693 2934 2798 3004 Qui
2842 2951 3039 3006 corpus
3065 2950 3171 2990 non
3197 2932 3400 3004 habuit,
3431 2933 3600 3002 ungui

2009 3020 2229 3074 omnino
2276 3036 2382 3076 non
2432 3021 2606 3089 potuit
2638 3038 2652 3078 :
2687 3022 2778 3093 qui
2828 3023 2994 3094 ungui
3023 3023 3241 3080 omnino
3273 3039 3382 3076 non
3413 3019 3600 3092 potuit,

2007 3107 2254 3163 Christus
2280 3109 2457 3164 vocari
2504 3108 2650 3164 nullo
2681 3110 2844 3164 modo
2894 3111 3080 3180 potuit.
3141 3110 3304 3166 Aliud
3337 3117 3438 3172 est,
3474 3110 3518 3161 si
3552 3116 3604 3162 et

2006 3195 2240 3250 nominis
2278 3199 2593 3269 phantasma
2622 3193 3052 3252 affectavit.'Sed
3080 3198 3374 3268 quomodo,
3407 3197 3601 3268 inquit,

2008 3285 2268 3356 irreperet
2295 3286 2348 3340 in
2377 3286 2684 3342 Iudaeorum
2718 3286 2900 3351 ﬁdem,
2933 3285 3035 3340 nisi
3068 3301 3164 3356 per
3194 3285 3433 3338 solemne
3462 3283 3600 3354 apud

2007 3387 2102 3428 eos
2132 3381 2184 3428 et
2210 3371 2473 3430 familiare
2495 3390 2695 3430 nomen
2716 3373 2744 3428 ?
2771 3377 3169 3431 Inconstantem
3201 3379 3292 3428 aut
3321 3371 3601 3426 subdolum

2007 3461 2172 3518 deum
2258 3479 2466 3529 narras,
2527 3472 2618 3519 aut
2685 3463 3015 3530 difﬁdentiae,
3072 3469 3164 3516 aut
3227 3459 3605 3516 malitiositatis

2007 3549 2312 3616 consilium,
2357 3549 2585 3608 fallendo
2641 3553 2795 3624 quid,
2859 3567 3198 3624 promovere.
3253 3548 3417 3604 Multo
3460 3547 3602 3602 libe-

2009 3637 2120 3693 rius
2193 3647 2350 3710 atque
2442 3639 2740 3710 simplicius
2793 3647 3019 3714 egerunt
3094 3637 3602 3712 pseudoprOphetaa,

2009 3728 2265 3783 adversus
2329 3728 2634 3784 Creatorem
2689 3728 2744 3782 in
2785 3727 2867 3782 sui
2923 3727 3011 3783 dei
3039 3727 3256 3788 nomine
3303 3725 3600 3782 venientes.

2011 3815 2121 3871 Sed
2175 3831 2278 3870 nec
2326 3814 2576 3872 effectum
2648 3817 2859 3872 consilii
2935 3817 3099 3886 hujus
3183 3814 3419 3880 invenio,
3478 3828 3603 3868 cum

2011 3901 2218 3958 facilius
2255 3913 2346 3958 aut
2376 3921 2532 3960 suum
2553 3905 2876 3960 crediderint
2912 3906 3203 3970 Christum,
3251 3911 3341 3957 aut
3383 3903 3602 3972 planum

2011 3993 2187 4062 potius
2214 3991 2468 4063 aliquem,
2518 4009 2678 4064 quam
2718 3993 2936 4048 alterius
2973 3993 3062 4046 dei
3118 3991 3412 4056 Christum,
3463 3990 3604 4046 sicut

2011 4081 2368 4152 Evangelium
2399 4082 2668 4154 probabit.
2763 4069 2766 4071 Δ

2595 4221 2823 4278 CAPUT
2863 4223 3005 4278 XVI.

1936 4303 1980 4378 υ
2081 4348 2236 4401 Nunc
2260 4345 2304 4400 si
2335 4361 2532 4400 nomen
2580 4347 2801 4412 Christi,
2831 4355 2888 4401 ut
2944 4349 3236 4418 sportulam
3263 4347 3602 4416 furunculus,

2013 4433 2268 4506 captavit,
2296 4449 2392 4490 cur
2423 4435 2583 4490 etiam
2607 4436 2764 4489 Jesus
2791 4435 2962 4491 voluit
3007 4437 3278 4508 appellari,
3339 4453 3447 4493 non
3500 4447 3602 4491 tam

1675 4549 1866 4611 Variae
1897 4555 2206 4616 lectiones.

375 4655 428 4730 39
454 4655 556 4710 Dei
595 4657 786 4730 omitt.
821 4657 996 4730 Securi.
1028 4657 1075 4694 81
1119 4657 1467 4730 Utiquealii.
1499 4656 1652 4730 8{Et
1681 4659 1831 4730 negt,
1864 4659 2030 4730 Sami.
2062 4659 2112 4696 ⁸³
2142 4661 2530 4714 Praeminantes
2563 4656 2956 4714 traductionem
2995 4660 3166 4714 Fran.
3200 4658 3285 4714 vel
3321 4661 3471 4728 forte
3503 4667 3605 4713 tra-

297 4727 592 4796 iectionem
626 4727 798 4786 Scml.
830 4727 878 4765 3"
909 4727 1066 4784 Nunc
1097 4727 1270 4786 Rhea.
1304 4729 1473 4786 Seml.
1512 4727 1736 4786 Oberth.
1755 4727 1835 4766 ’85
1865 4728 2043 4783 Etiam
2063 4730 2194 4786 add.
2226 4733 2408 4788 Paris.
2435 4733 2636 4786 Franc.

1685 4843 2190 4910 Commentaries.

378 4949 726 5022 (.ir>i)Nova-m
741 4950 1036 5022 plagutam
1068 4967 1184 5008 non
1210 4951 1372 5006 assui
1403 4951 1592 5022 Veteri
1628 4951 1765 5008 Test.
1790 4951 1910 5007 Lib.

307 5019 374 5092 de
407 5020 588 5092 orat,
612 5019 1000 5092 rcapf‘lfidem
1031 5023 1208 5076 habet.
1245 5023 1342 5076 Per
1367 5021 1636 5092 plagulam
1675 5023 1912 5077 lacrrnas

311 5091 398 5146 hic
455 5091 726 5164 intelligit,
795 5092 1010 5164 plagula
1073 5093 1270 5164 quippe
1330 5091 1664 5164 aiTurnebo
1724 5101 1909 5148 nostro

311 5164 450 5216 inter
497 5162 816 5217 vestimenta
861 5162 1194 5218 recensetur.
1245 5163 1424 5218 Innuit
1453 5169 1632 5218 autem
1662 5181 1730 5217 ne
1759 5166 1911 5220 Novo

311 5233 652 5288 Testamento
687 5243 940 5304 tanquam
967 5235 1098 5290 vesti
1148 5233 1370 5304 plagula
1411 5242 1698 5302 assuatur;
1731 5237 1911 5290 defor-

315 5305 474 5376 mitas
507 5304 652 5376 enim
681 5305 784 5360 hoc
827 5313 984 5376 pacto
1011 5306 1376 5370 contrahetur,
1417 5305 1588 5372 qualis
1616 5307 1918 5374 explicatur

313 5389 344 5450 ξ
369 5374 692 5450 Ἰῖὶιεῳίδιίο,
723 5374 858 5432 orat.
893 5380 916 5430 1
949 5375 1426 5450 :_Xu;3pcir_:rew1t9b;
1443 5376 1624 5430 ἕκαστα.
1642 5379 1774 5450 λέγει
1795 5377 1918 5448 μηδὲ

313 5447 462 5521 tomb;
484 5439 608 5521 sivest
619 5439 692 5498 τῶ
702 5439 1119 5521 νπροσᾳιτούντῶὖ
1133 5447 1182 5500 αἰ
1199 5439 1462 5521 ἐφεστρζδες
1473 5439 1808 5521 συμπεπλέγμὲ
1815 5469 1865 5502 τν
1871 5468 1922 5500 αι

313 5515 364 5566 ἐκ
393 5516 570 5582 ῥακίων
597 5515 838 5592 νεουργῷν
868 5520 973 5592 ἅμα.
991 5522 1071 5574 καὶ
1099 5515 1502 5594 ἔκτετριμιλένων.
1527 5515 1550 5570 ἀι
1577 5515 1920 5592 Interpolare,

2019 4951 2117 5026 ait,
2165 4952 2385 5008 minime
2445 4969 2678 5026 unquam
2731 4955 2948 5026 decere;
2980 4953 3137 5010 sicuti
3189 4953 3610 5012 mendicantium

2018 5025 2266 5150 llacelrnm,
2317 5041 2382 5082 ex
2417 5025 2648 5100 plagulis
2677 5025 2833 5082 novis
2873 5037 2926 5081 et
2956 5027 3164 5082 detritis
3193 5036 3546 5084 consuuntur.
3585 5049 3608 5078 ι

2061 5111 2094 5150 E
2167 5113 2224 5150 ιι.

2061 5111 2094 5150 Ε
2126 5111 2224 5151 ΓΒ.

2089 5169 2198 5237 (42)
2221 5169 2327 5223 Nec
2362 5169 2559 5224 vinum
2587 5185 2796 5224 novum
2839 5169 3119 5227 veteribus
3161 5172 3388 5229 utribus
3437 5173 3608 5228 credi.

2021 5239 2162 5294 Loco
2183 5239 2340 5294 citato
2383 5240 2449 5296 de
2504 5240 2658 5295 Orat.
2700 5241 2842 5294 idem
2894 5243 3124 5299 habetur
3169 5243 3358 5298 iisdem
3413 5245 3608 5307 verbis,
3705 5267 3708 5270 ·

2025 5310 2221 5384 quibus
2251 5309 2568 5384 similisiest
2607 5311 2774 5384 ferme
2818 5313 2974 5384 locus
3029 5313 3286 5379 Cassiani,
3346 5331 3462 5384 cap.
3521 5317 3611 5383 2i,

2029 5382 2149 5437 coll.
2207 5381 2266 5438 14
2295 5399 2308 5435 :
2365 5404 2388 5432 α
2421 5383 2594 5438 Nemo
2642 5383 2786 5456 enim
2815 5383 2866 5456 in
2899 5401 2991 5440 vas
3019 5384 3264 5440 fcetidum
3297 5381 3456 5456 atque
3484 5381 3612 5440 σοι-4

2029 5459 2249 5524 ruptum
2267 5463 2604 5527 unguentum
2628 5453 2848 5526 aliquod
2867 5457 3066 5521 nobile,
3086 5465 3300 5527 autan
3330 5453 3612 5527 optimum,

2031 5536 2122 5579 aut
2143 5525 2363 5595 pretiosi
2401 5525 2694 5596 quidquam
2720 5525 2950 5598 liquoris
2979 5525 3229 5582 infundit.
3270 5525 3298 5577 ii
3325 5525 3403 5582 LE
3443 5525 3538 5584 PR.
