4018 6192
357 297 455 361 371

1030 292 1495 367 ΔΤΕΡιΤΠῐιῐιῐὶὶιῙλῖΙ
1536 292 1802 359 OPERUM
1840 289 1942 356 PA]

2052 292 2106 357 [Ι.
2147 326 2216 344 ι-
2253 294 2482 360 SERIES
2519 297 2559 367 l,
2604 296 2954 360 POLEMICA.

3546 295 3655 361 872

354 426 701 502 exspectabili
765 425 905 500 apud
959 427 1179 487 Iudaeos
1233 429 1452 487 nomine
1472 429 1501 482 ‘?
1547 433 1658 489 Nec
1711 428 1855 486 enim
1904 428 1951 484 si
1981 436 2027 515 Α
2060 448 2233 504 quam
2258 432 2461 503 paravi
2484 430 2585 488 tibi
2616 450 2633 485 :
2663 431 2895 493 intende
2917 430 3029 496 illi,
3056 434 3109 487 et
3138 426 3353 487 exaudi
3380 443 3508 486 eum
3533 447 3552 497 ;
3582 444 3653 493 ne

354 536 454 575 nos
509 535 608 591 per
648 519 747 575 Dei
804 520 1032 593 gratiam
1087 520 1412 579 intellectum
1442 524 1724 578 consecuti
1762 537 1948 579 sacra-

351 617 653 665 mentorum
710 609 866 677 ejus,
927 610 1029 665 hoc
1084 624 1300 681 quoque
1349 625 1546 665 nomen
1601 610 1952 683 agnoscimus

350 698 565 755 Christo
594 698 936 765 destinatum,
965 698 1088 753 ideo
1116 705 1171 753 et
1206 697 1432 762 Iudaeis,
1453 698 1657 770 quibus
1700 704 1951 772 adempta

351 795 434 844 est
461 787 746 859 sapientia,
783 796 910 844 nota
939 788 1042 843 erit
1085 803 1191 843 res.
1237 788 1483 859 Denique
1529 791 1595 845 ad
1623 788 1951 845 hodiernum

353 876 626 933 Christum
690 884 926 948 Sperant,
989 892 1097 933 non
1168 877 1399 943 Jesum;
1450 884 1504 933 et
1549 878 1723 933 Eliam
1773 878 1951 949 potius

350 968 765 1040 interpretantur
800 966 1095 1037 Christum,
1136 983 1297 1039 quam
1341 967 1546 1023 Jesum.
1578 967 1683 1036 Qui
1737 984 1870 1043 ergo
1898 976 1951 1023 et

353 1056 405 1110 in
453 1072 518 1113 eo
549 1057 767 1113 nomine
796 1056 961 1125 venit,
993 1056 1048 1111 in
1089 1071 1196 1129 quo
1240 1055 1482 1112 Christus
1509 1073 1616 1113 non
1654 1074 1948 1128 praesume-

351 1147 525 1212 batur,
568 1146 745 1216 potuit
771 1147 827 1200 in
856 1160 923 1201 eo
953 1143 1068 1202 solo
1097 1144 1312 1201 nomine
1340 1145 1574 1212 venisse,
1606 1146 1751 1217 quod
1771 1146 1948 1203 solum

351 1235 795 1306 praesumebatur.
835 1231 1009 1291 343
1064 1234 1349 1302 Caeterum,
1395 1252 1515 1292 cum
1566 1236 1672 1292 duo
1710 1235 1945 1304 miscuit,

351 1336 623 1393 speratum
691 1331 743 1379 et
819 1323 1170 1393 insperatum,
1247 1331 1587 1396 expugnatur
1666 1332 1951 1396 utrumque

352 1411 638 1467 consilium
686 1411 825 1480 ejus.
856 1411 977 1467 Sive
1005 1410 1150 1465 enim
1178 1410 1301 1467 ideo
1351 1410 1616 1483 Christus,
1647 1418 1707 1467 ut
1736 1411 1949 1468 interim

352 1498 509 1570 quasi
530 1500 800 1555 Creatoris
842 1498 1128 1569 irreperet,
1167 1499 1433 1569 obstrepit
1467 1500 1518 1539 86
1569 1501 1763 1571 Jesus;
1825 1498 1950 1572 quia

351 1601 460 1642 non
522 1587 840 1657 sperabatur
888 1588 1049 1644 Jesus
1096 1586 1151 1642 in
1193 1587 1407 1645 Christo
1461 1587 1730 1645 Creatoris
1778 1606 1792 1643 :
1833 1589 1946 1643 sive

347 1674 492 1741 ideo,
534 1676 694 1732 Jesus
721 1685 779 1731 ut
796 1674 1015 1731 alterius
1043 1676 1353 1741 haberetur,
1385 1690 1495 1732 non
1516 1675 1645 1731 sinit
1673 1676 1942 1742 Christus;

2062 521 2441 578 inobaudieris
2462 536 2589 577 eum
2611 539 2629 575 :
2661 536 2777 576 non
2806 520 2961 577 enim
2989 519 3188 576 celavit
3208 519 3257 558 39
3280 523 3354 589 te,
3386 518 3655 590 quoniam

2056 627 2263 668 nomen
2281 626 2475 666 meum
2494 625 2664 681 super
2684 610 2855 665 illum
2875 613 2977 665 est.
3001 608 3265 680 Angelum
3286 607 3510 679 quidem
3529 622 3654 663 eum

2057 696 2213 765 dixit,
2243 699 2313 753 ob
2345 695 2774 769 magnitudinem
2802 696 3061 751 virtutum
3092 710 3225 766 quas
3256 701 3370 749 erat
3390 692 3653 757 editurus,

2056 787 2111 841 et
2139 786 2208 840 ob
2236 783 2471 842 ofﬁcium
2504 784 2800 855 prOphetze,
2845 782 3139 839 nuntiantis
3180 781 3381 838 scilicet
3415 781 3653 838 divinam

2057 872 2413 939 voluntatem;
2463 874 2646 929 Jesum
2696 878 2894 937 autem,
2935 871 3005 927 ob
3058 870 3292 926 nominis
3343 871 3429 925 sui
3485 869 3655 926 futuri

2056 970 2464 1019 sacramentum.
2514 960 2814 1017 Identidem
2862 974 3058 1015 nomen
3101 975 3260 1014 suum
3289 957 3651 1023 confirmavit,

2058 1052 2206 1121 quod
2251 1050 2366 1121 ipse
2412 1052 2463 1106 ei
2503 1049 2805 1115 indiderat;
2865 1049 2994 1121 quia
3057 1063 3169 1105 non
3223 1047 3500 1119 angelum,
3550 1061 3651 1103 nec

2056 1138 2265 1206 Ausen,
2323 1139 2420 1196 sed
2470 1140 2650 1195 Jesum
2702 1154 2826 1195 eum
2878 1140 3112 1209 jusserat
3161 1137 3354 1193 exinde
3407 1136 3652 1194 vocitari.

2056 1227 2203 1300 Ergo
2233 1228 2279 1283 si
2308 1237 2593 1299 utrumque
2621 1225 2789 1283 344
2813 1241 3008 1283 nomen
3028 1226 3285 1295 competit
3299 1225 3351 1279 in
3379 1224 3655 1281 Christum

2056 1317 2344 1384 Creatoris,
2378 1325 2521 1373 tanto
2550 1324 2839 1389 utrumque
2875 1330 2985 1371 non
3012 1315 3266 1385 competit
3294 1313 3351 1369 in
3380 1314 3655 1370 Christum

2056 1421 2161 1462 non
2220 1404 2509 1477 Creatoris,
2558 1405 2694 1462 sicut
2747 1420 2847 1460 nec
2901 1404 2953 1442 9°
3019 1402 3267 1475 reliquus
3329 1402 3485 1458 ordo.
3545 1400 3653 1456 Fa-

2055 1494 2243 1551 cienda
2270 1501 2350 1550 est
2394 1493 2624 1565 denique
2660 1494 2772 1564 jam
2817 1492 2942 1549 hinc
2969 1491 3108 1548 inter
3136 1506 3237 1547 nos
3274 1499 3417 1548 certa
3462 1490 3562 1545 ista
3599 1496 3657 1545 et

2050 1583 2199 1653 justa
2243 1582 2597 1653 praescriptio,
2644 1592 2697 1638 et
2742 1582 2954 1655 utrique
2984 1581 3121 1653 parti
3167 1579 3493 1650 necessaria,
3525 1579 3656 1651 quia

2056 1672 2463 1728 determinatum
2522 1670 2611 1737 sit,
2682 1670 2812 1725 nihil
2887 1671 3109 1727 omnino
3178 1683 3462 1725 commune
3531 1683 3655 1724 esse

348 1762 473 1832 quia
500 1778 612 1819 non
658 1762 876 1820 alterius
925 1762 1246 1834 Sperabatur
1282 1761 1548 1834 Christus,
1579 1778 1735 1835 quam
1784 1762 1945 1819 Crea-
1979 1741 2023 1819 Β
2055 1761 2253 1817 debere
2293 1759 2513 1817 alterius
2562 1759 2647 1816 dei
2692 1759 2904 1816 Christo
2956 1775 3082 1817 cum
3115 1758 3329 1814 Christo
3358 1758 3649 1815 Creatoris.

352 1850 503 1906 toris.
536 1851 675 1921 Quid
705 1852 897 1925 horum
925 1857 1171 1907 constare
1200 1851 1391 1921 possit,
1424 1850 1641 1925 ignoro.
1671 1851 1949 1908 Constabit

348 1947 524 1993 autem
556 1948 845 2008 utrumque
886 1937 942 1992 in
974 1937 1187 1995 Christo
1217 1939 1509 2007 Creatoris,
1568 1943 1622 1997 in
1661 1944 1767 2013 quo
1804 1941 1948 1998 inve-

350 2027 495 2082 nitur
523 2026 685 2082 etiam
737 2028 916 2082 Jesus.
965 2026 1271 2096 Quomodo,
1301 2028 1481 2101 inquis
1509 2030 1537 2085 ‘l
1566 2029 1720 2086 Disce
1758 2039 1811 2085 et
1859 2030 1947 2086 hic

349 2132 471 2171 cum
528 2115 791 2186 partiariis
840 2115 1039 2173 erroris
1085 2116 1163 2171 tui
1222 2118 1441 2174 Judaeis.
1478 2119 1611 2175 Cum
1666 2136 1947 2177 successor

349 2203 522 2275 Moysi
577 2196 935 2261 destinaretur
977 2203 1159 2262 Auses
1213 2205 1359 2262 ﬁlius
1412 2207 1574 2276 Nave,
1629 2209 1945 2263 transfertur

350 2300 496 2347 certe
524 2292 591 2347 de
608 2294 834 2363 pristino
862 2292 1169 2357 nomine,et
1201 2295 1387 2365 incipit
1417 2295 1601 2352 vocari
1628 2298 1787 2352 Jesus
1807 2297 1942 2367 (43).

350 2380 525 2445 Certe,
566 2379 764 2452 inquis.
822 2381 968 2437 Hanc
1006 2382 1159 2452 prius
1216 2382 1445 2437 dicimus
1495 2382 1724 2455 ﬁguram
1781 2382 1949 2439 futuri

348 2466 535 2525 fuisse.
591 2467 727 2522 Nam
768 2469 893 2539 quia
936 2470 1092 2526 Iesus
1149 2470 1393 2527 Christus
1437 2474 1732 2527 secundum
1771 2487 1946 2544 popu-

342 2554 482 2621 lum,
512 2556 659 2627 quod
690 2573 877 2613 sumus
898 2573 998 2613 nos
1034 2558 1142 2613 nati
1174 2559 1227 2612 in
1259 2559 1440 2614 saeculi
1485 2560 1736 2627 desertis,
1786 2561 1947 2616 intro-

346 2644 609 2701 ducturus
639 2655 753 2703 erat
780 2646 836 2702 in
866 2658 1056 2703 terram
1094 2647 1491 2719 promissionis,
1534 2649 1691 2705 melle
1729 2658 1779 2706 et
1809 2648 1946 2706 lacte

346 2740 672 2799 manantem,
706 2734 758 2788 id
797 2741 899 2801 est,
940 2734 1064 2789 vitae
1121 2743 1335 2790 aeternae
1369 2737 1788 2806 possessionem,
1844 2754 1946 2809 qua

346 2819 740 2886 nihildulcius;
793 2822 956 2894 idque
1004 2836 1113 2877 non
1167 2838 1265 2894 per
1292 2824 1536 2896 Moysen,
1586 2824 1641 2879 id
1694 2832 1794 2894 est,
1838 2839 1944 2879 non

345 2925 444 2979 per
472 2911 633 2983 Legis
688 2910 1070 2983 disciplinam;
1122 2912 1215 2967 sed
1256 2928 1356 2984 per
1382 2914 1583 2976 Jesum,
1627 2913 1681 2970 id
1733 2922 1816 2969 est
1873 2915 1941 2978 ⁸⁷,

2055 1851 2191 1905 Nam
2220 1858 2276 1906 et
2301 1866 2334 1904 a
2377 1848 2534 1905 vobis
2562 1848 2793 1921 proinde
2836 1846 3125 1903 diversitas
3170 1845 3513 1903 defendenda
3545 1856 3649 1912 est,

2057 1938 2198 1995 sicut
2227 1955 2260 1995 a
2288 1937 2442 1995 nobis
2468 1937 2818 2011 repugnanda
2846 1945 2929 1993 est
2959 1954 2974 1991 :
3006 1936 3130 2007 quia
3170 1952 3269 1993 nec
3294 1951 3390 1994 vos
3417 1936 3653 2008 probare

2008 2029 2317 2103 ,poteritis,
2349 2026 2562 2084 alterius
2609 2025 2708 2081 Dei
2763 2025 2979 2082 venisse
3032 2025 3321 2095 Christum,
3389 2026 3492 2080 nisi
3523 2041 3653 2082 eum

2052 2117 2212 2187 longe
2251 2117 2413 2172 alium
2468 2114 2962 2172 demonstraveritis
3002 2130 3035 2170 a
3086 2114 3300 2171 Christo
3345 2114 3646 2185 Creatoris;

2053 2222 2151 2263 nec
2178 2221 2280 2263 nos
2335 2221 2460 2260 eum
2505 2203 2777 2260 Creatoris
2830 2202 3119 2273 vindicare,
3160 2203 3264 2258 nisi
3320 2203 3477 2259 talem
3517 2220 3648 2259 eum

2054 2292 2473 2359 ostenderimus,
2530 2291 2705 2364 qualis
2755 2291 3098 2349 constituitur
3153 2306 3183 2345 a
3241 2292 3509 2347 Creatore.
3567 2292 3650 2347 De

2054 2382 2364 2439 nominibus
2413 2381 2524 2450 jam
2564 2380 2910 2437 obduximus.
2942 2379 3074 2435 Mihi
3111 2380 3323 2436 vindico
3352 2379 3647 2452 Christum,

2055 2472 2186 2527 mihi
2214 2470 2442 2528 defendo
2469 2472 2675 2527 Jesum.

2636 2611 2858 2670 CAPUT
2890 2610 3062 2669 XVII.

2125 2736 2408 2810 Reliquum
2437 2736 2678 2794 ordinem
2726 2737 2847 2806 ejus
2891 2751 3011 2791 cum
3061 2735 3355 2807 Scripturis
3396 2735 3648 2793 confera-

2057 2843 2194 2882 mus.
2250 2826 2619 2898 Quodcunque
2665 2825 2799 2881 illud
2842 2826 3225 2896 corpusculum
3257 2825 3343 2895 sit,
3387 2827 3646 2896 quoniam

2056 2916 2311 2985 habitum,
2342 2923 2395 2971 et
2431 2915 2681 2987 quoniam
2714 2922 3055 2983 conspectum
3086 2914 3222 2982 fuit;
3260 2913 3307 2968 si
3354 2913 3647 2986 inglorius,

346 3013 444 3067 per
505 2998 790 3071 Evangelii
842 3000 1069 3072 gratiam
1116 3000 1401 3072 provenire
1428 3003 1678 3067 habebat,
1708 3002 1942 3059 circum-
1975 3016 2021 3096 ε
2051 3005 2097 3060 si
2152 3004 2427 3078 ignobilis,
2510 3003 2555 3058 si
2630 3001 3038 3068 inhonorabilis,
3124 3018 3275 3057 meus
3329 3002 3428 3057 erit
3479 3002 3651 3058 Chri-

344 3086 470 3141 cisis
494 3086 650 3142 nobis
687 3091 893 3159 petrina
940 3088 1075 3157 acie,
1116 3088 1169 3142 id
1200 3097 1282 3145 est
1321 3090 1520 3145 Christi
1548 3091 1833 3163 praeceptis
1870 3092 1940 3146 38.

345 3177 518 3231 Petra
564 3178 710 3231 enim
764 3178 1013 3234 Christus
1041 3196 1060 3233 :
1125 3177 1250 3233 ideo
1292 3178 1339 3235 is
1391 3179 1491 3247 vir,
1533 3181 1625 3252 qui
1673 3182 1728 3236 in
1784 3181 1947 3249 hujus

344 3264 669 3319 sacramenti
734 3264 999 3337 imagines
1061 3266 1386 3337 parabatur,
1474 3267 1635 3324 etiam
1714 3269 1946 3325 nominis

345 3352 606 3408 dominici
662 3354 1011 3429 inauguratus
1066 3362 1147 3410 est
1190 3356 1385 3426 figura,
1444 3357 1602 3412 Jesus
1658 3358 1943 3429 cognomi-

343 3450 525 3497 natus.
558 3441 672 3498 Hoc
697 3458 896 3499 nomen
918 3443 1034 3515 ipse
1062 3443 1306 3498 Christus
1334 3460 1493 3500 suum
1515 3445 1627 3514 jam
1660 3456 1783 3502 tunc
1826 3463 1944 3503 esse

343 3536 568 3585 testatus
598 3537 694 3596 est,
740 3545 863 3585 cum
905 3530 973 3584 ad
1010 3530 1231 3601 Moysen
1260 3530 1604 3602 loquebatur.
1634 3532 1769 3601 Quis
1799 3534 1943 3589 enim

342 3619 678 3689 loquebatur,
724 3618 828 3674 nisi
852 3618 1070 3689 spiritus
1100 3619 1390 3685 Creatoris,
1423 3620 1517 3691 qui
1545 3629 1626 3676 est
1656 3622 1895 3679 Christus
1915 3624 1944 3681 ‘i

346 3706 479 3760 Cum
510 3721 643 3779 ergo
671 3707 920 3760 mandato
950 3706 1148 3763 diceret
1178 3706 1376 3775 p0pulo
1404 3708 1598 3774 (Exod.
1622 3724 1790 3779 χχιιι,
1809 3714 1898 3782 20)
1924 3731 1938 3769 :

344 3796 482 3850 Ecce
510 3810 604 3864 ego
634 3795 796 3851 mitto
826 3796 1091 3865 angelum
1120 3810 1309 3851 meum
1339 3799 1475 3853 ante
1504 3798 1715 3867 faciem
1748 3802 1937 3869 tuam,

344 3884 439 3954 qui
470 3887 525 3939 te
559 3883 839 3941 custodiat
876 3884 938 3939 in
984 3884 1097 3948 via,
1128 3888 1185 3939 et
1229 3885 1555 3942 introducat
1591 3889 1654 3944 in
1702 3893 1937 3958 terram,

2053 3102 2166 3150 stus
2195 3094 2309 3165 (44)
2362 3110 2374 3150 :
2437 3091 2559 3147 talis
2599 3091 2746 3147 enim
2774 3092 2957 3146 habitu
3006 3098 3060 3146 et
3099 3098 3320 3164 aspectu
3348 3093 3649 3148 annuntia-

2051 3184 2226 3238 batur.
2252 3180 2420 3237 Adest
2439 3196 2623 3236 rursus
2642 3178 2956 3251 Isaias(uu,
2980 3178 3071 3249 i2)
3095 3195 3109 3233 :
3132 3180 3647 3243 Annuntiavimus,

2052 3271 2242 3342 inquit,
2283 3286 2474 3328 coram
2494 3263 2650 3341 ipso;
2686 3268 2841 3324 velut
2869 3267 3165 3340 puerulus,
3197 3268 3353 3325 velut
3380 3269 3553 3324 radix
3580 3271 3648 3326 in

2055 3364 2210 3415 terra
2235 3359 2480 3423 sitienti,
2513 3363 2568 3412 et
2596 3373 2709 3413 non
2739 3360 2821 3412 est
2840 3358 3048 3428 species
3077 3357 3200 3427 ejus
3230 3373 3407 3431 neque
3426 3356 3644 3428 gloria;

2051 3452 2107 3504 et
2135 3447 2380 3502 vidimus
2419 3462 2568 3510 eum,
2601 3448 2657 3499 et
2687 3461 2800 3500 non
2832 3444 3063 3499 habebat
3087 3445 3321 3516 speciem
3349 3461 3525 3517 neque
3550 3445 3647 3500 de-

2051 3553 2237 3595 corem
2260 3555 2277 3603 ;
2297 3534 2393 3591 sed
2418 3534 2623 3606 species
2655 3534 2777 3603 eius
2806 3532 3170 3597 inhonorata,
3200 3532 3462 3603 deﬁciens
3491 3535 3647 3590 citra

2050 3639 2240 3680 omnes
2274 3622 2540 3679 homines.
2573 3619 2722 3676 Sicut
2749 3628 2802 3675 et
2825 3637 2986 3691 supra
3015 3619 3188 3676 Patris
3215 3621 3282 3675 ad
3313 3621 3506 3677 Filium
3536 3637 3646 3678 vox

2052 3714 2291 3781 (Istum,
2314 3712 2399 3779 14)
2420 3727 2433 3763 :
2464 3708 2934 3779 Quemadmodum
2952 3714 3319 3781 expavescent
3337 3711 3511 3766 multi
3524 3711 3645 3779 (45)

2048 3815 2220 3873 super
2260 3802 2334 3865 te,
2376 3798 2456 3855 sic
2493 3801 2616 3855 sine
2642 3799 2824 3869 gloria
2861 3799 2973 3856 erit
3000 3798 3067 3854 ab
3097 3799 3413 3857 hominibus
3452 3802 3646 3871 forma

2051 3894 2169 3946 tua.
2202 3889 2335 3944 Nam
2364 3886 2465 3943 etsi
2498 3888 2859 3960 tempestivus
2891 3888 3084 3947 decore
3129 3889 3261 3960 (46),
3293 3888 3437 3961 apud
3467 3888 3643 3945 David
3684 3944 3695 3953 ,

1690 4012 1881 4076 Variae
1922 4016 2238 4079 lectiones.

412 4112 720 4191 85_Obrepit
748 4115 1115 4191 th_en_._Sem.l3
1153 4114 1373 4191 Oberth.
1396 4114 1453 4191 _87
1483 4116 1543 4191 Id
1572 4127 1655 4174 est
1680 4122 1869 4178 omitt.
1906 4122 2076 4179 Seml.
2107 4121 2158 4159 83
2197 4118 2482 4191 Prmeeptis
2512 4121 2697 4177 omitt.
2726 4119 2898 4178 Rhea.
2923 4119 3090 4178 Seml.
3140 4118 3359 4176 Oberth.
3390 4119 3440 4156 89
3475 4115 3639 4173 Cela-

341 4186 419 4242 bit
456 4186 622 4245 Seml.
657 4187 788 4244 Jun.
820 4185 872 4225 90
896 4186 1016 4243 Non
1046 4187 1223 4245 Rhen.
1257 4187 1427 4245 Seml.
1475 4188 1696 4250 Oberth.

1736 4314 2236 4381 Commentarius.

409 4443 526 4515 (43)
556 4443 763 4515 Incipit
791 4444 979 4500 vocari
1005 4446 1182 4501 Jesus.
1200 4442 1417 4499 Alludit
1470 4445 1535 4500 ad
1563 4446 1689 4503 illud
1741 4450 1924 4507 Matth.

340 4518 500 4589 l,_2__l,
533 4515 781 4589 ac_Luc2e
802 4531 837 4580 ι,
862 4519 925 4589 3t
954 4532 969 4589 ς
1012 4518 1082 4589 Et
1103 4515 1317 4573 vocabis
1338 4532 1543 4589 nomen
1577 4521 1697 4589 ejus
1716 4521 1927 4585 Iesum,

337 4586 517 4661 addita
545 4585 705 4661 etiam
764 4585 1000 4661 nominis
1052 4585 1485 4655 interpretatione
1535 4603 1547 4661 ;
1600 4585 1723 4661 Ipse
1779 4593 1934 4649 enim

334 4658 555 4731 salvum
581 4657 759 4731 faciet
775 4660 1052 4731 populum
1079 4676 1115 4714 a
1135 4674 1304 4731 suum
1321 4660 1573 4730 peccatis
1594 4657 1803 4718 eorum.
1827 4664 1939 4718 Hoc

335 4728 478 4801 enim
509 4737 590 4785 est
618 4728 926 4801 quod'di'cit
954 4729 1049 4785 lib.
1110 4728 1233 4783 adv.
1283 4728 1567 4787 Praxeam
1599 4751 1618 4787 :
1663 4753 1685 4783 κ
1726 4732 1935 4789 Nomen

332 4800 491 4855 Jesus
521 4799 827 4873 proprium
887 4815 1027 4870 esse,
1078 4800 1224 4871 quod
1269 4801 1337 4854 ab
1377 4802 1576 4873 angelo
1623 4801 1934 4873 impositum

252 4860 284 4898 ³
334 4877 478 4926 est.»
521 4860 662 4926 15AM:

406 4942 520 5012 (44)
581 4943 639 5015 Si
668 4941 966 5015 inglorius,
1014 4942 1066 4997 si
1111 4942 1456 5015 ignobilis,si
1500 4944 1931 5015 inhonorabilis,

332 5029 491 5086 meus
516 5014 634 5086 erit
682 5014 959 5086 Christus.
1006 5015 1164 5086 ABona
1224 5014 1419 5086 piaque
1474 5025 1653 5072 mente
1706 5019 1934 5073 sacravit

335 5082 620 5137 formulam
646 5098 751 5157 qua
767 5084 961 5155 Cypris
992 5082 1313 5156 Cupidinem
1330 5082 1496 5142 suum
1517 5087 1743 5159 vestigat
1775 5105 1788 5142 :

401 5195 463 5250 Εἴ
489 5216 559 5258 τις
587 5195 656 5272 ἐνὶ
679 5195 914 5272 τριόδοιᾳι
940 5200 1258 5272 πλανώμενον
1288 5194 1411 5253 εἶδον
1432 5201 1614 5271 ἔρωτα,

404 5270 706 5340 Δραπετίδας
729 5269 841 5342 ἐμός
873 5270 1018 5328 ἐστιν.
1044 5269 1164 5342 mg.

737 5358 922 5409 Credat
957 5360 1163 5409 Iudaeus
1202 5358 1397 5419 Apollo.
1430 5358 1552 5407 Enn.

397 5439 514 5511 (L5)
546 5439 1024 5508 Quemadmodum
1055 5443 1426 5511 expavescent
1458 5439 1653 5511 multi.
1688 5444 1787 5494 etc.
1820 5438 1927 5495 Lo-

325 5525 449 5567 cum
477 5508 618 5567 hunc
638 5512 855 5567 tandem
878 5511 1057 5582 reperi
1096 5511 1199 5564 Isa.
1217 5509 1490 5582 Anu,juxta
1517 5508 1691 5578 LXX,
1717 5525 1811 5564 seu
1840 5526 1929 5582 po-

324 5582 434 5637 tius
465 5591 674 5639 veteres
703 5584 913 5656 Patres,
942 5580 1063 5648 tnt,
1094 5582 1189 5655 qui
1213 5580 1343 5637 illud
1374 5580 1639 5661 incipiunt
1667 5596 1733 5638 eo
1761 5580 1883 5639 loco
1910 5600 1921 5636 :

1965 4466 2010 4543 η
2040 4452 2175 4543 Ecce
2196 4450 2502 4543 intelliget,
2524 4457 2631 4543 'etc.
2671 4448 2911 4543 Imitatur
2928 4462 3057 4505 vero
3086 4448 3264 4543 inultae
3282 4446 3640 4543 Bglustinum

2042 4518 2554 4592 Martyrem,_}tpol_.
2591 4534 2652 4584 ιι,
2686 4518 2835 4592 quod
2892 4519 3068 4575 locum
3116 4520 3287 4592 illum
3325 4519 3390 4573 de
3446 4526 3641 4592 contu-

2043 4589 2219 4647 meliis
2261 4589 2474 4647 Christo
2520 4590 2672 4645 factis
2712 4591 2768 4644 in
2826 4592 3074 4660 passione
3121 4590 3416 4660 intelligat.
3447 4589 3641 4645 Graece

2043 4672 2127 4718 est
2184 4661 2516 4731 ἐκστήσονται,
2565 4662 2712 4731 quod
2768 4659 2945 4733 magis
2998 4661 3213 4731 pr0prie
3259 4661 3325 4714 ab
3354 4659 3471 4715 aliis
3508 4675 3640 4715 ver-

2044 4733 2171 4788 titur
2190 4735 2782 4805 obstupescent,_4quam
2806 4732 2879 4786 ab
2905 4733 3139 4788 Auctore
3165 4737 3561 4805 expavescent,
3585 4742 3642 4786 et

2040 4804 2199 4859 unica
2234 4801 2458 4861 vox'est
2505 4801 2749 4873 ἀδοξήσει,
2801 4818 2899 4872 pro
2942 4817 3006 4858 eo
3054 4805 3199 4873 quod
3239 4801 3345 4859 hic
3379 4809 3481 4868 est,
3511 4804 3642 4859 sine

2039 4877 2223 4946 gloria
2253 4876 2382 4933 erit.
2414 4875 2552 4928 ΡΑιι.

2112 4946 2228 5016 (46)
2292 4945 2663 5016 Tempestivus
2717 4943 2930 5001 decore.
2979 4944 3068 5001 Sic
3117 4945 3315 5014 placuit
3370 4943 3638 5016 Septimio

2041 5016 2289 5089 Graecum
2321 5015 2466 5089 illud,
2497 5016 2809 5089 exprimere,
2833 5015 3008 5087 ὤραῖος
3057 5024 3131 5089 τῷ
3183 5017 3366 5089 animi,
3396 5017 3540 5089 quod
3581 5015 3639 5070 in

2041 5085 2259 5159 vulgata
2332 5085 2941 5159 versione,g_speciosus
3004 5085 3207 5158 forina.
3268 5085 3635 5159 Allegoricam

2041 5156 2428 5230 formositatem
2470 5156 2699 5230 intelligi
2752 5158 2970 5223 debere,
3004 5156 3257 5214 indicant
3300 5174 3363 5213 ea
3396 5156 3529 5230 fquaa
3580 5158 3639 5211 in

2040 5229 2230 5284 eodem
2315 5229 2524 5283 Psalmo
2605 5227 2878 5301 leguntur.
2947 5230 3252 5301 Accingere
3280 5227 3481 5301 gladia
3534 5231 3641 5287 tuo

2038 5316 2208 5372 super
2242 5302 2435 5372 femur
2465 5298 2906 5372 tuum.'Etenim
2946 5299 3032 5372 hic
3062 5298 3383 5372 gladius'est
3419 5298 3635 5372 allego-

2039 5370 2205 5435 ricus,
2234 5378 2286 5426 et
2316 5371 2383 5442 ad
2429 5386 2735 5426 sermonem
2782 5370 2975 5426 Christi
2995 5370 3260 5442 refertur,
3305 5371 3641 5442 allegoricus

2036 5442 2218 5517 decor,
2277 5440 2584 5517 allegorica
2649 5458 2815 5497 arma.
2892 5441 3037 5497 Satis
3103 5440 3637 5517 ambiguus—animi

2036 5513 2206 5568 fuisse
2256 5512 2469 5569 videtur
2523 5513 2898 5584 Hieronymus,
2959 5529 3079 5568 cum
3149 5512 3283 5569 hazc'
3316 5512 3636 5584 prophetica

2034 5584 2209 5660 attigit
2234 5584 2391 5657 epist.
2422 5585 2491 5641 ad
2536 5584 2854 5656 Principiam
2882 5584 3301 5657 virginemJtO.
3337 5585 3473 5640 ΡΑιι.
