3980 6144
269 258 373 330 318

1485 253 1609 317 LIB.
1653 252 1726 316 III
1763 249 1920 317 ADV.
1960 249 2366 314 MARCIONEM.

3468 249 3572 316 374

262 388 423 468 (Psal.
463 402 621 457 mv,
653 390 732 460 3),
771 402 947 462 supra
979 381 1472 477 ﬁlioshominun;
1511 381 1606 440 sed
1649 381 1705 477 in
1733 380 1866 477 alle-
1893 393 1943 477 Α
1978 378 2354 477 ntedicatorent
2395 379 2530 477 (Isa.
2558 379 2722 477 sui):
2751 382 2868 477 Ipse
2904 381 3075 449 enim,
3107 380 3298 457 inquit,
3330 380 3574 441 imbecil-

259 480 443 556 gorico
510 478 609 536 illo
662 483 807 534 statu
854 474 1041 549 gratiae
1076 472 1357 545 spiritalis,
1407 488 1533 530 cum
1568 471 1866 546 accingitur
1894 469 1943 477 "
1976 471 2170 531 litates
2199 474 2422 528 nostras
2456 469 2705 539 abstulit,
2733 475 2787 527 et
2836 471 3133 544 languores
3161 476 3429 547 portavit.

261 585 446 627 ensem
487 569 541 609 91
583 565 870 635 sermonis,
921 563 1013 636 qui
1058 578 1186 620 vere
1236 562 1446 635 species
1500 570 1553 617 et
1598 561 1761 619 decor
1807 567 1865 617 et

256 659 433 734 gloria
517 654 692 730 ipsius
761 664 891 712 (st:
963 664 1216 710 cmterum
1278 652 1463 708 habitu
1535 650 1862 723 incorpora-

255 749 345 805 bili
385 747 505 817 (47)
530 745 584 786 92
616 743 760 816 apud
791 741 1041 800 eumdem
1071 742 1387 813 prophetam
1416 741 1582 812 (Psal.
1628 755 1750 808 ιιι,
1778 744 1858 814 7),

255 839 461 895 vermis
491 834 660 891 etiam
688 838 745 891 et
762 850 880 891 non
911 832 1090 900 homo,
1121 831 1438 903 ignominia
1467 831 1713 888 hominis
1741 831 1792 871 93
1806 835 1863 888 et

253 927 657 998 nulliﬁcamen
700 923 915 996 populi.
959 921 1149 992 Neque
1199 919 1511 975 interiorem
1549 919 1861 992 qualitatem

250 1017 391 1087 ejus,
432 1011 774 1086 ejuscemodi
823 1009 1140 1067 annuntiaut
1179 1010 1248 1070 9".
1295 1007 1351 1066 Si
1387 1008 1533 1064 enim
1580 1008 1863 1078 plenitudo

249 1106 300 1162 in
343 1104 446 1161 illo
493 1102 721 1175 spiritus
756 1098 1018 1166 constitit,
1060 1112 1297 1173 agnosco
1342 1099 1548 1171 virgam
1587 1098 1653 1154 de
1681 1099 1863 1157 radice

245 1197 437 1261 Iesse;
459 1193 566 1249 ﬂos
593 1191 733 1262 ejus,
753 1204 906 1246 meus
934 1187 1035 1244 erit
1067 1187 1329 1253 Christus,
1356 1188 1422 1244 in
1436 1204 1543 1260 quo
1562 1191 1858 1263 requievit,

244 1283 553 1342 secundum
593 1280 790 1336 Isaiam
824 1280 930 1351 (x1,
974 1277 1053 1349 2),
1080 1275 1253 1334 345
1282 1278 1520 1352 spiritus
1563 1280 1862 1352 sapientia:

242 1378 299 1432 et
345 1370 718 1433 intellectus,
745 1368 982 1441 spiritus
1022 1365 1249 1425 consilii
1276 1369 1332 1421 et
1367 1367 1590 1438 vigoris,
1619 1368 1859 1439 spiritus

245 1459 570 1535 agnitionis
598 1462 654 1516 et
690 1458 947 1531 pietatis,
976 1456 1215 1529 spiritus
1255 1455 1475 1512 timoris
1515 1456 1632 1512 Dei.
1670 1456 1858 1528 Neque

244 1549 394 1607 enim
432 1545 541 1604 ulli
578 1544 863 1601 hominum
893 1542 1169 1600 diversitas
1203 1540 1526 1615 spiritalium
1554 1542 1855 1599 documen-

247 1649 432 1696 torum
470 1635 837 1706 competebat,
883 1632 987 1688 nisi
1025 1632 1079 1688 iu
1125 1630 1393 1688 Christum
1426 1648 1440 1685 :
1472 1631 1593 1689 ﬂori
1633 1632 1854 1706 quidem

2535 614 2760 672 CAPUT
2792 613 2988 671 XVIII.

2040 744 2120 799 De
2176 741 2326 799 exitu
2368 741 2524 815 plane
2570 748 2698 815 puto
2745 739 3107 798 diversitatem
3155 742 3371 799 tentatis
3416 742 3571 800 indu-

1969 847 2115 897 cere,
2144 838 2405 906 negantes
2444 829 2753 901 passionem
2806 830 2982 886 crucis
3009 828 3064 884 in
3094 830 3368 887 Christum
3411 830 3574 886 Crea-

1970 918 2103 975 toris
2162 919 2524 990 prsedicatam,
2578 927 2631 976 et
2685 925 3118 989 argumentantes
3172 918 3393 990 insuper
3463 933 3572 976 non

1970 1023 2094 1064 esse
2128 1008 2477 1075 credendum,
2515 1015 2575 1066 ut
2624 1007 2681 1065 in
2728 1007 2781 1062 id
2821 1024 2999 1081 genus
3041 1007 3235 1064 mortis
3269 1005 3576 1079 exposuerit

1967 1097 2189 1155 Creator
2249 1098 2448 1155 Filium
2526 1114 2706 1167 suum,
2765 1097 2912 1171 quod
2984 1097 3102 1170 ipse
3166 1095 3568 1153 maledixerat:

1970 1187 2318 1256 Maledictus,
2355 1185 2528 1260 inquit
2563 1187 2752 1259 (Deut.
2786 1187 2933 1257 xxx),
2965 1188 3149 1244 omnis
3179 1188 3280 1260 qui
3301 1186 3575 1260 pepende-

1969 1278 2049 1332 rit
2077 1276 2141 1331 in
2169 1278 2339 1349 ligno.
2368 1275 2475 1332 Sed
2503 1275 2663 1346 hujus
2692 1275 3083 1333 maledictionis
3103 1291 3325 1332 sensum
3353 1273 3569 1342 differo,

1967 1364 2147 1438 dignae
2203 1366 2317 1422 sola
2364 1365 2745 1437 praedicatione
2800 1366 2996 1436 crucis,
3056 1365 3126 1422 de
3189 1381 3292 1437 qua
3340 1379 3485 1420 nunc
3520 1362 3570 1402 99

1968 1454 2196 1510 maxime
2235 1455 2511 1528 quaeritur,
2548 1454 2724 1513 316
2753 1454 2881 1528 quia
2920 1464 2974 1512 et
3010 1454 3139 1510 alias
3184 1454 3448 1510 antecedit
3480 1470 3568 1510 re-

1967 1559 2083 1597 rum
2132 1544 2376 1613 probatio
2422 1544 2697 1601 rationem.
2742 1546 2821 1600 De
2868 1543 3060 1615 ﬁguris
3117 1542 3269 1614 prius
3313 1541 3569 1599 edocehoi

1964 1631 2034 1687 Et
2097 1632 2282 1705 utique
2320 1632 2406 1690 vel
2443 1630 2675 1688 maxime
2722 1639 3116 1688 sacramentum
3148 1630 3290 1686 istud
3361 1629 3571 1702 ﬁgurar

244 1729 316 1785 ob
358 1724 600 1799 gratiam
649 1722 866 1793 spiritus
906 1721 1275 1792 adaequatum;
1332 1736 1398 1776 ex
1454 1720 1620 1791 stirpe
1673 1729 1854 1778 autem
1888 1790 1926 1799 _
1962 1719 2014 1775 in
2045 1719 2423 1793 praedicatione
2452 1721 2754 1793 oportebat,
2801 1728 3003 1793 quanto
3043 1719 3366 1788 incredibile,
3417 1726 3567 1776 tanto

250 1790 405 1873 Iesse
458 1790 801 1886 deputatum,
859 1826 956 1881 per
1000 1790 1218 1864 Mariam
1254 1807 1383 1865 inde
1417 1790 1742 1866 censendum
1778 1811 1850 1866 95.
1887 1790 1931 1869 Β
1966 1790 2134 1884 magis
2214 1809 2466 1866 seandalo
2489 1790 2504 1793 ⁷
2528 1809 2785 1879 futurum,
2817 1790 2890 1865 ‘si
2938 1810 3078 1865 unde
3148 1811 3562 1880 praedicaretur;

255 1902 559 1975 Bxpostulo
594 1907 773 1957 autem
828 1898 896 1954 de
952 1896 1232 1971 proposito
1274 1914 1287 1952 :
1335 1896 1380 1953 si
1419 1897 1516 1953 das
1578 1898 1626 1954 ei
1680 1900 1858 1955 omnis

265 1990 577 2049 humilitatis
639 1996 693 2045 et
758 1986 1030 2060 patientiae
1095 1993 1149 2041 et
1202 1985 1601 2057 tranquillitatis
1674 1987 1856 2044 inten-

255 2082 486 2147 tionem,
526 2086 572 2134 et
600 2094 666 2134 ex
709 2077 795 2132 his
832 2076 981 2132 Isaiae
1019 2074 1123 2131 erit
1164 2073 1407 2132 Christus
1437 2076 1564 2141 (Isa.
1607 2092 1726 2142 LIII,
1755 2078 1852 2147 7):

247 2173 426 2228 Homo
462 2169 531 2224 in
563 2170 753 2241 plaga,
787 2169 844 2224 et
868 2165 1049 2224 sciens
1076 2167 1229 2237 ferre
1257 2164 1736 2233 imbecillitatem;
1758 2168 1858 2239 qui

244 2268 539 2333 tanquam
559 2260 674 2316 ovis
689 2258 761 2314 ad
780 2258 1075 2314 victimam
1090 2257 1366 2314 adductus
1389 2260 1489 2322 est,
1511 2262 1566 2313 et
1586 2262 1857 2330 tanquam

240 2367 433 2424 agnus
444 2354 590 2405 ante
603 2346 924 2406 tendentem
937 2362 1052 2404 non
1063 2346 1289 2418 aperuit
1303 2361 1361 2401 os
1375 2344 1499 2416 ;qui
1510 2344 1643 2416 (Isa.
1656 2350 1854 2414 xnu,2)

240 2456 431 2512 neque
478 2436 797 2505 contendit,
829 2450 1007 2510 neque
1042 2433 1325 2500 clamavit,
1378 2450 1481 2492 nec
1527 2435 1726 2491 audita
1770 2438 1854 2493 est

242 2531 391 2601 loris
448 2543 566 2583 vox
605 2529 773 2596 ejus;
800 2526 899 2598 qui
926 2523 1271 2581 arundinem
1308 2529 1623 2590 contusam,
1666 2522 1720 2579 id
1751 2535 1851 2591 est,

233 2631 507 2689 quassam
552 2613 857 2670 Iudaeorum
914 2611 1095 2684 ﬁdem,
1147 2628 1264 2670 non
1305 2614 1648 2670 comminuit
1688 2633 1708 2672 :
1754 2614 1853 2688 qui

235 2706 433 2761 linum
472 2703 708 2773 ardens,
746 2702 900 2769 idest,
946 2708 1382 2759 momentaneum
1424 2701 1670 2759 ardorem
1707 2718 1851 2775 gen-

231 2794 396 2858 tium,
430 2809 554 2849 non
574 2791 883 2856 exstinxit,
915 2789 1012 2846 sed
1043 2788 1320 2845 lucernam
1355 2788 1531 2862 magis
1569 2790 1694 2847 fecit
1731 2799 1853 2848 ortu

233 2881 481 2937 luminis
522 2880 631 2937 sui.
686 2879 811 2935 Non
871 2885 1051 2950 potest
1101 2878 1152 2917 96
1194 2877 1332 2934 alius
1377 2895 1513 2946 esse,
1566 2896 1732 2951 quam
1762 2881 1852 2952 qui

233 2970 662 3043 praedicabatur.
709 2967 935 3038 Oportet
978 2974 1157 3023 actum
1197 2966 1319 3036 ejus
1347 2968 1416 3023 ad
1453 2967 1849 3039 Scripturarum

1966 1907 2275 1971 quantoque
2312 1897 2681 1972 magniﬁcum,
2720 1904 2868 1955 tanto
2900 1899 3070 1971 magis
3105 1899 3562 1965 obumbrandum,

1966 1994 2025 2043 ut
2055 1985 2343 2044 difﬁcultas
2372 1986 2677 2046 intellectus
2718 1986 2946 2059 gratiam
2984 1985 3086 2043 Dei
3126 1994 3412 2060 quaereret.
3452 1987 3564 2042 Ita—

1964 2092 2070 2148 que
2098 2074 2154 2131 in
2190 2075 2377 2147 primis
2419 2077 2593 2148 Isaac,
2640 2092 2765 2133 cum
2803 2092 2834 2130 a
2876 2084 3028 2149 patre
3075 2075 3129 2132 in
3191 2076 3423 2133 hostiam
3467 2077 3564 2133 de-

1964 2171 2129 2239 ditus,
2160 2172 2369 2245 lignum
2408 2172 2511 2228 sibi
2541 2173 2655 2244 ipse
2694 2179 2947 2244 portaret,
2979 2173 3177 2229 Christi
3215 2174 3418 2229 exitum
3448 2174 3564 2245 jam
3594 2202 3607 2211 ι

1964 2267 2092 2317 tunc
2145 2260 2456 2328 deuotabat,
2511 2261 2569 2317 in
2633 2262 2902 2319 victimam
2928 2262 3173 2320 concessi
3218 2279 3249 2317 a
3300 2265 3478 2333 Patre,
3508 2277 3564 2320 et

1962 2350 2172 2422 lignum
2217 2351 2491 2424 passionis
2526 2366 2640 2408 sum
2672 2351 2976 2422 bajulantis.
3006 2353 3208 2427 Joseph
3237 2361 3290 2410 et
3316 2353 3433 2426 ipse
3462 2354 3558 2410 inI

1959 2437 2229 2495 Christum
2274 2439 2553 2512 ﬁguratus,
2586 2455 2686 2496 nec
2712 2442 2817 2497 hoc
2853 2440 2971 2497 solo
3012 2442 3104 2512 (ne
3141 2441 3393 2499 demorer
3430 2458 3559 2500 cur-

1961 2527 2106 2599 sum)
2145 2528 2291 2601 quod
2320 2527 2753 2601 persecutionem
2787 2544 2820 2586 a
2846 2529 3097 2587 fratribus
3133 2547 3329 2602 passus
3354 2539 3458 2602 est,
3506 2540 3562 2590 et

1960 2616 2321 2673 venumdatus
2348 2617 2403 2672 in
2426 2618 2727 2692 Egyptum
2757 2619 2800 2685 2,
2833 2619 2903 2677 ob
2931 2619 3031 2676 Dei
3061 2620 3310 2691 gratiam,
3340 2621 3479 2677 sicut
3505 2630 3559 2679 et

1959 2703 2200 2763 Christus
2237 2722 2269 2761 a
2313 2705 2515 2763 Iudaeis
2563 2707 2849 2764 carnaliter
2891 2706 3150 2764 fratribus
3178 2709 3555 2779 venumdatus,

1957 2809 1990 2848 a
2033 2794 2169 2871 .luda
2198 2796 2222 2835 3
2247 2811 2375 2853 cum
2436 2795 2687 2852 traditur.
2729 2796 2866 2852 Nam
2912 2804 2968 2853 et
2997 2798 3021 2835 δι
3066 2797 3405 2853 benedicitur
3442 2799 3465 2836 5
3498 2798 3554 2855 in

1956 2885 2072 2941 haec
2108 2886 2274 2942 verba
2317 2884 2502 2957 (Deut.
2543 2902 2753 2958 χχχιιι,
2804 2885 2930 2957 i7):
2986 2887 3152 2944 Tauri
3187 2887 3355 2945 decor
3406 2889 3552 2958 eius,

1957 2988 2171 3029 cornua
2203 2974 2497 3030 unicornis
2525 2976 2637 3044 (49)
2673 2991 2890 3032 cornua
2909 2977 3050 3046 ejus,
3088 2976 3153 3033 in
3181 2977 3261 3033 eis
3290 2978 3552 3033 nationes

230 3058 496 3131 regulam
540 3056 877 3130 recognosci,
915 3055 1134 3152 duplici,
1176 3054 1294 3152 nisi
1315 3055 1489 3126 fallor,
1530 3063 1843 3126 operatione
1872 3061 2244 3152 ﬁcventilabit
2256 3064 2482 3133 pariter
2501 3063 2573 3118 ad
2592 3079 2882 3119 summum
2903 3080 3082 3137 usque
3096 3069 3297 3122 terrae:
3321 3080 3429 3120 non
3446 3064 3552 3120 uti-

229 3149 581 3217 distinctum,
665 3145 1058 3221 praedicationis
1126 3152 1180 3201 et
1242 3145 1479 3202 virtutis.

229 3247 478 3310 utroque
533 3235 684 3291 titulo
740 3234 819 3291 sic
872 3233 1172 3306 disponam,
1233 3243 1293 3289 ut
1347 3231 1603 3306 quoniam
1664 3233 1844 3307 ipsum

226 3341 462 3399 quoque
513 3322 798 3381 Marcionis
850 3320 1204 3396 Evangelium
1251 3321 1448 3379 discuti
1498 3322 1717 3394 placuit,
1772 3324 1841 3381 de

226 3414 535 3487 speciebus
561 3412 923 3470 doctrinarum
958 3421 1012 3467 et
1048 3410 1327 3485 signorum
1366 3410 1495 3468 illuc
1524 3410 1842 3469 differamus

230 3503 402 3576 quasi
449 3502 505 3556 in
560 3516 672 3557 rem
726 3510 1049 3571 praesentem
1094 3517 1109 3554 :
1160 3500 1247 3557 hic
1293 3508 1472 3555 autem
1526 3500 1843 3572 generaliter

232 3607 626 3666 expungamus
670 3590 914 3646 ordinem
968 3597 1222 3662 emptum,
1266 3588 1528 3646 docentes
1570 3590 1839 3663 praedica-

236 3690 420 3737 θοι-ειη
485 3680 697 3737 interim
768 3679 1075 3735 annuutiari
1146 3678 1411 3736 Christum
1484 3695 1581 3750 per
1650 3680 1843 3736 Isaiam

241 3772 319 3840 (ι.
368 3772 500 3842 10);
539 3771 672 3840 Quis
718 3771 892 3833 enim,
935 3769 1130 3842 inquit,
1161 3770 1226 3825 in
1260 3768 1425 3835 vobis,
1460 3771 1556 3843 qui
1593 3773 1766 3827 Deum
1793 3771 1841 3809 9"

241 3862 460 3917 metuit
499 3860 634 3931 (48),
664 3863 722 3916 et
749 3858 1019 3917 emaudiet
1045 3859 1095 3898 98
1130 3874 1319 3918 vocem
1354 3859 1466 3931 ﬁlii
1510 3857 1670 3931 ejus?
1709 3859 1842 3914 Item

1573 3147 1680 3203 Sed
1777 3147 1845 3203 de
1910 3147 2058 3220 'que
2104 3149 2419 3207 rhinoceros
2472 3150 2840 3207 destinabatur
2884 3152 3181 3220 unicornis,
3231 3171 3328 3211 nec
3369 3154 3549 3210 Mino-

1954 3246 2135 3295 taurus
2171 3238 2435 3310 bicornis;
2470 3239 2563 3295 sed
2607 3239 2856 3296 Christus
2905 3238 2960 3293 in
2998 3239 3090 3294 illo
3115 3239 3545 3311 signiﬁcabatur,

1948 3335 2133 3384 taurus
2182 3327 2253 3384 ob
2301 3335 2586 3399 utramque
2625 3327 3061 3399 dispositionem;
3108 3326 3234 3384 aliis
3278 3327 3446 3393 ferus,
3491 3337 3552 3385 ut

1942 3416 2135 3488 judex;
2187 3415 2307 3471 aliis
2346 3427 2682 3482 mansuetus,
2732 3424 2792 3472 ut
2836 3417 3100 3483 salvator;
3131 3415 3298 3486 cujus
3345 3431 3549 3473 cornua

1946 3512 2125 3562 essent
2171 3504 2348 3562 crucis
2381 3503 2580 3561 extima
2619 3504 2665 3562 θ.
2703 3505 2825 3560 Nan
2852 3512 2905 3561 et
2951 3503 3008 3558 in
3055 3511 3289 3561 antenna
3319 3504 3470 3562 navis
3500 3505 3545 3575 7,

1947 3610 2068 3667 quae
2128 3594 2306 3651 crucis
2351 3609 2477 3667 pars
2524 3602 2627 3660 est,
2678 3592 3039 3650 extremitates
3095 3609 3298 3650 cornua
3351 3608 3549 3652 vocan-

1948 3693 2033 3739 tur
2076 3683 2193 3756 (50)
2226 3701 2241 3738 :
2271 3683 2544 3739 unicornis
2589 3689 2790 3749 autem,
2842 3682 3018 3739 media
3044 3683 3070 3721 ⁸
3095 3682 3317 3754 stipitis,
3367 3683 3544 3755 palus.

1950 3772 2061 3828 Hac
2088 3772 2320 3845 denique
2346 3770 2540 3828 virtute
2570 3773 2749 3828 crucis
2775 3772 2909 3843 (51),
2942 3779 2995 3827 et
3030 3772 3136 3827 hoc
3168 3786 3320 3827 more
3348 3786 3550 3828 cornu-

1950 3868 2057 3927 tus,
2100 3860 2380 3918 universas
2425 3867 2616 3935 gentes
2672 3869 2727 3915 et
2772 3876 2918 3917 nunc
2953 3859 3180 3928 ventilat,
3211 3876 3308 3933 per
3360 3858 3544 3931 ﬁdem,

1625 3981 1817 4047 Variae
1852 3988 2164 4048 lectiones.

314 4118 367 4157 91
397 4118 542 4173 Ense
579 4115 753 4174 Rhen.
782 4098 958 4173 VSeml.
980 4113 1212 4188 faberth.
1242 4114 1293 4188 93
1320 4115 1381 4171 In
1427 4114 1696 4188 corpOrali
1724 4117 1857 4172 Jun.
1914 4115 2243 4188 incorporali
2271 4118 2397 4173 alii.
2430 4116 2480 4155 93
2512 4117 2755 4175 Hominis
2784 4120 2937 4175 abest
2975 4120 3106 4175 Par.
3148 4118 3199 4156 ⁸4
3227 4117 3545 4188 Cujusmodi

244 4188 535 4243 annuntias
550 4188 719 4244 Seml.
749 4186 1013 4256 ejusmodi
1043 4186 1361 4256 annuntiant
1388 4188 1519 4241 Par.
1552 4186 1671 4241 cod.
1734 4188 1937 4246 Wouw.
1986 4186 2262 4243 adnuntiat
2310 4190 2429 4256 Rig.
2463 4188 2514 4227 95
2551 4190 2883 4245 Censendam
2915 4188 3095 4245 Rhen.
3134 4186 3320 4245 SemlI
3335 4189 3465 4244 Jun.
3495 4188 3548 4226 96

249 4260 510 4315 Extinxit.
538 4258 661 4316 Nan

695 4247 1484 4328 potest,nihilintermedium,
1518 4256 1691 4313 Rhen.
1716 4258 1886 4314 Seml.
1932 4258 2152 4316 Oberth.
2191 4260 2325 4316 Jun.
2375 4247 2425 4296 57

2480 4259 2771 4329 Dominum
2799 4262 2923 4316 alii.
2955 4261 3006 4299 9⁸
3058 4260 3319 4315 Exaudiat
3370 4261 3542 4315 Fran.

258 4332 450 4405 Venet.
484 4332 603 4405 Rig.
637 4328 689 4405 9?
714 4329 847 4405 Cum
886 4329 1069 4405 inser:
1089 4331 1214 4405 _Lat.
1249 4328 1584 4405 {In_omitt.
1606 4328 1804 4405 (Bhen;
1823 4330 1992 4405 Seml.
2022 4329 2239 4405 09erth.
2272 4328 2298 4366 ²
2352 4328 2689 4405 Etvenund.
2718 4330 3316 4405 in_1Egyptum_ornitt.
3370 4330 3543 4405 Seml.

246 4408 272 4441 δ
315 4398 569 4456 νειιιιιιάζ
595 4399 792 4472 aJﬂuda
824 4401 1012 4472 omitt.
1035 4398 1210 4456 Rhen.
1245 4399 1414 4472 Sami.
1453 4398 1674 4472 Oberth.
1707 4400 1731 4436 ’ί
1760 4398 2036 4456 Traditur.
2067 4399 2201 4455 Nam
2229 4406 2301 4468 et,
2333 4402 2519 4457 omitt.
2546 4471 2553 4472 ί
2582 4401 2753 4457 Seml.
2783 4400 2809 4437 ⁵
2836 4398 3065 4472 Α’ρἒιισθ
3095 4401 3323 4472 inserit,
3371 4402 3544 4472 Seml.

240 4480 444 4541 aperte
473 4471 641 4527 alii.5
667 4471 900 4527 Externa
929 4469 1103 4528 Rhen.
1123 4469 1292 4529 Seml.
1324 4468 1546 4528 Oberth.
1577 4470 1599 4507 ⁷
1629 4471 1899 4527 Antemna
1928 4472 2103 4532 Rhen.
2136 4472 2307 4529 Seml.
2372 4471 2592 4541 Oberth,
2620 4475 2676 4528 et
2705 4468 3106 4529 omitt.—navis.
3137 4474 3163 4510 ⁸
3191 4471 3394 4527 Medius
3420 4471 3540 4529 cod.

256 4544 528 4602 Wouwer.

1648 4637 2150 4703 Commentarius.

321 4779 459 4862 (ξιτ).
486 4775 1388 4869 παρέξει,ίησρζρςνῑίιιίέιίλιιῖριωξ
1421 4790 1545 4869 se“
1587 4774 1846 4869 metu:
1880 4791 1926 4869 ι)
1959 4774 2261 4869 usus
2286 4776 2487 4869 ³9³9.ρέ
2529 4790 2560 4830 α
2584 4774 2785 4869 ἔριδα,
2835 4772 3297 4869 autemest-
3322 4786 3547 4869 11553.";

243 4842 383 4920 rari,
415 4842 530 4906 sive
573 4848 842 4905 incarnari
869 4842 1390 4920 habebatChristus.
1421 4842 1545 4920 Bia.
1577 4876 1648 4920 -—:
1675 4842 1850 4920 Id'est
1881 4842 1926 4869 "'
1958 4842 2067 4920 non
2098 4847 2265 4903 modo
2308 4842 2548 4920 Justinus
2584 4842 2803 4920 martyr,
2834 4842 2900 4920 ex
2935 4859 3044 4920 qu‘o
3082 4843 3191 4920 fere
3221 4844 3290 4899 ad
3322 4844 3549 4901 verbum
3660 4842 3681 4855 ’⁵

239 4915 423 5048 ἕαΙίο
478 4920 679 4993 potius,
740 4930 799 4976 ut
851 4918 1009 4975 nobis
1066 4919 1291 4983 videtur,
1369 4917 1555 4974 habitu
1610 4915 1848 4975 informi.

292 5009 394 5048 nn.
1096 5012 1099 5017 ·

292 5009 394 5049 DD.
1096 5012 1099 5017 '

322 5063 441 5135 (48)
467 5063 600 5135 Quis
618 5064 771 5119 enim
786 5063 857 5135 in
873 5061 1042 5135 vobis,
1064 5061 1274 5135 inquit,
1297 5061 1396 5134 qui
1417 5062 1591 5117 Deum
1602 5059 1854 5135 metuit?

245 5132 345 5191 Ita'
382 5132 530 5190 hunc
570 5134 744 5190 locum
782 5134 853 5189 Is.
894 5147 948 5202 ι,
979 5132 1105 5189 citat
1142 5132 1196 5189 et
1233 5132 1621 5205 interpretatur
1650 5132 1710 5187 B.
1742 5133 1850 5205 Cy-

246 5206 408 5260 rinus
436 5205 647 5261 Comm.
694 5205 750 5259 in
796 5205 873 5260 Is.
902 5220 968 5261 ex
1015 5218 1122 5274 quo
1175 5203 1335 5259 etiam
1375 5203 1659 5273 suppletur
1701 5203 1852 5274 prior

248 5277 420 5349 huius
454 5278 738 5349 scripturae
781 5290 928 5348 pars,
959 5273 1085 5337 quae
1125 5273 1181 5329 in
1207 5274 1531 5349 exemplari,
1562 5289 1671 5347 quo
1707 5273 1852 5331 usus

251 5344 344 5404 est
369 5348 428 5402 Β.
468 5344 852 5418 Hieronymus,
892 5344 1004 5403 non
1042 5344 1429 5419 reperiebatur,
1457 5354 1510 5401 et
1540 5344 1717 5419 tamen
1747 5362 1850 5419 ge-

250 5419 478 5476 nuinam
522 5436 645 5476 esse
680 5417 913 5485 constat,
957 5424 1146 5488 utpote
1192 5430 1303 5473 non
1340 5417 1429 5472 hic
1476 5417 1637 5474 modo
1668 5417 1847 5486 citata,

250 5492 350 5548 sed
385 5492 546 5548 etiam
574 5491 669 5549 lib.
701 5506 758 5546 tv
786 5490 910 5548 adv.
940 5491 1124 5547 Marc.
1159 5504 1279 5559 cap.
1308 5490 1397 5542 22.
1431 5488 1565 5544 Pan.

329 5563 449 5631 (49)
500 5565 665 5622 Tauri
699 5562 863 5621 decor
888 5562 1031 5629 eius,
1081 5575 1296 5619 cornua
1345 5559 1659 5618 unicornis.
1703 5559 1852 5616 Istud

1959 4919 2076 4991 haec
2102 4918 2404 4991 desumpsit
2429 4920 2661 4991 Auctor,
2686 4916 2781 4991 sed
2805 4917 2963 4991 etiam
2993 4916 3052 4971 B.
3083 4918 3318 4991 August.
3351 4923 3548 4991 quaest.

1958 4990 2012 5044 in
2056 4991 2215 5062 Deut.
2247 4986 2365 5062 cap.
2400 5005 2513 5055 va,
2554 4995 2607 5062 e_t
2633 4988 2909 5059 Rabanusj
2938 4988 2991 5042 in
3040 4986 3237 5044 comm.
3287 4986 3550 5043 de'Chri-

1957 5067 2041 5117 sto
2085 5060 2523 5132 interpretantur.
2567 5060 2705 5116 Pan.

1998 5128 2551 5258 .l(50)Em'tremitates
2579 5147 2793 5190 cornua
2820 5132 3116 5191 vocantur.
3148 5128 3206 5186 Si
3229 5129 3407 5204 capud
3436 5128 3554 5186 Vir.

1998 5221 2013 5258 ι
2038 5220 2144 5258 tum
2174 5221 2190 5258 :

1956 5220 2144 5275 gutum
2174 5221 2190 5259 :

2016 5323 2219 5376 Cornua
2244 5325 2524 5377 velatarum
2559 5324 2871 5376 obvertimus
2889 5332 3239 5376 antennarnm.
3265 5322 3337 5373 La
3364 5322 3456 5374 Pu.

2027 5414 2112 5490 (51
2115 5416 2260 5490 )Hac
2292 5414 2527 5490 denique
2562 5417 2776 5490 virtute
2802 5416 3006 5473 crucis.
3033 5413 3311 5490 Maximam
3340 5426 3554 5490 semper

1957 5483 2123 5542 fuiSse
2169 5483 2448 5543 virtutem"
2476 5488 2657 5546 crucis
2693 5494 2956 5545 testantur
3007 5483 3299 5554 cujuslibet
3350 5489 3557 5552 tempo-

1958 5556 2035 5613 ris
2080 5556 2337 5615 historiae.
2387 5559 2634 5617 Julianus
2681 5558 2880 5634 quippe
2906 5557 3063 5630 imp.,
3102 5556 3224 5612 licet
3257 5558 3556 5624 apostataet
