4018 6192
385 321 497 386 375

385 449 632 506 auferens
679 462 711 504 a
766 450 911 504 terra
953 445 1007 503 in
1043 447 1280 516 coelum;
1312 455 1366 506 et
1418 456 1544 505 tunc
1580 464 1677 522 per
1707 446 1969 519 judicium
2004 458 2050 540 Α

383 537 679 607 ventilabil,
722 537 983 610 dejiciens
1019 539 1088 595 de
1127 538 1267 596 caelo
1322 539 1377 594 in
1433 545 1652 594 terram.
1682 538 1833 593 Idem
1872 536 1974 593 erit

385 640 437 684 et
474 628 605 683 alibi
640 638 827 684 taurus
855 629 1001 703 apud
1027 630 1267 686 eamdem
1297 620 1635 700 scripturam,
1654 646 1776 686 cum
1803 625 1973 682 Jacob

385 718 440 774 in
488 718 796 776 Simeonem
834 728 887 774 et
915 719 1039 778 Levi
1075 720 1425 794 exporrigens
1460 718 1888 775 benedictionem
1924 715 1970 783 9,

384 808 439 865 id
472 818 553 865 est
596 810 661 877 ιο,
694 809 748 864 in
787 808 1001 866 Scribas
1030 817 1080 866 et
1110 810 1415 865 Pharisaeos
1443 808 1533 881 (ex
1565 807 1672 864 illis
1699 807 1842 863 enim
1873 807 1975 862 de-

395 902 611 958 ducitur
657 916 857 957 census
912 900 1159 970 istorum)
1206 899 1516 973 Spiritaliter
1544 898 1971 970 interpretatur:

388 994 614 1051 Si'meon
633 996 689 1051 et
708 994 835 1049 Levi
854 994 1008 1061 (Gen.
1032 1008 1189 1058 XLIX,
1224 994 1256 1046 6
1278 990 1458 1063 seqq.)
1473 993 1840 1063 perfecerunt
1858 986 1976 1042 ini-

389 1083 692 1156 quitatem,
726 1098 789 1138 ex
820 1097 915 1136 sua
945 1081 1155 1147 haeresi,
1186 1096 1294 1151 qua
1318 1079 1516 1136 scilicet
1553 1078 1823 1133 Christum
1852 1079 1979 1130 sunt

387 1169 653 1241 persecuti
683 1189 703 1226 :
748 1171 813 1226 In
850 1171 1160 1227 concilium
1187 1184 1381 1224 eorum
1425 1184 1496 1225 ne
1538 1168 1757 1224 veneni
1782 1176 1979 1221 anima

388 1277 536 1326 mea,
577 1264 635 1316 et
670 1260 733 1316 in
760 1261 1066 1316 stationem
1095 1274 1287 1316 eorum
1316 1273 1388 1315 ne
1406 1244 1773 1314 incubuerint
1784 1255 1979 1327 jecora

388 1364 547 1405 mea:
568 1350 701 1421 quia
717 1351 779 1406 in
800 1349 1194 1421 indignatione
1215 1363 1318 1404 sua
1332 1347 1782 1418 interfercerunt
1808 1342 1981 1399 homi-

388 1455 509 1504 nes,
530 1437 585 1492 id
610 1438 1023 1510 est‘prophetas,
1044 1442 1099 1494 et
1118 1439 1182 1493 in
1202 1436 1666 1509 concupiscentia
1686 1450 1793 1491 sua
1814 1431 1978 1488 caeci-

388 1527 601 1585 derunt
618 1543 814 1584 nervos
845 1525 1016 1583 847
1032 1532 1219 1593 tauro,
1240 1525 1295 1581 id
1316 1534 1399 1582 est
1418 1525 1647 1589 Christo,
1674 1538 1836 1595 quem
1859 1525 1984 1591 post

389 1632 576 1672 necem
614 1616 1006 1686 Prophetarum
1054 1615 1437 1672 interfecerunt
1484 1614 1549 1678 ιι,
1590 1620 1643 1668 et
1679 1607 1981 1681 sufﬁgendo

388 1722 587 1765 nervos
627 1706 672 1745 12
693 1706 812 1776 ejus
855 1705 1022 1762 clavis
1049 1705 1426 1762 desaevierunt.
1467 1702 1756 1768 Caeterum,
1787 1713 1980 1754 vanum

1059 317 1506 383 TERTULLIANI
1543 317 1814 383 OPERUM
1849 315 2020 383 PARS
2042 315 2126 380 ‘II.
2164 343 2239 363 -
2272 310 2502 378 SERIES
2554 314 2602 389 Ι,
2647 316 2992 381 POLEMIGA.

3568 262 3678 383 37d

2676 443 2900 502 CAPUT
2938 444 3097 503 XIX.
3122 456 3127 465 '

2153 535 2270 605 Age
2297 530 2539 600 nunc,~si
2569 532 2749 606 legisti
2779 551 2948 604 penes
2987 535 3158 592 David
3196 538 3370 608 (Psal.
3404 555 3529 610 xcv,
3565 537 3679 611 10),

2079 624 2347 681 Dominus
2392 626 2650 694 regnavit
2681 639 2717 679 a
2751 625 2920 697 ligno,
2957 635 3206 704 exspecto
3230 627 3359 700 quid
3387 628 3679 702 intelligas,

2080 710 2186 767 nisi
2229 710 2366 768 forte
2410 711 2699 784 lignarium
2742 713 2973 786 aliquem
3019 732 3203 787 regem
3251 717 3545 789 signiﬁcari
3586 719 3683 774 Ju-

2083 802 2342 865 daeorum,
2394 810 2446 855 et
2487 816 2594 857 non
2640 803 2931 872 Christum,
2978 808 3070 878 qui
3116 806 3310 862 exinde
3356 824 3387 861 a
3427 809 3685 878 passione

2081 889 2217 962 ligni
2257 898 2505 960 superata
2545 899 2714 947 morte
2766 895 3033 968 regnavit.
3078 896 3191 951 Etsi
3238 897 3381 951 enim
3420 913 3569 953 mors
3615 898 3682 952 ab

2083 978 2259 1034 Adam
2314 979 2557 1052 regnavit
2611 996 2783 1053 usque
2826 983 2894 1037 ad
2948 984 3246 1053 Christum,
3291 998 3388 1042 cur
3442 986 3686 1042 Christus

2083 1081 2193 1122 non
2238 1083 2498 1139 regnasse
2543 1068 2748 1124 dicatur
2778 1087 2809 1125 a
2850 1071 3017 1144 ligno,
3059 1089 3123 1129 ex
3162 1091 3269 1145 quo
3309 1074 3487 1130 crucis
3534 1075 3684 1148 ligno

2084 1169 2353 1226 mortuus,
2417 1172 2647 1231 regnum
2720 1162 2911 1217 mortis
2995 1164 3266 1219 exclusit?
3337 1164 3568 1220 Proinde
3632 1160 3686 1220 et

2084 1246 2248 1302 Isaias
2276 1246 2408 1317 (Isa.
2441 1263 2522 1313 ut,
2554 1250 2611 1317 6)
2643 1266 2657 1303 :
2701 1250 2991 1320 Quoniam,
3018 1253 3207 1325 inquit,
3240 1271 3383 1328 puer
3402 1259 3578 1313 natus
3603 1258 3689 1312 est

2084 1334 2260 1399 nobis,
2295 1339 2353 1393 et
2383 1336 2549 1393 datus
2578 1342 2663 1395 est
2693 1342 2851 1397 nobis
2870 1344 3031 1411 ﬁlius
3053 1343 3120 1398 ³ο,
3152 1342 3297 1415 Quid
3322 1345 3468 1410 novi,
3501 1343 3548 1399 si
3578 1359 3686 1401 non

2085 1424 2155 1479 de
2175 1424 2309 1480 Filio
2336 1425 2434 1479 Dei
2451 1425 2583 1482 dicit
2611 1426 2697 1481 21?
2729 1430 2901 1502 Cujus
2921 1433 3223 1504 imperium
3252 1436 3469 1504 factum
3489 1439 3573 1492 est
3590 1453 3687 1491 su-

2083 1529 2186 1586 per
2205 1511 2504 1572 humerum
2529 1517 2732 1589 ipsius.
2762 1519 2866 1591 Qui
2897 1522 3117 1578 omnino
3147 1539 3336 1595 regum
3364 1524 3574 1597 insigne
3594 1541 3690 1600 po-

2089 1601 2294 1656 testatis
2334 1618 2447 1658 suae
2487 1604 2707 1660 humero
2737 1607 2968 1676 praefert,
3003 1618 3058 1664 et
3097 1627 3206 1667 non
3237 1622 3328 1667 aut
3362 1612 3537 1682 capite
3566 1613 3688 1669 dia-

2092 1688 2264 1754 dema,
2314 1697 2407 1745 aut
2434 1707 2593 1747 manu
2633 1703 2923 1767 sceptrum,
2955 1696 3126 1756 348
3158 1707 3251 1755 aut
3278 1700 3515 1773 aliquam
3558 1718 3691 1774 pro-

392 1795 459 1866 si,
518 1804 642 1866 post
688 1775 995 1866 homicidia,
1052 1794 1280 1865 alicujus
1324 1794 1480 1851 bovis
1527 1791 1635 1847 illis
1689 1787 1982 1860 exprobrat
2016 1775 2059 1853 Β
2089 1777 2220 1847 Ρτίω
2268 1778 2435 1836 Vestis
2474 1789 2689 1851 ηοιδπις
2722 1785 2815 1840 58d
2862 1786 3008 1841 SOIUS
3049 1802 3222 1845 novus
3270 1805 3373 1845 rex
3425 1806 3691 1848 novorum

393 1881 775 1941 carniﬁcinam.
823 1884 938 1938 Jam
995 1898 1123 1941 vero
1170 1884 1405 1954 Moyses,
1451 1881 1578 1952 quid
1625 1878 1810 1950 utique
1859 1884 1987 1932 tunc

394 1979 620 2037 tantum,
659 1987 779 2029 cum
825 1973 984 2027 Iesus
1021 1975 1279 2031 adversus
1320 1971 1577 2028 Amalech
1614 1966 1981 2042 praeliabatur,

392 2063 641 2134 expansis
669 2060 917 2117 manibus
947 2063 1137 2118 orabat
1175 2061 1220 2099 13
1245 2061 1519 2126 residens;
1551 2056 1768 2129 quando
1807 2054 1864 2109 in
1897 2070 1986 2109 re-

394 2151 494 2206 bus
532 2157 637 2205 tam
668 2150 926 2222 attonitis,
959 2152 1129 2224 magis
1158 2150 1339 2220 utique
1376 2148 1606 2220 genibus
1624 2145 1884 2218 depositis
1918 2143 1983 2212 1’s,

394 2248 448 2295 et
492 2238 742 2296 manibus
773 2240 1099 2297 caedentibus
1136 2248 1342 2311 pectus,
1378 2247 1429 2294 et
1470 2237 1604 2292 facie
1642 2234 1794 2291 humi
1830 2233 1986 2288 volu-

394 2334 563 2398 ῑθηῒθν
612 2332 909 2389 orationem
949 2331 1325 2388 commendare
1360 2326 1659 2395 debuisset;
1712 2322 1815 2377 nis:
1865 2320 1989 2388 quia

391 2416 500 2474 illic
546 2418 637 2473 ubi
670 2419 715 2457 15
751 2434 945 2474 nomen
987 2417 1202 2475 Domini
1241 2419 1369 2473 Jesu
1409 2417 1455 2454 ιδ
1494 2411 1799 2475 dimicabat,
1840 2408 1989 2463 dimi-

395 2505 563 2563 caturi
604 2509 925 2580 quandoque
966 2508 1225 2565 adversus
1251 2505 1547 2571 diabolum,
1577 2500 1754 2557 crucis
1773 2512 1989 2567 quoque

391 2604 505 2652 erat
546 2596 760 2652 habitus
789 2597 1147 2663 necessarius,
1190 2613 1285 2665 per
1332 2609 1491 2665 quam
1519 2593 1673 2646 Jesus
1709 2587 1986 2643 victoriam

391 2692 535 2740 esset
586 2685 851 2742 relaturus
877 2688 905 2742 ‘l
951 2685 1095 2741 Idem
1136 2699 1323 2739 rursus
1362 2685 1576 2752 Moyses
1622 2679 1814 2750 (Nam.
1861 2677 1986 2746 χχι)

394 2780 516 2843 post
541 2772 878 2829 interdictam
909 2773 1085 2829 omnis
1104 2772 1182 2826 rei
1220 2770 1640 2831 similitudinem,
1665 2781 1760 2823 cur
1788 2778 1986 2818 aereum

395 2874 719 2933 serpentem,
769 2863 918 2937 ligno
975 2861 1308 2931 impositum,
1351 2855 1632 2930 pendentis
1682 2853 1870 2911 habitu
1933 2851 1987 2905 in

394 2951 764 3020 spectaculum
804 2950 986 3004 Israeli
1011 2951 1053 2987 17
1076 2950 1308 3004 salutare
1335 2945 1619 3019 preposuit
1646 2956 1711 2998 eo
1739 2950 1982 3012 tempore

2052 1888 2057 1893 ο
2091 1881 2328 1922 ωνοτιιηι
2377 1866 2616 1924 Christus
2656 1871 2833 1940 Jesus,
2866 1890 3022 1931 novae
3061 1878 3250 1949 gloriae
3282 1887 3333 1934 et
3370 1886 3685 1948 potestatem

2091 1962 2144 2011 et
2191 1953 2568 2012 sublimitatem
2608 1975 2758 2015 suam
2806 1962 3030 2021 humero
3067 1967 3276 2036 extulit,
3326 1983 3536 2025 crucem
3581 1969 3687 2025 sci-

2090 2043 2233 2112 licet,
2285 2051 2360 2111 ut,
2408 2049 2697 2103 secundum
2738 2054 3069 2121 superiorem
3112 2057 3465 2127 prephetiam,
3497 2059 3691 2115 exinde

2091 2130 2353 2187 Dominus
2406 2147 2651 2206 regnaret
2697 2154 2728 2192 a
2781 2140 2946 2211 ligno.
2991 2144 3105 2200 Hoc
3151 2144 3356 2213 lignum
3393 2154 3445 2202 et
3502 2147 3721 2204 Hiere-r

2095 2226 2229 2281 mias
2281 2227 2502 2297 (larem.
2552 2247 2631 2301 χι,
2679 2234 2734 2303 9)
2784 2236 2879 2292 tibi
2925 2238 3179 2306 insinuat,
3227 2243 3453 2300 dicturis
3490 2246 3693 2317 praedi-

2095 2330 2226 2371 cans
2252 2317 2484 2407 Iudaeis:
2520 2322 2735 2393 Venite,
2774 2328 3078 2386 mittamus
3099 2332 3147 2369 ²²
3170 2334 3386 2405 lignum
3406 2335 3467 2389 in
3484 2351 3695 2407 panem

2095 2407 2234 2475 ejus,
2279 2405 2464 2477 utique
2501 2407 2553 2462 in
2577 2426 2793 2482 corpus.
2829 2416 2917 2473 Sic
2946 2419 3091 2473 enim
3129 2421 3274 2475 Deus
3311 2422 3366 2476 in
3400 2405 3693 2497 Evangelio

2093 2507 2307 2584 quoque
2345 2507 2521 2584 vestro
2563 2502 2815 2559 revelavit
2846 2521 3037 2577 panem
3081 2524 3278 2582 corpus
3315 2528 3474 2566 suum
3503 2515 3725 2584 appel-.

2096 2581 2401 2679 lansn(52),
2455 2593 2507 2639 ut
2556 2595 2610 2679 et
2661 2590 2784 2647 hinc
2813 2595 2931 2679 jam.
2972 2612 3097 2651 eum
3144 2581 3414 2672 intelligas
3454 2581 3700 2674 corporis

2096 2670 2177 2725 sui
2215 2670 2442 2761 ﬁguram
2491 2677 2613 2744 pani
2646 2680 2694 2718 2³
2732 2670 2971 2755 dedisse,
3014 2688 3171 2757 cujus
3216 2670 3357 2744 retro
3404 2670 3604 2761 corpus
3642 2693 3697 2746 in

2096 2774 2289 2828 panem
2332 2760 2629 2833 Prophetes
2665 2768 2933 2843 figuravit,
2963 2775 3083 2844 ipso
3121 2778 3353 2834 Domino
3385 2760 3704 2836 hocisacra-

2094 2857 2330 2940 mentum
2362 2861 2547 2921 postea
2584 2854 3016 2929 interpretaturo.
3063 2865 3118 2920 Si
3157 2866 3332 2921 adhuc
3358 2868 3557 2940 quaeris
3586 2870 3705 2924 Do-

2089 2937 2301 3028 minicae
2330 2943 2506 2997 crucis
2545 2947 3001 3018 praedicationem,
3034 2954 3162 3009 satis
3213 2957 3328 3026 jam
3376 2937 3478 3011 tibi
3520 2967 3706 3028 potest

391 3054 501 3109 quo
529 3054 556 3092 a
587 3039 928 3109 serpentibus
958 3036 1293 3094 exterminati
1332 3042 1476 3099 sunt,
1508 3033 1611 3088 nisi
1667 3029 1808 3104 quod
1850 3029 1897 3066 18
1932 3033 1984 3084 et
2015 3061 2059 3140 ὓ
2087 3024 2267 3125 facere
2323 3028 2610 3088 vicesimus
2665 3037 2870 3105 primus
2918 3043 3155 3111 psalmus
3187 3024 3227 3108 ,ἡ
3273 3052 3434 3100 totam
3502 3024 3703 3102 Chriin

392 3126 481 3181 hic
526 3126 823 3184 Dominicze
864 3126 1041 3183 crucis
1095 3125 1180 3183 via
1222 3124 1536 3189 intentabat,
1597 3135 1702 3192 qua
1756 3132 1981 3187 serpens

395 3214 638 3270 diabolus
677 3214 1071 3285 publicabatur,
1105 3221 1160 3270 et
1186 3214 1316 3269 lasso
1354 3212 1550 3285 cuique
1586 3226 1619 3265 a
1655 3206 1984 3279 spiritalibus

395 3302 653 3370 colubris,
694 3294 923 3360 intuenti
967 3313 1149 3360 tamen
1197 3311 1250 3360 et
1295 3300 1532 3358 credenti
1579 3299 1635 3353 in
1682 3313 1802 3351 eam
1840 3293 1982 3350 sani-

396 3401 476 3449 tas
504 3407 780 3448 morsuum
816 3400 1187 3466 peccatorum,
1222 3398 1276 3448 et
1304 3390 1455 3446 salus
1485 3388 1531 3427 19
1550 3385 1743 3443 exinde
1784 3381 1986 3454 praedi-

392 3482 629 3538 cabatur.
1502 3504 1505 3505 ν

2088 3114 2366 3209 continens
2416 3122 2721 3189 passionem
2768 3128 2905 3201 (53),
2954 3132 3199 3188 canentis
3221 3133 3336 3203 jam
3394 3138 3523 3191 tunc
3573 3136 3703 3209 glo-

2090 3203 2219 3258 riam
2247 3221 2440 3266 suam:
2475 3213 2776 3283 Fuderunt,
2809 3217 2978 3291 inquit
3008 3222 3183 3292 (Psal.
3208 3240 3317 3293 χχι,
3353 3225 3460 3293 l7),
3493 3203 3704 3282 manus

2090 3308 2242 3350 meas
2274 3299 2329 3350 et
2361 3299 2564 3369 pedes;
2611 3319 2730 3373 quze
2769 3308 2983 3377 preprie
3029 3310 3280 3367 atrocitas
3322 3313 3369 3351 2³⁸
3408 3313 3602 3368 crucis.
3636 3314 3709 3368 Et

2095 3396 2302 3450 rursus,
2344 3400 2462 3440 cum
2502 3392 2768 3447 auxilium
2808 3395 2977 3450 Patris
3013 3397 3260 3468 implorat
3295 3418 3306 3456 :
3338 3403 3587 3464 Salvum.
3624 3401 3710 3454 ill-

2096 3470 2211 3542 quit
2238 3472 2392 3543 (Ibid.
2427 3479 2541 3549 22),
2570 3484 2666 3549 [ac
2694 3499 2784 3541 me
2813 3501 2885 3543 ex
2913 3503 3005 3543 ore
3039 3489 3235 3555 leonis,
3268 3491 3452 3564 utique
3480 3492 3710 3559 mortis;

1763 3569 1957 3631 Varia:
2011 3570 2322 3633 lectiones.

466 3679 491 3718 9
527 3680 759 3752 Exporr.
788 3677 985 3735 bened.
1026 3680 1215 3752 omitt.
1245 3676 1420 3752 Rhen.
1456 3670 1627 3752 ξειηὶ.
1656 3666 1875 3752 Oberlin
1896 3664 1951 3752 ,ιο
2071 3671 2153 3752 est
2178 3669 2364 3752 antiit:
2385 3675 2558 3752 Fran.
2594 3678 2636 3752 ξι
2667 3680 3054 3739 Interfecerunt
3083 3690 3273 3743 omitt.
3307 3687 3482 3746 Rhen.
3526 3690 3711 3752 Seml;

402 3734 638 3841 ,ρδςνιςιξ
1061 3747 1419 3841 unum
1785 3734 2647 3841 ozannmsmeera
2675 3751 2719 3789 ιιι
2752 3734 2949 3841 Pisas
2967 3734 3482 3841 ῖέρςέῑῖδίεέδέῑίίέ
3519 3734 3715 3841 ariis

396 3806 491 3876 Est
517 3806 647 3898 αοέιξ-
678 3820 854 3898 ωεξη-
884 3806 1313 3898 εθηιέςοιὶετινι·
1358 3816 1405 3898 £6
1433 3806 2295 3898 JsSe.01"it.‘.-__3€.’Z?i-.”.}St‘£e'§
2333 3816 2521 3898 9W“:
2572 3821 2744 3898 Rim-
2772 3806 2955 3898 §emll
2978 3806 3651 3898 Ὄιῖὲῖιίιῗῖδῗῖὀῖιοέἰὶίι
3682 3833 3716 3886 ?

397 3907 464 3947 an
490 3900 546 3948 et
572 3891 661 3947 hic
688 3876 897 3947 caetera
916 3891 1106 3948 omitt.
1138 3891 1315 3945 Rhen.
1350 3886 1516 3958 seml.
1552 3884 1598 3922 19
1626 3881 1837 3958 sanitas
1874 3876 2042 3958 Sensi.-
2076 3876 2126 3914 ²⁰
2173 3879 2423 3958 Etdatus
2447 3894 2528 3943 est
2557 3876 2716 3948 nobis
2735 3876 2742 3878 ⁷
2763 3876 3716 3958 δὶἰίίέὀνῆἕιῖἶὲὲηιι.’ὶᾶἵιῖἳῗὶῑί

398 3965 662 4045 datusest
680 3961 836 4016 nobis
865 3960 996 4017 add.
1031 3960 1202 4018 Seml.
1225 3959 1274 3998 ²²
1296 3957 1606 4029 Injiciamus
1637 3952 1806 4012 Seml.
1838 3952 2189 4020 conjiciamus
2204 3953 2284 4008 al.
2315 3954 2363 3991 2³
2383 3957 2540 4015 Panis
2570 3964 2737 4021 Seml.
2772 3966 2821 4003 2"
2858 3952 3716 4045 Propriaatrociasemipmpnie

397 4032 598 4090 atrocia
620 4034 751 4089 Par.

1792 4094 2292 4157 Commentarius.

396 4201 823 4260 Christianorum
858 4200 1052 4268 hostis,
1096 4199 1272 4257 crucis
1309 4199 1466 4272 signo
1503 4212 1561 4253 se
1597 4194 1808 4272 munire
1844 4193 1992 4272 sole-

399 4277 489 4347 bat
523 4282 710 4347 contra
736 4281 959 4347 spectra
996 4265 1052 4328 et
1088 4265 1403 4347 nocturnos:
1429 4279 1682 4347 terrores.
1724 4266 1783 4347 Id
1803 4265 1995 4347 _ret:ert

398 4344 697 4418 Gregorius
734 4337 985 4418 Naaiana.
1025 4351 1185 4418 orat,
1211 4348 1261 4409 1,
1293 4341 1351 4397 in
1376 4341 1676 4411 lulianum;
1717 4345 1771 4396 et
1799 4337 1992 4407 Corip-

398 4415 539 4489 pus;
573 4415 669 4483 lib,
707 4431 768 4483 ιι,
810 4415 876 4470 de
922 4416 1133 4471 Justino
1170 4415 1304 4488 imp.
1340 4432 1353 4470 :

461 4504 721 4567 Egreditur
753 4518 869 4554 cum
895 4503 1002 4567 lege
1025 4518 1141 4567 sua,
1175 4505 1490 4567 frontemque
1518 4514 1744 4567 serenam
1838 4510 1853 4519 '

461 4565 912 4636 Aimavittsancali
940 4565 1129 4636 faciens
1163 4565 1421 4636 signacula
1451 4565 1593 4627 ligni.
1621 4624 1655 4636 η
1699 4632 1708 4636 _
1836 4623 1856 4636 η
1894 4622 1904 4632 ο

401 4629 618 4687 Veteres
664 4623 792 4686 olim
851 4629 1181 4685 Christianos
1211 4623 1545 4699 'promiscue
1604 4624 1777 4699 dictos
1832 4623 1998 4678 fuisse

293 4756 299 4763 .
400 4701 746 4759 Christicolas
774 4710 829 4757 et
855 4700 1149 4757 crucicolas
1189 4696 1258 4757 ob
1302 4714 1569 4757 summam
1607 4696 1783 4754 crucis
1826 4710 1997 4752 vene-

402 4773 668 4828 rationem
721 4771 878 4829 docet
921 4771 1222 4828 Adhelmus
1267 4773 1364 4829 lib.
1410 4773 1477 4830 de
1526 4772 1667 4841 Virg.
1717 4783 1836 4838 cap.
1910 4768 1996 4821 17.

296 4882 305 4887 η
400 4844 474 4899 Le
518 4845 615 4899 Pa.

475 4916 588 4986 (52)
610 4917 823 4998 Panem
840 4931 1039 4998 corpus
1066 4932 1232 4973 suum
1261 4910 1748 4998 appellans.lQ_uod
1879 4926 1999 4998 ver-

402 4982 874 5064 b_is'_con_ﬁrmetur
908 4982 1104 5064 veritas
1142 4982 1384 5064 corpdris
1428 4985 1657 5064 Domini
1681 4984 1762 5064 in_
1782 4982 1998 5064 Eucha:

405 5056 556 5111 ristia
598 5056 775 5181 Sjuxta
813 5057 976 5112 verba
1019 5053 1484 5129 Evangelistarum
1522 5067 1577 5113 et
1623 5057 1682 5111 B.
1723 5053 1898 5120 Pauli,
1931 5053 1998 5106 ad

405 5144 529 5181 aute
574 5128 763 5181 aludit
815 5127 1040 5181 Auctor)
1086 5146 1191 5181 non
1246 5146 1346 5181 nos
1402 5130 1563 5181 modo
1793 5126 1886 5178 sed
1944 5131 1998 5179 et

401 5144 529 5199 quae
574 5126 763 5182 alludit
815 5127 1040 5200 Auctor)
1086 5126 1200 5185 non
1246 5146 1346 5186 nos
1402 5130 1734 5200 modo
1793 5126 1886 5178 sed
1944 5131 1998 5179 et

402 5199 506 5276 ipsi
535 5199 1029 5276 Magdeburgenses
1065 5210 1406 5276 annotarunt,
1450 5204 1550 5254 hoc
1590 5199 1998 5276 loc9__cqmpr9-

404 5271 595 5346 bantcs
623 5270 777 5346 fvere
807 5281 883 5346 _et
925 5272 1356 5346 __substantialiter
1384 5342 1393 5346 _
1421 5287 1620 5343 corpus
1665 5270 1879 5346 Christi
1940 5270 1996 5346 in

404 5342 743 5399 Eucharistia
787 5342 1065 5409 distribui;
1116 5344 1168 5396 in
1218 5345 1319 5398 hoc
1364 5338 1620 5396 duntaxat
1664 5338 1996 5403 hallucinati,

402 5416 533 5469 dum
580 5414 723 5470 hunc
777 5412 955 5469 locum
1002 5414 1167 5468 citant
1220 5414 1295 5467 uti
1351 5412 1580 5481 probent
1628 5424 1822 5481 panem
1874 5424 1997 5463 cum

400 5500 631 5556 corpore
683 5484 903 5556 Domini
948 5480 1494 5556 remanerc.i_Verum
1536 5482 1655 5539 id...
1703 5480 1997 5552 impugna-

402 5553 650 5614 vinius...
683 5556 766 5610 vel
798 5569 864 5609 eo
891 5554 1012 5624 ipso
1040 5554 1201 5627 ’quod
1245 5553 1420 5610 dicat:
1454 5571 1662 5627 panem
1692 5568 1863 5627 suum
1884 5567 2000 5627 cor-

406 5643 511 5701 pus
558 5628 872 5700 appellans,
905 5634 996 5682 aut
1025 5624 1260 5697 faciens,
1295 5641 1421 5683 cum
1450 5624 1650 5700 alioqui
1679 5625 1860 5682 dic-.re
1899 5624 2000 5680 dc-

2100 4191 2336 4285 buis‘se‘t,.
2379 4201 2443 4256 in
2468 4220 2625 4285 pane
2658 4209 2739 4264 vel
2775 4211 2875 4285 sub
2914 4228 3082 4285 pane.
3130 4213 3317 4285 Neque
3364 4227 3490 4285 vero
3521 4212 3714 4285 obstat

2100 4220 2336 4280 nuisset,
2379 4220 2625 4327 indpane
2658 4220 2739 4264 vel
2775 4220 2875 4267 sub
2914 4228 3082 4294 pane.
3125 4220 3317 4295 μεριιθ
3364 4227 3490 4294 "To
3521 4220 3714 4293 ob?”

2100 4268 2244 4356 quod
2283 4269 2374 4351 litc
2414 4275 2637 4356 aditur
2676 4296 2691 4334 :
2729 4301 2752 4331 α
2788 4283 2859 4339 Ut
2886 4294 2940 4356 et
2970 4284 3093 4356 hinc
3116 4298 3232 4353 jam
3270 4300 3390 4356 eum
3434 4285 3716 4356 mtelllsas

2102 4347 2473 4427 corporisﬂsui
2520 4347 2746 4427 ligurem
2791 4354 2918 4424 pani
2952 4347 3171 4427 dedisse
3204 4374 3226 4405 ι
3263 4355 3363 4419 (sic
3386 4354 3535 4427 enim
3574 4347 3718 4427 Ῑέὲί·

2102 4425 2224 4499 mus
2254 4428 2319 4499 ei:
2348 4413 2614 4499 Vatia),
2645 4437 2742 4492 pro
2768 4413 2937 4499 pane,
2969 4426 3115 4499 quod
3143 4413 3313 4499 magis
3343 4426 3516 4499 placet
3536 4413 3717 4499 qui}!!!

2105 4489 2411 4562 (σωθείητε
2428 4489 2880 4569 Latinii,'corpori
2898 4489 3264 4569 suo-ﬁguram
3278 4489 3424 4569 pane
3441 4489 3713 4567 dedisse),

2107 4561 2320 4640 quia..."
2379 4561 2776 4640 quodammodo
2823 4575 2876 4621 et
2937 4561 3137 4624 veriias
3197 4561 3439 4640 corporis
3482 4561 3713 4638 Christi,

2109 4632 2163 4678 et
2210 4626 2489 4710 figura—est
2523 4633 2587 4710 in
2618 4634 2732 4710 _h_oc
2759 4648 3204 4710 _sacramento....
3236 4626 3330 4694 His
3375 4639 3512 4695 adde
3559 4626 3715 4709 quod

2108 4701 2300 4778 merito
2328 4701 2446 4768 quis
2473 4701 2816 4771 addubitarit,
2847 4724 2974 4763 num
3003 4709 3148 4766 dicta
3173 4711 3357 4775 verba,
3382 4715 3451 4767 ut
3483 4715 3541 4767 et
3570 4701 3717 4768 hinc

2098 4785 2251 4851 ,φατηἱ
2276 4778 2401 4836 etc.,
2433 4788 2691 4851 germana
2729 4778 2836 4832 sint
2862 4780 3113 4851 Auctoris
3157 4798 3347 4848 necne,
3378 4789 3471 4836 aut
3515 4783 3712 4837 saltem

2108 4846 2309 4922 omnia,
2348 4857 2421 4925 .eo
2470 4846 2615 4914 quod
2659 4850 3003 4925 supra_libro
3050 4851 3176 4925 adv.
3215 4846 3372 4925 Jud.,
3432 4868 3611 4925 neque
3656 4855 3715 4908 in

2107 4913 2612 4990 exc_u_sis_legantur,
2635 4913 2810 4990 neq'ue
2837 4920 2890 4975 in
2920 4937 3023 4977 ms.
3056 4913 3522 4980 codicibusfPau.‘

2144 4984 2288 5064 _(53)
2319 4984 2615 5065 Vicesimus
2629 4984 2853 5065 primus
2874 4994 3130 5065 psalmus
3154 4997 3330 5050 totam
3359 4996 3565 5052 Christi
3581 5010 3721 5053 con-

2107 5055 2292 5111 tinens
2326 5073 2477 5138 pass.
2526 5055 2777 5138 Similiter
2820 5055 2891 5117 ΒῙ
2921 5066 3418 5138 Justinusadvers.
3459 5066 3725 5138 Trypho-

2103 5140 2226 5180 nem
2260 5144 2273 5181 :
2311 5131 2560 5210 plstum,
2610 5131 2801 5210 inquit,
2834 5151 2937 5191 non
2978 5139 3030 5191 in
3070 5137 3341 5192 Christum
3385 5131 3719 5210 conceptum

2106 5211 2243 5279 esse_
2278 5200 2795 5279 aitis,_caecutientes
2832 5222 3073 5278 prorsus,
3122 5223 3297 5279 neque
3325 5200 3719 5278 intelligentvs,

2104 5272 2369 5351 neminem
2419 5274 2479 5351 in
2524 5280 2684 5351 gente
2746 5272 2941 5350 vestra,
3001 5272 3093 5350 qui
3148 5272 3386 5350 utiquam
3424 5272 3536 5335 Rei
3592 5272 3726 5339 sive

2108 5340 2350 5421 Christus
2389 5345 2456 5400 sit
2511 5340 2702 5416 dictus,
2754 5340 2944 5405 manus
2995 5340 3049 5421 εἰ
3098 5340 3264 5421 ι)θάθέ
3320 5367 3443 5407 cum
3500 5351 3727 5409 viveret

2107 5413 2426 5491 perfossum,
2461 5433 2640 5488 neque
2670 5413 2767 5490 per
2794 5413 3112 5491 mysterium
3140 5424 3248 5479 hoc
3275 5433 3569 5488 mortuum,
3608 5425 3724 5481 hoc

2105 5494 2184 5539 est
2211 5486 2265 5542 in
2295 5504 2450 5561 cruce
2486 5486 2803 5560 suspensum
2851 5486 2993 5561 esse,
3037 5502 3185 5550 extra
3224 5495 3369 5549 hunc
3396 5486 3568 5548 solum
3602 5495 3717 5551 Je-

2107 5573 2279 5636 sum.»
2313 5558 2437 5636 Qua
2457 5558 2732 5618 occasione
2760 5558 3006 5636 proinde,
3039 5566 3398 5636 pulcherrime
3426 5564 3566 5621 Psal.
3612 5581 3722 5623 ιιι

2106 5627 2376 5703 integrum
2424 5627 2803 5705 interpretatur
2839 5644 2891 5689 et
2926 5627 3203 5694 latissime.
3237 5637 3377 5692 Pan.
