4018 6192
268 266 370 335 3T7

1462 266 1588 331 LIB.
1629 266 1703 331 Ili
1740 265 1895 331 ADV.
1945 264 2357 335 MARCIONEM.

3461 272 3568 344 378

261 398 398 492 et
417 397 683 492 cornibus
700 394 993 456 unicornis
1009 396 1058 437 2³
1079 396 1504 492 humilitatem,-
1529 398 1594 454 de
1609 397 1856 471 apicibus
1889 411 1937 492 Α
1968 402 2144 462 Filius
2165 422 2324 465 meus
2342 422 2397 465 es
2420 409 2602 479 tu,ego
2626 401 2786 464 hodie
2803 409 3066 480 gener-avi
3088 411 3164 467 te.
3188 408 3419 468 Postula
3436 407 3501 467 de
3517 409 3567 451 33

263 490 468 548 scilicet
497 489 692 558 crucis,
740 500 802 547 ut
846 506 1009 565 supra
1048 491 1402 549 ostendimus.
1434 488 1601 559 Quam
1645 504 1859 548 crucem

263 597 361 637 nec
388 579 510 652 ipse
535 578 708 637 David
739 596 932 652 passus
963 586 1070 651 est,
1093 597 1193 638 nec
1220 579 1362 637 ullus
1392 597 1484 637 rex
1511 579 1817 636 Iudaeorum
1845 593 1859 650 ;

262 686 327 727 ne
387 679 547 742 putes
601 669 828 726 alterius
881 669 1109 740 alicujus
1160 670 1471 742 prophetari
1530 668 1857 740 passionem,

259 775 420 834 quam
452 761 579 828 ejus
599 758 650 796 26
670 758 762 830 qui
794 758 943 814 solus
979 774 1011 813 a
1040 758 1244 830 pepulo
1274 767 1382 815 tam
1412 757 1694 831 insigniter
1731 775 1859 815 cru-

257 847 455 905 ciﬁxus
485 854 590 904 est.
621 848 777 905 Nunc
807 855 858 903 et
888 848 933 903 si
973 864 1159 905 omnes
1206 848 1337 905 istas
1381 848 1862 920 interpretationes

257 937 533 1009 respuerit
587 944 642 992 et
688 937 922 993 irriserit
982 938 1237 995 haeretica
1292 938 1513 1006 duritia,
1564 937 1859 993 concedam

257 1027 331 1082 illi
363 1025 573 1082 nullam
604 1027 806 1083 Christi
855 1043 1074 1085 crucem
1122 1027 1485 1101 signiﬁcatam
1525 1028 1572 1066 27
1619 1043 1651 1081 a
1699 1026 1864 1082 Crea-

257 1124 373 1171 tore
407 1135 421 1171 :
448 1114 583 1187 quia
612 1132 714 1172 nec
739 1131 803 1172 ex
833 1117 939 1173 hoc
967 1117 1215 1189 probabit
1244 1118 1407 1174 alium
1453 1133 1575 1173 esse
1602 1114 1693 1188 qui
1726 1131 1858 1172 cru-

256 1203 449 1261 ciﬁxus
479 1213 587 1273 est,
619 1205 722 1260 nisi
754 1206 890 1262 forte
918 1206 1216 1263 ostenderit
1242 1207 1385 1263 hunc
1429 1207 1633 1262 exitum
1682 1206 1803 1275 ejus
1831 1221 1862 1259 a

259 1309 355 1349 suo
384 1295 505 1349 Deo
558 1294 945 1366 pradicatum;
990 1304 1052 1353 ut
1097 1295 1383 1355 diversitas
1431 1295 1762 1368 passionum,
1797 1308 1862 1349 ac

256 1399 354 1454 per
379 1384 490 1438 hoc
514 1383 675 1437 etiam
711 1399 1088 1454 personarum,
1137 1401 1202 1441 ex
1248 1384 1564 1445 diversitate
1593 1381 1861 1456 praedica-

258 1470 470 1528 tionum
499 1471 824 1529 vindicetur.
857 1473 1143 1546 Caeterum,
1195 1488 1294 1529 nec
1342 1472 1463 1543 ipso
1501 1472 1718 1528 Christo
1745 1470 1862 1540 ejus

257 1561 574 1633 praedicato,
635 1562 835 1617 nedum
890 1577 1048 1618 cruce
1086 1561 1278 1634 ipsius,
1327 1560 1528 1618 sufﬁcit
1573 1560 1630 1615 in
1678 1574 1859 1617 meum

260 1650 538 1706 Christum
591 1650 767 1706 solius
821 1651 1011 1708 mortis
1067 1653 1372 1725 pr0phetia.
1420 1653 1497 1706 Ex
1562 1651 1664 1706 hoc
1720 1649 1860 1705 enim

261 1740 409 1813 quod
450 1746 559 1796 non
607 1748 689 1796 est
726 1741 872 1820 edita
906 1739 1136 1814 qualitas
1192 1741 1399 1810 mortis,
1450 1740 1628 1812 potuit
1664 1747 1718 1794 et
1768 1754 1866 1810 per

266 1845 483 1885 crucem
523 1830 786 1899 evenisse,
821 1839 945 1887 tunc
999 1830 1089 1885 alii
1136 1830 1465 1904 deputanda,
1497 1826 1668 1886 849
1713 1826 1758 1883 si
1810 1828 1864 1882 in

277 1918 443 1973 alium
486 1918 663 1976 fuisset
707 1921 1081 1992 praedicatum,
1126 1922 1232 1977 nisi
1262 1922 1305 1975 si
1337 1936 1438 1976 nec
1465 1927 1694 1975 mortem
1725 1916 1866 1973 volet

275 2003 477 2060 Christi
506 2005 605 2061 mei
648 2009 1064 2077 prophetatum;
1100 2025 1206 2082 quo
1255 2008 1430 2081 magis
1477 2008 1780 2069 erubescat,
1817 2003 1863 2058 si

264 2110 429 2150 suum
478 2094 700 2168 quidem
744 2097 1014 2154 Christum
1060 2108 1331 2155 mortuum
1375 2096 1673 2163 annuntiat,
1704 2108 1866 2166 quem

261 2193 431 2256 negat
468 2192 656 2240 natum
691 2201 705 2239 :
756 2201 934 2240 meum
975 2200 1105 2244 vero
1152 2187 1430 2243 mortalem
1477 2194 1661 2260 negat,
1705 2198 1865 2254 quem

261 2272 583 2329 nascibilern
614 2273 918 2330 conﬁtetur.
952 2274 1017 2329 Et
1049 2285 1276 2331 mortem
1323 2284 1502 2331 autem
1533 2282 1587 2330 et
1618 2272 1864 2343 sepultu-

260 2376 379 2415 ram
411 2368 467 2416 et
515 2363 968 2420 resurrectionem
1015 2364 1213 2421 Christi
1244 2364 1375 2429 mei,
1410 2381 1515 2419 una
1542 2378 1672 2419 voce
1710 2360 1866 2416 Isaia:

260 2450 388 2507 volo
430 2452 740 2518 ostendere,
772 2451 999 2509 dicentis
1045 2454 1175 2525 (lsa.
1225 2470 1385 2520 LVIII,
1417 2456 1514 2525 2):
1557 2454 1867 2527 Sepultum

262 2542 386 2609 ejus
405 2540 634 2599 sublata
665 2543 731 2600 de
759 2543 940 2599 medio
970 2534 1083 2600 est.
1110 2543 1225 2598 Nec
1252 2543 1495 2614 sepultus
1524 2543 1665 2597 enim
1698 2548 1861 2608 esset,

264 2628 369 2683 nisi
398 2638 683 2696 mortuus;
712 2644 812 2687 nec
838 2632 1110 2704 sepultura
1156 2631 1273 2703 ejus
1320 2629 1528 2686 sublata
1555 2629 1623 2688 de
1659 2631 1861 2699 medio,

265 2717 371 2773 nisi
400 2734 501 2788 per
549 2721 1012 2776 resurrectionem.
1043 2721 1289 2793 Denique
1319 2720 1548 2790 subjecit
1579 2722 1714 2790 (Isa.
1747 2736 1863 2789 LIII,

272 2810 361 2879 l2)
390 2823 403 2859 :
464 2810 774 2880 PrOpterea
803 2811 923 2881 ipse
950 2813 1164 2869 multos
1203 2810 1530 2869 htereditati
1556 2809 1777 2867 habebit
1813 2815 1866 2868 et

1970 508 2080 563 me,
2104 499 2159 552 et
2173 495 2309 554 dabo
2331 498 2437 555 tibi
2454 501 2645 571 gentes
2668 494 3059 555 hazreditatem
3082 502 3263 568 tuam,
3287 502 3342 556 et
3357 515 3566 573 posses-

1969 585 2183 640 sionem
2230 589 2393 643 tuam
2423 588 2697 643 terminos
2755 592 2944 643 terrae.
2995 588 3110 642 Nec
3142 588 3347 658 poteris
3386 589 3565 662 magis

1969 671 2137 729 David
2177 673 2343 730 filium
2382 693 2504 731 eum
2540 677 2609 741 33,
2678 668 2971 741 vindicare,
3029 692 3188 748 quam
3238 677 3558 751 Christum;

1968 772 2059 818 aut
2110 764 2373 820 terminos
2422 764 2578 821 terrae
2625 765 2797 823 David
2856 765 3033 836 potius
3081 765 3399 836 promissos,
3464 767 3562 838 qui

1969 850 2105 906 intra
2170 852 2384 908 unicam
2432 854 2750 911 Iudaeorum
2809 860 3031 924 gentem
3088 853 3352 926 regnavit,
3402 870 3564 926 quam

1969 936 2203 1007 Christo,
2255 942 2346 1013 qui
2398 950 2563 998 totum
2591 943 2699 1013 jam
2724 943 2908 997 orbem
2937 941 3210 1016 Evangelii
3245 940 3326 996 sui
3356 940 3463 996 ﬁde
3484 959 3569 999 ce-

1972 1028 2067 1099 pit.
2101 1028 2191 1085 Sic
2219 1037 2270 1085 et
2309 1046 2407 1102 per
2444 1031 2637 1086 Isaiam
2675 1032 2838 1104 (XLII,
2901 1033 2953 1095 6,
2994 1032 3052 1101 ’7)
3088 1048 3101 1083 :
3154 1033 3292 1087 Ecce
3333 1029 3462 1087 dedi
3513 1035 3567 1089 te

1970 1118 2032 1173 in
2053 1119 2472 1190 dispositionem
2491 1122 2711 1192 generis
2738 1122 2851 1177 mei
2867 1121 2935 1185 ³4,
2966 1121 3030 1175 in
3054 1118 3238 1176 lucem
3259 1120 3566 1175 nationum

1971 1206 2193 1278 aperire
2222 1209 2409 1264 oculos
2425 1225 2722 1274 ctecorum,
2758 1208 2938 1278 utique
2959 1206 3286 1277 errantium;
3314 1208 3570 1265 exsolve-

1972 1311 2032 1352 re
2073 1295 2139 1354 de
2176 1298 2419 1353 vinculis
2471 1299 2704 1363 vinctos,
2739 1297 2793 1352 id
2824 1304 2903 1353 est
2946 1297 3013 1352 de
3054 1295 3265 1352 delictis
3306 1296 3566 1363 liberare;

1968 1389 2027 1439 et
2054 1384 2119 1442 de
2138 1386 2284 1441 cella
2310 1388 2573 1453 carceris,
2593 1386 2645 1443 id
2672 1393 2752 1442 est
2772 1385 2991 1448 mortis;
3016 1383 3271 1440 sedentes
3292 1384 3357 1439 in
3394 1388 3562 1440 tene-

1971 1472 2102 1536 bris,
2135 1474 2454 1545 ignorantia
2480 1473 2703 1530 scilicet.
2733 1474 2869 1545 Quae
2906 1472 2951 1527 si
2997 1488 3089 1543 per
3138 1472 3568 1541 Christunieve-

1972 1559 2144 1628 niunt,
2176 1577 2284 1616 non
2334 1561 2389 1616 in
2432 1562 2598 1617 alium
2653 1572 2817 1618 erunt
2869 1562 3204 1632 prophetam,
3268 1574 3431 1632 quam
3473 1576 3567 1630 per

1971 1666 2128 1727 quem
2189 1650 2459 1708 eveniunt.
2514 1654 2646 1707 Item
2704 1652 2827 1706 alibi
2905 1653 3041 1721 (Isa.
3099 1667 3190 1716 ιν,
3255 1651 3306 1719 4)
3356 1669 3369 1709 :
3427 1653 3567 1708 Ecce

1975 1742 2365 1797 testimonium
2401 1757 2531 1797 cum
2562 1742 2893 1798 nationibus
2921 1742 3101 1814 posui,
3145 1741 3467 1812 principem
3508 1745 3563 1797 et

1971 1830 2353 1901 imperantem
2383 1830 2734 1887 nationibus.
2754 1831 3019 1887 Nationes
3033 1827 3211 1886 350
3227 1846 3356 1901 quae
3379 1833 3432 1884 te
3449 1845 3564 1885 non

1972 1919 2186 1988 sciunt,
2214 1920 2555 1976 invocabant
2598 1924 2668 1983 te,
2701 1925 2758 1976 et
2782 1920 2981 1993 populi
3019 1918 3348 1989 confugient
3379 1917 3451 1972 ad
3489 1920 3561 1973 te.

1973 2008 2090 2063 Nec
2127 2007 2265 2064 enim
2309 2009 2424 2065 haec
2470 2010 2524 2064 in
2561 2008 2732 2064 David
2776 2006 3233 2077 interpretaberis,
3266 2004 3393 2076 quia
3424 2021 3562 2076 pra:-

1974 2095 2118 2151 Inisit
2146 2114 2160 2152 :
2193 2099 2263 2153 Et
2295 2098 2587 2171 disponam
2614 2098 2760 2155 vobis
2796 2098 3218 2170 dispositionem
3261 2099 3559 2157 aeternam,

1974 2186 2236 2259 religiosa
2274 2192 2330 2245 et
2358 2187 2548 2259 ﬁdetia
2569 2188 2759 2246 David.
2793 2186 2995 2257 Atquin
3034 2186 3159 2241 hinc
3195 2184 3370 2258 magis
3416 2181 3568 2240 Chri-

1975 2280 2114 2328 stum
2146 2275 2451 2349 intelligere
2476 2275 2704 2332 debebis
2741 2292 2806 2332 ex
2845 2274 3016 2330 David
3064 2274 3379 2345 deputatum
3435 2286 3564 2326 car-

1975 2361 2083 2416 nali
2128 2378 2351 2436 genere,
2398 2365 2466 2420 ob
2516 2363 2695 2420 Mariae
2742 2362 2968 2438 virginis
3023 2377 3278 2426 censum;
3339 2360 3408 2415 de
3464 2360 3570 2416 hoc

1976 2452 2118 2507 enim
2147 2453 2658 2525 promisso,juratur
2685 2453 2740 2508 in
2773 2453 2978 2523 psalmo
3006 2452 3180 2523 (Psal.
3240 2464 3438 2517 cxxm,
3475 2450 3565 2517 11)

1976 2541 2040 2595 ad
2068 2541 2236 2596 David
2269 2558 2282 2595 :
2319 2545 2406 2599 Ea:
2451 2545 2654 2613 fructu
2690 2544 2909 2601 ventris
2947 2543 3036 2599 tui
3077 2539 3351 2598 collocabo
3399 2552 3567 2610 super

1979 2629 2250 2689 thronum
2281 2633 2471 2688 tuum.
2504 2630 2643 2700 Quis
2670 2630 2773 2685 iste
2792 2636 2987 2687 venter
3014 2631 3144 2684 est?
3164 2628 3335 2699 ipsius
3355 2624 3564 2681 David?

1975 2716 2171 2792 Utique
2215 2736 2361 2785 non;
2416 2736 2596 2792 neque
2657 2718 2804 2774 enim
2862 2717 3131 2789 pariturus
3176 2723 3317 2771 esset
3369 2712 3560 2769 David.

1975 2807 2081 2863 Sed
2111 2824 2213 2864 nec
2239 2808 2426 2865 uxoris
2454 2811 2613 2880 ejus;
2647 2823 2756 2866 non
2804 2807 2948 2863 enim
3006 2805 3264 2860 dixisset:
3316 2805 3401 2858 Em
3431 2803 3559 2870 [ru-

271 2872 590 2953 multorum
631 2872 846 2955 dividet
874 2900 1076 2972 spolia.
1107 2900 1246 2971 Quis
1284 2899 1429 2955 enim
1457 2899 1613 2970 alius,
1647 2898 1749 2953 nisi
1775 2898 1867 2970 qui
1900 2872 1944 2952 C
1971 2902 2068 2954 ctu
2104 2901 2321 2956 ventris
2344 2900 2435 2956 tui
2458 2872 2819 2968 :‘sed'potius,
2851 2920 2874 2948 κ
2902 2896 2979 2952 Ex
3000 2895 3178 2952 fructu
3201 2890 3403 2948 ventris
3420 2902 3561 2944 uxo-

276 2990 441 3038 natus
461 2994 558 3047 est,
585 2993 642 3039 ut
672 3000 834 3056 supra
864 2987 1243 3044 ostendimus?
1270 2990 1377 3046 Pro
1407 3005 1469 3048 eo
1500 2988 1649 3062 quod
1690 2988 1870 3045 tradi-

292 3076 349 3126 ta
382 3077 461 3127 est
507 3074 693 3129 anima
742 3077 865 3146 ejus
911 3078 975 3131 in
1018 3080 1280 3135 mortem.
1312 3077 1548 3134 Ostensa
1596 3080 1683 3131 est
1721 3077 1866 3132 enim

284 3174 451 3214 causa
475 3162 646 3233 gratiae
675 3164 858 3234 hujus,
906 3181 1006 3237 pro
1053 3164 1251 3237 injuria
1296 3166 1504 3223 scilicet
1550 3166 1744 3222 mortis
1785 3182 1865 3222 re-

277 3247 569 3313 pensanda
596 3269 610 3304 :
652 3252 855 3322 pariter
883 3260 1163 3310 ostensum
1191 3262 1292 3324 est,
1324 3255 1441 3311 haec
1466 3253 1615 3309 illum
1647 3261 1866 3325 pr0pter

270 3344 502 3391 mortem
540 3351 953 3397 consecuturum
999 3343 1066 3413 2⁸,
1113 3351 1233 3415 post
1279 3350 1508 3399 mortem
1534 3342 1724 3415 utique
1768 3356 1865 3414 per

266 3425 717 3485 resurrectionem
744 3440 1157 3485 consecuturum
1186 3432 1258 3485 29.

875 3519 1097 3577 CAPUT
1133 3520 1260 3576 XX.

341 3602 556 3660 Sufﬁcit
601 3605 885 3680 hucusque
912 3607 981 3664 de
1012 3608 1097 3665 his
1126 3608 1340 3664 interim
1373 3609 1616 3665 ordinem
1663 3609 1864 3665 Christi

266 3690 665 3761 decucurrisse,
712 3711 820 3775 quo
868 3696 955 3751 tali
1008 3698 1264 3770 probatus
1313 3697 1541 3771 qualiter
1578 3692 1866 3754 annuntia-

266 3779 449 3847 batur,
486 3797 600 3838 non
644 3785 788 3843 alius
830 3784 1013 3841 haberi
1059 3785 1272 3857 debeat,
1303 3802 1465 3861 quam
1494 3788 1585 3858 qui
1618 3787 1739 3841 talis
1766 3803 1866 3842 an-

268 3870 647 3945 nnntiabatur;
705 3884 765 3930 ut
813 3874 923 3946 jam
980 3891 1048 3932 ex
1112 3874 1218 3932 ista
1271 3872 1621 3933 consonantia
1680 3891 1865 3933 rerum

268 3959 408 4027 ejus,
462 3969 514 4016 et
561 3961 964 4033 Scripturarum
1008 3964 1302 4033 Creatoris,
1352 3965 1461 4019 illis
1496 3964 1657 4020 etiam
1710 3965 1867 4022 resti-

269 4048 473 4102 tuenda
500 4049 569 4103 sit
616 4050 754 4105 ﬁdes
787 4068 850 4107 ex
880 4055 1200 4126 praejudicio
1245 4053 1465 4123 majoris
1513 4058 1698 4124 partis,
1744 4072 1865 4128 quae

266 4136 337 4188 ad
386 4135 632 4193 diversas
677 4142 971 4196 sententias
1017 4143 1099 4199 vel
1131 4142 1186 4197 in
1234 4140 1453 4197 dubium
1501 4141 1860 4210 deducuntur,

266 4224 354 4279 vel
383 4235 682 4296 negantur.
719 4228 970 4300 Amplius
998 4246 1141 4287 nunc
1176 4232 1602 4303 superstruimus
1631 4248 1694 4289 ea
1722 4247 1863 4304 quo-

265 4329 377 4382 que
428 4316 581 4386 paria
636 4332 704 4372 ex
759 4315 1047 4389 Scripturis
1101 4319 1397 4387 Creatoris,
1451 4335 1683 4393 quaeque
1740 4330 1864 4388 post

263 4400 541 4459 Christum
598 4405 776 4462 futura
821 4406 1276 4481 praecinebantur.
1315 4410 1432 4466 Nec
1478 4408 1623 4465 enim
1672 4408 1863 4479 dispo-

265 4490 393 4548 sitio
439 4504 707 4566 expuncta
733 4495 1086 4570 inveniretur,
1117 4501 1165 4556 si
1193 4514 1302 4557 non
1332 4499 1423 4555 ille
1452 4499 1705 4564 venisset,
1743 4506 1863 4569 post

266 4594 429 4648 quem
481 4582 709 4640 habebat
750 4586 991 4642 evenire.
1042 4588 1275 4658 Adspice
1307 4588 1592 4645 universas
1620 4585 1864 4642 nationes

264 4667 336 4723 de
360 4673 619 4745 voragine
647 4674 849 4729 erroris
890 4675 1111 4731 humani
1158 4677 1353 4735 exinde
1401 4685 1737 4748 emergentes
1792 4674 1862 4731 ad

268 4757 441 4812 Deum
482 4760 809 4833 Creatorem,
856 4773 910 4819 et
946 4766 995 4804 ³ο
1039 4765 1106 4820 ad
1135 4766 1306 4822 Deum
1355 4768 1664 4834 Christum;
1707 4773 1761 4822 et
1815 4765 1861 4822 si

267 4846 458 4912 audes,
505 4864 646 4924 nega
697 4852 1093 4924 prOphetatum.
1137 4854 1246 4909 Sed
1275 4855 1455 4910 statim
1483 4854 1583 4910 tibi
1622 4854 1675 4909 in
1707 4855 1861 4910 Psal-

268 4932 379 4988 mis
412 4935 583 5007 (Psal.
638 4952 701 5007 II,
729 4940 784 5008 '7,
832 4940 889 5012 8)
933 4941 1220 5013 promissio
1266 4943 1438 4999 Patris
1476 4954 1723 5002 occurret
1752 4945 1799 4983 31
1840 4962 1855 5004 :

1974 2985 2049 3040 ris
2087 2992 2214 3042 tuae.
2250 3010 2271 3038 υ
2316 2988 2490 3060 Ipsius
2519 3003 2651 3063 ergo
2679 2986 2729 3026 ³⁵
2756 2986 2990 3043 dicendo
3028 2994 3293 3049 ventrem,
3317 2983 3564 3052 superest

1970 3082 2035 3129 ut
2059 3073 2293 3146 aliquem
2314 3074 2383 3131 de
2411 3091 2603 3148 genere
2651 3077 2772 3144 ejus
2811 3073 3129 3137 ostenderit,
3162 3072 3321 3140 cujus
3362 3066 3564 3128 ventris

1974 3161 2187 3218 futurus
2213 3173 2359 3218 esset
2401 3163 2610 3219 fructus
2665 3177 2790 3217 caro
2845 3159 3068 3225 Christi,
3127 3174 3250 3231 quae
3304 3171 3372 3212 ex
3408 3165 3564 3212 utero

1972 3250 2152 3305 Maria:
2189 3248 2386 3305 ﬂoruit.
2435 3249 2671 3323 Ideoque
2717 3257 2770 3304 et
2826 3249 3056 3303 fructum
3105 3243 3312 3303 ventris
3355 3248 3562 3297 tantum

1972 3336 2284 3408 nominavit,
2317 3345 2377 3394 ut
2404 3337 2620 3408 prOprie
2648 3336 2883 3407 ventris;
2924 3334 3076 3407 quasi
3124 3331 3291 3388 solius
3334 3326 3560 3389 ventris,

1972 3441 2083 3482 non
2120 3427 2275 3483 etiam
2306 3426 2406 3483 viri
2440 3444 2452 3483 :
2487 3433 2540 3481 et
2568 3427 2747 3499 ipsum
2785 3432 3030 3482 ventrem
3078 3423 3149 3479 ad
3185 3418 3356 3478 David
3398 3414 3562 3473 rede-

1972 3515 2071 3585 git,
2100 3515 2167 3569 ad
2197 3514 2496 3586 principem
2525 3514 2767 3588 generis,
2810 3511 3104 3571 etfamiliae
3151 3517 3379 3581 patrem.
3425 3505 3560 3561 Nam

1971 3606 2099 3677 quia
2133 3605 2251 3661 viro
2297 3598 2554 3676 deputare
2582 3619 2693 3659 non
2738 3610 2944 3676 poterat
2981 3599 3207 3671 virginis
3251 3613 3375 3654 eum
3427 3608 3563 3651 ven-

1973 3703 2107 3750 trem
2137 3694 2206 3759 ³6,
2248 3692 2384 3765 patri
2433 3692 2725 3764 deputavit.
2757 3693 2855 3757 Ita,
2902 3682 3024 3762 quae
3069 3690 3125 3745 in
3152 3687 3370 3744 Christo
3425 3699 3564 3740 nova

1972 3783 2255 3857 dispositio
2308 3783 2581 3838 invenitur
2661 3781 2843 3850 hodie,
2901 3782 3018 3836 haec
3065 3779 3167 3836 erit
3217 3791 3380 3848 quam
3439 3784 3566 3830 tunc

1973 3874 2192 3930 Creator
2238 3871 2632 3945 pollicebatur;
2707 3869 2963 3941 religiosa
3017 3876 3071 3924 et
3134 3865 3314 3921 ﬁdelia
3370 3861 3564 3932 David,

1967 3966 2081 4036 jam
2137 3970 2321 4017 sancta
2376 3958 2663 4033 religione,
2711 3967 2766 4015 et
2818 3956 2993 4012 ﬁdelis
3039 3972 3106 4012 ex
3142 3951 3559 4010 resurrectione.

1971 4055 2109 4109 Nam
2137 4058 2190 4105 et
2216 4047 2425 4103 Nathan
2453 4049 2717 4117 propheta
2765 4046 2818 4100 in
2864 4043 3102 4101 secundo
3141 4044 3189 4082 ³⁷
3225 4039 3561 4101 Basiliarum,

1972 4137 2365 4215 professionem
2387 4136 2455 4191 ad
2486 4136 2655 4191 David
2674 4133 2802 4191 facit
2836 4152 2851 4189 :
2883 4134 3103 4191 Semini
3119 4135 3242 4204 ejus
3264 4130 3409 4203 quod
3428 4128 3562 4193 erit,

1972 4229 2163 4300 inquit,
2187 4244 2260 4283 ex
2288 4229 2486 4282 ventre
2514 4225 2695 4297 ipsius
2736 4223 2788 4261 ³⁸
2834 4221 2906 4295 (lI
2924 4223 3064 4295 Reg.
3095 4237 3195 4285 vn,
3232 4222 3343 4291 I2).
3384 4218 3501 4273 Hoc
3519 4217 3565 4271 si

1897 4288 1942 4364 Β
1973 4288 2429 4373 in-Salomonem
2485 4311 2800 4384 simpliciter
2852 4311 3136 4375 ediSseres,
3213 4308 3383 4364 risum
3430 4305 3566 4362 mihi

1972 4408 2221 4462 incuties.
2254 4402 2531 4460 Videbitur
2581 4399 2729 4456 enim
2777 4398 2947 4454 David
2986 4397 3265 4469 peperisse
3306 4396 3563 4453 Salomo-

1973 4511 2115 4551 nem.
2148 4496 2230 4549 An
2261 4499 2316 4548 et
2355 4490 2443 4547 hic
2486 4488 2732 4545 Christus
2772 4485 3133 4558 signiﬁcatur,
3164 4502 3230 4541 ex
3258 4498 3325 4540 eo
3379 4493 3566 4540 ventre

1971 4600 2157 4641 semen
2186 4581 2376 4648 David,
2427 4580 2519 4651 qui
2565 4584 2716 4634 esset
2751 4591 2818 4631 ex
2864 4573 3050 4638 David,
3107 4574 3160 4628 id
3215 4580 3301 4628 est
3346 4572 3566 4629 Mariae?

1971 4673 2114 4744 Quin
2152 4674 2202 4711 39
2229 4680 2281 4727 et
2318 4669 2488 4725 aedem
2537 4667 2636 4722 Dei
2683 4664 2860 4738 magis
2908 4661 3152 4718 Christus
3207 4660 3565 4718 aediﬁcaturus

1970 4770 2135 4829 esset,
2187 4758 2455 4817 hominem
2503 4755 2707 4813 scilicet
2761 4761 3028 4819 sanctum,
3090 4752 3147 4807 in
3203 4766 3312 4824 quo
3362 4748 3566 4822 potiore

1970 4851 2170 4923 templo
2226 4845 2546 4904 inhabitaret
2590 4843 2690 4899 Dei
2732 4843 2967 4916 Spiritus
3023 4848 3076 4897 ct
3130 4841 3184 4896 in
3221 4840 3320 4897 Dei
3366 4836 3563 4896 Filium

1970 4940 2145 5015 magis
2206 4936 2448 4992 Christus
2488 4933 2772 4990 habendus
2838 4942 3003 5001 esset,
3073 4947 3235 5003 quam
3309 4931 3565 4987 Salomon

1660 5096 1853 5160 Varias
1892 5098 2213 5160 lectiones.

341 5219 388 5255 2⁵
418 5219 835 5298 Unicorniorum
867 5227 1037 5298 Fran.
1070 5227 1318 5298 Alegitur,
1340 5230 1554 5298 autem
1608 5229 2037 5283 unicornuorum
2091 5228 2153 5280 in
2194 5223 2336 5279 libro
2376 5222 2498 5279 adv.
2531 5222 2772 5298 Iudaeos.
2807 5218 2856 5256 26
2886 5217 3202 5298 I’rOphetari
3234 5218 3559 5298 passionem.

272 5304 425 5359 quam
462 5296 582 5371 eius
613 5296 800 5371 omitt.
859 5297 1030 5371 Se-ml.
1065 5296 1111 5371 T1
1150 5290 1489 5371 'Signiﬁcare
1519 5315 1605 5353 me
1660 5300 1833 5357 Rhen.
1902 5298 2099 5369 spolia,
2132 5309 2233 5366 pro
2262 5309 2347 5359 eo,
2398 5299 2604 5371 caetera
2624 5291 2965 5371 interintedia
3002 5291 3193 5347 omitt.
3225 5290 3396 5371 Sami:
3430 5292 3564 5371 tars-

269 5357 434 5439 (juajn
465 5357 763 5439 desumpta
792 5384 822 5439 e
854 5367 994 5439 libro
1016 5368 1139 5425 adv.
1174 5357 1300 5425 Ju‘d.
1333 5368 1383 5406 2⁸
1407 5370 1631 5439 PrOpter
1659 5379 1890 5424 mortem
1918 5357 2341 5439 consecuturum.
2367 5366 2692 5439 rejicslun.
2725 5363 2774 5401 29
2805 5363 3203 5439 Consecuturus
3237 5358 3407 5439 δειηίΣ

269 5427 459 5505 o‘mitt.
493 5427 677 5492 Semlf
692 5436 737 5474 31
767 5438 1013 5493 Occurrit
1035 5441 1210 5497 Rhen.
1246 5441 1411 5497 Seml.
1446 5427 1665 5498 Oberth.
1698 5440 1747 5479 ³³
1773 5440 1822 5496 Α
1844 5443 2015 5496 Fran.
2059 5439 2106 5476 ³³
2136 5438 2275 5505 Ejus
2308 5427 2478 5495 Senii.
2514 5434 2561 5473 3"
2602 5436 2699 5490 Mei
2735 5435 2893 5504 rejic.
2932 5434 3101 5505 Semi.
3124 5433 3259 5505 (an.
3293 5446 3355 5483 ex
3388 5427 3557 5482 LXX.

270 5499 319 5536 ³⁵
347 5508 538 5567 Δυιϐιη
564 5507 739 5563 Rhen.
763 5509 934 5565 Seml.
963 5509 1183 5568 Oberth.
1206 5510 1256 5548 35
1282 5511 1416 5567 Eum
1435 5520 1678 5569 ventrem
1692 5512 2003 5569 deerantin
2032 5499 2204 5567 Rhen'.
2232 5506 2280 5545 3"
2300 5508 2478 5563 Prima
2496 5506 2666 5562 Scml.
2694 5499 2871 5575 primo
2895 5506 3023 5561 Par.
3059 5503 3107 5540 38
3135 5501 3331 5556 Semen
3367 5510 3557 5555 tuum..

266 5579 362 5627 tuo
391 5575 574 5633 Fran.
601 5579 651 5617 39
677 5578 814 5649 Quia
844 5581 1019 5640 Rhen.
1057 5582 1225 5639 Sami.
1273 5582 1493 5639 Oberth.
