3980 6144
449 272 554 339 379

1150 272 1595 339 TERTULLIAN]
1634 272 1899 338 OPERUM
1938 273 2107 337 PARS
2145 274 2215 337 ΙΙ.
2254 303 2325 321 -—
2361 272 2585 337 SERIES
2621 270 2662 344 1,
2704 271 3049 336 POLEMIGA.
3631 267 3707 335 380

450 402 592 460 ﬁlius
627 398 820 457 David.
852 395 1103 475 Denique
1147 403 1204 458 et
1251 400 1475 458 thronus
1515 400 1568 456 in
1616 418 1807 471 aevum,
1856 409 1909 459 et
1956 420 2040 459 rc-
2076 420 2120 499 A
2154 401 2345 469 Iacob;
2368 404 2424 459 et
2453 397 2826 459 annuntiabit
2854 399 3010 457 nobis
3039 402 3189 458 viam
3218 414 3404 472 suam,
3433 402 3491 457 et
3519 398 3709 460 incede-

449 509 615 569 gnum
642 491 697 547 in
736 508 928 558 aevum,
962 490 1137 568 magis
1176 490 1390 548 Christo
1430 492 1683 564 competit
1720 509 1881 565 quam
1936 492 2042 549 Sa-

447 581 677 648 lomoni,
710 580 997 653 temporali
1042 580 1251 637 scilicet
1279 580 1411 655 regi.
1467 582 1573 638 Sed
1620 590 1673 637 et
1699 583 1750 622 ¹ιο
1805 599 1837 639 a
1882 582 2042 639 Chri-

450 679 533 731 sto
599 671 969 729 misericordia
1051 670 1155 727 Dei
1211 685 1320 727 non
1401 672 1686 741 abscessit;
1773 671 2046 729 Salomoni

448 776 577 819 vero
615 760 777 818 etiam
836 760 912 816 ira
958 760 1055 816 Dei
1108 760 1329 818 accessit
1362 771 1489 832 post
1533 761 1795 818 luxuriam
1834 772 1886 818 et
1932 762 2045 819 ido-

449 850 733 909 lolatriam.
803 847 1096 907 Suscitavit
1174 850 1315 905 enim
1385 850 1462 907 illi
1524 851 1683 908 Satan
1728 854 1775 892 ἰι
1834 853 2043 908 hostem

449 940 768 997 Idumaeum.
826 941 962 997 Cum
1037 956 1168 1013 ergo
1228 941 1362 995 nihil
1420 942 1615 998 horum
1671 949 1939 1014 competat
1989 943 2045 996 in

449 1029 815 1096 Salomonem,
850 1030 943 1086 sed
984 1029 1040 1086 in
1093 1030 1388 1100 Christum,
1425 1042 1570 1086 certa
1615 1031 1717 1086 erit
1768 1032 1905 1087 ratio
1952 1030 2046 1086 in-

452 1119 895 1189 terpretationum
942 1129 1271 1188 nostrarum;
1316 1120 1437 1192 ipso
1484 1121 1642 1175 etiam
1692 1121 1836 1176 exitu
1867 1137 2047 1177 rerum

450 1208 733 1280 probante,
790 1223 924 1280 quas
979 1207 1033 1264 iu
1082 1208 1358 1264 Christum
1417 1217 1642 1280 apparet
1705 1209 2044 1281 prmdicatas;

450 1306 506 1354 et
542 1298 614 1354 ita
660 1298 716 1353 in
753 1298 858 1354 hoc
887 1307 1048 1355 erunt
1087 1307 1275 1353 sancta
1329 1307 1384 1354 et
1439 1297 1616 1354 tidelia
1663 1298 1857 1353 David.
1899 1300 2051 1355 Hunc

450 1387 597 1442 Deus
654 1386 1023 1443 testimonium
1080 1387 1393 1443 nationibus
1431 1388 1636 1457 posuit,
1692 1402 1801 1444 non
1848 1387 2047 1454 David;

450 1476 748 1547 principem
804 1484 857 1532 et
911 1473 1269 1546 imperantem
1322 1476 1650 1541 nationibus,
1704 1493 1811 1531 non
1860 1476 2047 1547 David,

450 1564 542 1635 qui
572 1564 671 1620 soli
699 1564 881 1620 Israeli
931 1564 1236 1636 imperavit.
1270 1566 1545 1622 Christum
1592 1566 1751 1621 hodie
1804 1566 2056 1621 invocant

449 1654 716 1719 nationes,
794 1670 917 1725 quae
978 1671 1103 1712 eum
1145 1670 1257 1710 non
1325 1654 1592 1721 sciebant;
1654 1661 1707 1707 et
1765 1654 1947 1724 pepuli
1987 1654 2051 1709 ad

2151 507 2276 548 mus
2303 493 2365 548 in
2395 508 2479 549 ea.
2505 494 2590 548 Ea:
2619 492 2751 549 Sion
2771 492 2923 549 enim
2947 491 3121 550 exibit
3144 490 3327 556 lex,et
3354 506 3536 547 sermo
3556 491 3711 549 Domi-

2152 583 2216 639 ni
2236 597 2308 638 ea:
2343 582 2681 638 Jerusalem.
2710 580 2836 637 Haec
2853 580 2955 637 erit
2974 580 3056 637 via
3084 597 3203 651 sua,
3232 593 3384 635 novre
3414 578 3549 654 legis
3575 579 3715 637 Evan-

2154 671 2377 744 gelium,
2405 680 2458 726 et
2506 670 2631 726 novi
2681 669 2961 736 sermonis,
2994 670 3047 725 in
3105 668 3319 725 Christo
3366 669 3497 738 jam,
3531 669 3716 726 nonin

2153 763 2357 831 Moyse.
2392 762 2461 817 Et
2492 761 2774 833 judicabit
2803 762 2959 817 inter
2988 762 3283 827 nationes;
3311 758 3380 814 de
3410 774 3593 814 errore
3633 758 3718 815 sci-

2150 846 2275 906 licet
2294 866 2499 906 earum.
2524 853 2591 906 Et
2612 853 2905 908 revincent
2919 850 3191 923 populum
3211 849 3489 920 amplum,
3504 847 3719 918 ipsorum

2154 941 2209 995 in
2236 939 2426 1011 primis
2452 939 2761 1009 Judazorum
2794 948 2848 995 et
2889 941 3307 1010 proselytorum.
3332 940 3399 994 Et
3448 939 3723 996 concident

2155 1030 2469 1087 machaeras
2499 1047 2629 1088 suas
2657 1032 2721 1087 in
2749 1035 2972 1099 aratra,
3004 1034 3058 1088 et
3074 1031 3296 1103 sibynas
3326 1030 3388 1084 in
3417 1030 3591 1099 falces
3606 1027 3722 1100 (54),

2156 1118 2209 1173 id
2240 1125 2343 1188 est,
2374 1119 2673 1174 animorum
2707 1122 3038 1186 nocentium,
3071 1126 3123 1175 et
3172 1118 3478 1189 linguarum
3526 1116 3727 1173 infesla-

2159 1223 2297 1275 rum,
2330 1218 2384 1264 et
2438 1208 2617 1263 omnis
2655 1207 2874 1263 malitia:
2919 1214 3081 1279 atque
3136 1205 3484 1278 blasphemiae
3532 1204 3729 1280 ingenia

2158 1305 2469 1353 convertent
2497 1297 2551 1351 in
2582 1297 2762 1354 studia
2790 1297 3066 1353 modestim
3097 1304 3152 1353 et
3186 1295 3359 1367 pacis.
3406 1298 3475 1352 Et
3502 1312 3615 1353 non
3645 1312 3722 1350 ac-

2160 1387 2329 1458 cipiet
2365 1404 2500 1458 gens
2526 1404 2692 1458 super
2737 1391 2961 1459 gentem
2991 1385 3336 1442 machaeram
3383 1402 3401 1440 :
3449 1382 3627 1456 utique
3650 1381 3727 1436 di-

2161 1477 2389 1532 scordiae
2413 1482 2490 1545 ;et
2518 1493 2631 1534 non
2661 1477 2876 1534 discent
2895 1477 3145 1549 amplius
3169 1474 3393 1539 bellare,
3426 1472 3480 1528 id
3507 1480 3607 1538 est,
3636 1472 3732 1527 ini-

2164 1564 2415 1619 micitias.
2442 1564 2734 1635 perficere;
2784 1571 2845 1619 ut
2882 1574 2934 1621 et
2980 1565 3068 1621 hic
3117 1564 3292 1619 discas
3319 1563 3593 1622 Christum
3636 1576 3735 1618 non

2164 1652 2288 1709 belli
2335 1662 2628 1725 potentem,
2681 1654 2772 1709 sed
2813 1653 3109 1724 paciferum
3163 1651 3568 1724 repromissum.
3622 1652 3742 1706 Haec

448 1743 720 1799 Christum
805 1743 968 1799 hodie
1027 1743 1369 1815 confugiunt,
1427 1758 1585 1815 quem
1636 1748 1781 1797 retro
1830 1742 2051 1815 iguora-
2088 1730 2131 1808 Β
2161 1750 2251 1796 aut
2279 1742 2328 1780 ’⁸⁵
2364 1743 2679 1814 prOpbelata
2736 1758 2894 1815 nega,
2934 1758 3055 1799 cum
3104 1748 3284 1799 coram
3336 1740 3622 1807 videntur;
3654 1746 3742 1794 aut

449 1831 597 1887 bant.
620 1833 741 1887 Non
783 1840 959 1903 potest
990 1832 1231 1887 futurum
1260 1830 1385 1899 dici,
1410 1832 1555 1904 quod
1584 1831 1736 1888 vides
1756 1831 1892 1891 ﬁeri.

940 1920 1053 1979 35
1066 1921 1103 1977 I
1152 1922 1378 1979 CAPUT
1410 1923 1569 1982 XXI.

525 2010 582 2066 Si
613 2026 709 2067 nec
754 2009 901 2066 illam
946 2010 1296 2079 injectionem
1338 2019 1482 2067 tuam
1534 2019 1691 2082 potes
1735 2011 1930 2069 sistere
1978 2014 2045 2068 ad

451 2098 809 2155 differentiam
866 2099 1097 2157 duorum
1138 2101 1517 2169 Cbristorum;
1586 2102 1739 2171 quasi
1794 2101 2048 2159 Judaicus

451 2187 667 2260 quidem
727 2188 967 2245 Christus
1000 2189 1198 2261 p0pulo
1238 2191 1342 2246 soli
1395 2206 1460 2246 ex
1515 2190 1854 2262 dispersione
1904 2192 2047 2249 redi-

454 2277 633 2349 gendo
665 2278 957 2334 destinetur
985 2278 1018 2333 a
1049 2279 1325 2347 Creatore,
1372 2289 1548 2335 vester
1599 2295 1730 2335 vero
1760 2280 1908 2336 omni
1946 2282 2046 2336 hu-

456 2382 613 2421 mano
662 2366 847 2438 generi
876 2366 1158 2425 liberando
1199 2367 1429 2423 collatus
1476 2367 1545 2423 sit
1581 2385 1612 2422 a
1659 2370 1771 2424 Deo
1810 2368 2043 2438 Optimo;

454 2470 576 2509 cum
608 2463 883 2526 postremo
914 2455 1123 2526 priores
1160 2454 1496 2511 inveniantur
1543 2454 1831 2511 Christiani
1886 2456 2049 2512 Crea-

457 2544 606 2609 toris,
630 2560 790 2615 quam
812 2543 1139 2615 Marcionis;
1171 2544 1367 2600 exinde
1394 2544 1602 2600 vocatis
1645 2544 1895 2600 omnibus
1944 2561 2048 2616 po-

451 2633 596 2704 pulis
624 2631 681 2687 in
711 2647 879 2708 regno
907 2634 1046 2703 ejus,
1098 2648 1163 2687 ex
1195 2648 1304 2706 quo
1348 2633 1493 2688 Deus
1542 2633 1786 2704 regnavit
1816 2649 1846 2687 a
1874 2634 2043 2707 ligno,

448 2718 596 2774 nullo
654 2720 833 2776 adhuc
879 2718 1151 2785 Cerdone,
1218 2718 1419 2775 nedum
1474 2718 1765 2776 Marciane.
1840 2721 1943 2777 Sed
1993 2730 2047 2778 et

445 2807 678 2863 revietus
733 2809 800 2863 de
853 2808 1129 2863 nationum
1185 2808 1493 2873 vocatione,
1561 2815 1881 2866 convertere
1932 2810 2044 2879 jam

440 2895 495 2950 in
527 2895 849 2968 proselytos.
901 2896 1111 2965 Quaeris
1159 2896 1255 2967 qui
1293 2897 1362 2952 de
1418 2895 1733 2954 nationibus
1774 2905 2046 2953 transeant

442 2984 512 3039 ad
541 2986 872 3053 Creatorem,
921 2985 1135 3057 quando
1180 2993 1233 3040 et
1260 2986 1521 3056 proselyti
1552 2984 1782 3041 diversze
1829 2996 1884 3041 et
1919 3003 2048 3057 pro-

2157 1831 2465 1903 adimpleta,
2505 1849 2629 1889 cum
2676 1832 2951 1904 leguntur.
2982 1835 3088 1888 Aut
3117 1832 3163 1889 si
3202 1846 3310 1887 non
3342 1845 3512 1901 negas
3540 1836 3740 1884 utrum-

2156 1935 2282 1992 que,
2314 1936 2367 1974 ιιι
2395 1936 2461 1976 eo
2508 1929 2666 1976 erunt
2712 1921 3017 1992 adimpleta,
3051 1921 3103 1977 iu
3150 1936 3314 1993 quem
3358 1927 3484 1974 sunt
3512 1920 3744 1990 prOpbe-

2158 2014 2281 2062 tata.
2315 2006 2525 2080 InSpice
2555 2007 2700 2063 enim
2731 2008 2907 2066 adhuc
2936 2009 3097 2064 etiam
3126 2008 3302 2079 ipsum
3332 2009 3746 2080 introgressum,

2157 2105 2316 2166 atque
2362 2096 2648 2153 decursum
2704 2095 2878 2154 352
2933 2097 3231 2153 vocationis
3286 2096 3340 2150 in
3394 2095 3655 2160 nationes,
3717 2112 3748 2149 a

2158 2182 2470 2240 novissimis
2525 2184 2720 2240 diebus
2771 2184 3033 2242 adeuntes
3084 2186 3152 2242 ad
3208 2187 3377 2240 Deum
3433 2193 3745 2249 creatorem,

2156 2287 2265 2327 non
2312 2272 2367 2327 in
2412 2273 2732 2344 proselytos,
2767 2290 3000 2345 quorum
3047 2291 3078 2329 a
3106 2274 3298 2347 primis
3334 2274 3507 2346 magis
3554 2272 3749 2328 diebus

2157 2369 2238 2416 est
2278 2361 2327 2399 46
2376 2361 2609 2419 allectio.
2669 2363 2877 2418 Etenim
2928 2362 3088 2419 fidem
3148 2363 3306 2419 istam
3362 2361 3604 2435 Apostoli
3662 2362 3749 2416 in-

2156 2449 2441 2506 duxerunt.

2730 2540 2955 2596 CAPUT
2999 2541 3175 2597 XXII.

2228 2630 2405 2686 llabes
2434 2638 2487 2686 et
2523 2629 2907 2702 Apostolorum
2955 2645 3091 2701 Opus
3137 2630 3481 2702 praedicatum
3515 2646 3529 2684 :
3568 2631 3749 2699 Quam

2158 2722 2473 2793 tempestivi
2491 2721 2651 2793 pedes
2674 2722 3193 2794 euangelizantium
3211 2722 3385 2780 bona!
3402 2737 3508 2777 non
3531 2720 3752 2788 bellum,

2155 2825 2254 2865 nec
2287 2809 2420 2864 mala
2448 2811 2516 2865 ’17.
2551 2812 2847 2879 Respondit
2879 2820 2931 2868 et
2960 2810 3202 2865 Psalmus
3233 2811 3405 2880 (Psal.
3441 2825 3602 2873 xvm,
3641 2811 3700 2878 4)
3734 2827 3751 2864 :

2157 2897 2221 2954 In
2245 2914 2461 2955 omnem
2486 2903 2701 2956 terram
2722 2900 2897 2955 exivit
2924 2916 3093 2955 sonus
3106 2903 3382 2962 eorum,et
3397 2900 3457 2954 in
3475 2898 3752 2953 terminos

2159 2992 2328 3045 terra:
2356 3004 2508 3047 voces
2548 3005 2780 3058 eorum;
2810 2987 3303 3045 circumferentium
3335 2987 3541 3044 scilicet
3566 2986 3751 3056 legem

440 3074 572 3144 pria:
612 3055 953 3130 conditionis
988 3090 1233 3130 seorsum
1263 3055 1296 3129 a
1350 3055 1616 3147 propheta
1662 3055 2007 3130 nominentur
2044 3096 2057 3131 :
2100 3055 2221 3133 θοις
2258 3076 2389 3133 Sion
2420 3077 2715 3149 profectam
2744 3055 2797 3134 et
2825 3092 3127 3135 sermonem
3155 3076 3371 3133 Domini
3414 3092 3479 3130 ex
3525 3055 3753 3129 Jerusa-

441 3164 598 3227 Eeee,
634 3161 811 3233 inquit
837 3162 1006 3218 Isaias
1035 3163 1181 3233 (xvr,
1217 3163 1292 3235 4),
1325 3164 1595 3236 proselyti
1620 3180 1725 3236 per
1751 3182 1841 3220 me
1886 3181 2042 3222 acce-

440 3250 580 3306 dent
605 3251 678 3306 ad
716 3256 803 3319 te;
835 3252 1130 3307 ostendens
1159 3251 1308 3322 ipsos
1355 3268 1571 3324 quoque
1613 3253 1919 3323 proselytos
1948 3270 2046 3324 per

2154 3165 2259 3220 lem
2284 3185 2298 3222 :
2331 3174 2392 3223 ut
2410 3165 2563 3221 ﬁeret
2590 3167 2733 3237 quod
2765 3166 3026 3239 scriptum
3056 3174 3141 3221 est
3169 3167 3300 3235 (Isa.
3323 3180 3476 3229 XLVI,
3502 3166 3589 3229 i2,
3618 3162 3754 3231 i3);

2154 3256 2331 3326 Longe
2374 3257 2578 3328 quique
2623 3273 2659 3312 a
2693 3258 2934 3327 justitia
2978 3272 3104 3313 mea
3152 3256 3758 3328 apprOpinquavenmt

440 3339 715 3395 Christum
747 3355 1059 3396 accessuros
1081 3339 1148 3394 ad
1174 3341 1371 3396 Deum.
1394 3340 1461 3394 Et
1489 3341 1537 3377 42
1569 3340 1846 3405 nationes,
1900 3341 2044 3411 quod
2145 3345 2399 3414 justitiw
2428 3363 2571 3401 mea:
2599 3350 2653 3403 et
2676 3347 2927 3402 veritati.
2960 3347 3094 3401 Cum
3137 3345 3264 3402 huic
3302 3343 3518 3417 negotio
3564 3341 3758 3396 accin-

444 3443 633 3483 sumus
679 3443 802 3498 nos,
854 3427 1078 3497 proinde
1115 3444 1270 3483 suam
1304 3428 1579 3485 habebant
1624 3429 1674 3467 43
1719 3428 2046 3484 nominatio-

445 3532 589 3584 nem,
622 3524 902 3590 Sperantes
929 3517 983 3572 in
1015 3517 1285 3574 Christum
1318 3536 1330 3573 :
1368 3521 1437 3575 Et
1482 3519 1547 3573 in
1584 3519 1835 3585 nomine,
1877 3517 2049 3591 inquit

442 3607 602 3674 (xui,
637 3609 878 3676 ti),ejus
904 3612 1167 3666 nationes
1197 3609 1523 3680 sperabunt.
1547 3607 1810 3678 Proselyti
1843 3615 2043 3678 autem,

444 3708 584 3765 quos
630 3693 683 3747 in
740 3694 1017 3749 nationum
1048 3694 1434 3765 prmdicatione
1491 3694 1789 3760 substituis,
1838 3711 1947 3751 non
1991 3696 2045 3750 in

441 3782 648 3838 Christi
681 3784 897 3838 nomine
926 3799 1155 3853 sperare
1184 3785 1379 3850 solent,
1413 3785 1509 3840 sed
1540 3784 1595 3838 in
1632 3784 1803 3856 Moysi
1833 3785 2041 3851 ordine,

441 3896 471 3934 τι
529 3894 636 3952 quo
688 3879 954 3937 institutio
1010 3883 1229 3937 illorum
1283 3891 1404 3938 est.
1471 3883 1780 3950 Caeterum,
1839 3885 2047 3941 allectio

444 3968 721 4024 nationum
769 3984 799 4023 a
844 3968 1155 4026 novissimis
1211 3970 1405 4027 diebus
1451 3980 1638 4030 exorta
1690 3982 1792 4029 est.
1850 3973 2047 4030 Iisdem

443 4058 630 4114 verbis
671 4057 839 4114 Isaias
895 4058 982 4127 (ιι,
1044 4064 1109 4115 12
1164 4059 1320 4131 seqq)
1364 4080 1377 4115 :
1440 4064 1511 4119 Et
1546 4067 1675 4127 erit,
1734 4062 1928 4134 inquit,
1986 4065 2048 4119 in

445 4148 768 4204 novissimis
804 4148 999 4206 diebus
1021 4151 1364 4221 manifestus
1382 4168 1544 4210 mons
1565 4154 1821 4219 Domini;
1855 4152 2046 4224 utique

2154 3440 2414 3503 go‘rentur
2466 3433 2732 3504 Apostoli,
2790 3433 3237 3489 renuntiaverunt
3293 3430 3649 3503 presbyteris,
3704 3440 3765 3485 et

2154 3519 2519 3591 arcliontibus,
2552 3530 2604 3576 et
2634 3521 3013 3581 sacerdotibus
3052 3522 3384 3577 Judaaorum.
3433 3523 3629 3576 Annon
3671 3518 3764 3574 vel

2156 3608 2410 3681 maxime,
2459 3609 2632 3682 inquit
2680 3612 2753 3680 4⁸,
2783 3618 2842 3666 ιιι
2884 3610 3108 3668 alterius
3161 3609 3263 3666 Dei
3319 3607 3767 3681 praedicatores?

2154 3700 2352 3770 Atquin
2396 3701 2447 3738 49
2493 3700 2666 3770 ipsius
2721 3701 2991 3770 ejusdem,
3041 3701 3200 3770 cujus
3254 3699 3575 3769 scripturam
3630 3711 3770 3751 cum

2156 3788 2385 3845 maxime
2441 3789 2754 3860 implebant.
2814 3791 3107 3858 Divertite,
3154 3790 3442 3859 divertite,
3497 3786 3771 3841 inclamat

2156 3876 2320 3932 Isaias
2351 3879 2466 3948 (LII,
2502 3878 2612 3948 11),
2672 3879 2925 3936 concedite
2963 3880 3143 3947 illinc,
3180 3885 3236 3937 et
3293 3877 3659 3937 irrumandum
3690 3890 3772 3931 ne

2154 3968 2505 4039 attigeritis;
2535 3967 2925 4040 blasphemiam
2955 3968 3159 4024 scilicet
3188 3967 3241 4022 in
3273 3966 3775 4023 Christum.E.rce-

2155 4057 2276 4115 dite
2295 4058 2362 4115 de
2381 4056 2566 4113 medio
2583 4058 2724 4128 ejus,
2749 4056 2935 4127 utique
2966 4057 3267 4131 Synagogze
3286 4075 3303 4125 ;
3322 4056 3682 4129 separamini
3718 4054 3775 4091 5°

2157 4148 2254 4221 qui
2295 4148 2585 4204 Dominica
2603 4147 2806 4203 51vasa
2830 4147 3229 4219 portatis.Jam
3252 4146 3417 4217 enim,
3450 4144 3775 4201 secundum

443 4235 746 4291 sublimitas
772 4236 872 4291 Dei
896 4253 910 4302 ;
942 4240 999 4294 et
1026 4238 1169 4295 cedes
1195 4240 1295 4295 Dei
1321 4255 1493 4313 super
1518 4257 1769 4297 summos
1798 4246 2049 4308 montes;
2085 4237 2130 4314 Β
2159 4253 2321 4308 supra
2349 4237 2547 4308 scripta
2574 4236 2755 4302 (Ibid.,
2791 4237 2904 4307 10),
2935 4237 3287 4293 revelaverat
3328 4236 3595 4293 Dominus
3629 4234 3777 4291 bra-

445 4324 629 4396 utique
671 4324 943 4394 Christus,
980 4326 1306 4383 catholicum
1350 4326 1447 4383 Dei
1500 4329 1785 4399 templum,
1830 4329 1887 4384 in
1938 4343 2048 4401 quo

445 4415 593 4469 Deus
620 4413 833 4479 colitur,
865 4416 1222 4471 constitutum
1271 4434 1437 4488 super
1464 4433 1654 4474 omnes
1700 4419 1749 4458 ’I"
1804 4418 2049 4475 eminen-

446 4501 549 4557 tias
578 4502 838 4559 virtutum
891 4512 946 4559 et
986 4512 1362 4575 potestatum:
1414 4510 1485 4564 Et
1540 4508 1768 4565 venient
1799 4508 1873 4564 ad
1918 4525 2052 4565 eum

444 4591 727 4647 universa:
745 4591 1042 4659 nationes;
1065 4597 1121 4648 et
1140 4594 1310 4650 ibunt
1325 4595 1501 4651 multi
1515 4598 1573 4652 et
1593 4595 1810 4653 dicent:
1841 4596 2049 4662 Venite,

444 4680 812 4736 ascendamus
860 4680 925 4735 in
960 4685 1214 4738 montem
1266 4683 1513 4748 Domini,
1545 4688 1600 4741 et
1630 4685 1695 4739 in
1744 4684 1916 4741 eadem
1953 4686 2054 4742 Dei

2158 4325 2279 4383 chio
2334 4341 2433 4383 suo
2480 4331 2769 4394 sanctum,
2822 4324 2876 4381 id
2912 4332 2994 4381 est
3045 4324 3244 4383 virtute
3298 4340 3397 4379 sua
3450 4323 3774 4389 Christum,

2159 4430 2349 4470 coram
2378 4414 2729 4480 nationibus,
2751 4419 2815 4470 ut
2834 4414 3084 4470 viderint
3107 4415 3386 4471 universa:
3412 4414 3687 4471 nationes
3712 4418 3779 4469 et

2159 4522 2387 4561 summa
2417 4509 2584 4561 terra:
2614 4505 2881 4570 salutem,
2939 4520 3066 4577 qua:
3093 4509 3214 4562 erat
3254 4521 3292 4561 a
3316 4507 3443 4562 Deo.
3484 4502 3572 4559 Sic
3603 4509 3667 4557 et
3699 4503 3781 4558 ab

2158 4594 2277 4665 ipso
2305 4592 2581 4648 Judaismo
2619 4591 2965 4658 divertentes,
3005 4606 3129 4648 cum
3176 4592 3336 4666 Legis
3390 4590 3785 4664 obligamenla

2160 4692 2214 4741 et
2241 4698 2407 4739 onera
2433 4680 2746 4755 evangelica
2770 4681 2882 4751 jam
2904 4681 3147 4739 libertate
3173 4689 3459 4749 mutarent,
3484 4681 3786 4755 psalmum

1811 4831 2005 4894 Varia:
2063 4834 2374 4893 lectiones.

514 4963 565 5001 ἰο
593 4962 658 5017 Et
684 4963 872 5019 omitt.
899 4963 1071 5019 Seml.
1098 4962 1146 5001 ἰι
1172 4960 1231 5017 Id
1256 4961 1483 5019 estadd.
1508 4966 1683 5020 Fran.
1713 4963 1763 5002 ⁴²
1792 4964 1862 5021 Ut
1889 4964 2004 5023 cod.
2049 4965 2250 5021 Wouw.
2282 4964 2332 5001 4³
2363 4962 2604 5018 Habeant
2628 4962 2800 5019 Seml.
2827 4962 2876 5000 Ἀ
2916 4960 3070 5016 Enim
3099 4960 3228 5017 add.
3270 4962 3441 5018 Seml.
3473 4959 3523 4999 ⁸³⁵
3549 4958 3791 5015 Autem

446 5033 525 5089 al.
558 5033 609 5106 ἥδ
630 5033 737 5106 ᾼΕεῑ
775 5034 967 5106 omitt.
990 5035 1161 5106 Seml.
1193 5033 1406 5092 allectio
1435 5043 1517 5091 est
1545 5036 1623 5091 al.
1647 5037 1871 5094 uolunt.
1901 5037 1947 5073 4⁷
1979 5036 2177 5091 Malum
2208 5036 2379 5091 Seml.
2415 5035 2463 5072 48
2494 5034 2676 5106 lnquis
2699 5036 2831 5091 Jun.
2855 5034 2903 5073 49
2934 5032 3109 5106 lnquit
3136 5033 3265 5092 add.
3296 5036 3466 5089 Fran.
3509 5032 3560 5069 ⁵ο
3595 5033 3799 5103 Sepa~

447 5102 644 5158 remini
666 5107 840 5162 Fran.
861 5104 910 5143 51
942 5104 1156 5161 Domini
1195 5106 1367 5163 Seml.

1848 5205 2348 5268 Commentarius.

528 5358 644 5442 (5.4)
674 5358 910 5432 Sybinas
943 5362 1003 5415 in
1030 5362 1225 5442 (alces.
1256 5361 1413 5442 Apud
1440 5361 1654 5442 _Isaiam
1693 5363 1844 5442 juxta
1869 5364 2046 5442 “LXX

456 5431 763 5488 versionem
810 5447 984 5505 graece
1042 5432 1239 5505 legitur
1268 5434 1349 5486 καὶ
1404 5433 1489 5495 τὰς
1523 5431 1716 5495 meum
1770 5438 1928 5488 αὐτῶν
1986 5456 2051 5496 εις

459 5505 698 5562 δρέπανα.
741 5504 838 5559 Est
894 5512 1077 5558 autem
1126 5500 1294 5562 ζιεὺνη
1324 5505 1570 5561 venabuli
1612 5522 1784 5562 genus
1830 5516 2051 5561 auctore

459 5505 698 5631 ξξέπανα.
741 5504 838 5559 Est
894 5512 1077 5558 autem
1126 5504 1294 5572 ζιεὺνη
1324 5505 1570 5561 venabuli
1612 5522 1784 5578 genus
1830 5516 2051 5561 auctore

508 5575 813 5632 ertulliano.
881 5573 1074 5631 Suidas
1142 5575 1421 5649 όλῦσίδηρον
1474 5577 1694 5632 ἀκόντιον
1749 5576 2052 5651 signiﬁcare

2160 5364 2366 5430 scribit,
2424 5365 2528 5419 hoc
2578 5372 2661 5419 est
2707 5362 2869 5418 telum
2931 5378 3149 5434 prorsus
3199 5362 3451 5432 ferreum,
3493 5377 3801 5419 nonnun-

2160 5452 2327 5562 guam
2347 5437 2534 5509 λόγχην
2554 5436 2665 5493 sive
2692 5436 2891 5505 σπάθην,
2924 5436 2974 5490 id
3003 5445 3089 5491 est
3116 5436 3381 5500 lanceam,
3415 5435 3499 5492 vel
3539 5450 3799 5490 ensem.

2206 5523 2339 5562 sum.
