4018 6192
204 253 298 320 381
1411 251 1536 319 LIB.
1573 255 1644 318 ΙΙΙ
1673 253 1796 316 Αῡι

1904 253 2270 341 saetosam.

204 383 367 458 (Psal.
399 397 464 449 ιι,
500 386 552 450 3,
584 379 765 458 seqq.)
815 382 1250 455 exsequebantur
1279 398 1294 438 :
1354 386 1784 456 Disrumpamus

206 474 428 534 vincula
448 490 668 540 eorum,
682 478 737 532 et
756 473 1088 542 abiiciamus
1107 492 1143 530 a
1162 473 1317 532 nobis
1325 475 1526 547 jugum
1551 487 1746 531 eorum
1767 492 1785 529 :

207 572 382 636 postea
397 571 546 620 certe
564 579 726 635 quam
750 565 1127 620 tumultuatos
1137 568 1274 622 sunt
1292 567 1500 636 gentes,
1524 567 1581 620 et
1594 563 1793 638 populi

209 654 464 711 meditati
493 657 632 710 sunt
661 669 864 709 inania
893 673 913 708 :
941 655 1254 712 astiterunt
1299 671 1450 727 reges
1501 659 1687 720 terra,
1735 655 1792 710 et

202 747 483 818 principes
502 748 825 815 congregati
844 747 982 801 sunt
1001 760 1062 800 in
1082 761 1290 809 unum,
1311 743 1577 801 adversus
1596 743 1794 801 Domi-

202 839 421 898 num,et
434 833 700 890 adversus
716 832 1005 890 Christum
1014 835 1156 904 ejus.
1167 835 1300 905 Quae
1313 833 1506 890 dehinc
1519 833 1658 905 passi
1669 841 1794 890 sunt

205 921 472 993 apostoli?
521 919 771 986 Omnem,
811 921 1008 994 inquis,
1061 920 1399 993 iniquitatem
1454 922 1792 993 persecutio-

205 1027 341 1076 num,
391 1010 462 1066 ab
531 1009 845 1066 hominibus
899 1010 1106 1068 scilicet
1149 1011 1446 1080 Creatoris,
1503 1019 1562 1066 ut
1595 1011 1794 1066 adver-

203 1101 317 1157 sarii
384 1100 506 1168 ejus
550 1114 708 1170 quem
764 1099 1148 1170 praedicabant.
1193 1099 1400 1172 Ecquid
1449 1099 1498 1139 53
1549 1100 1792 1170 Creator,

204 1189 243 1245 si
291 1187 643 1247 adversarius
701 1195 817 1245 erat
883 1186 1101 1253 Christi,
1158 1202 1268 1244 non
1322 1189 1486 1245 modo
1541 1186 1796 1260 praedicat

203 1279 295 1334 hoc
321 1291 590 1349 passuros
618 1277 897 1347 apostolos
949 1277 1093 1348 ejus,
1137 1291 1326 1333 verum
1384 1283 1438 1334 et
1465 1277 1794 1350 exprobrat?

199 1375 322 1431 Nam
343 1389 525 1445 neque
553 1374 872 1447 praedicaret
899 1374 1120 1431 alterius
1157 1374 1257 1430 Dei
1303 1374 1576 1440 ordinem,
1633 1389 1796 1447 quem

201 1463 506 1535 ignorabat,
564 1472 628 1520 ut
669 1463 868 1529 vultis;
946 1479 1126 1535 neque
1195 1464 1595 1535 exprobrasset,
1651 1463 1796 1534 quod

201 1553 307 1623 ipse
349 1561 621 1610 curasset.
659 1553 850 1609 Videte
885 1552 1161 1624 quomodo
1209 1553 1338 1621 (Isa.
1379 1568 1509 1618 Lvu,
1562 1552 1616 1623 1)
1642 1553 1796 1625 perit

191 1645 404 1715 justus,
436 1659 615 1716 neque
635 1645 929 1716 quisquam
955 1643 1382 1716 excipitcorde,
1425 1647 1481 1700 et
1508 1644 1619 1700 viri
1647 1643 1796 1714 justi

3382 250 3487 317 382

1897 402 2021 444 cum
2049 386 2105 446 in
2153 394 2206 445 te
2249 402 2469 462 quoque
2512 385 3010 462 deprehendantur,
3050 395 3105 446 et
3147 381 3487 458 signaculum

1897 477 2176 546 frontium,
2223 488 2280 536 et
2324 479 2689 538 Ecclesiarum
2717 485 3071 542 sacramenta,
3114 486 3167 532 et
3213 472 3488 530 munditiae

1898 566 2304 636 sacriﬁciorum,
2353 569 2518 626 debes
2550 570 2663 639 jam
2707 582 2989 636 erumpere
3019 564 3096 619 uti
3139 563 3310 629 dicas,
3359 560 3486 635 Spi-

1897 659 2059 720 ritum
2079 658 2352 717 Creatoris
2382 668 2476 716 tuo
2505 658 2714 714 Christo
2745 657 3117 730 prophetasse.

2461 807 2682 866 CAPUT
2720 804 2928 862 XXIII.

1971 935 2127 992 Nunc
2171 935 2298 1009 quia
2343 952 2466 994 cum
2501 935 2706 992 Iudaeis
2758 949 2924 1006 negas
2959 930 3175 988 venisse
3220 929 3488 987 Christum

1903 1039 2111 1092 eorum,
2158 1041 2490 1101 recognosce
2535 1035 2589 1080 et
2621 1024 2822 1080 exitum
2868 1023 3131 1094 ipsorum,
3165 1037 3328 1092 quem
3369 1027 3494 1092 post
3527 1047 3532 1050 -

1903 1117 2173 1173 Christum
2203 1118 2415 1175 relaturi
2445 1115 2891 1188 praedicabantur,
2927 1117 2998 1171 ob
3023 1112 3352 1186 impietatem
3386 1126 3491 1183 qua

1901 1221 2024 1262 eum
2054 1215 2105 1262 et
2134 1207 2181 1244 5"
2244 1206 2624 1277 despexerunt,
2683 1212 2740 1260 et
2787 1203 3191 1260 interemerunt.
3250 1196 3492 1254 Primum

1904 1295 2050 1351 enim
2077 1312 2142 1352 ex
2179 1293 2268 1352 die
2319 1309 2444 1365 qua,
2477 1293 2780 1350 secundum
2826 1290 3018 1346 Isaiam
3066 1292 3150 1360 (ιι,
3201 1291 3314 1357 20),
3347 1289 3490 1345 Pro-

1892 1385 2039 1456 jecit
2052 1385 2212 1444 homo
2239 1387 2681 1457 aspernamenta
2697 1399 2801 1439 sua
2815 1397 2994 1438 aurea
3011 1384 3067 1436 et
3081 1382 3350 1451 argentea
3368 1395 3494 1450 qua:

1904 1476 2169 1545 fecerunt
2213 1473 2517 1531 adorandis
2545 1472 2706 1529 vanis
2752 1476 2805 1528 et
2828 1471 3055 1527 noctuis
3083 1469 3170 1533 58;
3212 1467 3267 1521 id
3295 1473 3395 1534 est,
3428 1480 3494 1520 ex

1905 1577 2012 1633 quo
2056 1578 2228 1632 genus
2255 1555 2555 1626 heminum,
2588 1559 2879 1616 dilucidata
2906 1573 3003 1628 per
3041 1555 3315 1613 Christum
3344 1553 3494 1611 veri-

1905 1655 2030 1713 tate,
2061 1647 2201 1704 idola
2233 1648 2500 1719 projecit;
2535 1646 2658 1704 vide
2689 1663 2758 1701 an
2787 1645 2931 1718 quod
2960 1643 3204 1716 sequitur
3241 1657 3486 1711 expunc-

199 1701 573 1805 auferuntur,
588 1701 695 1792 nec
721 1701 1022 1806 quisquam
1040 1701 1468 1792 animadvertit.
1490 1735 1530 1789 Α
1549 1701 1794 1805 persona
1828 1701 1872 1780 Β
1901 1701 2378 1807 εζίῖσωῖᾖῷ
2399 1701 2464 1805 ﬁt,
2586 1751 2602 1790 :
2633 1701 2876 1793 Abstulit
2907 1701 3062 1792 enim
3094 1701 3360 1790 Dominus
3393 1731 3495 1788 Sa-

212 1825 372 1880 enim
419 1823 723 1894 injustitiw
747 1821 798 1861 ⁵³
823 1822 1086 1879 sublatus
1117 1826 1201 1880 est
1233 1823 1452 1895 justus.
1483 1819 1636 1890 Quis,
1687 1819 1789 1874 nisi

207 1910 491 1968 Christus?
525 1913 727 1979 Venite,
763 1911 1011 1984 inquiunt
1039 1912 1196 1983 (Sap.
1227 1925 1290 1975 ιι,
1321 1909 1433 1981 12),
1453 1911 1792 1982 auferamus

206 2002 453 2070 justum,
485 2000 606 2074 quia
627 2001 865 2057 inutilis
897 2003 980 2058 est
1009 1999 1185 2056 nobis.
1226 1998 1564 2054 Prasmittens
1592 1997 1792 2070 itaque,

197 2097 250 2144 et
324 2089 656 2162 subjungens
703 2087 929 2161 proinde
994 2103 1212 2160 passum
1270 2087 1430 2143 etiam
1501 2085 1792 2152 Christum,

193 2191 351 2249 eque
373 2177 549 2246 justos
577 2179 700 2244 eius
745 2177 932 2233 eadem
977 2191 1257 2248 passuros,
1321 2185 1429 2230 tam
1487 2175 1790 2247 apostolos,

195 2280 359 2337 quam
420 2274 473 2321 et
532 2264 790 2336 deinceps
846 2280 1037 2320 omnes
1087 2263 1276 2320 ﬁdeles
1312 2262 1668 2335 prophetavit,
1719 2264 1794 2318 si-

204 2364 397 2426 gnatos
443 2352 622 2412 858
703 2354 794 2408 illa
832 2362 956 2409 nota
1013 2352 1236 2418 scilicet,
1284 2353 1353 2409 de
1397 2369 1504 2424 qua
1549 2345 1796 2408 Ezechiel

202 2447 296 2512 (ix,
329 2444 382 2515 6)
415 2465 428 2502 :
463 2445 617 2500 Dicit
652 2445 924 2500 Dominus
952 2443 1026 2500 ad
1061 2459 1188 2499 me:
1218 2443 1512 2499 Pertransi
1539 2443 1588 2480 5"
1614 2443 1794 2500 medio

206 2538 376 2605 parte
391 2535 456 2589 in
477 2531 669 2590 media
680 2533 730 2571 ⁵⁵
765 2532 1101 2598 Jerusalem,
1122 2537 1177 2588 et
1197 2532 1270 2589 da
1288 2534 1513 2603 signum
1528 2531 1578 2569 ⁵6
1606 2533 1716 2588 Tau
1734 2533 1798 2586 in

203 2625 486 2691 frontibus
525 2623 802 2678 virorum.
833 2621 958 2691 Ipsa
985 2628 1066 2676 est
1095 2621 1239 2676 enim
1277 2620 1456 2676 littera
1481 2619 1797 2676 Graecorum

203 2710 328 2777 Tan,
358 2720 555 2766 nostra
591 2718 773 2766 autem
830 2711 872 2766 T
919 2710 1052 2779 (55),
1110 2710 1322 2780 species
1378 2709 1574 2775 crucis,
1632 2724 1798 2782 quam

201 2801 550 2869 portendebat
582 2800 820 2855 futuram
854 2799 909 2854 in
947 2798 1217 2855 frontibus
1262 2797 1460 2855 nostris
1515 2799 1657 2868 apud
1704 2813 1799 2852 ve-

1895 1827 2060 1885 baoth
2086 1845 2121 1882 a
2147 1827 2361 1891 Iudaea,
2402 1830 2461 1882 et
2489 1823 2556 1882 ab
2587 1823 2937 1882 Hierusalem
2964 1825 3122 1880 inter
3164 1825 3398 1882 castora,
3429 1823 3485 1876 et

1897 1917 2247 1990 prophetam,
2267 1920 2324 1974 et
2339 1915 2652 1988 sapientem
2671 1915 3082 1978 architectum;
3106 1907 3371 1978 Spiritum
3396 1907 3497 1962 sci-

1895 1999 2021 2060 licet
2049 2011 2312 2068 sanctum,
2343 2002 2437 2075 qui
2467 2001 2694 2058 aedificat
2720 2000 3040 2064 Ecclesiam,
3077 1997 3332 2067 templum
3363 1994 3501 2051 scili-

1899 2102 1983 2150 cet
2001 2105 2055 2148 et
2075 2095 2296 2149 domum
2317 2101 2370 2149 et
2389 2092 2654 2150 civitatem
2678 2092 2774 2149 Dei
2801 2111 2814 2155 ;
2841 2107 2962 2146 nam
2990 2089 3185 2145 exinde
3208 2086 3353 2159 apud
3375 2085 3497 2140 illos

1899 2181 2103 2238 destitit
2141 2182 2241 2239 Dei
2280 2183 2450 2257 gratia
2482 2198 2495 2239 :
2531 2185 2601 2238 Et
2638 2182 2977 2239 mandatum
3005 2181 3091 2235 est
3120 2176 3382 2241 nubibus,
3415 2190 3485 2232 ne

1898 2274 2162 2344 pluerent
2180 2272 2416 2330 imbrem
2435 2289 2602 2344 super
2617 2272 2843 2328 vineam
2863 2267 3063 2329 Sorech
3091 2268 3222 2339 (Isa.
3253 2284 3306 2324 v.
3331 2268 3386 2334 6)
3407 2282 3421 2330 ;
3445 2263 3499 2318 id

1901 2370 2004 2427 est,
2023 2362 2336 2419 caelestibus
2357 2359 2645 2426 beneﬁciis,
2670 2374 2738 2416 ne
2757 2356 3102 2431 provenirent
3123 2355 3309 2412 domui
3330 2355 3500 2411 Israe-

1903 2452 1992 2508 lis.
2024 2453 2236 2507 Fecerat
2265 2452 2410 2508 enim
2438 2449 2609 2508 854
2639 2451 2852 2522 spinas,
2884 2464 2951 2504 ex
2978 2448 3176 2518 quibus
3202 2443 3493 2502 Dominum

1903 2549 2292 2609 eoronaverat;
2323 2544 2381 2598 et
2402 2559 2516 2600 non
2535 2541 2852 2612 justitiam,
2873 2537 2970 2596 sed
2990 2538 3294 2594 clamorem
3321 2546 3427 2606 quo
3449 2531 3504 2586 in

1903 2646 2120 2687 crucem
2149 2645 2272 2686 eum
2298 2637 2597 2686 extorserat
2637 2629 2708 2684 5‘9.
2738 2627 2803 2683 Et
2847 2627 2920 2682 ita
2961 2623 3250 2681 subtractis
3276 2619 3495 2678 charis-

1905 2721 2110 2770 matnm
2140 2714 2356 2770 roribus
2384 2715 2455 2779 σο,
2488 2711 2593 2768 Lex
2631 2719 2686 2768 et
2710 2711 2991 2782 Pr0phetae
3027 2726 3202 2781 usque
3243 2707 3310 2761 ad
3337 2708 3504 2762 Joan-

1908 2819 2054 2858 nem.
2085 2803 2316 2869 Dehinc,
2365 2819 2486 2860 cum
2516 2818 2580 2858 ex
2617 2801 2664 2840 δι
2721 2798 3124 2872 perseverentia
3172 2794 3394 2861 furoris,
3451 2799 3504 2848 et

199 2903 313 2944 ram
369 2897 425 2944 et
481 2888 801 2945 catholicam
883 2888 1236 2954 Hierusalem,
1315 2888 1368 2943 in
1436 2904 1544 2960 qua
1605 2887 1800 2944 fratres
1907 2908 2105 2949 nomen
2131 2893 2349 2948 Domini
2375 2910 2468 2963 per
2497 2891 2645 2964 ipsos
2665 2892 3148 2962 blasphemaretur,
3173 2887 3314 2942 sicut
3333 2882 3501 2954 scrip-

195 2977 420 3041 Christi,
475 2977 620 3034 ﬁlios
655 2977 862 3034 scilicet
914 2977 1032 3043 Dei,
1083 2977 1309 3052 gloriam
1365 2977 1504 3032 Patri
1533 2979 1645 3033 Deo
1705 2992 1798 3032 re-
1827 2978 1871 3058 ε
1900 2989 2013 3038 tum
2048 2991 2131 3037 est
2150 2984 2280 3052 (Isa.
2314 2997 2408 3048 LII,
2441 2982 2498 3051 5)
2529 2998 2543 3034 :
2577 2983 2813 3053 Propter
2833 2997 2924 3036 vos
2947 2977 3378 3050 blasphematur
3404 2989 3497 3029 no-

195 3064 432 3129 laturos,
467 3065 700 3136 psalmus
743 3065 1044 3140 vigesimus
1089 3066 1301 3137 primus
1349 3065 1523 3135 (Psal.
1553 3081 1688 3131 xxI,
1718 3068 1811 3144 23)
1919 3088 2050 3129 men
2076 3087 2269 3127 meum
2299 3073 2362 3126 in
2395 3069 2722 3126 nationibus
2751 3069 2840 3136 (ab
2868 3068 2974 3122 illis
3002 3067 3144 3123 enim
3174 3065 3341 3137 coepit
3369 3063 3508 3119 infa-

203 3154 360 3210 canit
398 3169 464 3208 ex
490 3170 710 3225 persona
751 3154 921 3225 ipsius
949 3153 1144 3210 Christi
1193 3154 1262 3209 ad
1304 3155 1522 3210 Patrem
1553 3171 1568 3209 :
1619 3158 1808 3212 Enar-
1918 3159 2068 3229 mia),
2098 3167 2151 3214 et
2179 3166 2393 3228 tempus
2420 3157 2657 3212 medium
2687 3173 2718 3210 a
2744 3155 2962 3211 Tiberio
2993 3170 3166 3225 usque
3195 3155 3262 3209 ad
3293 3155 3503 3220 Vespa-

199 3243 339 3299 mbo
369 3259 573 3300 nomen
594 3249 757 3301 tuum
777 3244 1056 3315 fratribus
1073 3244 1249 3300 meis:
1271 3245 1336 3299 in
1354 3243 1537 3300 medio
1557 3243 1810 3301 ecclesia:
1916 3246 2124 3302 sianum
2152 3246 2266 3318 (56)
2307 3261 2415 3301 non
2467 3243 2832 3316 pcenitentiam
2872 3241 3261 3299 intellexissent
3286 3240 3355 3306 62,
3397 3243 3508 3296 Fa-

200 3333 476 3404 hymnum
501 3333 603 3388 tibi
639 3333 846 3390 dicam.
871 3331 1028 3402 Quod
1051 3331 1194 3388 enim
1222 3331 1278 3388 in
1299 3332 1519 3389 nomine
1537 3339 1590 3388 et
1617 3332 1808 3402 spiritu
1912 3340 2006 3393 cla
2024 3340 2104 3392 est
2123 3340 2279 3392 terra
2296 3352 2492 3393 eorum
2521 3333 2764 3398 deserta,
2799 3333 3052 3390 civitates
3073 3347 3269 3389 eorum
3286 3332 3508 3385 exusta:

198 3420 366 3491 ipsius
420 3421 585 3476 hodie
641 3421 759 3478 ﬁeri
836 3422 1047 3486 habeat,
1115 3421 1306 3478 merito
1364 3436 1398 3476 a
1451 3437 1510 3477 se
1565 3420 1806 3477 futurum
1912 3425 2035 3495 igni
2051 3423 3301 3497 53,regionemeorumsubipsorumconspectu
3319 3421 3508 3475 extra-

201 3511 629 3581 przedieabat.Et
659 3511 819 3584 paulo
841 3509 986 3566 infra
1014 3528 1028 3567 :
1060 3512 1102 3566 Α
1138 3515 1192 3566 te
1225 3510 1351 3566 laus
1377 3510 1524 3566 mihi
1549 3511 1610 3564 in
1639 3508 1803 3565 eccle-

207 3602 286 3654 ria
320 3617 552 3672 magna.
586 3598 651 3654 Et
680 3599 735 3654 in
763 3599 1103 3673 sexagesimo
1140 3599 1376 3668 septimo
1405 3599 1580 3670 (Psal.
1621 3611 1798 3661 LXVII,

208 3689 294 3758 28)
328 3707 341 3742 :
372 3691 438 3745 ln
468 3690 721 3747 ecclesiis
770 3688 1081 3747 benedicite
1122 3689 1430 3746 Dominum
1483 3689 1696 3753 Deum;
1741 3691 1803 3740 ut

216 3777 403 3846 pariter
428 3786 785 3835 concurreret
829 3787 882 3834 et
909 3777 1189 3834 Malachim
1217 3775 1503 3850 prephetia
1535 3773 1799 3846 (Malach.

221 3880 257 3933 ι,
289 3869 370 3936 ιο)
401 3886 415 3921 :
448 3869 570 3924 Non
601 3871 687 3924 est
715 3867 980 3924 voluntas
1017 3882 1166 3933 mea,
1221 3867 1363 3923 dicit
1407 3868 1703 3933 Dominus,
1749 3872 1802 3922 et

223 3957 483 4025 sacriﬁcia
503 3961 698 4012 vestra
715 3971 833 4012 non
878 3957 1154 4030 accipiam
1165 3974 1184 4022 ;
1206 3956 1472 4027 quoniam
1493 3956 1560 4012 ab
1579 3957 1711 4012 ortu
1723 3970 1804 4010 so-

1909 3513 2004 3568 nei
2023 3512 2322 3578 devorant;
2345 3512 2618 3569 derelicta
2639 3514 2722 3568 est
2752 3511 2802 3549 64
2830 3511 2956 3580 ﬁlia
2984 3509 3117 3566 Sion
3132 3508 3202 3572 55,
3229 3510 3507 3578 tanquam

1911 3600 2140 3673 specula
2160 3603 2220 3656 in
2240 3601 2428 3665 vinea,
2449 3601 2534 3656 vel
2550 3601 2612 3656 in
2632 3599 3022 3657 cucumerario
3044 3597 3243 3654 casula
3263 3595 3416 3665 (57);
3438 3612 3510 3652 ex

1910 3706 2014 3762 quo
2043 3689 2255 3746 scilicet
2279 3689 2452 3746 Israel
2479 3689 2786 3747 Dominum
2807 3705 2921 3744 non
2950 3686 3226 3757 cognovit,
3255 3689 3311 3740 et
3328 3699 3512 3756 popu-

1910 3779 1997 3834 lus
2019 3794 2152 3835 eum
2167 3795 2284 3835 non
2303 3778 2618 3843 intellexit,
2640 3778 2736 3835 sed
2755 3776 3076 3848 dereliquit,
3092 3779 3148 3832 et
3169 3775 3233 3830 in
3250 3772 3516 3844 indigna-

1907 3870 2117 3924 tionem
2136 3870 2455 3940 provocavit
2485 3869 2763 3924 Sanctum
2784 3865 3009 3923 lsraelis
3028 3865 3160 3935 (Isa,
3185 3879 3223 3928 ι,
3251 3861 3392 3933 3-8).
3415 3860 3507 3918 Sic

1905 3966 1959 4011 et
1989 3959 2270 4013 machaerae
2298 3955 2676 4014 conditionalis
2695 3954 3044 4012 comminatio
3063 3953 3242 4026 (Psal.
3285 3955 3338 4018 1,
3369 3951 3463 4021 20)
3489 3967 3503 4004 :

228 4041 286 4096 lis
314 4061 478 4118 usque
497 4047 560 4101 in
580 4061 842 4102 occasum
863 4061 1072 4103 nomen
1090 4060 1283 4101 meum
1301 4044 1687 4115 gloriﬁcatum
1711 4046 1799 4098 est
1907 4044 1966 4101 Si
1988 4044 2303 4109 nolueritis,
2327 4059 2427 4100 nec
2456 4043 2760 4101 audieritis
2779 4057 2890 4106 me,
2913 4039 3197 4098 machaera
3218 4053 3325 4096 vox
3344 4052 3517 4094 come-

229 4131 760 4200 innationibus,etin
777 4137 934 4194 omni
949 4136 1064 4194 loco
1083 4134 1668 4205 sacriﬁciumnomini
1678 4149 1798 4188 meo
1835 4165 1882 4243 Β
1909 4132 2034 4198 det;
2075 4131 2326 4200 probavit
2350 4130 2628 4188 Christum
2661 4130 2850 4196 fuisse,
2870 4144 3036 4202 quem
3065 4143 3173 4182 non
3203 4125 3508 4188 audiendo,

235 4223 398 4243 ,ηε-ι
517 4229 554 4243 κ.
597 4224 927 4243 πληρρμομνη
993 4241 1015 4243 γ,
1053 4241 1062 4243 -
1097 4239 1126 4243 ,Α
1293 4241 1301 4243 .
1357 4221 1531 4243 4-4“
1593 4220 1802 4243 --ει;--ι
1914 4220 2184 4243 ..Α-2--.-..ι
2259 4219 2360 4243 n..:
2395 4225 2442 4243 ,ιι
2496 4221 2546 4243 2..
2579 4219 2788 4243 n--1.....
2823 4215 3271 4243 _..:_-..-_--:mn
3303 4218 3492 4243 ,νισι-πη

231 4223 473 4292 offertur;
501 4229 556 4282 et
583 4224 938 4294 sacriﬁcium
983 4222 1302 4290 mundum;
1349 4221 1535 4294 gloriae
1591 4220 1805 4276 scilicet
1837 4215 1882 4243 "
1914 4220 2208 4292 perierunt.
2259 4219 2362 4287 Qui
2393 4225 2446 4273 et
2496 4221 2550 4274 in
2579 4219 2791 4274 Psalmo
2820 4215 3272 4289 quinquagesimo
3302 4218 3515 4281 octavo,

229 4311 416 4382 relatio,
445 4321 495 4370 et
529 4312 856 4382 benedictio,
887 4320 943 4370 et
969 4312 1108 4379 laus,
1133 4321 1187 4369 et
1214 4310 1420 4384 hymni.
1455 4309 1587 4380 Quae
1624 4308 1808 4365 omnia
1915 4305 2306 4378 dispersionem
2336 4304 2416 4360 eis
2443 4306 2691 4378 postulat
2719 4322 2752 4360 a
2779 4307 2934 4364 Patre
2972 4303 3146 4375 (Psal.
3179 4315 3344 4370 tvm,
3377 4300 3468 4372 12)
3501 4312 3514 4353 :

1583 4431 1774 4496 Varia:
1811 4435 2128 4496 lectiones.

285 4559 335 4597 ⁵²
359 4561 425 4634 Et
444 4561 547 4634 qui
595 4565 728 4620 Par.
760 4565 945 4634 Fran.
965 4569 1044 4634 et,
1076 4577 1205 4634 quae
1227 4561 1406 4634 Rheni.
1452 4559 1504 4634 ἓξ
1530 4558 1760 4634 Iustitia
1789 4559 1868 4615 al.
1897 4557 1946 4596 ⁵⁵·
1974 4559 2032 4634 In
2062 4557 2197 4634 add.
2230 4557 2408 4634 §eml.
2439 4555 2490 4634 ξε
2519 4553 2694 4634 Porta:
2732 4553 2964 4634 mediam
2998 4555 3180 4634 Kron.
3241 4550 3292 4632 εδδ
3345 4551 3519 4634 Signa

226 4631 377 4687 Seml.
409 4633 454 4671 57
476 4622 552 4690 Ἐῑ
577 4635 770 4691 omitt.
800 4633 968 4690 Seml.
1001 4633 1051 4671 ⁵⁸
1078 4622 1296 4690 Noeivis
1337 4633 1416 4687 al.
1449 4631 1498 4670 59
1547 4631 1856 4687 Extruserat
1883 4631 2032 4700 conj.
2061 4630 2196 4686 Jun.
2227 4629 2278 4669 δο
2307 4626 2655 4700 Charismatis
2683 4625 3093 4700 prioribus_al._;
3115 4622 3516 4700 charismatum.

226 4702 504 4773 rationibus
531 4706 660 4761 alii.
689 4705 738 4744 δι
765 4705 841 4760 Ea
873 4705 1040 4762 Seml.
1077 4705 1128 4744 62
1157 4704 1295 4758 Cum
1329 4702 1698 4772 pcenitentiam
1726 4700 1765 4755 ii
1792 4692 2159 4773 neglexissent
2185 4701 2318 4758 Jun.
2348 4692 2700 4772 poenitentiae
2725 4699 2850 4755 Lat.
2880 4695 2931 4736 53
2959 4694 3078 4770 lgni
3116 4693 3308 4752 omitt.
3339 4692 3497 4749 Rhen

224 4772 382 4829 Seml.
416 4775 636 4833 Oberth.
666 4776 716 4814 δ”
743 4775 837 4833 Est
865 4778 1057 4836 omitt.
1090 4776 1263 4836 Seml.
1291 4773 1343 4814 6⁵
1382 4775 1448 4831 Ει
1477 4773 1607 4832 add.
1639 4773 1813 4832 Seml.

1600 4896 2098 4962 Commentarius.

274 5004 390 5074 (55)
418 5005 546 5078 Ipsa
561 5009 646 5078 est
675 5007 832 5078 enim
854 5005 1053 5078 littera
1097 5006 1420 5078 Grmcornm
1449 5006 1582 5071 Tau,
1611 5008 1809 5059 nostra
1916 5003 2156 5078 tudipem
2202 5017 2322 5078 quae
2369 5000 2426 5058 in
2463 4999 2904 5078 Christianorum
2932 4996 3202 5078 frontibus
3255 4991 3522 5078 pingitur.

211 5066 418 5147 autem,
439 5066 559 5132 'etc.
592 5077 705 5132 Hoc
742 5077 918 5146 ipsum
950 5076 1158 5147 imitati,
1191 5077 1442 5147 videntur
1468 5066 1810 5147 patresnos-
1925 5081 1979 5129 et
2009 5066 2297 5147 frequenti
2347 5089 2540 5129 manus
2597 5071 2957 5147 inscriptiqne
3012 5066 3286 5147 signatur}.
3315 5087 3336 5115 ι
3384 5066 3525 5146 Plin,

213 5146 293 5222 tri,
336 5137 472 5222 duln
509 5147 570 5222 i_n_
596 5137 904 5222 Missalibus
951 5146 1209 5222 antiquis
1259 5146 1428 5222 initio
1469 5137 1722 5222 canonis
1753 5145 1814 5198 in
1994 5145 2112 5216 (56)
2133 5137 2479 5222 'Et_Tempus
2507 5137 3529 5222 medium'anl‘iberio',etc.LVgspasia-

212 5209 378 5290 littera
393 5219 455 5283 T,
470 5218 573 5290 ubi
596 5218 828 5290 legitur:
863 5209 1598 5290 Teigitzir,clementissime
1618 5219 1811 5285 Pater,
1921 5209 2048 5290 num
2088 5209 2348 5290 nominat,
2369 5209 2463 5290 'eo‘
2498 5215 2780 5290 quodsub
2810 5215 3134 5290 illovastata
3157 5210 3248 5290 _sit_
3289 5209 3520 5290 lerusa-

210 5287 378 5361 solent
424 5281 630 5361 pictam
645 5281 928 5361 “exhibere
968 5281 1201 5361 vcruce'm
1245 5287 1445 5361 Christi
1482 5307 1496 5343 :
1547 5289 1601 5361 in
1659 5281 1817 5356 cujus
1923 5286 2052 5361 lem,
2083 5287 2158 5343 uti
2189 5304 2255 5344 ex
2281 5281 2591 5361 Josephi'et
2618 5285 2857 5361 Philonis
2881 5283 3125 5361 historiis
3149 5281 3385 5336 Judaicis
3409 5293 3515 5333 no-

210 5358 368 5432 hodie
396 5356 576 5416 locum
607 5360 875 5432 successit
905 5361 1027 5431 ipsa
1056 5359 1238 5417 crucis
1266 5359 1450 5432 imago
1479 5359 1682 5432 pagina
1701 5373 1818 5432 pro;
1926 5356 2044 5414 tius
2070 5367 2172 5432 est,
2207 5375 2368 5432 quam
2408 5356 2468 5415 ut
2497 5357 2747 5431 pluribus
2775 5359 2847 5432 sit
2882 5373 3038 5432 opus.
3069 5356 3210 5432 Pati.
3264 5422 3274 5431 _
3361 5417 3393 5432 μ,

215 5431 355 5504 xime
399 5431 751 5504 praecedenti.
803 5430 886 5504 ‘Bt
928 5424 1078 5504 ivero
1132 5424 1525 5504 Tertulliavnuin
1553 5424 1717 5484 "fere
1750 5429 1816 5484 ad
1996 5430 2114 5502 (5'7)
2152 5424 2642 5504 In'cucumerario
2670 5430 2892 5504 casula.
2919 5424 3122 5484 Casula
3149 5424 3519 5478 diminutivum

213 5501 434 5575 verbum
488 5503 732 5575 imitatus
801 5501 863 5575 B_.
924 5502 1298 5575 Hieronymus
1326 5572 1336 5575 _
1362 5501 1426 5575 in_
1464 5501 1813 5575 CommentL:
1926 5517 1958 5558 a
1989 5501 2143 5570 casa,
2182 5519 2303 5575 quae
2334 5503 2534 5558 Graecis
2561 5502 2732 5570 σκηνή.
2759 5501 2896 5557 Pw.

218 5591 236 5621 ι
266 5573 546 5639 Extrema,
577 5573 774 5646 inquit,
816 5573 933 5630 Tau
971 5571 1151 5632 littera
1190 5572 1370 5631 crucis
1413 5571 1574 5629 habet
1630 5571 1818 5628 simili-
