3980 6144
468 277 573 344 383

465 413 725 519 Disperqe
746 425 832 512 eos
852 409 915 468 in
944 410 1165 512 virtute
1191 413 1313 470 tua.
1335 414 1436 486 Qui
1459 423 1511 472 et
1532 433 1718 472 rursus
1748 433 1843 492 per
1870 419 2058 477 Isaiam
2089 439 2134 519 Α

464 501 542 566 (ι,
603 499 714 570 tl),
753 500 809 556 in
863 500 1200 558 exustionem
1257 518 1445 559 eorum
1499 520 1758 576 peroraris
1813 524 1826 560 :
1879 511 2059 584 Prop-

467 594 552 645 ter
581 607 690 654 me,
723 591 916 662 inquit,
949 591 1066 648 haec
1094 594 1252 663 facta
1281 600 1417 650 sunt
1444 596 1590 652 vobis
1618 617 1637 664 ;
1676 598 1738 652 in
1767 599 2062 659 anxietate

465 679 778 735 dormietis.
813 679 954 736 Satis
981 696 1136 747 vane,
1169 682 1212 735 si
1245 683 1356 737 haec
1387 699 1492 738 non
1521 693 1737 756 propter
1766 703 1886 742 eum
1919 691 2058 759 passi

465 775 613 833 sunt,
661 769 753 839 qui
811 779 1031 839 prepler
1101 786 1160 825 se
1209 788 1465 842 passuros
1522 777 1910 844 pronuntiarat,
1961 779 2058 834 sed

466 867 686 928 prepter
731 859 1000 914 Christum
1057 859 1154 914 Dei
1206 861 1447 916 alterius.
1507 864 1705 934 Atquin
1761 867 2054 933 Christum,

465 946 706 1020 inquam,
753 948 988 1003 alterius
1027 949 1124 1002 Dei
1173 949 1321 1018 dicit,
1345 945 1390 1004 'a
1419 951 1716 1008 "Creatoris
1767 936 2058 1010 virtutibus

465 1045 518 1090 et
559 1037 928 1106 potestatibus,
962 1045 1020 1091 ut
1050 1038 1116 1092 ab
1146 1037 1361 1094 aemulis
1391 1039 1443 1094 in
1475 1056 1686 1098 crucem
1718 1050 1918 1098 actum.
1951 1043 2058 1100 Sed

466 1133 592 1181 ecce
621 1125 875 1182 defensus
903 1127 1206 1182 ostenditur
1235 1143 1266 1182 a
1318 1126 1572 1185 Creatore
1609 1131 1738 1200 (lsa.
1784 1147 1900 1198 Lm,
1953 1133 2008 1204 9)
2039 1147 2053 1190 :

468 1217 536 1270 Et
553 1213 683 1270 dati
705 1220 841 1272 sunt
865 1217 1096 1288 pessimi
1119 1233 1223 1287 pro
1245 1218 1542 1288 sepultura
1562 1221 1718 1290 ejus;
1743 1220 1834 1290 qui
1857 1221 2063 1277 scilicet

465 1303 778 1372 subreptum
815 1319 936 1359 eum
980 1313 1420 1360 asseveraverant
1451 1323 1464 1363 :
1499 1308 1569 1362 Et
1622 1308 1920 1380 locupletes
1956 1326 2058 1384 pro

466 1395 644 1448 morte
671 1394 824 1462 ejus;
855 1392 954 1462 qui
985 1392 1191 1448 scilicet
1239 1402 1293 1450 et
1337 1410 1367 1448 a
1413 1395 1550 1449 Juda
1590 1397 1934 1452 traditionem
1965 1414 2058 1454 re-

464 1479 764 1546 demerunt,
792 1488 844 1534 et
887 1495 917 1534 a
959 1481 1230 1537 militibus
1275 1481 1468 1538 falsum
1501 1485 1869 1540 testimOnium
1902 1486 2060 1540 cada-

465 1567 607 1622 veris
635 1569 898 1639 subrepti.
950 1569 1139 1640 lgitur,
1186 1581 1279 1627 aut
1327 1587 1433 1626 non
1481 1582 1703 1643 prapter
1734 1574 1877 1629 illum
1909 1575 2055 1630 acci-

465 1655 661 1712 derunt
706 1659 806 1712 ista
854 1659 1100 1730 Judaeis;
1139 1661 1236 1715 sed
1276 1661 1568 1716 revinceris
1624 1662 1966 1740 00nspirante
2003 1664 2054 1702 δδ

1164 279 1606 350 TERTULLIANI
1643 287 1908 353 OPERUM
1947 286 2112 357 PARS
2151 295 2222 358 Il.
2268 325 2332 340 -
2374 289 2600 356 SERIES
2639 289 2685 364 I,
2724 286 3083 352 POLEMICA.
3629 276 3710 345 384

2723 415 2952 475 CAPUT
2988 413 3190 474 XXIV.

2239 513 2372 579 lmo,
2407 509 2603 584 inquis,
2635 523 2796 581 spero
2826 509 2895 563 ab
2919 507 3017 564 illo
3045 507 3187 580 quod
3215 513 3267 561 et
3294 501 3468 577 ipsum
3501 499 3640 558 faciat
3660 497 3716 556 ad

2166 602 2531 660 testimonium
2561 599 2888 656 diversitatis
2917 613 3145 670 regnum
3175 594 3274 652 Dei
3318 601 3532 652 steteram
3557 599 3601 648 et
3624 607 3716 648 coa-

2165 693 2316 749 lestis
2350 690 2728 764 possessionis.
2771 690 3056 752 Caeterum,
3105 694 3287 742 vester
3327 682 3567 740 Christus
3602 679 3718 752 pris-

2171 782 2336 837 tinum
2367 789 2564 836 statum
2589 777 2785 835 Judaeis
2812 777 3116 850 pollicetur,
3165 791 3229 830 ex
3259 772 3589 828 restitutione
3620 780 3716 824 ter-

2167 887 2258 936 rm,
2305 879 2357 925 et
2405 877 2526 940 post
2577 869 2865 923 decursum
2914 866 3059 929 vitae,
3099 863 3239 934 apud
3287 861 3490 916 inferos
3546 860 3595 914 in
3620 855 3723 912 sinu
3751 871 3776 890 ν

2161 959 2396 1015 Abrahae
2426 957 2787 1030 refrigerium.
2818 956 2995 1010 Deum
3025 951 3320 1024 Optimum!
3356 950 3401 1004 si
3430 945 3601 1006 reddit
3625 946 3724 1017 pla-

2165 1058 2342 1113 catus,
2375 1048 2522 1119 quod
2544 1054 2596 1101 et
2626 1044 2919 1102 abstulerat
2947 1043 3133 1098 iratus.
3174 1041 3221 1097 0
3272 1041 3449 1095 Deum
3481 1048 3621 1094 tuum
3647 1035 3728 1107 qui

2162 1147 2216 1194 et
2244 1136 2401 1194 caedit
2431 1146 2483 1192 et
2519 1143 2692 1199 sanat,
2743 1133 2930 1190 condit
2971 1131 3108 1187 mala
3155 1141 3211 1187 et
3252 1129 3402 1185 facit-
3427 1123 3637 1198 pacem!
3686 1123 3729 1180 Ο

2163 1225 2334 1280 Deum
2366 1225 2526 1281 etiam
2555 1223 2620 1278 ad
2670 1223 2867 1279 inferos
2911 1235 3086 1292 usque
3142 1215 3584 1274 misericordem!
3635 1212 3727 1270 Sed

2165 1316 2233 1371 de
2259 1315 2381 1370 sinu
2411 1313 2641 1370 Abrahae
2675 1311 2790 1383 (58)
2835 1326 2932 1366 suo
2961 1318 3226 1380 tempore.
3279 1307 3362 1362 De
3418 1304 3726 1370 restitutione

2165 1417 2290 1458 vero
2317 1403 2536 1467 Judmm,
2575 1417 2739 1474 quam
2767 1408 2820 1455 et
2846 1398 2949 1469 ipsi
2978 1397 3170 1461 Judaei,
3202 1396 3277 1451 ita
3330 1402 3391 1450 ut
3415 1393 3729 1457 describitur,

2161 1501 2404 1562 sperant,
2437 1491 2678 1546 locorum
2717 1495 2771 1544 et
2809 1487 3095 1558 regionum
3150 1485 3470 1541 nominibus
3524 1482 3730 1546 inducti,

2161 1579 2432 1650 quomodo
2476 1577 2775 1652 allegorica
2803 1575 3175 1646 interpretatio
3215 1574 3269 1629 in
3315 1573 3578 1629 Christum
3604 1582 3651 1628 et
3681 1571 3735 1626 in

2160 1659 2477 1732 Eeclesiarﬁ,
2511 1674 2564 1722 et
2600 1665 2844 1720 habitum
2889 1672 2943 1719 et
2980 1664 3216 1720 fructum
3269 1663 3390 1734 ejus
3442 1661 3738 1732 spiritaliter

466 1761 630 1800 sensu
686 1745 1084 1817 Scripturarnm
1139 1763 1264 1804 cum
1327 1750 1473 1804 exitu
1534 1763 1712 1804 rerum
1760 1729 1820 1806 iet
1857 1735 2053 1806 ordine
2087 1729 2130 1808 Β
2162 1729 2544 1828 οοηιρθῐςιιξθι
2569 1756 2793 1828 longum
2827 1761 2910 1810 est
2951 1752 3226 1824 persequi,
3255 1729 3317 1810 et.
3345 1752 3397 1806 in
3429 1729 3535 1807 alio
3589 1765 3741 1819 opere

466 1841 766 1902 temporum
791 1852 804 1898 ;
837 1845 927 1890 aut
956 1835 1000 1890 si
1032 1845 1249 1906 propter
1276 1836 1429 1906 illum
1457 1837 1790 1909 acciderunt,
1825 1855 1934 1894 non
1963 1854 2064 1911 po-

491 1922 571 1976 uit
617 1923 838 1978 Creator
886 1923 1094 1987 ulcisci,
1129 1924 1230 1978 nisi
1279 1942 1435 1980 suum
1483 1927 1772 1994 ChristUm,
1806 1945 2060 1984 remune-

468 2020 682 2066 raturus
712 2011 894 2082 potius
937 2012 1151 2078 Judam,
1211 2013 1256 2068 si
1287 2015 1653 2072 adversarium
1711 2017 1922 2073 Domini
1976 2018 2062 2072 sui

468 2101 841 2171 peremissent.
875 2102 1028 2157 Certe
1057 2104 1105 2158 si
1143 2103 1384 2159 nondum
1425 2106 1575 2160 venit
1620 2105 1868 2162 Christus
1896 2107 2060 2161 Crea-

470 2190 620 2252 toris,
655 2198 882 2260 prOpter
913 2206 1075 2260 quem
1106 2192 1220 2246 haec
1265 2193 1474 2262 passuri
1525 2194 1906 2264 praedicantur,
1935 2210 2062 2248 cum

467 2279 675 2333 venerit
705 2295 856 2350 ergo,
890 2280 1182 2349 patientur.
1215 2280 1278 2334 Et
1307 2281 1399 2335 ubi
1443 2288 1569 2336 tunc
1597 2280 1706 2335 tilia
1747 2282 1874 2338 Sion
1909 2283 2064 2338 derc-

473 2366 779 2436 linquenda,
811 2381 934 2436 qua
964 2367 1106 2422 nulla
1143 2368 1306 2423 hodie
1335 2377 1421 2423 est
1444 2371 1470 2424 εἰ
1521 2369 1612 2424 ubi
1657 2369 1906 2427 civitates
1931 2388 2064 2426 exu-

471 2457 674 2527 rendte,
713 2473 835 2527 quae
875 2457 984 2524 jam
1027 2459 1080 2511 in
1123 2456 1388 2512 tumulis?
1441 2458 1530 2513 ubi
1579 2458 1846 2529 dispersio
1891 2459 2063 2517 355

469 2547 670 2613 gentis,
718 2559 842 2616 quae
884 2546 1000 2614 jam
1044 2545 1320 2601 extorris?
1355 2546 1542 2601 Redde
1593 2553 1794 2604 statum
1837 2548 2060 2617 Judazte,

469 2649 632 2701 quem
689 2634 936 2690 Christus
984 2635 1255 2690 Creatoris
1304 2633 1560 2703 inveniat,
1601 2645 1655 2691 et
1708 2637 1873 2694 alium
1929 2655 2062 2695 con-

471 2720 626 2778 tende
669 2723 900 2778 venisse.
956 2725 1072 2778 Jam
1129 2739 1254 2779 vero
1285 2724 1443 2794 quale
1499 2732 1602 2790 est,
1634 2735 1692 2781 ut
1740 2738 1838 2797 per
1867 2729 2062 2782 cmlum

469 2803 626 2866 suum
659 2812 956 2877 admiserit,
998 2829 1158 2883 quem
1198 2813 1252 2866 in
1287 2822 1423 2868 terra
1467 2830 1567 2869 sua
1604 2823 1746 2870 esset
1771 2815 2061 2886 interemp-

470 2905 644 2963 turus,
681 2900 994 2956 honestiore
1045 2909 1100 2955 et
1145 2900 1464 2974 gloriosiore
1516 2905 1668 2975 regni
1712 2905 1795 2959 sui
1839 2905 2060 2976 regione

2169 1846 2458 1920 digestum,
2489 1844 2633 1915 quod
2663 1841 3024 1907 inscribimus,
3071 1845 3144 1898 De
3171 1857 3266 1914 spe
3311 1840 3563 1910 ﬁdelium
3599 1837 3742 1910 (59):;

2169 1943 2220 1990 et
2249 1935 2302 1988 in
2334 1933 2591 2005 praesenti
2619 1933 2698 1988 vel
2731 1947 2796 1987 eo
2828 1931 3082 1998 otiosum,
3124 1931 3256 2000 quia
3293 1944 3399 1985 non
3429 1929 3495 1983 de
3527 1937 3744 1996 terrena,

2108 2068 2116 2076 .
2168 2023 2261 2078 sed
2291 2024 2359 2078 de
2389 2021 2599 2079 caelesti
2622 2019 2978 2091 promissione
3010 2019 3080 2073 sit
3123 2018 3372 2090 quaestio.
3396 2018 3535 2072 Nam
3555 2025 3606 2072 et
3619 2031 3745 2072 eon-

2171 2109 2386 2166 ﬁtemur
2405 2112 2460 2166 in
2489 2119 2632 2167 terra
2653 2109 2810 2165 nobis
2831 2124 3061 2179 regnum
3083 2106 3495 2178 repromissum;
3521 2104 3611 2160 sed
3631 2111 3748 2159 ante

2170 2201 2388 2266 ccelum,
2418 2199 2514 2254 sed
2543 2197 2653 2254 alio
2683 2205 2860 2263 statu;
2883 2204 3067 2265 utpote
3091 2204 3209 2264 post
3227 2195 3671 2250 resurrectionem
3697 2191 3748 2246 in

2170 2288 2318 2343 mille
2348 2303 2537 2352 annos,
2569 2287 2623 2342 in
2645 2286 2860 2342 civitate
2889 2284 3057 2340 divini
3090 2283 3272 2356 Operis
3290 2283 3588 2340 Jerusalem
3615 2283 3749 2336 caelo

2171 2377 2347 2432 delata
2393 2377 2529 2448 (60),
2570 2391 2733 2444 quam
2788 2382 2840 2429 et
2891 2373 3183 2444 Apostolus
3237 2383 3466 2429 matrem
3519 2380 3750 2426 nostram

2172 2481 2385 2520 sursum
2417 2465 2684 2537 designat,
2718 2472 2773 2519 et
2805 2464 3106 2535 politeuma
3135 2471 3400 2526 nostrum,
3431 2460 3488 2515 id
3517 2469 3618 2524 est,
3646 2477 3754 2515 mu-

2173 2553 2463 2623 nicipatum
2504 2553 2557 2607 in
2603 2552 2756 2609 caelis
2792 2567 2913 2608 esse
2950 2551 3323 2621 pronuntians,
3358 2549 3519 2606 alicui
3571 2549 3751 2620 utique

2171 2641 2376 2697 ccelesti
2407 2641 2610 2698 civitati
2638 2658 2762 2696 eum
2778 2640 3017 2711 deputat.
3046 2641 3198 2696 Hanc
3235 2647 3289 2694 et
3315 2637 3490 2696 856
3519 2637 3754 2693 Ezechiel

2171 2733 2320 2786 novit
2353 2730 2569 2799 (Bacch.
2624 2731 2848 2799 xavm),
2897 2736 2952 2784 et
3020 2727 3296 2799 apostolus
3340 2727 3573 2783 Joannes
3623 2725 3756 2780 vidit

2169 2820 2362 2892 (Apoc.
2393 2822 2514 2887 xu),
2556 2828 2611 2874 et
2649 2819 2740 2890 qui
2780 2817 2922 2889 apud
2961 2817 3124 2872 tidem
3155 2825 3394 2872 nostram
3448 2823 3549 2879 est,
3607 2830 3757 2870 novre

2173 2908 2468 2979 prOphetite
2491 2921 2670 2962 sermo
2722 2914 2966 2972 testatur,
3017 2913 3074 2960 ut
3120 2905 3283 2960 etiam
3315 2903 3547 2975 effigiem
3576 2903 3761 2959 civ-ita.

469 2987 684 3054 violata,
717 2987 834 3058 ipsa
870 2989 990 3043 aula
1019 3006 1117 3044 sua
1144 2999 1197 3046 et
1225 3005 1348 3045 arce
1377 2992 1576 3046 calcata
1598 2995 1624 3046 “3
1649 2993 1734 3046 An
1764 2993 1861 3048 hoc
1895 2995 2065 3061 magis
2095 3012 2140 3090 ο
2171 2998 2241 3052 tis
2272 3004 2396 3052 ante
2423 2994 2960 3067 reprtesentalionem
3003 2996 3121 3064 ejus
3168 3002 3468 3066 conspectu
3525 2991 3758 3047 futuram

467 3075 782 3134 affectavit?
815 3079 976 3132 Planc
1006 3079 1151 3134 Deus
1181 3079 1228 3117 σν
1265 3077 1482 3144 zelotes,
1534 3088 1708 3136 tamen
1741 3081 1883 3137 vicit.
1915 3082 2058 3137 Eru-

469 3164 647 3230 besce,
679 3165 770 3238 qui
788 3165 930 3222 victo
957 3167 1073 3222 Deo
1102 3167 1298 3222 credis.
1334 3165 1472 3234 Quid
1501 3169 1746 3238 sperabis
1775 3170 1842 3224 ab
1871 3186 1936 3226 eo
1963 3171 2056 3242 qui

467 3269 525 3307 se
556 3263 843 3327 protegere
872 3257 996 3312 non
1022 3256 1225 3312 valuit?
1255 3256 1363 3313 Aut
1403 3259 1547 3314 enim
1579 3276 1669 3328 per
1696 3260 2058 3318 infirmitatem

473 3360 770 3414 oppressus
817 3355 899 3401 est
927 3363 959 3401 a
994 3346 1284 3404 virtutibus
1319 3355 1373 3402 et
1411 3347 1717 3402 hominibus
1768 3348 2058 3417 Creatoris,

467 3443 557 3486 aut
587 3449 684 3502 per
729 3433 1164 3504 malitiositatem,
1195 3439 1258 3491 ut
1308 3443 1517 3491 tantum
1558 3436 1664 3492 illis
1707 3436 1928 3492 sceleris
1957 3454 2060 3509 pa-

470 3521 653 3578 tientia
679 3522 945 3596 inﬁgeret.

2172 3086 2225 3141 in
2281 3087 2499 3158 signum
2557 3084 2952 3156 praedicaverit.
3013 3082 3256 3154 Denique
3299 3081 3622 3152 proxime68
3671 3071 3763 3133 ei-

2165 3185 2427 3246 punctum
2443 3173 2794 3230 'estorientali
2811 3171 3154 3243 expeditione
3175 3171 3310 3241 (61).
3349 3170 3571 3226 Constat
3597 3169 3760 3229 enim,

2167 3264 2396 3320 ethnicis
2422 3278 2634 3334 quoque
2673 3263 2902 3318 testibus
2929 3259 3065 3330 (62),
3103 3259 3156 3315 in
3179 3259 3373 3314 Judea
3392 3274 3488 3328 per
3507 3257 3626 3313 dies
3641 3273 3768 3326 qua-

2168 3351 2420 3424 draginta
2449 3350 2727 3406 matutinis
2754 3350 3040 3406 momentis
3083 3349 3354 3404 civitatem
3402 3348 3470 3403 de
3503 3347 3643 3402 caelo
3673 3361 3773 3416 pe-

2170 3441 2443 3510 pendisse,
2486 3439 2632 3493 omni
2680 3439 3011 3494 moeniorum
3047 3436 3235 3492 habitu
3287 3445 3648 3493 evanescente
3705 3434 3776 3489 de

2168 3527 2416 3600 profectu
2445 3525 2578 3606 diei,
2609 3534 2664 3582 et
2690 3525 2828 3582 alias
2865 3529 2936 3583 de
2969 3525 3214 3598 proximo
3241 3524 3459 3583 nullam.
3503 3525 3656 3580 Hanc
3685 3523 3778 3580 di-

1826 3652 2012 3714 Variae
2042 3655 2352 3716 lectiones.

537 3779 587 3817 δδ
616 3779 679 3833 Et
715 3780 842 3835 add.
868 3781 1034 3837 Seml.
1075 3783 1122 3820 6⁷
1154 3782 1302 3837 Deus
1329 3783 1519 3839 omitt.
1553 3782 1722 3840 Seml.
1756 3783 1806 3823 53
1839 3784 2095 3839 Proxime
2142 3785 2303 3855 rejic.
2339 3783 2514 3840 Rhen.
2555 3784 2723 3840 Seml.
2770 3781 2992 3841 Oberth.

1839 3908 2339 3971 Commentarius.

541 4013 656 4084 (£38)
708 4014 811 4072 Sed
839 4013 905 4071 de
933 4014 1067 4072 sinu
1100 4012 1354 4068 Abrahae.
1388 4012 1593 4070 Alludit
1622 4016 1688 4070 ad
1720 4015 1814 4070 lib.
1856 4015 1921 4069 de
1950 4018 2062 4071 Pa-

472 4086 674 4150 radt‘so,
708 4093 799 4141 aut
829 4085 1007 4154 potius
1037 4085 1100 4139 ad
1133 4085 1227 4138 lib.
1263 4100 1339 4154 IV,
1371 4086 1492 4140 adv.
1529 4088 1692 4146 Marc.
1725 4103 1845 4156 cap.
1880 4089 1940 4155 4,
1974 4086 2061 4140 ubi

470 4165 658 4228 tractat
687 4157 817 4211 illud
851 4157 1006 4213 Lucae
1035 4172 1129 4213 xvr
1156 4156 1301 4226 quod
1333 4157 1530 4228 legitur
1559 4159 1626 4212 de
1655 4156 1777 4214 sinu
1809 4159 2061 4223 Abrahaz,

470 4226 521 4281 in
563 4243 673 4300 quo
703 4229 886 4282 Lazari
911 4228 1300 4300 refrigerium;
1333 4226 1481 4300 t-tide
1510 4229 1714 4295 inferis,
1743 4231 1836 4284 ubi
1863 4230 2065 4285 directe

2173 4014 2482 4070 Victorinus
2528 4013 2902 4080 Pictaviensis,
2947 4022 3003 4069 et
3035 4013 3356 4079 Lactantius,
3390 4023 3444 4070 et
3487 4012 3608 4071 :-‘ii.
3644 4013 3796 4067 Hie-

2175 4101 2436 4157 rOnymus
2462 4086 2516 4140 in
2559 4086 2651 4142 illa
2688 4085 2756 4140 ad
2803 4086 2993 4140 Isaiam
3033 4085 3374 4149 Praefatione,
3405 4085 3795 4157 compositum

2174 4156 2342 4212 fuisse
2379 4156 2456 4212 ait
2501 4158 2568 4212 ab
2617 4156 2875 4228 Dionysio
2921 4157 3281 4214 Alexandrino
3336 4157 3530 4211 librum
3590 4156 3802 4211 adver-

2174 4245 2268 4284 sus
2293 4229 2576 4293 lrenreum,
2608 4243 2782 4297 eoque
2823 4228 2963 4284 libro
3010 4229 3253 4283 fabulam
3295 4229 3582 4298 eleganter
3634 4228 3803 4282 deri—

469 4299 733 4375 tortnenta
797 4299 1214 4375 _dc_scribunt_ur,_
1257 4299 1548 4375 ostendens
1603 4302 1750 4358 aliud
1802 4318 1924 4357 esse
1974 4301 2064 4356 iu-
2101 4299 2144 4375 υ
2177 4316 2311 4375 sam,
2343 4301 2678 4375 Augustinus
2700 4299 2792 4354 lib.
2825 4316 2907 4375 xit
2937 4299 3005 4375 de
3032 4301 3287 4375 Civitati:
3313 4299 3429 4375 Dei,
3453 4299 3806 4375 opinionem

470 4369 637 4436 feros,
666 4371 812 4425 aliud
844 4373 1021 4425 sinum
1057 4369 1303 4424 Abrahae.
1341 4371 1474 4425 Pu.

539 4443 651 4512 (59)
694 4445 758 4496 1η
801 4444 915 4498 αιιό
962 4457 1126 4514 opere
1175 4442 1453 4514 digestum
1491 4443 1638 4514 quod
1684 4443 2064 4506 inscribimus,

470 4515 544 4569 De
573 4532 666 4586 spe
693 4513 998 4584 ﬁdelium.
1027 4513 1138 4567 Hoc
1178 4513 1511 4568 Tertulliani,
1541 4529 1679 4583 opus
1710 4514 2065 4586 Agobardino

465 4585 652 4640 codice
695 4586 1092 4650 continebatur,
1141 4596 1234 4638 aut
1281 4600 1346 4637 eo
1395 4597 1536 4640 certe
1583 4585 1876 4654 exemplari
1924 4586 2069 4638 unde

469 4673 627 4710 suum
666 4655 899 4714 describi
941 4655 1164 4710 curavit
1217 4655 1558 4725 Agobardus.
1608 4656 1742 4710 Nam
1798 4665 1850 4711 et
1903 4656 2065 4711 hodie

467 4736 742 4798 comparet
797 4727 986 4782 titulus
1031 4727 1171 4781 inter
1204 4725 1374 4782 libros
1401 4726 1591 4798 viginti
1633 4733 1866 4797 quatuor
1892 4727 2065 4780 indice

466 4801 908 4868 comprehensos.
948 4798 1108 4852 Istius
1155 4808 1335 4852 autem
1367 4799 1546 4866 aperis
1595 4798 1838 4853 meminit
1881 4799 2066 4852 Hiero-

468 4886 659 4938 nymus
688 4868 742 4940 in
771 4869 931 4940 Papia
957 4868 1378 4940 Hierapolitano,
1416 4877 1470 4924 et
1497 4884 1642 4940 cap.
1668 4872 1735 4924 36
1775 4870 2063 4924 Commen-

470 4939 656 4994 tarior.
701 4939 754 4993 in
812 4939 1169 5002 Ezechielem,
1228 4945 1389 5009 atque
1433 4940 1596 4996 etiam
1634 4939 1687 4994 in
1745 4940 2064 4996 Praefatioue

472 5011 668 5065 decimi
699 5009 877 5066 octavi
906 5009 960 5064 in
990 5010 1204 5066 lsaiam.
1237 5011 1362 5066 Bm.

539 5081 654 5150 (60)
687 5083 749 5136 In
779 5081 1011 5137 civitate
1039 5082 1222 5136 divini
1249 5084 1429 5153 operis
1461 5083 1767 5139 Jerusalem
1797 5083 1930 5137 caelo
1963 5082 2060 5137 de-

471 5154 608 5209 lata.
652 5156 887 5206 Auream
917 5162 1076 5221 atque
1104 5160 1431 5223 gemmatam
1485 5153 1540 5210 in
1570 5155 1728 5209 terris
1772 5153 2064 5208 Jerusalem

469 5227 757 5295 sperabant
811 5223 1237 5295 nimiswcreduli
1272 5223 1503 5295 judaicis
1544 5224 1755 5288 fabulis,
1798 5240 1932 5290 quas
1987 5223 2066 5278 illi

467 5291 788 5364 δὲυτερώσεις
844 5294 1206 5362 appellabant,
1267 5291 1470 5364 decepti
1517 5296 1695 5349 verbis
1743 5295 2065 5364 quibusdam

470 5367 767 5425 Ezechielis
795 5372 850 5422 et
900 5366 1051 5421 Isaiae
1107 5382 1392 5436 perperam
1451 5364 1752 5436 intellectis.
1802 5367 1931 5420 lmle
1963 5366 2065 5420 Pu-

470 5447 588 5513 pias
629 5440 884 5513 primum,
932 5452 1060 5513 mox
1105 5435 1158 5492 et
1201 5437 1488 5513 Justinus,_
1523 5435 1809 5513 qui__viros
1858 5452 1920 5513 ea
1973 5454 2069 5505 spe

470 5508 769 5584 gaudentes
811 5510 1191 5584 ὀρτοχνώμονας
1243 5509 1369 5562 κατὰ
1401 5508 1944 5584 _1tévra‘Xptattavobc
1981 5523 2071 5562 νο-

469 5579 599 5652 Eat;
658 5593 768 5642 tum
841 5579 894 5638 et
946 5579 1206 5653 Irenaeus,
1273 5588 1326 5636 et
1394 5579 1690 5654 Septimius
1747 5587 1944 5641 noster,
2017 5587 2071 5632 et

2179 4371 2345 4426 fuisse
2383 4369 2456 4425 ait
2498 4381 2770 4442 utcunque
2817 4369 3176 4435 tolerabilem,
3229 4373 3272 4424 si
3320 4369 3516 4442 aliqua:
3559 4369 3807 4442 delicia‘

2176 4442 2444 4512 spiritales
2482 4442 2535 4496 in
2575 4441 2967 4506 illo’Sabbato,
3015 4442 3124 4512 hoc
3165 4449 3268 4505 est,
3315 4441 3564 4512 septimo
3602 4441 3813 4493 mille-

2177 4510 2327 4591 nario
2357 4529 2624 4591 annorum
2655 4513 2907 4591 affuturm
2944 4511 3161 4591 sanctis
3199 4528 3296 4591 per
3342 4510 3567 4591 Domini
3635 4526 3813 4591 prae-

2177 4588 2402 4639 sentiam
2445 4588 2805 4639 crederentur.
2857 4583 2996 4650 Quin
3055 4581 3214 4636 etiam
3262 4583 3491 4652 hujusce
3546 4581 3818 4650 Opinio—

2175 4661 2260 4708 nis
2307 4655 2545 4722 seipsum
2585 4653 2877 4724 aliquando
2910 4653 3076 4709 fuisse
3113 4653 3328 4708 fatetur.
3359 4653 3484 4708 Bia.

2375 4728 2620 4812 Denique
2648 4726 2906 4812 proxime
2925 4729 3274 4812 expunctus):
3291 4730 3377 4812 est
3392 4724 3696 4812 orientali
3714 4738 3832 4779 ea:-

2171 4797 2474 4868 peditione.
2513 4795 2716 4868 Severi,
2747 4795 2976 4860 scilicet,
2996 4795 3268 4868 adversus
3291 4797 3536 4868 Parthos.
3561 4795 3831 4868 Bne..—

2176 4865 2487 4938 Prodigium
2525 4867 2666 4922 istud
2709 4868 2989 4938 hactenus
3027 4867 3266 4938 reperire
3311 4867 3452 4936 apud
3502 4865 3828 4938 mimicas,

2176 4939 2281 4992 imo
2340 4936 2438 4991 nec
2499 4941 2641 5007 apud
2696 4936 3105 4993 ecclesiasticos
3167 4938 3404 4993 historia:
3473 4936 3837 5006 scriptorcs

2175 5007 2344 5078 potui,
2375 5024 2542 5078 quare
2587 5008 2774 5064 lecturi
2803 5007 3053 5075 diligenti
3083 5007 3463 5078 inquirendum
3502 5007 3836 5077 relinquo,

2175 5096 2242 5134 an
2288 5080 2340 5133 in
2397 5079 2738 5149 expeditione
2793 5079 3035 5134 orientali
3084 5080 3266 5135 Severi
3311 5078 3684 5148 imperatoris
3755 5079 3841 5131 de

2174 5166 2283 5276 qu:
2314 5151 2457 5276 Ιοψὲ
2489 5149 2697 5206 videtur
2723 5151 2924 5208 Auctor
2968 5151 3170 5221 aliquid
3220 5152 3323 5206 tale
3375 5149 3710 5221 contigerit
3773 5151 3844 5202 in

2211 5239 2239 5275 u
2282 5238 2381 5276 aea.
2454 5237 2552 5276 Al.

2211 5225 2381 5276 udaea.
2417 5225 2552 5278 PAI.

2249 5293 2360 5361 (62)
2396 5295 2622 5351 Constat
2643 5294 2795 5364 enim
2825 5292 3066 5349 ethnicis
3087 5308 3297 5364 quoque
3320 5293 3589 5364 testibus.
3611 5289 3850 5364 Atque.

2177 5365 2282 5418 hoc
2320 5365 2459 5436 inter
2515 5363 2767 5436 prodigia
2823 5362 3294 5436 relatocredibile
3349 5372 3431 5436 est
3486 5362 3854 5436 Chiliasta-

2178 5452 2294 5490 rum
2341 5435 2454 5492 sive
2507 5432 2872 5491 Milliariorum
2927 5434 3236 5504 opinionem
3294 5434 3450 5490 valde
3493 5432 3861 5490 conﬁrmi-

2181 5517 2287 5560 tam
2318 5505 2502 5564 fuisse.
2537 5507 2660 5562 RIG.
