1990 3072
151 169 198 197 δδδ
749 166 810 195 LIB.
832 166 866 195 ill
886 166 963 196 Αυν.
984 164 1185 195 MARCIONEM.
1737 173 1789 203 385

148 232 231 258 cimus
251 228 417 264 excipiendis
430 227 629 256 resurrectione
657 228 755 256 sanctis
771 251 777 262 ,
807 234 834 257 et
861 229 935 257 refo-
953 237 976 276 Α
991 229 1084 265 gilavit
1100 233 1125 257 et
1140 229 1256 265 primum
1270 228 1322 257 loci
1337 230 1452 258 horrore
1472 239 1620 262 concussus
1633 239 1674 263 est
1686 255 1693 268 ,
1719 244 1785 264 con-

149 275 239 303 vendis
259 273 381 301 omnium
409 273 542 300 bonorum
567 272 659 308 utique
676 274 832 308 spiritalium
860 275 937 310 copia
953 272 976 276 ”“
993 273 1103 302 vertitur
1117 272 1150 300 ad
1166 273 1412 309 interpretationem
1428 276 1527 303 somnii
1541 278 1555 303 ‘2
1570 277 1636 305 Cum
1651 279 1723 306 enim
1743 280 1786 307 di-

148 322 173 347 in
194 318 440 354 compensationem
454 325 547 345 eorum
561 326 621 353 qum
646 318 673 345 in
689 319 787 346 saeculo
801 319 844 348 vel
873 320 937 348 des-
993 317 1075 344 xisset
1087 325 1094 343 :
1108 317 1195 351 Quam
1207 317 1342 345 terribilis
1353 321 1393 346 est
1406 319 1481 347 locus
1492 320 1563 347 iste!
1573 321 1632 350 Non
1647 323 1786 358 est,inquit

148 364 283 399 peximns,
304 363 345 390 vel
361 361 510 395 amisimus,
526 370 542 388 a
569 362 627 389 Deo
642 367 821 397 prospectam.
846 363 936 399 Siqui-
992 361 1083 393 aliud,
1104 361 1151 388 sed
1166 361 1237 389 (edes
1255 362 1314 394 Dei,
1339 366 1365 389 et
1388 363 1445 390 hmo
1461 369 1538 399 porta
1561 365 1632 393 coeli.
1650 366 1784 395 Christum

147 410 205 435 dem
220 408 370 441 etjustum,
383 410 409 433 et
423 406 480 433 Deo
495 406 620 440 dignum,
636 406 690 433 illic
701 414 808 442 quoque
819 408 937 435 exultare
992 405 1133 432 Dominum
1155 405 1228 432 enim
1249 405 1361 439 viderat,
1388 407 1516 443 templum
1541 408 1600 441 Dei,
1630 413 1657 436 et
1684 416 1785 445 portam

146 452 259 480 famulos
274 452 344 485 ejus,
359 449 404 477 ubi
420 453 483 476 sunt
501 453 527 476 et
549 449 641 477 afﬂicti
654 449 682 477 in
708 450 816 478 nomine
840 452 936 487 ipsius.
991 449 1127 480 eumdem.
1142 457 1192 484 per
1207 457 1287 483 quem
1302 450 1390 478 aditur
1406 451 1513 478 C(clum.
1531 452 1565 478 Et
1581 453 1672 488 utique
1683 459 1785 489 portam

145 497 204 524 Haec
218 496 289 523 ratio
304 496 380 530 regni
395 493 504 526 terreni,
517 497 576 528 post
596 494 674 528 cujus
694 494 770 522 mille
784 503 880 528 annos,
897 497 937 523 ίῃ-
990 493 1051 521 c0311
1064 502 1116 521 non
1126 494 1331 525 nominasset,si
1341 494 1441 522 cmlum
1451 502 1506 522 non
1515 496 1604 524 aditur
1617 497 1688 532 apud
1703 497 1786 525 Crea-

144 545 181 568 tra
196 547 279 576 quam
289 542 394 566 aetatem
412 537 581 565 concluditur
591 542 747 566 sanctorum
763 541 934 574 resurrectio,
991 541 1086 564 torem.
1108 538 1160 564 Sed
1175 542 1215 564 εει
1227 541 1254 564 εἰ
1268 541 1348 572 porta
1362 546 1422 574 quae
1439 539 1544 574 recipit,
1565 544 1591 567 et
1605 549 1666 575 qua:
1682 542 1784 576 perdu-

142 593 188 621 pro
203 581 309 611 meritis
324 583 455 609 maturius
469 582 512 609 vel
528 582 629 609 tardius
640 585 851 618 resurgentium,
875 590 936 613 tunc
990 581 1035 614 Cit,
1052 585 1135 609 strata
1149 582 1205 616 jam
1223 590 1240 608 δ
1264 583 1286 600 τι
1303 583 1428 616 Christo;
1451 584 1485 610 de
1500 592 1553 619 quo
1567 585 1653 612 Amos
1668 586 1720 620 (Ix,
1744 587 1784 621 6).

141 636 164 657 et
173 629 271 656 mundi
284 626 479 660 destructione,
496 630 522 653 et
535 626 628 660 iudicii
643 627 851 663 conﬂagratione
865 638 937 657 com—
994 626 1046 660 Qui
1057 626 1179 660 wdiﬁcat
1193 627 1224 654 in
1239 627 1343 654 uelum
1352 635 1499 655 ascensum
1510 637 1610 663 suum;
1623 630 1715 664 utique
1730 638 1784 658 non

141 675 218 701 missa
231 673 302 707 (63),
318 671 447 699 demutati
462 670 489 697 in
503 675 593 698 atomo
607 670 634 698 in
648 671 796 707 angelicam
812 674 934 701 substan—
990 670 1042 697 sibi
1057 670 1117 704 soli,
1136 671 1181 698 sed
1198 675 1225 697 et
1240 671 1295 698 suis
1310 671 1355 706 qui
1369 679 1430 699 cum
1446 672 1492 700 illo
1508 677 1637 709 erunt,et,
1655 675 1784 702 Circum-

140 717 211 751 tiam,
231 715 336 743 scilicet
354 722 402 750 per
416 714 480 741 illud
503 714 692 751 incorruptelaa
706 717 926 752 superindumeu-

997 714 1066 742 tabis
1085 716 1161 743 enim
1171 715 1235 744 illos
1256 715 1306 743 tibi
1320 715 1386 750 (15a.
1404 724 1482 749 XLIX,
1500 717 1555 752 18),
1578 720 1714 753 tanquam
1737 728 1783 748 or-

138 766 201 793 tum,
217 759 414 787 transferentur
428 758 455 785 in
474 758 586 786 cteleste
612 767 724 795 regnum
739 761 772 787 de
789 770 842 796 quo
862 772 934 793 nunc
987 761 1154 786 namentum
1168 767 1284 794 sponsw.
1294 760 1331 786 lta
1346 768 1391 794 per
1405 760 1482 788 illum
1489 768 1629 788 ascensum
1638 763 1671 789 ad
1686 764 1783 790 coeles-

135 806 172 834 sic
188 806 251 833 ideo
268 807 433 837 retractatur,
451 804 527 839 quasi
542 812 594 831 non
609 805 754 839 praedicata
768 807 840 842 apud
856 810 936 838 area-
988 801 1025 829 tia
1044 809 1127 837 regna
1144 801 1294 835 tendentes,
1317 803 1431 831 miratur
1453 804 1568 839 Spiritus
1588 805 1682 833 dicens
1702 805 1713 839 (
1727 808 1782 837 Isa.

136 855 231 881 torem,
247 856 279 876 ac
295 855 343 885 per
357 848 418 881 hoc,
433 847 542 875 alterius
558 847 605 875 Dei
632 849 769 877 Christum
790 853 931 890 probante,
950 872 970 890 Β
986 854 1069 880 xxxr,
1123 846 1212 881 ;Lx,):
1229 845 1315 874 358
1337 847 1435 876 Volunt
1450 849 1528 877 velut
1543 850 1591 885 qui
1605 853 1675 878 sunt
1689 852 1781 879 milvi.

137 904 152 923 a
165 902 217 931 quo
235 872 324 930 prinio
340 897 367 921 et
385 893 443 920 solo
466 893 501 919 sit
521 893 677 920 revelatum.
693 894 771 922 Disce
790 872 848 931 ἕδη]
869 872 931 927 hii:
950 872 971 911 Β
989 892 1021 920 Ut
1033 891 1117 919 nubes
1128 890 1224 919 volant
1238 893 1266 918 et
1274 891 1382 920 12velut
1390 872 1706 927 pullicoiuritbarumad
1716 904 1778 930 me,

140 940 205 967 illud
227 943 255 966 et
280 937 459 973 praedicatum
474 944 489 964 ιι
505 937 642 969 Creatore,
663 942 690 965 et
718 938 775 966 sine
800 943 933 976 prmi“.
986 931 1088 963 scilicet
1101 934 1258 970 simpliciter
1271 940 1300 963 ut
1319 936 1461 965 columbae.
1476 936 1638 965 Auieremur
1662 940 1734 967 enim
1753 941 1780 968 in

142 984 215 1011 tione
228 981 387 1009 credendum
402 981 474 1016 apud
498 980 662 1009 Creatorem.
687 981 758 1016 Quid
783 985 829 1012 tibi
852 987 931 1016 vide-
986 979 1102 1007 nubibus
1115 979 1140 998 13
1160 980 1267 1007 obviam
1283 980 1416 1013 Domino,
1448 981 1595 1008 secundum
1619 981 1780 1018 Apostolum

140 1034 191 1061 tur,
209 1035 267 1054 cum
279 1026 395 1054 Abrahte
414 1033 516 1058 semen,
541 1029 602 1061 post
626 1027 740 1062 primam
768 1032 931 1063 promissio-
985 1024 1010 1059 (1
1023 1025 1111 1052 Thess.
1128 1031 1166 1057 tv,
1184 1024 1242 1059 17),
1256 1024 1301 1051 illo
1316 1024 1417 1052 scilicet
1433 1025 1503 1054 Filia
1515 1025 1636 1055 hominis
1654 1029 1783 1058 veniente

134 1081 206 1106 nem,
218 1079 271 1107 qua
284 1070 311 1090 69
338 1070 368 1097 in
397 1069 593 1098 multitudinem
609 1077 698 1098 arena;
724 1076 929 1113 reprommnur,
985 1070 1016 1096 in
1026 1068 1156 1102 nubibus,
1168 1069 1460 1097 secundumDanielem
1471 1070 1542 1107 (cap.
1552 1072 1648 1107 vu),et
1656 1074 1698 1101 ita
1709 1081 1782 1101 sem-

131 1116 165 1144 ad
191 1116 279 1143 instar
306 1121 416 1151 qucque
442 1113 578 1141 stellarum
596 1113 749 1143 destinatur
765 1124 771 1151 ;
787 1125 878 1146 nonne
904 1125 931 1148 ει
982 1121 1033 1149 per
1048 1121 1114 1140 cum
1140 1113 1257 1142 Domino
1270 1114 1388 1148 erimus,
1410 1118 1522 1142 eatenus
1535 1115 1599 1143 dum
1614 1121 1641 1145 et
1668 1117 1694 1144 in
1710 1119 1782 1146 terra

130 1166 248 1191 terrenae
272 1165 300 1190 et
327 1160 445 1189 caelestis
469 1161 655 1196 dispositionis
685 1164 804 1198 auspicia
838 1168 930 1196 sunt?
984 1162 1010 1186 et
1024 1158 1050 1185 in
1067 1158 1136 1185 ctelo
1149 1158 1193 1193 qui
1214 1158 1249 1186 ob
1268 1159 1408 1194 utriusque
1437 1160 1624 1194 promissionis
1651 1162 1779 1197 ingratos,

130 1206 196 1234 Cum
216 1207 293 1234 Isaac
305 1205 467 1234 benedicens
481 1205 563 1232 Jaeob
579 1205 663 1233 ﬁlium
683 1214 760 1235 suum
778 1216 785 1237 :
801 1211 861 1243 Det,
887 1213 916 1239 ai

995 1210 1044 1238 pse.
1062 1202 1195 1230 elementa
1209 1203 1289 1230 etiam
1317 1207 1427 1230 testatur
1446 1204 1542 1238 (ιω-1,
1558 1205 1584 1241 2)
1600 1215 1607 1233 :
1635 1207 1717 1239 Audi,
1733 1215 1781 1235 ca:-

128 1251 210 1284 (Gen.
228 1256 322 1284 xxvi],
337 1250 394 1284 28),
415 1249 463 1276 tibi
475 1251 545 1278 Deus
556 1250 589 1277 de
607 1259 669 1279 rore
683 1252 786 1285 came;
805 1254 839 1282 de
868 1257 930 1291 ορί,
984 1248 1045 1275 tum
1056 1248 1084 1275 et
1095 1247 1217 1275 inaures
1221 1248 1344 1283 percipe,
1358 1247 1482 1275 terra.Et
1493 1249 1778 1284 egoquidem,etiamsi

128 1297 235 1323 mittite
245 1298 348 1328 terras;
359 1302 448 1322 nonne
463 1295 605 1330 utriusque
619 1295 793 1333 indulgentiae
804 1302 910 1336 exempl

992 1292 1084 1319 nullam
1108 1291 1166 1327 spei
1189 1291 1307 1319 caelestis
1333 1300 1440 1319 manum
1461 1292 1527 1320 mihi
1557 1295 1636 1322 toties
1659 1295 1778 1330 Scriptu-

128 1339 216 1366 sunt?
231 1340 357 1374 Denique
372 1338 606 1366 animadvertenda
621 1343 663 1367 est
682 1340 725 1368 hic
740 1342 819 1370 etiam
839 1348 927 1372 struc-
982 1344 1011 1363 r3
1030 1336 1196 1371 ροπῑεθυιθι
1213 1336 1277 1363 satis
1300 1336 1442 1368 haberem:
1473 1337 1554 1371 huius
1578 1345 1687 1374 quoque
1713 1346 1778 1374 ΡΓο·

127 1389 189 1411 tura
203 1382 404 1410 benedictionis
418 1382 514 1418 ipsius.
531 1384 599 1410 Nam
614 1382 688 1411 circa.
701 1385 794 1418 Jacob,
809 1387 912 1424 quiqui

989 1379 1116 1407 nissionis
1130 1379 1325 1415 praejudicium,
1342 1380 1414 1416 quod
1437 1381 1493 1414 jam
1507 1384 1639 1408 terrenam
1663 1382 1775 1418 gratiam

126 1428 189 1455 dem
204 1426 365 1463 posterioris
377 1432 403 1455 et
417 1426 575 1462 prtelatioris
598 1428 690 1463 populi
710 1428 797 1466 ﬁgura
811 1435 851 1459 est
866 1453 873 1465 ,
896 1432 922 1460 id
981 1429 1095 1459 teneam,
1112 1428 1297 1459 exspectarem
1309 1424 1411 1460 aliquid
1425 1428 1451 1452 et
1464 1424 1498 1452 de
1513 1426 1592 1459 ccelo,
1605 1434 1621 1453 a
1631 1427 1687 1454 Deo
1703 1428 1775 1463 caeli,

126 1476 166 1499 est
182 1471 281 1506 nostri,
297 1469 381 1498 357
397 1470 482 1505 prima
495 1471 641 1506 promissio
656 1473 772 1501 cazlestis
784 1479 826 1503 εει
839 1477 920 1504 roris;
977 1470 1046 1496 sicut
1060 1473 1086 1496 et
1101 1473 1176 1496 terrae
1187 1468 1222 1495 ita
1231 1469 1371 1496 crederem
1388 1469 1525 1497 Christum
1539 1470 1698 1499 sublimiora
1722 1472 1777 1508 pol-

125 1516 249 1544 secunda
264 1537 271 1550 ,
291 1520 402 1543 terrenae
426 1515 582 1551 opimitatis.
608 1516 663 1543 Nos
691 1518 761 1545 enim
785 1520 872 1554 primo
891 1521 924 1549 ad
940 1511 962 1550 θ
980 1514 1106 1542 licentem
1123 1533 1130 1545 ,
1148 1513 1208 1546 ejus
1223 1520 1281 1540 esse
1304 1513 1351 1548 qui
1379 1517 1404 1541 et
1430 1514 1572 1542 humiliora
1602 1516 1774 1550 promiserat,

123 1560 249 1588 coelestia
263 1559 418 1592 invitamur,
438 1567 498 1587 cum
512 1567 528 1586 a
551 1560 649 1588 saeculo
671 1561 822 1597 avellimur,
843 1568 869 1592 et
887 1564 924 1592 ita
978 1557 1026 1593 qni
1040 1557 1064 1576 ⁷⁸
1078 1558 1261 1592 exParimeum
1276 1558 1408 1591 malorum
1421 1558 1454 1585 de
1464 1559 1586 1593 PEH‘V“lis
1602 1560 1713 1595 Ϋοεεηιίν
1729 1563 1777 1596 qni

124 1609 222 1639 postea
256 1604 409 1631 invenimur
432 1603 512 1631 etiam
550 1607 656 1632 terrena
679 1608 862 1636 consecuturi,
893 1608 924 1636 Ει
978 1603 1030 1630 hoc
1047 1600 1163 1628 inauditi
1192 1601 1215 1628 si
1235 1600 1303 1628 forte
1319 1601 1395 1637 regni
1411 1602 1577 1636 praeconium
1592 1603 1642 1631 soli
1671 1605 1776 1632 Christo

124 1650 298 1685 evangelium
313 1653 432 1676 vestrum
455 1656 562 1684 quoque
589 1649 671 1677 habet
698 1651 756 1685 (64)
775 1659 782 1677 :
802 1652 924 1686 Quaerite
978 1649 1171 1680 reservaverat,
1183 1649 1212 1672 ut
1227 1653 1275 1680 per
1299 1645 1411 1672 famulos
1426 1646 1533 1681 quidem
1550 1651 1655 1675 terrena
1674 1649 1773 1683 gloria,

121 1695 256 1730 primum
266 1701 384 1728 regnum
395 1694 489 1727 Dei,et
500 1693 558 1721 haec
569 1693 744 1729 adjiciantur
755 1696 830 1724 vobis
844 1697 921 1732 (Luc,
978 1692 1097 1719 caelestis
1112 1698 1175 1718 vero
1199 1698 1247 1725 per
1275 1690 1361 1724 ipsum
1387 1690 1473 1717 Deum
1497 1691 1711 1720 annuntiaretur.
1740 1694 1775 1720 At

122 1746 175 1771 xu,
193 1738 251 1773 3t).
268 1737 412 1770 Ceterum,
430 1738 462 1764 ad
489 1737 561 1765 Esau
589 1739 721 1772 promittit
750 1740 922 1769 benedictio-
978 1740 1007 1763 tu
1018 1736 1078 1763 hinc
1088 1742 1196 1771 quoque
1210 1735 1290 1761 alium
1313 1735 1511 1771 argumentaris
1527 1736 1661 1763 Christum
1678 1758 1685 1772 ,
1701 1736 1775 1772 quod

123 1791 189 1811 nem
211 1788 356 1816 terrenam,
370 1787 396 1809 et
411 1781 522 1816 subjicit
535 1782 673 1810 caelestem
692 1792 698 1811 :
714 1785 751 1812 De
774 1786 923 1821 opimitate
977 1787 1090 1815 regnum
1106 1786 1205 1806 novum
1221 1778 1372 1805 θηηυῐηῖθι·
1389 1778 1466 1805 Prius
1478 1783 1528 1812 θεῖ,
1553 1779 1661 1815 aliquod
1679 1788 1774 1808 exem-

126 1830 224 1860 terrae,
241 1827 335 1854 dicens
349 1828 429 1861 (Gen.
446 1827 599 1862 xxvn,39),
609 1828 666 1855 erit
679 1828 850 1858 inhabitatio
862 1833 911 1858 tua

989 1826 1051 1851 ilum
1067 1823 1242 1859 indulgentiae
1258 1822 1389 1857 proferas,
1407 1831 1440 1850 ne
1455 1823 1551 1850 merito
1580 1824 1699 1852 dubitem
1728 1825 1774 1853 de-

125 1874 152 1898 et
166 1880 185 1899 α
198 1878 262 1899 rore
275 1871 347 1900 etalt.
363 1871 517 1898 Iudaeorum
541 1870 613 1898 enim
631 1871 772 1907 disPOsitio
790 1873 817 1901 in
840 1874 910 1902 Esau

987 1868 1029 1896 ide
1044 1872 1123 1896 tantm
1138 1867 1334 1903 promissionis,
1350 1875 1431 1904 quam
1446 1868 1606 1903 sperandam
1625 1869 1704 1903 dicis,
1720 1869 1773 1897 imo

128 1916 251 1950 priorum
266 1920 333 1943 natu
345 1918 372 1942 et
385 1915 567 1950 posteriorum
580 1914 679 1943 affectu
693 1915 820 1952 ﬁliorum,
837 1926 854 1946 a
870 1923 914 1946 ter-

985 1917 1038 1941 tnte
1053 1914 1144 1941 omnia
1159 1917 1208 1946 est,
1225 1917 1254 1940 ut
1273 1920 1353 1947 quem
1376 1912 1496 1940 etelestia
1520 1913 1650 1949 [medicas
1677 1922 1771 1950 repro-

126 1960 198 1988 renis
216 1960 295 1988 bonis
317 1960 416 1986 imbuta
445 1967 493 1995 per
520 1960 607 1996 legem
620 1982 628 1995 ,
644 1964 738 1996 postea,
752 1961 785 1989 ad
803 1963 923 1992 coelestia
977 1958 1083 1986 mittere
1097 1957 1217 1993 aliquod,
1233 1957 1332 1985 omium
1347 1958 1446 1993 probes
1461 1958 1533 1992 ejus.
1549 1958 1584 1985 At
1607 1967 1677 1986 nunc
1694 1967 1774 1987 vocas

126 2012 177 2039 per
191 2005 369 2042 Evangelium
380 2004 514 2033 credendo
529 2004 677 2033 deducitur.
686 2005 753 2034 Cum
763 2015 829 2036 vero
838 2008 922 2037 Iacob
977 2004 1011 2031 ad
1020 2011 1133 2038 coenam,
1155 2010 1205 2030 nec
1229 2002 1339 2030 domum
1362 2002 1502 2030 οδῐθηίιὶεί
1524 2004 1626 2040 allegas
1647 2012 1771 2038 regnum-

127 2050 208 2084 (Gen.
222 2051 325 2085 xxvm)
341 2050 465 2085 _somniat
479 2050 565 2078 scalas
588 2050 742 2080 obﬁrmatas
756 2052 865 2081 interra
888 2054 923 2081 ad
977 2057 1027 2076 nec
1054 2048 1157 2083 regiam
1185 2052 1327 2075 ῐηοηειτθδυ
1352 2047 1395 2074 An
1418 2047 1481 2083 (Ιυίδ
1497 2048 1618 2075 (Ππίδιυδ
1642 2052 1704 2076 ῑυυε
1718 2056 1774 2077 (³αέ-

129 2095 233 2129 malum,
248 2099 275 2122 et
289 2095 401 2130 angelos
425 2095 493 2123 alios
504 2095 691 2130 ascendentes,
712 2100 739 2124 et
762 2097 829 2125 alios
855 2098 920 2127 des-
976 2094 1043 2121 leSle
1072 2100 1183 2128 regnum
1199 2091 1362 2127 repromimt
1377 2112 1383 2124 ν
1398 2099 1453 2119 non
1468 2092 1568 2120 habens
1583 2092 1679 2120 ccelum
1703 2094 1771 2128 (65).

128 2140 277 2173 cendentes,
289 2139 411 2168 innixum
420 2139 535 2176 desuper
543 2140 698 2175 Dominum,
709 2144 811 2170 temere
821 2142 844 2170 si
854 2142 924 2171 forte
940 2151 962 2190 Β
977 2137 1112 2176 quOmodo
1132 2140 1159 2164 et
1186 2136 1322 2165 hominem
1342 2135 1480 2171 praestitit,
1510 2144 1564 2164 non
1588 2137 1690 2164 habens
1714 2145 1772 2165 car-

131 2183 137 2187 .
164 2189 167 2190 ν
250 2189 254 2190 ν
276 2184 300 2190 ..
436 2184 452 2190 ..
494 2184 519 2190 ..
551 2184 566 2190 .,
642 2184 649 2190 .
708 2185 714 2190 .
798 2186 804 2190 .
1050 2183 1095 2190 ,ηε
1113 2181 1134 2190 Α
1331 2179 1408 2190 ,μη
1425 2180 1478 2190 ηηη

130 2183 375 2220 interpretabimur,
390 2184 469 2213 scalis
493 2184 535 2213 his
550 2184 600 2212 iter
617 2184 651 2212 ad
666 2185 763 2213 coelum
788 2186 919 2215 demons-
940 2179 962 2190 “’
977 2193 1038 2217 nem
1050 2183 1097 2211 715
1112 2181 1135 2210 0
1158 2181 1317 2217 Phanmma
1331 2179 1410 2208 inane
1424 2180 1492 2217 (66)»
1514 2181 1652 2218 Ρηὲδιίὲία
1674 2189 1772 2218 mai!“

128 2229 201 2264 trari,
216 2237 269 2265 quo
287 2229 332 2257 alii
346 2229 511 2265 perveniant,
526 2230 597 2258 unde
612 2229 657 2257 alii
670 2229 805 2265 decidant,
821 2232 919 2260 Domi-
974 2231 1055 2261 etiam
1070 2224 1255 2264 promissionis
1275 2224 1281 2254 !

127 2272 154 2300 ni
167 2275 340 2302 constitutum
354 2281 414 2302 esse
432 2274 534 2309 judicio
556 2274 592 2302 7°.
608 2274 662 2303 Cur
689 2280 779 2304 autem
802 2280 832 2304 ut
858 2277 919 2306 evi-

803 2337 899 2371 Varite
919 2340 1074 2372 lectiones.

162 2388 187 2409 ω
200 2389 286 2426 Quam
299 2390 383 2419 Seml.
399 2388 425 2410 70
437 2388 572 2418 Iudicium
589 2390 677 2419 Rhen.
696 2391 838 2420 Oberth.61
854 2392 941 2421 Strata
954 2392 997 2420 via
1011 2401 1026 2420 a
1041 2391 1104 2419 Chr.
1126 2390 1188 2418 Lat.
1205 2388 1230 2408 ⁷²
1244 2387 1298 2426 Qui
1310 2391 1380 2426 sunt
1388 2385 1442 2419 isti,
1453 2384 1554 2426 _quiut
1568 2384 1654 2426 nubes
1665 2383 1767 2426 volant,

126 2421 271 2456 etimErt't.
288 2427 354 2455 Jun.
371 2427 396 2446 73
409 2427 502 2454 Nubes
515 2426 604 2455 Rhen.
623 2427 707 2456 Sami.
730 2428 839 2456 Oberth.
856 2429 880 2447 ν·
894 2428 927 2456 Et
942 2428 1005 2457 add.
1021 2428 1110 2457 Fran.
1121 2426 1146 2446 75
1161 2426 1247 2454 Omne
1257 2421 1346 2453 ’Seml.
1362 2423 1469 2451 Pa-mel.
1485 2421 1572 2451 Rhen.
1591 2421 1700 2450 Oberth.

820 2477 1070 2511 Commentarins.

159 2529 216 2566 (63)
231 2529 456 2568 Conﬂagratione
474 2530 630 2568 commissa.
651 2531 715 2568 Igne
731 2531 804 2561 dato.
827 2531 917 2559 Nimi-

980 2532 1036 2559 ium
1057 2528 1242 2559 continuando.
1258 2537 1294 2568 :_«
1307 2528 1354 2568 _An
1373 2524 1577 2568 quia7c_hristus
1598 2528 1660 2568 tuus
1683 2523 1766 2568 coele-

122 2560 180 2593 rum
195 2560 383 2603 supremauilla
394 2565 534 2602 ἐκπυρώσει.
550 2567 612 2594 Rio.
663 2560 679 2568 υ
700 2602 704 2603 7
738 2602 741 2603 7
799 2560 802 2561 ν
972 2572 1013 2596 ste
1029 2574 1142 2603 regnum
1162 2563 1341 2603 repromittit,
1359 2560 1415 2603 non
1439 2562 1543 2603 habens
1567 2560 1675 2594 caelum,
1701 2566 1768 2603 quos

156 2596 416 2640 (Gil-Evangelia";
429 2596 558 2640 vestrum
570 2610 680 2638 quoque
696 2602 786 2631 habet.
799 2603 917 2640 Evange-
971 2596 1097 2631 modo'et
1118 2596 1255 2629 hominem
1274 2599 1399 2635 praestitit
1413 2606 1466 2626 non
1485 2597 1587 2626 habens
1601 2603 1711 2624 carnem
1723 2596 1737 2623 Ῡ
1754 2605 1765 2620 ι

121 2637 184 2665 lium
198 2638 345 2675 Marcionis
360 2637 439 2671 citat,
455 2638 529 2673 quod
551 2637 580 2665 in
602 2637 665 2675 suos
681 2646 745 2675 usus
760 2637 917 2675 corruptum
970 2640 1031 2667 RIG.
1090 2674 1095 2675 7
1131 2673 1137 2675 7
1296 2672 1302 2675 _
1394 2670 1400 2675 _
1426 2670 1451 2675 η,
1481 2669 1486 2675 _
1564 2668 1581 2675 η

121 2665 255 2716 servabat,
277 2673 372 2715 Fuisse
395 2665 485 2715 auiam
504 2675 583 2716 Lucae
609 2665 917 2716 Evangeliuminquod
1080 2670 1411 2716 Ophantastrta7inane7l77
1426 2668 1686 2716 S7i7c7ips7e,_li_b.7
1698 2665 1768 2716 α.ξῖ

119 2717 221 2747 manus
244 2709 403 2747 temerarias
422 2709 567 2747 injecernt,
580 2705 705 2746 conjicici.
722 2709 788 2738 Vide
802 2705 863 2747 quae
883 2711 916 2738 ad
971 2705 1033 2739 lidis
1049 2705 1174 2747 corporis
1191 2708 1344 2743 veritatem,
1361 2714 1415 2736 non
1432 2707 1588 2743 phantasma
1606 2705 1686 2730 inane
1709 2705 1766 2728 trac

119 2753 179 2780 cap.
196 2745 246 2772 ult.
262 2745 324 2772 libri
339 2747 485 2781 sequentis.
503 2746 540 2773 La
555 2746 604 2773 Pu.
812 2745 818 2747 “
970 2746 1091 2776 otaverit.
1105 2755 1119 2772 ι
1135 2745 1198 2774 Bia.
1676 2757 1679 2759 θ

153 2782 224 2819 (65).
240 2782 300 2811 Non
319 2781 421 2811 habens
431 2781 542 2811 calum.
558 2782 621 2811 Haec
633 2785 697 2812 sunt
710 2781 738 2811 iu
760 2782 832 2811 hunc
855 2789 915 2811 mo-
