4018 6192
496 389 596 448 387

1195 376 1636 440 TERTULLIANI
1673 372 1936 437 OPERUM
1974 369 2141 435 PARS
2178 374 2244 432 ll.
2285 405 2355 420 -—
2390 373 2617 434 SERIES
2658 373 2703 443 Ι,
2740 370 3080 435 POLEMICA.

489 504 3778 532 Μ

1680 653 1998 743 LIBER
2065 653 2600 762 QUARTUS.

1026 1036 1540 1096 ARGUMENTUM.

496 1192 828 1261 Scripturus
863 1184 1241 1241 Tertullianus
1253 1182 1519 1261 adversus
1541 1192 1679 1261 opus
1694 1178 1996 1261 Marczom's
2014 1194 2086 1232 ex

566 1251 1044 1317 contrarietatum
1075 1251 1514 1329 oppositionibys
1542 1251 1857 1329 ᾼηξίίέιθςςεδ
1878 1264 2085 1329 cogno-

565 1334 877 1394 minatum,
901 1329 971 1382 ad
992 1319 1407 1397 sepdfetimem
1428 1322 1580 1391 Legis
1601 1324 1657 1397 et
1689 1319 1982 1397 Evangelii
2002 1335 2090 1397 co-

565 1406 782 1467 actum,
816 1391 924 1471 qna
966 1391 1103 1471 (labs
1134 1396 1256 1453 deos
1284 1392 1821 1471 diverse§,_al_terum
1859 1391 2085 1455 Veteris,

564 1464 976 1531 alterum'Novi
1000 1468 1340 1525 Testamenti
1359 1464 1656 1521 dividebat.

566 1618 609 1673 Ι.
641 1617 698 1671 In
726 1612 915 1686 primis
954 1609 1321 1667 diversitatem
1370 1614 1768 1678 praeceptorum
1823 1613 1878 1660 et
1931 1603 2089 1660 disci-

494 1706 755 1781 plinarum
812 1716 922 1757 non
971 1714 1178 1771 negans
1204 1738 1221 1765 ,
1270 1696 1323 1751 in
1374 1709 1539 1750 unum
1597 1692 1847 1750 eumdem
1918 1693 2091 1748 Deum

494 1778 807 1865 competere
843 1789 1177 1845 demonstrat
1202 1802 1215 1850 ;
1249 1799 1314 1839 ex
1355 1798 1420 1839 eo
1450 1780 1593 1856 quod
1621 1778 1740 1853 ipse
1767 1780 1915 1836 Deus
1944 1796 2094 1837 crea-

496 1894 581 1943 tor
609 1898 702 1956 per
732 1880 1026 1951 Prophetas
1056 1889 1185 1931 suos
1215 1872 1372 1928 aliam
1421 1870 1599 1943 legem
1645 1884 1860 1939 novam,
1912 1872 2094 1927 Evan-

496 1975 625 2049 gelii
666 1982 884 2040 nempe,
944 1964 1199 2022 orituram
1258 1960 1570 2049 praedixerit
1580 2046 1589 2049 Δ
1619 1974 1718 2032 pro
1780 1959 1986 2027 Veteri,
2031 1974 2095 2015 ac

500 2046 875 2121 testamentum
896 2062 1154 2111 aeternum
1186 2065 1283 2123 pro
1312 2046 1615 2121 temporali.

568 2150 636 2209 ll.
661 2145 888 2215 Deinde,
934 2158 1034 2200 nos
1091 2140 1265 2198 solum
1303 2139 1459 2194 Lucae
1512 2134 1861 2209 Evangelium
1917 2134 2091 2209 (quod

2112 969 2159 1047 Α
2260 979 2333 1036 X.
2366 978 2447 1035 Ex
2470 978 2663 1036 eodem
2695 982 2764 1038 de
2782 979 3080 1053 paralytico
3108 987 3314 1047 curato,
3344 988 3398 1036 et
3427 978 3787 1052 appellatione

2190 1067 2309 1123 Filii
2326 1068 2581 1123 hominis.

2263 1157 2362 1213 XI.
2395 1158 2471 1212 De
2498 1157 2783 1227 publicano
2814 1159 3005 1215 allecto
3037 1160 3067 1213 Δ
3097 1158 3413 1224 Domino,et
3462 1157 3529 1213 de
3552 1157 3783 1229 jejunio,

2192 1260 2254 1300 ac
2282 1245 2495 1300 Christo
2532 1260 2757 1316 sponso,
2788 1254 2841 1302 et
2870 1246 3125 1318 parabola
3167 1247 3276 1304 vini
3308 1246 3428 1303 novi
3457 1262 3521 1301 ac
3558 1246 3787 1313 veteris,

2194 1352 2256 1391 ex
2288 1335 2478 1391 eodem
2505 1334 2704 1407 capite.

2265 1423 2389 1478 XII.
2413 1425 2547 1480 Dein
2568 1440 2633 1479 ex
2662 1424 2835 1497 capite
2862 1441 2941 1496 vr,
2971 1425 3039 1483 de
3087 1425 3367 1497 discipulis
3411 1424 3792 1498 colligentibus

2194 1513 2387 1584 spicas,
2419 1529 2481 1569 ac
2510 1521 2697 1569 sanata
2727 1531 2891 1572 manu
2917 1514 3067 1571 arida
3095 1515 3151 1570 in
3176 1515 3431 1571 Sabbato.

2266 1598 2414 1654 XIII.
2441 1600 2519 1655 Ex
2549 1602 2759 1669 eodem,
2792 1604 2860 1658 de
2899 1618 3123 1660 ascensu
3151 1611 3207 1659 et
3243 1603 3490 1661 oratione
3522 1609 3793 1659 nocturna

2196 1685 2251 1741 in
2304 1696 2487 1745 monte
2534 1690 2908 1761 apostolorum
2952 1690 3246 1749 duodecim
3297 1707 3529 1749 numero
3596 1700 3787 1748 muta-

2198 1776 2341 1833 tione
2370 1776 2605 1834 nominis
2634 1777 2800 1849 Petri;
2842 1794 2906 1838 ac
2939 1790 3209 1838 conventu
3250 1781 3490 1853 gentium
3538 1779 3605 1836 ad
3634 1779 3789 1837 Chri-

2200 1877 2365 1925 stum.

2270 1955 2417 2014 XIV.
2449 1958 2529 2015 De
2567 1957 3007 2029 beatitudinibus,
3043 1974 3141 2019 seu
3178 1975 3427 2018 sermone
3470 1958 3689 2017 Domini
3730 1960 3785 2017 in

2201 2054 2403 2114 monte,
2424 2064 2488 2104 ex
2516 2048 2720 2105 eodem.

2268 2138 2389 2195 XV.
2422 2138 2501 2193 De
2537 2138 2701 2193 variis
2741 2136 3227 2211 maledictionibus,
3264 2138 3464 2213 quibus
3519 2138 3615 2195 Vae
3644 2140 3793 2196 Pha-

497 2240 735 2298 Marcion
779 2232 1135 2290 adulteratam
1187 2228 1519 2293 admittebat,
1575 2225 1723 2280 nullo
1769 2232 1947 2324 tamen
1988 2223 2089 2279 ad-
2124 2251 2168 2331 Β
2199 2227 2371 2284 risaeis
2393 2228 2717 2296 imprecatus
2746 2236 2846 2294 est,
2878 2244 2945 2285 ex
2972 2228 3188 2285 eodem.

498 2329 699 2401 scripto
730 2324 927 2395 titulo),
967 2320 1065 2377 sed
1113 2320 1277 2375 etiam
1328 2314 1549 2373 Joannis
1590 2322 1644 2371 et
1685 2313 1918 2401 Matthaai
1956 2328 2089 2384 apo-

499 2400 781 2483 stolorum,
812 2420 866 2469 et
920 2408 1081 2466 Marci
1138 2403 1420 2479 apostolici
1463 2400 1585 2471 viri,
1636 2415 1747 2458 non
1800 2400 1978 2458 minus
2023 2416 2091 2458 ac

498 2513 675 2574 Lucae,
707 2501 1086 2561 auctoritatem
1112 2496 1312 2551 habere
1341 2490 1666 2565 praescribit.

568 2598 659 2653 IlI.
682 2596 866 2663 Neque
895 2603 1020 2644 vero
1049 2585 1265 2642 obstare
1295 2581 1439 2653 quod
1470 2579 1747 2652 apostolus
1789 2580 1993 2636 Paulus
2021 2579 2089 2635 ad

499 2682 718 2741 Galatas
742 2672 1018 2747 apostolos
1046 2667 1401 2741 reprehendat
1433 2684 1446 2732 ;
1493 2680 1601 2722 non
1631 2664 1775 2721 enim
1806 2664 1874 2721 de
1911 2664 2090 2720 Evan-

499 2771 630 2850 gelii
656 2762 1039 2839 depravatione
1087 2765 1177 2813 aut
1221 2753 1659 2850 interpolatione,
1707 2753 1802 2850 sed
1851 2752 1917 2808 de
1966 2766 2093 2807 con.

500 2842 805 2921 versatione
824 2858 1030 2908 tantum
1059 2847 1228 2902 fuisse
1267 2844 1571 2914 denotatos,
1600 2842 1709 2899 imo
1750 2842 1868 2914 ipsa
1903 2856 2089 2898 eorum

497 2944 775 3019 Evangelii
837 2939 1050 3011 digesta
1095 2950 1126 2989 a
1184 2930 1676 3006 pseudo-apostolis
1740 2930 1908 2987 fuisse
1957 2945 2091 3003 per-

498 3053 676 3097 versa.

570 3126 660 3182 IV.
710 3117 891 3192 Atqui,
941 3116 1073 3171 dum
1119 3111 1421 3182 disputatur
1469 3109 1536 3166 de
1583 3107 1734 3165 titulo
1789 3107 2087 3179 Evangelii,

503 3214 645 3288 quod
672 3205 850 3267 359
877 3202 1117 3261 Marcion
1154 3214 1336 3263 suum,
1367 3200 1568 3255 Auctor
1600 3197 1741 3288 item
1799 3212 1979 3288 suum,
2038 3196 2093 3251 id

504 3284 587 3362 est
616 3303 794 3369 Luca),
825 3293 1060 3353 afﬁrmat
1114 3290 1517 3356 adulteratum;
1564 3285 1615 3341 ei
1666 3284 1944 3358 prmscribi
1991 3300 2091 3340 au-

499 3396 824 3459 ctoritatem,
862 3384 1011 3460 quod
1040 3380 1310 3453 antiquius
1355 3376 1657 3449 reperiatur
1696 3416 1711 3446 ,
1766 3384 1819 3431 et
1846 3375 1920 3430 illi
1948 3375 2097 3430 vitia-

500 3486 702 3545 tionem
771 3476 918 3551 quod
966 3469 1279 3545 posterius;
1333 3465 1604 3535 maxime,
1662 3480 1787 3521 cum
1852 3462 2092 3521 Marcion

2268 2316 2416 2372 XVI.
2447 2317 2527 2372 De
2577 2325 2846 2389 praecepto
2910 2318 3213 2376 dilectionis
3261 2326 3371 2375 tam
3454 2316 3798 2377 inimicorum

2202 2421 2362 2478 quam
2387 2404 2635 2475 proximi,
2668 2421 2733 2460 ex
2753 2408 2967 2464 eodem.

2267 2483 2433 2551 XVII.
2470 2495 2545 2550 De
2585 2493 2791 2550 fanore
2810 2494 3115 2562 interdicto,
3136 2496 3362 2569 aliisque
3384 2496 3598 2554 Domini
3619 2496 3799 2555 verbis

2194 2602 2330 2659 pene
2356 2587 2421 2641 ad
2452 2585 2612 2640 tinem
2639 2600 2810 2655 usque
2830 2583 3073 2655 ejusdem
3091 2584 3303 2657 capitis.

2268 2675 2465 2731 XVIII.
2498 2674 2578 2729 Ex
2618 2675 2794 2745 capite
2834 2675 2994 2731 etiam
3024 2690 3098 2731 vn
3128 2675 3284 2732 Lucae
3333 2675 3399 2732 de
3444 2673 3551 2732 ﬁde
3608 2683 3797 2732 centu-

2198 2763 2385 2831 rionis,
2444 2762 2763 2819 resuscitato
2820 2763 2930 2819 ﬁlio
2977 2762 3174 2832 viduas,
3213 2764 3422 2822 Joanne
3458 2764 3699 2838 Baptista
3748 2774 3800 2820 et

2196 2851 2420 2907 muliere
2450 2852 2764 2922 peccatrice.

2266 2941 2425 2996 XIX.
2458 2940 2704 2997 Posthaac
2740 2955 2813 2996 ex
2862 2939 3034 3012 capite
3070 2956 3173 2997 vm
3205 2940 3381 3012 Luem,
3414 2942 3482 2998 de
3538 2942 3804 3004 divitibus

2198 3028 2516 3085 mulieribus
2542 3029 2937 3085 adhaerentibus
2970 3027 3206 3100 Christo,
3239 3026 3308 3086 de
3345 3029 3527 3087 verbis
3574 3031 3777 3087 Domin

2197 3116 2265 3172 ad
2296 3116 2594 3188 discipulos
2621 3124 2675 3173 et
2700 3116 2767 3172 de
2794 3124 2965 3171 matre
2985 3132 3047 3173 ac
3074 3115 3329 3172 fratribus
3368 3115 3564 3173 Christi

2269 3206 2401 3261 XX.
2455 3205 2535 3261 De
2568 3205 2839 3262 miraculis
2875 3204 3088 3273 Christi,
3116 3206 3314 3277 quibus
3349 3207 3523 3261 ventis
3551 3220 3619 3262 ac
3662 3223 3776 3262 mar

2202 3292 2505 3366 imperavit,
2536 3292 2805 3364 legionem
2836 3293 3139 3349 daemonum
3171 3292 3347 3363 ejecit,
3380 3291 3653 3350 etﬂuxum
3675 3310 3797 3350 san-

2204 3382 2387 3455 guinis
2414 3380 2623 3438 curavit
2652 3383 2705 3437 in
2740 3380 2981 3450 muliere,
3014 3397 3081 3437 ex
3108 3382 3320 3438 eodem.

2275 3471 2430 3527 XXI.
2462 3471 2543 3526 Ex
2570 3486 2632 3525 1x
2678 3469 2808 3525 item
2860 3470 3033 3541 capite
3085 3470 3266 3542 Lucae,
3295 3470 3363 3526 de
3418 3470 3701 3544 discipulis
3730 3472 3799 3527 ad

500 3532 1089 3645 aliquantojcatholicae
1146 3532 1404 3615 Ecclesiae
1452 3532 1766 3624 crediderit,
1822 3560 1875 3608 et
1905 3560 2093 3625 postea
2123 3532 2167 3612 θ
2201 3560 2611 3636 pmdicandum
2640 3559 2818 3615 missis
2858 3599 2873 3628 ,
2924 3532 3077 3630 pasto
3106 3532 3312 3633 populo
3368 3560 3425 3616 in
3476 3532 3797 3629 solitudine,

498 3664 554 3717 in
580 3659 830 3716 haeresim
857 3648 1127 3711 descierit.

568 3750 635 3803 V.
658 3746 889 3815 Quippe,
935 3754 1058 3795 cum
1119 3736 1278 3792 Lucae
1319 3731 1670 3805 Evangelium
1718 3727 2091 3787 auctoritatem

498 3836 695 3892 habeat
748 3833 815 3888 ab
863 3824 1121 3884 Ecclesiis
1163 3819 1511 3895 apostolicis,
1564 3819 1707 3890 apud
1761 3834 1892 3891 quas
1945 3819 2090 3890 quod

498 3929 900 3983 sacrosanctum
946 3922 1068 3983 est,
1128 3912 1196 3967 ab
1234 3908 1492 3983 apostolis
1545 3908 1798 3964 traditum
1824 3916 2032 3965 constat
2071 3928 2086 3979 ;

495 4025 547 4073 et
576 4014 809 4087 proinde
853 4007 1015 4066 etiam
1044 4006 1239 4059 caatera
1292 3997 1603 4072 Evangelia,
1634 3996 1852 4087 Joannis
1885 4041 1899 4064 ,
1957 3997 2089 4053 Mat-

496 4086 644 4173 thaei,
673 4110 726 4159 et
752 4097 915 4156 Marci
944 4113 959 4167 ;
999 4092 1095 4150 sed
1123 4099 1177 4149 et
1215 4087 1595 4162 Apocalypsis,
1624 4103 1691 4145 ex
1739 4086 1929 4144 ordine
1965 4087 2086 4159 epi-

494 4206 783 4265 sc0porum
810 4188 878 4245 ad
906 4184 1167 4258 originem
1186 4192 1426 4238 recenso.

565 4263 653 4340 VI.
683 4280 850 4337 Porro
878 4274 945 4332 ad
996 4270 1298 4328 institutum
1355 4266 1579 4325 veniens
1618 4265 1845 4337 Auctor,
1884 4263 2089 4322 nullam

495 4387 615 4430 esse
647 4366 861 4425 Veteris
889 4371 943 4421 et
977 4359 1118 4418 Novi
1164 4355 1496 4415 Testamenti
1550 4355 1916 4413 diversitatem
1948 4396 1964 4423 ,
2001 4354 2089 4411 vel

493 4460 621 4519 inde
676 4452 975 4529 praescribit
1012 4490 1028 4520 ,
1077 4447 1223 4521 quod
1268 4445 1512 4501 Christus
1559 4452 1742 4500 noster
1785 4442 2087 4516 impleverit

493 4545 804 4625 prOphetias
852 4538 1125 4599 Creatoris
1156 4576 1171 4607 ,
1220 4543 1273 4593 et
1326 4534 1795 4625 repraesentaverit
1847 4533 2085 4605 promis-

493 4624 680 4697 siones
713 4636 853 4707 ejus,
875 4647 936 4689 ac
961 4631 1111 4702 leges
1138 4624 1427 4697 adjuverit.
1724 4700 1727 4701 γ

561 4727 675 4785 VII.
717 4723 880 4795 Quod
935 4720 1112 4792 ipsum
1168 4715 1399 4788 primum
1441 4713 1754 4787 comprobat
1806 4726 1875 4770 ex
1910 4710 2084 4784 capite

2196 3650 2535 3709 confessione
2582 3648 2760 3705 Petri:
2819 3651 2891 3705 Tu
2946 3666 3004 3706 es
3066 3648 3326 3707 Christus
3359 3695 3374 3720 ,
3434 3660 3487 3706 et
3536 3650 3802 3721 praedicta

2198 3739 2574 3814 persecutione
2604 3734 2865 3794 ﬁdelium.

2268 3825 2444 3885 360
2478 3826 2662 3883 XXII.
2692 3826 2772 3883 De
2820 3826 3129 3884 ostensione
3167 3827 3366 3884 Christi
3418 3843 3542 3884 cum
3605 3827 3800 3901 Moyse

2197 3930 2251 3977 et
2278 3915 2395 3973 Elia
2424 3918 2477 3972 in
2506 3932 2724 3973 secessu
2753 3916 2973 3985 montis,
3002 3933 3067 3974 ex
3096 3916 3307 3973 eodem.

2267 4008 2472 4064 XXIII.
2507 4007 2587 4063 De
2617 4006 2794 4064 verbis
2812 4006 3031 4063 Domini
3051 4009 3115 4063 ad
3148 4008 3466 4075 Pharisaeos,
3497 4006 3805 4066 dilectione

2194 4082 2565 4153 parvulorum,
2594 4088 2648 4135 et
2674 4077 3035 4150 increpatione
3058 4078 3176 4151 ejus
3194 4080 3286 4153 qui
3307 4081 3539 4136 dixerat:
3569 4080 3804 4153 Sequar

2198 4175 2252 4227 te
2281 4184 2616 4243 quocunque
2642 4169 2795 4238 ieris,
2826 4183 2891 4223 ex
2920 4166 3130 4223 eodem.

2265 4259 2469 4317 XXIV.
2497 4260 2665 4315 Porro
2695 4266 2750 4314 et
2774 4272 2841 4314 ex
2872 4258 3048 4329 capite
3079 4273 3117 4313 χ
3148 4258 3333 4326 Lucae,
3381 4258 3448 4315 de
3502 4257 3804 4316 allectione

2198 4363 2313 4407 Lxx
2344 4347 2755 4419 discipulorum,
2786 4353 2841 4404 et
2866 4354 3124 4418 potestate
3156 4348 3261 4404 illis
3291 4348 3429 4405 data.

2266 4438 2450 4495 XXV.
2483 4437 2562 4492 De
2589 4436 2834 4493 oratione
2860 4434 3077 4491 Domini
3119 4436 3187 4491 ad
3231 4438 3435 4493 Patrem
3470 4482 3484 4506 ,
3516 4436 3699 4493 verbis
3728 4437 3801 4492 ad

2198 4517 2514 4592 discipulos,
2546 4525 2600 4574 et
2654 4530 2915 4588 responso
2970 4514 3112 4574 facto
3169 4516 3308 4592 legis
3337 4517 3563 4587 doctori,
3594 4534 3663 4574 ex
3694 4534 3803 4575 eo-

2198 4610 2469 4753 degniXVI.
2509 4692 2717 4751 Exinde
2746 4709 2808 4751 ex
2859 4693 3032 4767 capite
3079 4708 3141 4751 xx
3196 4695 3353 4752 Lucae
3408 4694 3476 4751 de
3532 4692 3803 4753 Oratione

492 4782 684 4893 quarto
711 4782 871 4871 fuere
895 4782 997 4868 sub
1026 4782 1215 4879 ﬁnem,
1235 4806 1303 4861 de
1322 4782 1588 4862 daemonio
1609 4803 1838 4875 expulso
1852 4801 1907 4858 in
1934 4782 2085 4875 svna-
2115 4820 2161 4899 υ
2192 4784 2515 4899 Ποιξξίηίοῇὶ
2535 4782 2761 4899 αξίὶεᾳξς
2808 4784 3231 4899 οῐῖιῖᾱὶλΐοηηὶῆ
3271 4796 3324 4843 et
3388 4783 3662 4899 parabolis
3725 4800 3803 4899 ΞΟ

490 4890 637 4981 goga
668 4904 1064 4974 Capharnaum,
1104 4912 1169 4953 eo
1197 4895 1341 4967 quod
1372 4892 1475 4948 tria
1502 4893 1659 4948 Lucae
1689 4891 1862 4963 prima
1885 4890 2081 4981 capita,

489 4979 542 5053 et
566 4995 781 5051 initium
808 4987 1005 5064 quarti,
1036 4994 1295 5058 tanquam
1334 4998 1448 5040 suae
1494 4982 1773 5038 sententiae
1812 4979 2083 5038 contraria

492 5084 746 5145 erasisset
773 5080 1025 5138 Marcion.

559 5174 704 5232 VIII.
734 5172 814 5228 Ex
834 5172 1023 5228 eodem
1052 5165 1244 5241 capite,
1276 5164 1468 5237 partim
1496 5170 1619 5218 ante
1651 5204 1666 5231 ,
1714 5161 1909 5234 partim
1958 5166 2085 5233 post

487 5261 685 5322 dictam
729 5260 1010 5319 historiam
1067 5259 1215 5330 (nam
1270 5254 1430 5311 etiam
1501 5254 1607 5308 hoc
1674 5257 2085 5321 transposuerat

487 5353 752 5427 Marcion)
810 5352 878 5410 de
931 5346 1177 5407 doctrina
1229 5341 1427 5400 Christi
1483 5340 1629 5415 apud
1697 5340 1962 5396 Nazareth
2025 5337 2080 5392 in

488 5457 791 5519 synagoga,
824 5448 878 5498 et
905 5439 1023 5496 aliis
1049 5431 1352 5492 daemoniis.

560 5516 655 5592 IX.
698 5516 829 5589 Item
871 5546 938 5587 ex
983 5525 1155 5597 capite
1194 5523 1384 5596 quinto
1414 5520 1572 5577 Luca:
1607 5561 1620 5587 ,
1677 5516 1746 5575 de
1798 5516 2082 5575 vocatione

489 5622 856 5698 apostolorum
920 5615 1157 5675 Simonis
1201 5618 1255 5671 et
1304 5608 1536 5669 ﬁliorum
1580 5606 1827 5668 Zebedaei
1859 5649 1877 5679 ,
1908 5622 1970 5667 ac
2007 5606 2083 5666 le-

491 5724 654 5795 proco
682 5708 961 5771 mandato.

2195 4872 2620 4951 pertinentibus;
2678 4872 2747 4928 de
2784 4872 2948 4929 surdo
3003 4873 3271 4930 daemonio
3313 4873 3537 4946 expulso
3560 4914 3576 4942 ,
3622 4889 3687 4931 ac
3726 4872 3805 4929 de

2192 4962 2582 5022 exclamatione
2610 4960 2853 5017 mulieris
2880 4961 2949 5019 de
2978 4963 3154 5020 turba.

2263 5051 2491 5109 XXVII.
2524 5050 2601 5106 De
2627 5049 2910 5107 Pharisaeis
2938 5050 3155 5124 signum
3184 5052 3513 5123 petentibus,
3557 5058 3610 5107 et
3666 5049 3806 5107 aliis

2192 5141 2510 5200 eorumdem
2527 5138 3005 5212 increpationibus,
3036 5157 3098 5195 ex
3129 5140 3343 5199 eodem.

2263 5230 2617 5289 XXVIII.Ex
2645 5230 2820 5303 capite
2864 5246 2948 5286 xu
2995 5232 3173 5301 Lucae,
3221 5230 3290 5287 de
3336 5230 3517 5287 verbis
3571 5226 3805 5285 Domini

2190 5323 2353 5383 variis
2386 5336 2451 5379 ac
2478 5321 2795 5394 discipulos,
2824 5330 2879 5376 et
2928 5320 3189 5394 parabole
3245 5320 3425 5377 divitis
3462 5318 3805 5376 blandientis

2193 5412 2296 5470 sibi
2325 5412 2391 5467 de
2421 5420 2689 5483 proventu
2718 5424 2973 5484 agrorum
3006 5425 3251 5467 suorum.

2264 5502 2476 5559 XXIX.
2518 5502 2600 5557 De
2648 5516 2776 5557 cura
2803 5515 2908 5555 non
2947 5500 3158 5573 agenda
3195 5499 3385 5556 anima:
3424 5497 3493 5555 de
3537 5496 3704 5563 victu,
3744 5504 3803 5553 et

2190 5596 2405 5671 corpori
2443 5595 2509 5651 de
2554 5593 2770 5661 vestitu,
2804 5588 3176 5662 succingendis
3230 5587 3443 5653 lumbis,
3493 5601 3556 5642 ac
3610 5584 3801 5644 servis
