4018 6192
241 373 322 437 389
1423 371 1548 432 LIB.
1589 372 1654 432 IV
1692 371 1847 432 ADV.
1887 367 2296 434 MARCIONEM.
3406 381 3512 441 390

240 503 416 592 beatis,
452 511 508 558 et
564 500 689 592 igne
740 498 926 592 misso-
958 497 1014 555 in
1069 505 1288 570 terram,
1342 499 1572 572 aliisque
1623 500 1804 556 verbis
1835 513 1882 592 Α
1995 589 2018 592 _
2439 496 2662 592 CAPUT
2695 498 2978 558 PRIMUM.

238 590 450 656 Domini;
482 606 549 646 ex
588 588 782 645 eodem
810 587 1002 661 capite.
1835 587 1881 592 “
1982 589 2210 646 Omnem
2239 587 2561 644 sententiam
2591 595 2645 643 et
2682 603 2896 643 omnem
2927 596 3225 659 paraturam
3245 593 3328 662 (ί)
3349 593 3489 664 impi

291 681 466 738 XXX.
501 681 713 736 Rursus
742 695 808 735 ex
855 679 1030 752 capite
1058 693 1167 736 xm
1204 679 1385 745 Lucae,
1418 678 1484 737 de
1522 677 1805 736 curatione
1911 685 2071 749 atque
2097 677 2346 750 sacrilegi
2374 675 2668 732 Marcionis
2711 675 2778 730 ad
2807 673 2988 747 ipsum
3018 678 3131 746 jam
3161 679 3512 751 Evangelium

235 769 443 824 Sabbato
465 767 627 834 facta,
661 769 951 840 parabolis,
970 768 1195 840 aliisque
1223 768 1402 826 verbis
1420 768 1660 825 Domini.
1914 768 2033 836 ejus
2062 781 2436 837 provocamus,
2468 763 2615 836 quod
2663 764 3044 836 interpolando
3076 783 3230 821 suum
3267 767 3408 823 fecit.
3449 770 3515 823 Et

289 859 484 914 XXXI.
516 857 692 916 Etiam
721 874 785 913 ex
816 855 990 928 capite
1024 859 1183 914 Lucae
1211 874 1332 928 xrv,
1371 858 1563 930 quales
1589 857 1655 912 ad
1685 872 1805 912 cm-
1914 863 1977 912 ut
2003 853 2166 910 ﬁdem
2197 856 2507 921 instrueret,
2547 855 2726 909 dotem
2783 854 3068 925 quamdam
3128 865 3516 912 commentatus

234 963 336 1005 nam
361 952 446 1005 vel
494 947 783 1018 prandium
841 946 1072 1003 vocandi
1123 949 1251 1013 sint,
1307 963 1370 1003 ac
1426 947 1495 1002 de
1543 962 1696 1002 coena
1739 947 1806 1000 ad
1915 952 1998 999 est
2036 943 2130 1010 illi,
2164 960 2302 1016 Opus
2323 959 2386 999 ex
2431 943 2877 998 contrarietatum
2914 943 3370 1014 oppositionibus,
3400 946 3519 1000 An-

235 1055 366 1112 quam
396 1037 614 1094 vocavit
642 1036 864 1092 multos.
1919 1033 2148 1089 titheses
2177 1032 2618 1107 cognominatum
2646 1033 2747 1102 (2),
2781 1040 2834 1087 et
2862 1031 2930 1086 ad
2977 1033 3380 1104 separationem
3410 1035 3515 1089 Le-

287 1113 510 1180 XXXII.
544 1123 679 1178 Item
708 1139 773 1179 ex
825 1123 995 1196 capite
1023 1139 1102 1180 xv
1137 1125 1315 1191 Lucae,
1362 1123 1430 1180 de
1475 1139 1575 1180 ove
1613 1130 1666 1180 et
1695 1123 1812 1178 dra—
1916 1121 1999 1194 gis
2027 1131 2080 1177 et
2106 1121 2389 1194 Evangelii
2419 1131 2683 1190 coactum,
2721 1137 2826 1192 qua
2873 1120 3011 1178 duos
3055 1122 3190 1178 deos
3250 1122 3518 1189 dividens,

235 1229 337 1288 gina
361 1210 594 1284 perditis
623 1218 674 1267 et
704 1210 954 1268 inventis.
1916 1209 2142 1280 proinde
2232 1209 2496 1277 diversos,
2576 1211 2796 1263 alterum
2865 1208 3082 1288 alterius
3151 1210 3518 1277 Instrumenti,

286 1301 539 1359 XXXIII.
576 1299 653 1354 Ex
681 1299 856 1371 capite
883 1303 1044 1356 etiam
1094 1317 1194 1356 xvr
1242 1301 1422 1367 Lucae,
1486 1301 1554 1356 de
1593 1301 1810 1358 duobus
1919 1300 1998 1355 vel
2030 1298 2202 1371 (quod
2234 1299 2404 1372 magis
2449 1299 2574 1354 usui
2614 1300 2631 1336 ι
2663 1306 2746 1355 est
2783 1287 2991 1370 dicere)
3041 1301 3403 1370 Testamenti;
3464 1307 3524 1356 ut

235 1391 466 1455 dominis,
499 1392 613 1445 Deo
642 1391 700 1444 et
727 1390 1053 1456 Mammona,
1085 1405 1149 1446 ac
1192 1389 1335 1446 dicto
1383 1389 1604 1446 Domini
1633 1408 1646 1448 :
1697 1389 1810 1448 Lex
1917 1389 2109 1444 exinde
2136 1389 2428 1459 Evangelio
2459 1403 2675 1460 quoque
2704 1387 2999 1442 secundum
3046 1389 3344 1445 antitheses
3399 1405 3521 1446 cre-

232 1494 274 1539 et
295 1481 573 1551 Prophetas
603 1493 770 1552 usque
796 1478 862 1533 ad
879 1480 1162 1535 Joannem.
1916 1476 2093 1533 dendo
2147 1479 2593 1548 patrocinaretur.
2646 1475 2755 1533 Sed
2812 1484 2866 1530 et
2920 1474 3054 1530 istas
3105 1477 3328 1548 pr0prio
3385 1493 3522 1534 con-

287 1569 542 1627 XXXIV.
574 1569 655 1623 De
683 1567 912 1624 divortio
940 1568 1239 1641 prohibito,
1288 1584 1353 1625 ac
1406 1567 1634 1641 proinde
1686 1583 1811 1625 con-
1917 1580 2114 1637 gressu
2167 1565 2434 1629 cominus,
2468 1564 2522 1618 id
2581 1570 2686 1628 est,
2750 1579 2844 1633 per
2909 1561 3152 1637 singulas
3205 1563 3524 1632 iujcctioues

227 1661 363 1734 jugio
407 1657 730 1730 approbato,
769 1663 821 1714 et
866 1655 1080 1714 inferno
1135 1673 1197 1715 ac
1252 1658 1375 1716 sinu
1415 1658 1646 1714 Abrahae
1679 1700 1692 1726 ,
1747 1674 1813 1714 cx
1920 1651 2127 1708 Pontici
2167 1651 2506 1721 cecidissem,
2557 1650 2602 1705 si
2659 1666 2770 1706 non
2827 1651 2996 1707 multo
3055 1655 3416 1725 opportunius
3469 1653 3524 1708 in

233 1751 428 1806 eodem.
1850 1798 1889 1814 _
1921 1741 2042 1814 ipso
2071 1749 2124 1798 et
2164 1757 2288 1798 cum
2331 1740 2453 1811 ipso
2501 1738 2815 1811 Evangelio,
2857 1740 2944 1794 cui
2983 1748 3296 1812 procurant,
3347 1750 3526 1798 retun-

295 1838 519 1894 XXXV.
557 1835 831 1908 Deinceps
870 1851 934 1891 ex
969 1850 1087 1908 cap.
1123 1851 1238 1893 xvu
1293 1835 1472 1905 Lucae,
1529 1835 1596 1892 de
1640 1834 1816 1893 verbis
1849 1798 1892 1876 Β
1921 1798 2198 1896 derentur.
2248 1798 2582 1912 Quamquam
2641 1798 2754 1892 tam
2799 1835 2954 1893 facile
2983 1798 3082 1894 ἐει
3155 1798 3525 1911 praescriptive

237 1923 445 1981 Domini
471 1921 709 1992 diversis,
757 1921 990 1995 leprosis
1030 1923 1220 1981 decem
1278 1923 1497 1990 curatis,
1542 1931 1598 1980 et
1641 1923 1812 1981 inter-
1921 1943 2226 1994 occurrere,
2275 1937 2328 1982 et
2376 1926 2596 2000 quidem
2627 1925 2651 1964 ²
2681 1933 2738 1982 ιιι
2789 1933 3011 1996 accepto
3056 1940 3146 1980 eas
3186 1924 3403 1998 faciam,
3467 1934 3524 1982 ut

247 2011 501 2089 rogatione
523 2011 913 2068 Pharisaeorum
942 2012 1011 2069 de
1039 2027 1206 2085 regno
1227 2013 1348 2070 Dei.
1923 2027 2044 2073 rato
2076 2016 2334 2083 habeam,
2365 2023 2424 2071 ut
2472 2013 2756 2071 nobiscum
2811 2011 2990 2070 facere
3020 2011 3217 2080 dicam,
3272 2028 3381 2085 quo
3416 2030 3527 2069 ma-

298 2100 547 2159 XXXVI.
571 2101 831 2158 Similiter
862 2118 929 2157 ex
949 2117 1068 2175 cap.
1095 2117 1242 2158 xvm
1270 2100 1529 2169 Lucae,de
1549 2101 1818 2174 parabolis
1877 2177 1882 2180 ί
1921 2106 2006 2180 gis
2043 2107 2109 2162 de
2140 2104 2380 2162 caecitate
2409 2103 2647 2162 auctoris
2677 2101 2762 2159 sui
2809 2103 3130 2159 erubescant
3172 2111 3370 2158 nostrm
3415 2105 3526 2173 jam

225 2192 429 2266 iudicis,
458 2207 526 2247 ac
549 2190 807 2247 Pharisaei
846 2200 899 2248 et
936 2190 1214 2248 Publiceni
1259 2191 1532 2249 orantium
1586 2191 1641 2248 in
1683 2203 1814 2248 tem-
1921 2195 2216 2253 antitheses
2277 2195 2544 2253 adversus
2615 2191 2968 2249 Marcionem.
3021 2189 3200 2264 Atque
3266 2190 3530 2250 conﬁteor

227 2285 328 2355 plo,
375 2280 562 2341 verbis
619 2279 827 2339 Domini
872 2281 940 2336 ad
1003 2280 1399 2340 adolescentem
1460 2281 1704 2350 divitem,
1763 2291 1815 2341 et
1921 2285 2085 2340 alium
2130 2284 2377 2341 ordinem
2430 2280 2808 2340 decucurrisse
2854 2280 2910 2336 in
2955 2279 3122 2338 veteri
3177 2279 3530 2352 dispositione

223 2387 354 2430 caeco
380 2377 597 2429 curato.
1921 2375 2068 2448 apud
2127 2360 2460 2438 Creatorem,
2519 2371 2684 2428 alium
2737 2371 2790 2426 in
2848 2385 2988 2428 nova
3044 2371 3185 2442 apud
3233 2371 3524 2429 Christum.

287 2459 582 2518 XXXVII.
610 2458 690 2514 Ex
727 2458 899 2532 capite
927 2458 1087 2516 etiam
1119 2475 1224 2518 xix
1250 2459 1427 2530 Lucae,
1455 2460 1524 2517 de
1559 2461 1810 2528 Zachaeo,
1920 2465 2044 2520 Non
2108 2479 2249 2535 nego
2331 2462 2529 2518 distare
2587 2464 2906 2517 documenta
2962 2458 3185 2534 eloquii,
3261 2470 3529 2532 praecepta

226 2559 268 2608 et
295 2565 580 2608 servorum
624 2549 880 2620 parabola
924 2549 1021 2622 qui
1067 2549 1358 2607 secundum
1411 2549 1674 2608 rationem
1713 2549 1816 2606 foe-
1919 2551 2158 2624 virtutis,
2190 2549 2332 2622 legis
2361 2548 2715 2621 disciplinas;
2750 2549 2882 2606 dum
2925 2556 3101 2605 tamen
3153 2556 3261 2605 tota
3308 2549 3532 2607 diversi-

229 2647 416 2697 neratm
445 2637 693 2711 pecuniae
720 2635 1102 2707 dijudicantur.
1924 2652 2004 2698 tas
2057 2641 2112 2695 in
2169 2655 2333 2695 unum
2391 2647 2447 2695 et
2485 2641 2737 2694 eumdem
2798 2641 2963 2694 Deum
3017 2645 3319 2709 competat;
3376 2637 3529 2694 illum

286 2727 601 2785 XXXVIII.
625 2727 756 2782 Item
785 2742 849 2782 ex
878 2742 1000 2800 cap.
1023 2743 1106 2784 xx
1133 2727 1313 2796 Luem,
1344 2726 1411 2784 de
1441 2728 1609 2784 variis
1630 2727 1816 2787 verbis
1923 2729 2130 2785 scilicet
2167 2744 2198 2782 a
2235 2744 2346 2800 quo
2385 2727 2635 2783 constat3
2672 2725 3012 2798 dispositam,
3044 2725 3182 2782 sicut
3231 2736 3284 2782 et
3321 2727 3526 2799 praedi-

227 2817 428 2876 Domini
464 2817 538 2872 ad
583 2816 904 2885 Pharisaeos,
943 2817 1210 2890 principes
1264 2817 1626 2886 sacerdotum,
1684 2817 1814 2874 Sad—
1921 2825 2116 2874 catam.
2148 2815 2291 2873 Olim
2337 2814 2692 2872 concionatur
2733 2813 2897 2870 Isaias
2932 2813 3019 2886 (u,
3053 2815 3132 2886 2),
3161 2813 3525 2888 proditurum

222 2908 451 2976 ducaeos,
485 2913 539 2962 et
561 2905 798 2962 Scribas.
1922 2921 1994 2965 ex
2023 2907 2156 2965 Sion
2177 2905 2373 2978 legem,
2404 2908 2460 2962 et
2488 2919 2803 2962 sermonem
2823 2905 3055 2960 Domini
3078 2919 3150 2960 ex
3168 2904 3480 2961 Jerusalem
3504 2921 3517 2962 :

289 2994 555 3050 XXXIX.
589 2995 853 3051 Praeterea
907 3003 962 3050 et
1009 3009 1081 3052 ex
1137 3008 1237 3051 xxi
1295 2994 1452 3052 Lucae
1507 2993 1702 3067 capite,
1745 2995 1812 3051 de
1921 2996 2075 3052 aliam
2134 2995 2316 3066 utique
2377 2995 2574 3068 legem,
2624 2993 2891 3065 aliumque
2960 3009 3302 3052 sermonem.
3355 2994 3522 3051 Deni-

225 3083 469 3140 venturis
492 3083 545 3137 in
590 3081 810 3139 nomine
865 3083 1063 3140 Christi
1114 3094 1168 3141 et
1214 3083 1388 3158 signis
1442 3084 1619 3141 ultimi
1673 3082 1815 3154 linis,
1850 3089 1893 3168 ο
1922 3101 2027 3157 que
2070 3082 2229 3156 (Ibid.
2292 3085 2348 3154 4)
2405 3100 2419 3136 :
2466 3082 2770 3147 ludicabit,
2827 3081 3020 3153 inquit,
3045 3086 3199 3141 inter
3241 3087 3520 3157 nationes,

229 3187 294 3228 ac
319 3171 387 3228 de
415 3171 646 3228 doctrina
673 3171 872 3228 Christi
897 3172 951 3228 in
982 3172 1184 3245 templo
1223 3181 1278 3230 et
1325 3188 1546 3231 secessu
1576 3173 1634 3228 in
1655 3188 1817 3230 mon-
1925 3178 1983 3231 et
2014 3175 2274 3231 traducet
2299 3171 2575 3244 populum
2601 3171 2955 3243 plurimum;
2995 3171 3206 3226 scilicet
3233 3185 3340 3226 non
3368 3171 3528 3228 unius

223 3271 336 3320 tem
365 3261 653 3318 Elmonem.
1928 3262 2103 3338 gentis
2148 3261 2482 3326 Judmorum,
2536 3259 2633 3315 sed
2681 3257 2977 3324 nationum,
3025 3274 3147 3330 quae
3175 3275 3274 3330 per
3332 3275 3527 3316 novam

291 3351 406 3409 XL.
435 3350 586 3407 Idem
625 3367 689 3406 ex
718 3367 840 3424 cap.
880 3366 1002 3408 χχιι
1028 3351 1206 3419 Lucae,
1239 3352 1307 3409 de
1333 3352 1423 3410 die
1461 3350 1680 3408 Pascha:
1711 3349 1822 3407 cle-
1927 3353 2102 3424 legem
2143 3350 2427 3424 Evangelii
2473 3357 2525 3405 et
2567 3364 2764 3405 novum
2806 3363 3108 3404 sermonem
3164 3348 3530 3420 apostolorum

223 3449 305 3496 cto
333 3441 404 3494 ad
453 3440 781 3505 Passionem,
813 3439 1122 3498 venditione
1177 3455 1244 3496 ac
1296 3439 1608 3512 proditione
1645 3439 1820 3505 Judae,
1924 3444 2239 3514 judicantur
2268 3450 2321 3498 et
2344 3439 2705 3497 traducuntur
2733 3437 2876 3513 apud
2924 3439 3259 3512 scmetipsas,
3301 3442 3368 3496 de
3425 3437 3534 3512 pri-

226 3537 275 3582 et
305 3529 372 3584 de
393 3529 772 3585 distributione
803 3529 1050 3600 corporis
1080 3539 1135 3585 et
1162 3528 1448 3602 sanguinis
1477 3526 1692 3584 Christi.
1739 3521 1744 3526 ’
1932 3532 2076 3588 stino
2096 3545 2299 3596 errore,
2331 3527 2489 3584 simul
2517 3526 2888 3593 crediderunt,
2941 3535 3102 3600 atque
3157 3526 3353 3584 exinde
3397 3543 3534 3584 con-

294 3617 432 3672 XLI.
463 3617 537 3674 De
565 3616 947 3689 imprecatione
999 3617 1079 3672 illi
1129 3616 1293 3684 facta,
1336 3633 1428 3689 per
1483 3633 1646 3690 quem
1706 3626 1822 3672 tra-
1933 3619 2120 3676 cidunt
2147 3619 2446 3674 machaeras
2476 3630 2599 3671 suas
2627 3615 2683 3670 in
2731 3625 2941 3686 aratra;
2997 3623 3050 3670 et
3094 3614 3334 3688 sibynas,
3395 3615 3541 3687 quod

232 3705 441 3764 daretur
475 3705 642 3761 Filius
669 3705 924 3773 hominis,
973 3721 1038 3762 ac
1074 3707 1263 3764 osculo
1323 3704 1625 3774 traditoris;
1660 3713 1714 3761 et
1757 3705 1825 3760 de
1932 3725 2106 3783 genus
2137 3705 2522 3766 venabulorum
2553 3715 2654 3770 est,
2703 3706 2755 3760 in
2797 3703 2984 3772 falces,
3039 3702 3094 3758 id
3143 3713 3246 3770 est,
3306 3705 3452 3760 feros
3489 3710 3541 3760 ct

237 3809 488 3867 responso
514 3794 729 3851 Domini
768 3795 837 3849 ad
871 3794 1350 3866 interrogationem
1400 3809 1468 3849 an
1523 3794 1638 3866 ipse
1686 3801 1828 3850 esset
1935 3813 2108 3857 saevos
2137 3796 2411 3870 quondam
2441 3794 2654 3851 animos
2691 3800 3015 3852 convertunt
3058 3793 3113 3848 in
3170 3808 3362 3849 sensus
3413 3808 3540 3864 pro-

241 3882 490 3950 Christus,
523 3900 588 3940 ex
617 3883 812 3940 eodem
842 3883 1038 3955 capite.
1936 3887 2054 3953 bos,
2087 3894 2143 3942 et
2170 3875 2327 3943 bonae
2382 3884 2554 3957 frugis
2582 3883 2881 3955 operarios.
2928 3881 2997 3937 Et
3029 3898 3214 3938 rursus
3277 3882 3409 3952 (lsa.
3461 3898 3540 3947 LI,

306 3973 469 4028 XLII.
505 3975 585 4028 Ex
612 3974 786 4044 capite
812 3988 1025 4046 quoque
1061 3988 1210 4030 χχιιι
1238 3975 1421 4044 Lucae,
1454 3972 1523 4028 de
1551 3970 1707 4029 simili
1747 3985 1831 4028 re-
1936 3976 1991 4043 4)
2016 3993 2028 4034 :
2063 3974 2267 4034 Audite
2286 3991 2396 4045 me,
2427 3974 2623 4032 audite
2648 3990 2737 4029 me
2755 3973 2799 4039 ’t,
2818 3973 3064 4045 populus
3085 3988 3271 4040 meus;
3303 3975 3361 4028 et
3391 3986 3544 4043 reges

244 4073 428 4129 sponso
452 4061 506 4117 in
526 4062 689 4119 domo
718 4062 890 4128 Pilati,
936 4062 1140 4132 judicio
1189 4061 1332 4132 apud
1390 4062 1638 4118 eumdem
1683 4061 1828 4117 Pila-
1937 4065 2173 4121 auribus
2201 4063 2480 4121 intendite
2508 4059 2682 4118 362
2704 4062 2767 4116 in
2795 4076 2907 4128 me,
2931 4063 3198 4134 quoniam
3231 4061 3326 4120 lex
3356 4059 3546 4134 prodi-

249 4157 352 4205 tum
401 4161 453 4206 et
503 4149 668 4208 36!
716 4151 980 4209 Herodem
1007 4194 1022 4224 ,
1079 4151 1435 4209 cruciﬁxioue
1472 4195 1486 4222 ,
1541 4150 1716 4225 signis
1772 4150 1830 4204 in
1940 4154 2016 4210 bit
2045 4169 2080 4210 α
2108 4167 2217 4221 me,
2249 4156 2303 4210 et
2328 4152 2623 4224 judicium
2654 4165 2845 4208 meum
2885 4150 2951 4205 in
2993 4150 3179 4208 lucem
3217 4151 3546 4217 nationum,

248 4246 429 4305 morte,
459 4239 842 4312 exspiratione,
867 4248 921 4297 et
949 4241 1226 4314 sepultura
1255 4239 1491 4298 Domini.
1941 4256 2047 4314 quo
2074 4239 2407 4311 iudicaverat
2453 4249 2619 4310 atque
2662 4237 2974 4294 decreverat
3028 4238 3272 4294 nationes
3326 4251 3550 4309 quoque

317 4325 496 4384 XLIII.
522 4327 766 4402 Denique
796 4345 863 4385 ex
891 4346 990 4404 cap
1020 4345 1163 4387 xxiv
1192 4331 1373 4395 Lucae,
1405 4332 1473 4384 de
1512 4326 1832 4384 mulieribus
1867 4374 1911 4404 η
1943 4327 2319 4385 illuminandas
2358 4344 2455 4400 per
2483 4323 2764 4397 Evangelii
2794 4324 2976 4399 legem
3007 4333 3169 4396 atque
3213 4338 3547 4381 sermonem.

317 4374 496 4384 -..ηπ
522 4374 766 4402 --....,_-
797 4374 863 4385 ν.-
893 4374 951 4387 ν..
1023 4374 1153 4387 ..-η
1192 4374 1373 4395 ..-μη
1408 4374 1473 4384 --
1513 4374 1831 4384 .--_..-.-.,--
1945 4374 2318 4385 ...............__-
2359 4374 2444 4400 ιη.
2483 4374 2764 4397 ..η-ου--
2795 4374 2976 4399 --ο-μ-
3008 4374 3166 4396 ην-
3214 4374 3547 4381 --------------

254 4415 316 4470 ad
368 4419 672 4490 sepulcrum
725 4435 847 4475 cum
892 4374 1121 4477 od‘brum
1159 4428 1426 4492 paratura,
1475 4418 1544 4476 de
1587 4434 1834 4475 resurre-
1867 4374 1912 4452 Β
1945 4420 2073 4477 Haec
2126 4416 2228 4476 erit
2293 4416 2379 4474 lex
2433 4415 2457 4455 5
2511 4414 2653 4487 apud
2709 4412 2884 4472 David
2940 4411 3384 4484 invituperabilis,
3443 4427 3550 4487 qua

253 4505 417 4562 ctione
475 4515 601 4580 post
654 4508 898 4576 biduum,
970 4509 1040 4566 de
1113 4510 1536 4583 apparitionibus
1615 4506 1833 4580 Christi,
1943 4509 2201 4584 perfecta,
2253 4515 2568 4565 convertens
2606 4501 2838 4570 animas,
2895 4501 3086 4574 utique
3141 4501 3210 4558 ab
3265 4501 3425 4559 idolis
3481 4505 3548 4560 ad

255 4609 367 4665 quae
392 4598 722 4671 mulieribus,
759 4598 1037 4672 discipulis
1086 4615 1148 4658 ac
1175 4600 1436 4674 apostolis
1482 4597 1644 4656 facta:
1686 4604 1833 4669 sunt,
1945 4598 2135 4659 Deum.
2168 4595 2269 4656 Hic
2313 4595 2415 4654 erit
2456 4602 2508 4651 et
2555 4605 2758 4659 sermo,
2803 4590 2871 4647 de
2913 4605 3021 4663 quo
3052 4589 3196 4647 idem
3254 4589 3420 4645 Isaias
3461 4591 3548 4660 (χ,

257 4684 392 4741 etde
416 4686 669 4744 missione
709 4687 1080 4760 apostolorum
1136 4689 1203 4746 ad
1251 4688 1660 4762 praedicandum
1714 4687 1836 4746 uni-
1946 4689 2083 4761 23):
2125 4687 2422 4758 Quoniam,
2470 4681 2661 4755 inquit,
2722 4679 2972 4740 decisum
3026 4685 3342 4738 sermonem
3371 4677 3552 4752 faciet

258 4775 418 4834 versis
442 4779 770 4838 nationibus.
1945 4778 2217 4838 Dominus
2246 4778 2310 4834 in
2341 4778 2516 4834 terra.
2554 4769 3007 4845 Compendiatum
3053 4772 3140 4829 est
3183 4768 3321 4826 enim
3339 4767 3551 4826 Novum

1630 4927 1822 4993 Variae
1862 4931 2176 4993 lectiones.

325 5055 346 5102 ί
374 5059 428 5122 In
457 5080 556 5124 usu
587 5064 712 5125 Lat.
746 5061 771 5104 ²
796 5061 1064 5140 Equidem
1095 5061 1269 5127 Seml.
1299 5061 1324 5105 3
1352 5065 1484 5124 Eam
1504 5063 1635 5124 add.
1667 5063 1840 5122 Seml.
1871 5062 1896 5100 ἰ
1924 5061 1992 5117 Ει
2021 5061 2154 5119 add.
2186 5059 2358 5119 Semt.
2398 5055 2422 5101 ⁵
2450 5058 2517 5118 Ει
2544 5056 2671 5119 add.
2697 5053 2868 5118 Seml.

1649 5187 2150 5252 Commentarios.

327 5321 403 5404 (.l)
433 5326 502 5382 Et
531 5340 758 5384 omnem
792 5329 1155 5400 paraturam.
1188 5322 1302 5383 Hoc
1345 5333 1446 5392 est,
1479 5337 1692 5382 omnem
1730 5339 1853 5380 ma-
1959 5322 2316 5404 Tertullianus
2354 5321 2461 5404 de_
2484 5320 2901 5404 interpolatioue
2943 5318 3289 5404 Evangelii,"
3317 5319 3386 5376 de
3447 5329 3555 5391 quo

252 5392 463 5472 teriam,
521 5414 737 5454 omnem
785 5392 1227 5472 argumentorum
1273 5407 1608 5470 apparatum,
1657 5403 1715 5453 ut
1762 5410 1854 5451 su-
1963 5411 2062 5472 no_s
2091 5397 2380 5472 alio__loco.
2415 5392 2903 5472 Potant‘nonnulli
2943 5392 3138 5472 librum
3185 5392 3388 5472 editum
3432 5405 3554 5446 esse

247 5480 372 5534 Pmo
399 5469 587 5526 RBEN.
846 5462 880 5472 “’
1305 5462 1322 5470 ’
1345 5462 1361 5468 ’
1596 5462 1601 5464 ⁷
1962 5484 1993 5523 a
2019 5467 2347 5524 Tertulliano
2385 5465 2773 5524 Antithesium
2825 5465 3063 5535 nomine,
3107 5464 3175 5535 de
3211 5462 3405 5535 quibus
3451 5475 3552 5516 eo-

321 5541 399 5608 (2)
425 5542 756 5615 Aut-itheses
787 5546 1263 5615 00gn02ninatum.
1287 5539 1447 5615 Liber
1484 5546 1601 5595 erat
1627 5538 1855 5615 Marcio-
1962 5555 2082 5615 rum
2117 5539 2320 5615 judicio
2368 5538 2713 5615 explicandus
2755 5538 2841 5615 h_i_c
2867 5533 3274 5615 locus-;_Q“°d.
3311 5545 3554 5615 aniens“

247 5600 538 5692 nis','__q_uo_
587 5614 757 5692 V_etus
815 5600 1215 5692 Testamentum
1244 5628 1303 5692 _a
1349 5612 1500 5692 Novo
1544 5612 1850 5692 separabat,
1962 5600 2137 5692 hujus
2181 5609 2319 5692 libri.
2351 5600 2706 5692 atjorationis
2744 5607 2997 5692 alienum.
3045 5600 3179 5663 Nam
3237 5600 3556 5664 Antitheses

250 5687 306 5739 et
363 5678 472 5742 sibi
525 5685 757 5744 invicem
807 5688 1117 5764 opponebat
1177 5705 1192 5747 ε
1244 5683 1484 5765 loquitur
1548 5678 1711 5746 etiam
1766 5681 1853 5741 hic
1962 5678 2100 5744 liber
2128 5689 2242 5741 erat
2269 5678 2573 5740 Marcionis.
2606 5680 2680 5737 La
2711 5690 2799 5739 ιίι.
