3980 6144
482 336 581 397 391

1180 324 1621 391 TERTULLIANI
1660 328 1927 390 OPERUM
1970 328 2132 389 PARS
2172 326 2236 388 ll.
2280 357 2349 367 --
2388 320 2616 384 SERIES
2655 323 2692 391 Ι,
2739 319 3083 382 POLEMICA.
3636 318 3711 378 39‘2

481 463 904 529 Testamentum,
954 466 1008 514 et
1038 460 1061 496 δ
1123 457 1268 530 legis
1313 457 1591 513 laciniosis
1631 458 1887 529 operibus
1914 473 2079 529 expe-
2112 471 2160 550 Α
2193 458 2247 512 ct
2278 470 2373 525 ego
2430 442 3051 520 viviﬁcabofcondens
3104 449 3301 505 scilicet
3353 450 3480 518 (lsa.
3538 463 3638 550 XLV,
3674 451 3720 518 Ἰ)

480 551 652 607 ditum
698 550 797 620 (3).
832 548 937 605 Sed
987 547 1116 618 quid
1149 546 1427 616 pluribus?
1481 562 1609 604 cum
1636 545 1996 619 manifestius,
2029 556 2081 602 et

481 639 601 695 luce
652 638 768 710 ipsa
823 636 1023 692 clarius
1086 635 1303 690 novatio
1358 635 1684 706 praedicetur
1747 652 1777 692 a
1830 637 2081 692 Creatore

480 738 578 794 per
623 723 877 777 eumdem
909 722 1097 794 (XLIII,
1141 722 1231 784 i8)
1264 740 1275 776 :
1313 724 1391 780 Ne
1430 725 1871 782 rememineritis
1915 725 2077 795 prio-

479 827 628 875 rum,
645 816 699 867 et
711 813 950 883 antiqua
968 828 1041 868 ne
1060 813 1457 885 cogitaveritis.
1473 810 1675 868 Vetera
1689 813 2075 881 transierunt,

480 916 620 954 nova
636 900 930 956 oriuntur.
954 902 1092 956 Ecce
1109 901 1261 970 facio
1283 917 1449 967 nova,
1472 917 1594 972 qua:
1614 916 1774 956 nunc
1794 902 2076 957 orientur.

477 986 626 1043 Idem
657 1004 754 1058 per
799 986 1089 1043 Jcremiam
1121 989 1222 1057 (1v,
1256 988 1312 1058 3)
1342 1007 1356 1041 :
1391 989 1597 1044 Novate
1625 990 1769 1045 vobis
1799 1004 2078 1046 novamen

478 1092 710 1140 novum,
750 1080 805 1131 et
825 1094 897 1133 ne
925 1079 1177 1134 severitis
1197 1078 1259 1131 in
1279 1079 1567 1148 spinas,et
1596 1077 2082 1133 circumcidimini

473 1166 765 1237 praeputia
796 1166 817 1202 ⁷
848 1166 1030 1221 cordis
1059 1167 1271 1232 vestri;
1326 1177 1378 1219 et
1425 1164 1550 1219 alibi
1586 1164 1774 1234 (xxxr,
1814 1168 1904 1230 3t,
1938 1169 2025 1235 32)
2060 1181 2073 1218 :

484 1254 618 1309 Ecce
647 1255 886 1310 veniunt
912 1253 938 1290 8
965 1253 1102 1320 dies,
1151 1254 1292 1310 dicit
1338 1252 1626 1323 Dominus,
1680 1258 1737 1311 et
1780 1254 2080 1328 perﬁciam

478 1341 670 1398 domui
687 1342 850 1397 Jacob
881 1343 937 1396 ct
974 1342 1179 1397 Do’mui
1203 1340 1347 1398 Juda
1394 1334 1802 1399 testamentum
1849 1358 2075 1413 novum,

476 1448 591 1490 non
618 1429 930 1487 secundum
961 1435 1364 1487 testamentum
1383 1431 1524 1501 quod
1552 1431 1804 1503 disposui
1819 1432 2078 1504 patribus

479 1535 671 1575 eorum
692 1519 756 1574 in
786 1518 876 1577 die
899 1535 1010 1591 qua
1037 1520 1263 1591 arripui
1298 1518 1721 1591 dispositionem
1759 1536 1973 1587 eorum,
2006 1520 2080 1575 ad

478 1607 791 1667 educendos
821 1623 911 1665 eos
959 1607 1025 1664 de
1079 1612 1236 1664 terra
1280 1609 1525 1679 Egypti.
1585 1608 1736 1663 Adeo
1788 1607 2077 1680 pristinum

479 1703 860 1754 testamentum
914 1694 1208 1764 temporale
1261 1692 1547 1764 signiﬁcat,
1622 1692 1751 1749 dum
1823 1695 2083 1751 mutabile

478 1783 734 1852 ostendit,
767 1784 927 1838 etiam
957 1781 1085 1835 dum
1117 1788 1371 1835 aeternum
1404 1781 1471 1834 de
1521 1789 1739 1852 postero
1777 1782 2079 1856 pollicetur-

478 1874 612 1927 Nam
646 1888 741 1942 per
770 1870 962 1925 Isaiam
994 1872 1107 1938 (LV,
1137 1867 1195 1939 3)
1224 1889 1237 1926 :
1311 1869 1515 1928 Audite
1543 1886 1653 1937 me,
1688 1876 1745 1928 et
1763 1874 1980 1938 vinetis,
2022 1876 2081 1929 et

479 1961 776 2033 disponam
817 1957 963 2014 vobis
994 1961 1427 2025 testamentum;
1452 1958 1728 2029 adjiciens,
1763 1961 1974 2018 Sancta
2022 1967 2079 2018 et

482 2049 678 2120 ﬁdelia
709 2046 914 2118 David;
947 2054 1005 2103 ut
1032 2046 1084 2102 id
1116 2052 1501 2103 testamentum
1529 2048 1585 2104 in
1626 2048 1844 2105 Christo
1883 2050 2080 2107 decur-

480 2153 664 2192 surum
703 2137 1097 2191 demonstraret
1132 2135 1177 2191 9.
1216 2135 1478 2192 Eumdem
1517 2150 1587 2194 ex
1641 2153 1842 2210 genere
1907 2138 2078 2194 David

480 2226 782 2280 secundum
812 2222 991 2278 Mariae
1019 2238 1260 2292 censum,
1290 2223 1450 2280 etiam
1490 2224 1543 2279 in
1576 2224 1733 2299 virga
1780 2242 1845 2283 ex
1897 2226 2078 2283 radice

478 2314 628 2370 Jesse
650 2327 964 2383 processura
991 2311 1219 2388 ﬁgurate
1255 2313 1602 2386 praedicabat.
1635 2314 1803 2387 Igitur
1823 2315 1894 2383 .si
1945 2315 2080 2372 alias

481 2402 656 2477 leges,
688 2402 930 2474 aliosque
965 2405 1266 2474 sermones,
1314 2408 1370 2460 et
1415 2418 1581 2460 novas
1636 2412 2077 2462 testamentorum

481 2491 868 2565 dispositiones
926 2508 957 2547 a
1013 2492 1265 2549 Creatore
1320 2492 1453 2548 dixit
1508 2491 1732 2565 futuras,
1790 2502 1849 2550 ut
1914 2495 2076 2550 etiam

487 2582 729 2654 ipsorum
775 2580 1163 2639 sacriﬁciorum
1204 2581 1307 2637 alia
1354 2580 1529 2638 ofﬁcia
1582 2584 1814 2656 potiora,
1863 2570 1927 2640 et
1964 2584 2080 2657 qui-

479 2672 603 2729 dem
660 2673 800 2745 apud
877 2672 1124 2729 nationes
1176 2671 1479 2739 destinarit,
1539 2671 1749 2729 dicente
1823 2673 2079 2729 Malaehia

480 2761 543 2833 (ι,
566 2765 653 2828 t0,
687 2761 778 2834 Η)
803 2779 815 2817 :
839 2762 961 2818 Non
990 2764 1073 2818 est
1093 2762 1357 2818 voluntas
1388 2777 1515 2817 mea
1557 2762 1621 2818 in
1684 2762 1854 2834 vobis,
1883 2763 2079 2835 inquit

479 2851 769 2916 Dominus,
825 2854 880 2908 et
944 2849 1229 2920 sacriﬁcia
1278 2852 1465 2906 vestra
1521 2867 1638 2906 non
1683 2852 1967 2924 excipiam
2011 2852 2078 2909 de

479 2938 740 2993 manibus
770 2940 997 3003 vestris;
1043 2938 1312 3008 quoniam
1368 2954 1404 2993 a
1431 2937 1563 2994 solis
1606 2943 1738 2995 ortu
1783 2956 1959 3013 usque
2003 2938 2077 2997 ad

2191 540 2367 611 mala,
2415 549 2468 595 et
2504 539 2724 610 faciens
2779 554 3016 610 pacem;
3057 555 3161 610 qua
3220 536 3388 593 etiam
3428 536 3561 591 soles
3606 534 3722 590 illum

2189 628 2500 685 mobilitatis
2539 642 2759 698 quoque
2809 634 2862 682 et
2905 626 3276 681 inconstantiae
3326 626 3538 680 nomine
3576 641 3723 695 reprc-

2190 717 2444 783 hendere,
2477 714 2848 786 prohibentem
2877 730 2998 785 quae
3031 714 3208 783 jubet,
3249 720 3303 768 et
3336 713 3597 784 jubentem
3631 730 3727 785 qua:

2189 808 2437 881 prohibet
2467 805 2531 862 ιι.
2574 804 2681 860 Cur
2706 819 2834 876 ergo
2870 818 2978 859 non
3016 809 3069 858 et
3098 788 3396 859 antitheses
3420 802 3488 856 ad
3518 799 3732 858 naturalia

2188 894 2445 965 repulasli
2499 891 2747 948 contrarii
2819 890 2924 945 sibi
2992 896 3206 962 semper
3285 890 3585 947 Creatoris?
3650 908 3736 948 nec

2186 982 2446 1038 mundum
2512 981 2689 1036 saltim
2737 980 3037 1051 recogitare
3101 979 3341 1050 potuisti,
3411 979 3516 1034 nisi
3587 979 3737 1047 fallor,

2185 1072 2345 1126 etiam
2375 1073 2515 1142 apud
2554 1070 2825 1133 Ponticos,
2876 1085 2939 1124 ex
2991 1068 3393 1123 diversitatibus
3437 1077 3675 1126 structum
3701 1071 3743 1108 ι²

2187 1160 2501 1216 aemularum
2557 1157 2783 1213 invicem
2861 1157 3328 1213 substantiarum?
3388 1157 3537 1214 Prius
3589 1157 3744 1232 itaque

2186 1250 2445 1304 debueras
2482 1245 2645 1301 alium
2690 1244 2861 1302 Deum
2922 1244 3165 1310 luminis,
3226 1245 3393 1299 alium
3441 1246 3742 1303 tenebrarum

2188 1337 2598 1402 determinasse,
2639 1341 2700 1389 ut
2747 1334 2820 1388 ita
2868 1349 3061 1405 posses
3125 1333 3290 1389 alium
3359 1334 3536 1408 Legis,
3606 1335 3740 1391 alium

2184 1424 2467 1496 Evangelii
2504 1425 2867 1480 adseverasse.
2912 1423 3196 1494 Caeterum,
3253 1423 3641 1497 praejudicatum
3678 1433 3752 1480 est

2187 1531 2249 1571 cx
2279 1513 2578 1570 manifestis
2609 1558 2623 1582 ,
2655 1513 2808 1581 cujus
2837 1526 3001 1582 opera
3031 1521 3085 1569 et
3111 1513 3326 1586 ingenia
3350 1529 3446 1584 per
3484 1514 3758 1570 antitheses

2188 1608 2455 1668 constant,
2477 1602 2668 1658 eadem
2697 1600 2871 1656 forma
2893 1608 3143 1659 constare
3170 1603 3330 1658 etiam
3359 1610 3690 1659 sacramenta.

2817 1743 3040 1801 CAPUT
3086 1744 3152 1799 Ῑῐ.

2257 1871 2433 1927 Habes
2478 1887 2620 1928 nunc
2665 1870 2734 1926 ad
2772 1870 3149 1927 antitheses13
3185 1869 3487 1942 expeditam
3539 1886 3570 1926 a
3616 1870 3768 1927 nobis

2182 1960 2611 2033 responsionem.
2673 1962 2910 2016 Transeo
2991 1975 3133 2017 nunc
3174 1960 3242 2016 ad
3295 1958 3592 2032 Evangelii,
3644 1976 3769 2016 sane

2185 2064 2297 2105 non
2356 2048 2579 2114 Judaici,
2646 2048 2740 2103 scd
2791 2046 3021 2118 Pontici,
3073 2048 3286 2104 interim
3350 2047 3626 2105 adulterati
3674 2048 3769 2105 de-

2186 2136 2653 2203 monstrationem,
2697 2144 3138 2209 praestructuram
3170 2136 3420 2192 ordinem
3459 2153 3617 2209 quem
3677 2153 3773 2209 ag-

2183 2227 2478 2302 gredimur.
2541 2225 2928 2282 Conslituimus
3000 2227 3057 2280 in
3127 2226 3335 2299 primis,
3412 2225 3773 2300 evangelicum

2184 2318 2604 2372 Instrumentum
2660 2315 2935 2384 apostolos
2988 2325 3238 2371 auctores
3295 2314 3512 2382 habere,
3586 2315 3778 2387 quibus

2184 2405 2287 2460 hoc
2334 2421 2533 2461 munus
2560 2402 2841 2478 Evangelii
2871 2403 3251 2478 promulgandi
3288 2405 3356 2459 ab
3400 2405 3521 2475 ipso
3548 2404 3776 2460 Domino

2182 2492 2253 2548 sit
2296 2493 2643 2563 impositum,
2696 2492 2742 2547 si
2790 2500 2844 2547 et
2890 2494 3239 2563 apostolicos,
3293 2508 3401 2548 non
3466 2502 3640 2550 tamen
3696 2507 3781 2549 so-

2184 2581 2265 2638 los
2322 2582 2420 2652 (4),
2469 2581 2565 2638 sed
2618 2597 2742 2637 cum
2781 2580 3060 2654 apostolis,
3120 2591 3176 2637 et
3208 2589 3333 2653 post
3382 2582 3654 2651 apostolos
3712 2581 3781 2641 "‘.

2183 2670 2452 2740 Quoniam
2526 2670 2838 2744 praedicatio
2883 2669 3273 2741 discipulorum
3352 2680 3602 2742 suspecta
3662 2669 3783 2726 ﬁeri

2184 2768 2369 2830 posset
2386 2758 2454 2814 de
2483 2759 2673 2832 gloriae
2703 2757 2904 2824 studio,
2939 2757 2985 2811 si
3016 2773 3121 2813 non
3155 2758 3381 2815 adsistat
3435 2756 3517 2813 illi
3548 2758 3786 2814 auctori-

2183 2856 2264 2903 tas
2336 2847 2735 2918 magistrorum,
2811 2847 2920 2902 imo
2965 2844 3182 2913 Christi,
3243 2847 3334 2919 qui
3393 2848 3440 2885 15
3497 2847 3789 2920 magistrns

2185 2936 2460 3010 apostolos
2484 2936 2625 2991 fecit.
2671 2934 2936 3008 Denique,
2984 2935 3144 2992 nobis
3182 2934 3347 2992 ﬁdem
3402 2952 3469 2992 ex
3527 2937 3791 3007 apostolis

480 3024 2073 3096 occasu-mgloriﬁcatumestinnationibusnomenmeum,
2112 3032 2156 3111 ε
2185 3027 2421 3083 Joannes
2471 3036 2523 3081 et
2586 3025 2867 3079 Matthaeus
2942 3023 3252 3093 insinuant;
3315 3041 3378 3080 ex
3449 3024 3790 3097 apostolicis,

479 3119 535 3170 et
564 3116 626 3170 in
646 3116 803 3171 omni
841 3115 956 3170 loco
985 3114 1332 3183 sacriﬁcium
1378 3118 1602 3173 nomini
1640 3132 1762 3174 meo
1800 3119 2066 3190 offertur,

479 3208 537 3261 et
591 3203 941 3275 sacriﬁcium
988 3204 1288 3271 mundum,
1350 3204 1552 3261 scilicet
1613 3205 1842 3277 simplex
1906 3207 2076 3263 oratio

477 3292 544 3348 de
575 3291 901 3348 conscientia
947 3308 1083 3364 pura
1116 3310 1127 3348 :
1162 3308 1386 3348 necesse
1442 3303 1543 3359 est,
1576 3293 1752 3348 omnis
1778 3293 2074 3350 demutatio

478 3380 698 3438 veniens
760 3397 827 3436 ex
893 3378 1259 3447 innovatione,
1317 3379 1686 3437 diversitatem
1755 3379 1903 3435 ineat
1951 3398 2073 3437 cum

478 3470 562 3525 his
604 3484 835 3544 quorum
890 3466 970 3536 ﬁt,
1022 3476 1076 3524 et
1128 3468 1560 3525 contrarietatem
1618 3484 1685 3524 ex
1741 3467 2068 3527 diversitate.

479 3558 633 3615 Sicut
687 3558 836 3614 enim
903 3555 1039 3614 nihil
1095 3558 1448 3626 demutatum,
1525 3557 1667 3630 quod
1722 3572 1831 3613 non
1887 3558 2070 3615 diver-

478 3663 632 3717 sum;
693 3649 765 3703 ita
821 3647 954 3702 nihil
1001 3645 1294 3709 diversum,
1346 3644 1492 3719 quod
1555 3663 1664 3702 non
1720 3641 2069 3703 contrarium.

482 3735 735 3805 Ejusdem
783 3748 914 3805 ergo
961 3734 1309 3806 deputabitur
1363 3734 1523 3789 etiam
1583 3735 1936 3791 contrarietas
2005 3752 2070 3792 ex

475 3821 802 3887 diversitate,
876 3821 1031 3893 cujus
1105 3821 1269 3879 fuerit
1334 3822 1631 3880 demutatio
1694 3840 1761 3880 ex
1845 3825 2070 3882 innova-

473 3911 637 3969 tione.
697 3908 802 3979 Qui
843 3909 1109 3983 disposuit
1177 3911 1622 3984 demutationem,
1676 3911 1776 3971 iste
1839 3913 2071 3971 instituit

472 4010 537 4079 et
572 4000 973 4071 diversitatem;
1033 3997 1208 4057 368
1260 4000 1352 4074 qui
1397 4001 1711 4074 praedicavit
1762 4003 2066 4060 innovatio-

474 4106 615 4157 nem,
667 4088 772 4146 iste
809 4090 1190 4162 praenuntiavit
1241 4089 1290 4129 ιο
1334 4099 1390 4147 et
1433 4090 1883 4149 contrarietatem.
1925 4091 2069 4161 Quid

473 4176 838 4235 differentiam
921 4193 1098 4235 rerum
1176 4176 1243 4233 ad
1323 4178 1629 4237 distantiam
1696 4180 2068 4252 interpretaris

469 4267 846 4341 potestatum?
897 4266 1031 4340 quid
1086 4265 1378 4325 antitheses
1440 4269 1811 4341 exemplorum
1870 4268 2069 4326 distor-

469 4373 603 4431 ques
652 4356 911 4414 adversus
955 4356 1283 4426 Creatorem,
1343 4373 1480 4433 quas
1529 4357 1586 4415 in
1653 4358 1789 4432 ipsis
1852 4375 2068 4434 quoque

2185 3116 2353 3170 Lucas
2381 3124 2436 3170 et
2478 3114 2689 3168 Marcus
2716 3112 3037 3177 instaurant,
3084 3110 3277 3168 iisdem
3329 3113 3532 3186 regulis
3576 3112 3787 3197 exorsi,

2184 3212 2443 3275 quantum
2490 3203 2556 3257 ad
2615 3201 2830 3257 unicum
2876 3199 3044 3258 Deum
3099 3201 3287 3257 attinet
3342 3202 3675 3277 Creatorem,
3732 3213 3794 3258 et

2183 3294 2452 3349 Christum
2483 3293 2623 3362 ejus,
2681 3298 2866 3345 natum
2922 3306 2987 3346 ex
3045 3290 3288 3362 Virgine,
3346 3289 3795 3363 supplementum

2180 3382 2341 3455 Legis
2369 3392 2424 3438 et
2450 3380 2861 3452 Prophetarum.
2893 3378 3105 3435 Viderit
3131 3379 3279 3434 enim
3325 3380 3371 3434 si
3423 3380 3802 3436 narrationem

2182 3471 2464 3541 dispositio
2509 3469 2750 3540 variavit,
2806 3467 3102 3524 dummodo
3149 3467 3216 3523 de
3254 3469 3428 3539 capite
3472 3467 3603 3524 ﬁdei
3659 3484 3807 3525 con-

2178 3559 2372 3627 veniat,
2402 3559 2469 3614 de
2515 3573 2625 3631 quo
2666 3573 2786 3613 cum
2838 3555 3114 3613 Marcione
3152 3571 3262 3611 non
3312 3557 3581 3614 convenit.
3643 3557 3807 3614 Con-

2179 3655 2259 3705 tra
2306 3646 2545 3704 Marcion
2605 3646 2929 3718 Evangelio,
2988 3644 3191 3702 scilicet
3244 3663 3366 3715 suo,
3416 3647 3630 3703 nullum
3693 3649 3808 3704 ad-

2178 3736 2363 3794 scribit
2418 3744 2715 3804 auctorem,
2778 3736 2930 3806 quasi
2988 3749 3099 3791 non
3171 3735 3380 3791 licuerit
3432 3735 3516 3792 illi
3572 3737 3812 3793 titulum

2176 3841 2394 3901 quoque
2420 3824 2698 3896 efﬁngere,
2730 3824 2818 3882 cui
2867 3824 3019 3881 nefas
3065 3839 3175 3880 non
3226 3823 3323 3880 fuit
3355 3824 3532 3898 ipsum
3585 3842 3814 3899 corpus

2176 3923 2442 3974 evertere.
2487 3915 2557 3970 Et
2585 3929 2798 3986 possem
2854 3914 2941 3971 hic
2991 3915 3100 3986 jam
3146 3914 3379 3988 gradum
3426 3914 3624 3988 ﬁgere,
3685 3933 3813 3974 non

2175 4004 2583 4078 agnoscendum
2633 4004 2968 4060 contendens
3032 4018 3189 4076 Opus,
3249 4005 3394 4076 quod
3451 4020 3560 4061 non
3611 4005 3816 4079 erigat

2178 4095 2429 4164 frontem,
2460 4093 2604 4166 quod
2633 4093 2836 4150 nullam
2879 4094 3229 4151 constantiam
3260 4091 3531 4168 praeferat,
3577 4094 3819 4153 nullam

2174 4182 2339 4241 ﬁdem
2403 4182 2739 4257 repromittat
2792 4182 2862 4238 de
2922 4182 3252 4254 plenitudine
3300 4180 3459 4247 tituli,
3519 4193 3577 4240 et
3664 4199 3824 4256 pro-

2176 4257 2427 4344 fessione,
2472 4269 2657 4327 debita
2722 4268 2974 4326 auctoris.
3042 4268 3149 4324 Sed
3209 4265 3384 4325 364
3446 4285 3541 4342 per
3604 4270 3824 4326 omnia

2175 4359 2434 4433 congredi
2479 4359 2746 4415 malumus
2795 4359 2862 4427 ιδ,
2898 4374 2994 4414 nec
3048 4356 3447 4415 dissimulamus
3503 4360 3673 4428 quod
3740 4376 3825 4415 ex

470 4421 721 4503 sensibus
750 4456 806 4502 et
843 4445 1219 4504 affectionibus
1265 4421 1381 4518 ejus
1424 4455 1579 4521 potes
1633 4421 2065 4521 recognoscere?
2098 4421 2145 4501 li
2178 4421 2364 4507 nosiro
2393 4447 2617 4521 intelligi
2647 4421 2857 4520 potest:
2891 4448 3027 4504 Nam
3083 4463 3148 4504 ex
3181 4446 3249 4503 iis
3297 4448 3342 4487 17
3381 4421 3832 4507 commentato-

467 4535 607 4611 Ego,
692 4535 866 4608 inquit
917 4536 1105 4609 (Deut.
1164 4551 1351 4606 χχχιι,
1424 4539 1538 4608 39),
1620 4539 1955 4612 percutiam,
2017 4543 2072 4598 et

468 4642 560 4699 ego
587 4626 830 4695 sanabo;
879 4627 1009 4699 Ego,
1072 4624 1245 4698 inquit
1288 4625 1332 4696 (Ι
1387 4625 1515 4700 Reg.
1565 4640 1624 4694 ιι,
1689 4626 1767 4700 6),
1799 4626 2067 4696 occidam,

2181 4539 2329 4595 ribus
2357 4553 2496 4613 quos
2548 4538 2829 4608 habemus,
2879 4536 3074 4595 Lucam
3102 4537 3316 4595 videtur
3369 4536 3621 4595 Marcion
3686 4539 3834 4594 ele-

2178 4628 2344 4704 gisse,
2368 4644 2534 4701 quem
2562 4628 2793 4685 caederet
2822 4626 2923 4700 (ὅ).
2946 4628 3114 4685 Porro
3135 4627 3306 4684 Lucas
3334 4642 3444 4684 non
3468 4626 3835 4699 apostolus,

1828 4725 2021 4790 Varia;
2048 4725 2361 4791 lectiones.

537 4822 563 4861 θ
598 4821 666 4878 Ει
694 4836 727 4878 a
755 4819 900 4893 legis
930 4819 1153 4894 Seml.7
1184 4819 1453 4894 Prteputio
1486 4821 1655 4880 Seml.
1687 4823 1713 4862 3
1741 4822 1970 4881 Venient
1998 4824 2171 4882 Seml.
2203 4825 2228 4865 9
2257 4825 2731 4882 Demonstraretur
2759 4826 2892 4883 Par.
2932 4827 3103 4884 Fran.
3140 4824 3188 4865 ιο
3214 4823 3597 4881 Pronuntiavit
3662 4827 3838 4883 Par.

470 4893 970 4971 {un._“_1lubeat_...
1002 4893 1434 4971 prohibeatfgd.
1472 4895 1671 4971 [νοτίῳ.
1704 4894 1751 4934 ¹²
1797 4895 2179 4954 Constructum
2209 4896 2381 4955 Seml.
2433 4896 2481 4936 13
2508 4896 2802 4955 Antithesis
2816 4898 2897 4955 at.
2931 4898 2978 4937 14
3004 4896 3346 4971 Apostolicos
3391 4898 3524 4955 Jun.
3569 4895 3626 4936 15
3662 4896 3842 4968 Qum

477 4965 650 5023 Seml.
683 4964 1036 5021 16Maluimu's
1063 4965 1234 5023 Seml.
1270 4966 1315 5004 17
1342 4965 1440 5022 His
1468 4967 1636 5024 Seml.

1819 5038 2315 5106 Commentarius.

536 5137 617 5207 (3)
657 5137 726 5192 Et
764 5136 897 5209 legis
924 5136 1211 5212 taciniosis
1228 5135 1494 5212 oneribus
1532 5138 1889 5212 expeditum.
1917 5141 2062 5197 Laci-

465 5208 618 5264 niosa
661 5207 831 5281 opera
879 5215 1036 5281 vocat
1075 5207 1423 5281 multiplicia,
1496 5218 1559 5281 et
1603 5207 1757 5281 'quae
1820 5214 2065 5269 homines

462 5279 910 5358 occupationibus
956 5279 1310 5358 distinebant,
1372 5280 1512 5336 sicut
1547 5279 1771 5353 impedit
1814 5299 2064 5358 gressum

460 5350 632 5412 vestis
658 5350 933 5407 laciniosa.
955 5350 1141 5408 Rana.

534 5423 615 5501 (ι)
656 5423 716 5501 Si
735 5426 793 5482 et
820 5425 1151 5501 apostolicos
1188 5439 1304 5501 non
1330 5426 1548 5501 tamen
1602 5425 1766 5493 solos,
1814 5434 1934 5501 etc,
1978 5428 2062 5486 Ab

463 5494 740 5572 Ap'ostolis
765 5494 869 5554 aut
883 5495 1018 5572 viris
1061 5494 1375 5572 apostolicis
1432 5496 1608 5572 solum
1653 5514 1840 5572 verum
1894 5499 2066 5572 Evan-

464 5565 671 5645 gélium
701 5568 1063 5645 conscriptum
1096 5565 1278 5626 'fuisse
1304 5568 1397 5645 ait,
1446 5575 1507 5628 ut
1533 5568 1598 5627 iis
1624 5568 1765 5645 viam
1811 5570 2062 5645 occludet

466 5640 585 5725 quae
614 5656 680 5703 ex
708 5640 1086 5711 heretic'orum
1130 5640 1394 5724 correptis
1448 5641 1848 5723 exemplaribus
1893 5642 2062 5723 objici

2173 5147 2414 5212 possent,
2446 5139 2613 5200 veluti
2660 5155 2727 5197 ex
2764 5139 3155 5205 Ebionitarum,
3196 5139 3635 5210 Encratitarum,
3690 5141 3841 5197 Na-

2171 5228 2483 5278 zarteorum,
2517 5212 2969 5282 Mareionitarum,
2999 5220 3102 5270 etc.
3133 5213 3209 5267 La:
3249 5213 3347 5268 Pa.

2241 5284 2321 5358 (ὅ)
2351 5286 2561 5343 Lucam
2584 5286 2807 5342 videtur
2828 5285 3072 5358 Marcion
3090 5286 3314 5358 elegisse
3334 5301 3498 5358 quem
3511 5284 3843 5358 cgedcret.

2169 5354 2336 5430 Yide's
2363 5358 2648 5414 manifeste
2675 5367 2985 5427 corruptum
3026 5354 3195 5413 fuiSsé
3223 5355 3284 5430 B.
3321 5354 3485 5430 Lucae
3515 5356 3659 5415 Eva
3671 5371 3848 5430 nge-

2168 5426 2320 5510 lium,
2350 5438 2411 5486 ut
2438 5430 2744 5510 in_suorum
2780 5426 3042 5510 errorum
3068 5428 3429 5510 patrocinium
3475 5426 3855 5510 detorqﬁe-

2168 5508 2272 5577 ret,
2317 5510 2375 5557 ut
2411 5501 2578 5559 multa
2615 5509 2925 5577 truncaret,
2977 5501 3221 5574 adderet,
3275 5517 3479 5577 suaque
3534 5501 3857 5576 exytica-

2169 5571 2314 5633 tione
2334 5573 2769 5635 commacularet.
2793 5572 2869 5634 La
2900 5575 2996 5635 Pa.
