4018 6192
243 338 330 396 393
1429 339 1553 397 LlB.
1596 338 1662 398 ιν
1703 339 1815 398 ADl

1923 341 2178 403 [ARGION
2189 344 2298 403 ΕΜ.

3403 359 3506 419 394

242 463 318 516 sed
377 459 738 532 apostolicus;
799 475 906 514 non
986 461 1264 533 magister,
1325 462 1416 517 sed
1491 463 1804 535 discipulus,
1839 453 1884 531 Α
1919 465 2191 537 Evangelii
2248 468 2702 538 depravationem,
2765 473 3034 529 Christum
3092 477 3201 546 jam
3271 490 3503 548 accusat,

241 551 408 620 utique
465 551 726 620 magistro
781 551 994 616 minor;
1073 560 1214 607 certe
1291 561 1436 608 tanto
1514 554 1804 625 posterior,

241 647 416 709 quanto
489 639 808 708 posterioris
861 639 1086 709 apostoli
1163 647 1409 710 sectator,
1463 642 1614 697 Pauli
1688 644 1807 696 sine

238 728 383 782 dubio
413 745 426 784 :
465 735 539 790 ut,
572 729 671 781 etsi
702 729 801 782 sub
831 727 999 798 ipsius
1023 727 1171 783 Pauli
1201 730 1416 786 nomine
1446 730 1804 802 Evangelium

236 815 450 872 Marcion
484 815 773 880 intulisset,
817 831 925 871 non
956 815 1228 873 sufﬁceret
1256 818 1322 872 ad
1353 817 1511 874 ﬁdem
1561 820 1805 891 singula-

235 907 340 959 ritas
404 905 772 972 lnstrumenti,
835 905 1090 960 destituta
1148 907 1441 977 patrocinio
1489 917 1803 964 antecesso-

238 1011 361 1062 rum;
393 995 706 1064 exigeretur
751 993 894 1048 enim
933 994 985 1048 id
1015 1011 1225 1066 quoque
1256 997 1605 1068 Evangelium
1662 997 1806 1067 quod

240 1084 414 1137 Paulus
443 1083 670 1152 invenit,
701 1083 787 1136 cui
820 1082 981 1138 ﬁdem
1018 1083 1186 1152 dedit,
1217 1084 1304 1140 cui
1338 1100 1461 1140 mox
1489 1101 1646 1142 suum
1678 1103 1806 1142 con-

235 1189 402 1243 gruere
457 1171 662 1244 gestiit.
711 1172 990 1243 Siquidem
1037 1173 1248 1242 (Galat.
1300 1190 1363 1240 ll,
1415 1174 1463 1244 1)
1519 1183 1805 1246 prepterea

236 1263 650 1332 Hierosolymam
695 1260 949 1316 ascendit
978 1261 1050 1316 ad
1089 1263 1490 1331 cognoscendos
1526 1265 1804 1335 apostolos

234 1357 274 1403 et
289 1346 690 1414 consultandos,
721 1365 793 1403 ne
821 1350 973 1417 forte
1001 1349 1065 1403 in
1094 1365 1338 1404 vacuum
1359 1353 1721 1420 cucurr-isset,
1750 1353 1803 1406 id

235 1445 313 1504 est,
340 1453 410 1492 ne
451 1451 564 1492 non
613 1439 910 1494 secundum
948 1437 1071 1492 illos
1111 1439 1445 1510 credidisset,
1473 1449 1526 1496 et
1565 1456 1672 1496 non
1719 1456 1805 1495 se-

234 1529 454 1584 cundum
514 1527 636 1582 illos
691 1527 1104 1600 evangelizaret.
1145 1528 1412 1599 Denique,
1445 1536 1504 1584 ut
1549 1544 1673 1585 cum
1704 1547 1802 1584 au-

231 1616 451 1672 ctoribus
480 1616 705 1671 contulit
733 1625 786 1670 et
814 1615 1064 1671 convenit
1123 1617 1192 1672 de
1245 1619 1434 1688 regula
1465 1617 1610 1686 ﬁdei,
1663 1620 1802 1673 dex-

233 1716 351 1761 teras
390 1704 682 1769 miscuere,
743 1713 797 1759 et
852 1704 1046 1760 exinde
1101 1704 1280 1760 ofﬁcia
1334 1706 1806 1776 praedicandidis-

232 1793 507 1856 tinxerunt,
551 1802 610 1846 ut
638 1764 715 1846 illi
748 1794 800 1846 in
837 1791 1075 1858 Iudaeos,
1133 1764 1349 1847 Paulus.
1388 1793 1441 1846 in
1489 1795 1707 1849 Judzeos
1753 1805 1806 1849 et
1843 1764 1886 1840 Β

237 1880 282 1933 in
308 1881 568 1936 nationes.
600 1879 770 1952 Igitur
807 1880 850 1934 si
879 1879 996 1950 ipse
1029 1878 1354 1936 illuminator
1400 1880 1582 1947 Lucae,
1619 1889 1806 1938 aucto-

244 1970 433 2024 ritatem
483 1977 887 2024 antecessorum
950 1969 996 2006 ιδ
1055 1976 1108 2025 et
1160 1967 1286 2024 ﬁdei
1340 1978 1394 2024 et
1440 1971 1808 2041 prtedicationi

244 2073 342 2112 sua:
388 2058 597 2126 Optavit,
657 2068 858 2129 quanto
914 2058 1089 2130 magis
1131 2075 1246 2114 eam
1306 2059 1598 2129 Evangelio
1655 2059 1810 2114 Lucae

235 2147 572 2217 expostulem,
624 2164 747 2219 qua}
779 2148 1070 2220 Evangelio
1118 2149 1359 2220 magistri
1413 2150 1534 2218 ejus
1573 2147 1674 2204 fuit
1715 2165 1810 2204 ne-

231 2237 485 2292 cessaria?
514 2229 677 2291 Aliud
709 2244 813 2301 est,
845 2235 891 2290 si
928 2251 1096 2307 penes
1143 2236 1473 2292 Marcionem
1504 2252 1534 2290 a
1577 2236 1811 2308 discipu-

229 2326 342 2391 latu,
400 2327 566 2381 Luca:
599 2324 765 2395 cmpit
818 2325 1099 2396 religionis
1150 2325 1464 2381 Christianae
1509 2341 1814 2382 sacramen-

230 2424 348 2470 tum.
379 2415 675 2477 Czeterum,
707 2413 749 2467 si
783 2418 838 2468 et
874 2422 1016 2468 retro
1040 2413 1363 2480 decucurrit,
1398 2413 1580 2468 habuit
1631 2414 1814 2487 utique

227 2505 579 2560 authenticam
610 2510 934 2572 paraturam,
967 2517 1066 2571 per
1091 2518 1251 2574 quam
1281 2503 1346 2556 ad
1399 2503 1597 2558 Lucam
1639 2519 1814 2575 usque

229 2592 485 2662 pervenit,
528 2591 690 2659 cujus
731 2589 1036 2646 testimonio
1065 2591 1375 2661 adsistente,
1402 2589 1572 2646 Lucas
1596 2607 1815 2663 quoque

227 2680 383 2750 possit
404 2679 644 2734 admitti.

845 2765 1067 2822 CAPUT
1095 2765 1187 2822 ΙΙΙ.

289 2857 394 2912 Sed
425 2854 575 2911 enim
604 2855 837 2911 Marcion
869 2864 1054 2912 nactus
1082 2855 1358 2924 epistolam
1389 2855 1539 2911 Pauli
1585 2855 1651 2910 ad
1698 2856 1814 2912 Ga-

229 2946 374 3010 latas,
415 2946 581 3001 etiam
612 2943 758 3014 ipsos
788 2945 1064 3013 apostolos
1114 2943 1454 3018 suggillantis
1483 2945 1695 3013 (Galat.
1724 2945 1810 3014 ιι),

1917 557 2213 610 accusando
2252 573 2390 627 quos
2446 559 2690 613 Christus
2735 560 2920 635 elegit.
2979 563 3036 618 Si
3093 581 3223 622 vero
3277 571 3505 638 apostoli

1917 642 2137 712 quidem
2169 644 2434 716 integrum
2486 649 2832 719 Evangelium
2866 654 3229 720 contulerunt,
3273 659 3339 712 de
3393 664 3506 716 sola

1918 731 2192 786 convictus
2258 734 2614 804 inaequalitate
2690 739 3022 809 reprehensi,
3103 745 3505 816 pseudapostoli

1915 826 2094 874 autem
2158 822 2428 878 veritatem
2485 841 2674 880 eorum
2732 827 3212 900 interpolaverunt,
3281 842 3332 888 et
3385 836 3507 891 inde

1915 915 2038 961 sunt
2107 917 2286 964 nostra
2343 912 2585 983 digesta;
2642 916 2788 985 quod
2848 917 2948 971 erit
3007 934 3322 989 germanum
3375 922 3504 977 illud

1916 997 2284 1065 apostolorum
2313 998 2748 1066 instrumentum,
2780 1005 2926 1075 quod
2975 1007 3243 1063 adulteros
3287 1025 3502 1078 passum

1915 1091 1994 1139 est
2021 1085 2048 1139 ‘?
2067 1084 2221 1152 Quod
2254 1087 2474 1143 Paulum
2503 1089 2824 1146 illuminavit
2852 1101 2903 1147 et
2932 1094 2998 1148 ab
3030 1110 3095 1150 eo
3129 1097 3320 1151 Lucam
3339 1098 3367 1152 ?
3395 1097 3508 1152 Aut

1915 1173 1959 1227 si
2005 1180 2110 1226 tam
2151 1174 2390 1230 funditus
2437 1177 2668 1233 deletum
2720 1187 2819 1245 est,
2876 1189 2935 1235 ut
2988 1183 3310 1254 cataclysmo
3366 1201 3508 1256 quo-

1913 1261 2058 1326 dam,
2135 1261 2207 1315 ita
2288 1262 2636 1319 inundatione
2712 1267 3050 1324 falsariorum
3135 1270 3502 1341 obliteratum;

1911 1347 2020 1419 jam
2053 1365 2183 1423 ergo
2223 1367 2325 1406 nec
2353 1353 2582 1408 Marcion
2634 1355 2792 1408 habet
2820 1371 3026 1413 verum.
3071 1358 3178 1412 Aut
3224 1363 3270 1413 si
3327 1360 3505 1430 ipsum

1914 1437 2015 1492 erit
2046 1453 2252 1502 verum,
2289 1439 2340 1495 id
2379 1448 2459 1496 est
2497 1443 2885 1512 apostolorum,
2917 1446 3059 1515 quod
3119 1448 3352 1504 Marcion
3401 1450 3504 1503 ha-

1917 1527 2005 1581 bet
2032 1528 2213 1596 solus;
2271 1537 2324 1583 et
2355 1532 2622 1600 quomodo
2679 1539 2862 1589 nostro
2891 1543 3171 1604 consonat,
3220 1538 3366 1607 quod
3395 1553 3502 1591 non

1914 1617 2303 1685 apostolorum,
2339 1619 2434 1670 sed
2466 1619 2626 1674 Lucae
2667 1619 2918 1687 refertur,
2963 1630 3058 1676 aut
3096 1623 3138 1677 si
3172 1638 3278 1680 non
3325 1625 3503 1678 statim

1917 1704 2074 1759 Luem
2117 1704 2488 1776 duputandum
2538 1714 2640 1774 est,
2689 1723 2795 1777 quo
2847 1708 3084 1765 Marcion
3126 1713 3324 1782 utitur;
3381 1713 3506 1784 quia

1916 1800 2098 1848 nostro
2153 1801 2434 1858 consonat,
2477 1794 2680 1850 scilicet
2738 1795 3033 1851 adulterato
3063 1799 3218 1853 etiam
3247 1801 3386 1856 circa
3434 1802 3503 1854 ti-

1917 1882 2393 1948 tulum,czeterum
2434 1883 2484 1922 2ο
2537 1884 2905 1952 apostolorum
2945 1893 3054 1956 est;
3099 1888 3212 1956 jam
3267 1904 3398 1959 ergo
3455 1900 3505 1944 et

1915 1977 2159 2025 nostrum
2203 1973 2348 2042 quod
2374 1972 2448 2026 illi
2504 1979 2788 2038 consonat,
2837 1988 2989 2044 aeque
3016 1975 3377 2045 apostolorum
3408 1987 3503 2043 est,

1917 2059 2013 2115 sed
2041 2060 2392 2116 adulteratam
2420 2061 2488 2117 de
2518 2061 2670 2117 titulo
2702 2076 2939 2132 quoque.

2538 2150 2760 2205 CAPUT
2791 2150 2878 2204 IV.

1988 2236 2150 2292 Funis
2197 2252 2330 2308 ergo
2385 2238 2431 2275 21
2489 2238 2768 2294 ducendus
2819 2249 2901 2295 est
2951 2240 3332 2310 contentionis,
3396 2245 3505 2311 pati

1919 2325 2044 2380 hinc
2071 2325 2199 2381 inde
2247 2325 2369 2380 nisu
2413 2328 2723 2383 ﬂuctuante.
2771 2327 2885 2399 Ego
2939 2344 3121 2383 meum
3151 2329 3272 2384 dico
3300 2345 3484 2386 verum

1921 2413 2156 2470 Marcion
2187 2429 2375 2482 suum;
2406 2430 2508 2488 ego
2536 2414 2826 2470 Marcionis
2871 2415 3082 2470 afﬁrmo
3126 2417 3473 2474 adulteratun

1921 2502 2157 2558 Marcion
2213 2519 2419 2559 meum.
2453 2502 2591 2572 Quis
2641 2505 2778 2559 inter
2819 2518 2919 2558 nos
2975 2505 3373 2567 determinabit,
3407 2507 3509 2560 nisi

1921 2590 2180 2660 temporis
2209 2590 2365 2655 ratio,
2430 2589 2479 2645 ei
2522 2592 2877 2661 prmscribens
2923 2591 3308 2660 auctoritatem,
3363 2595 3511 2664 quod

1921 2678 2192 2750 antiquius
2211 2680 2541 2751 reperietur;
2584 2691 2638 2735 et
2678 2679 2726 2734 ei
2757 2671 3119 2749 praejudicans
3157 2681 3513 2749 vitiationem,

1919 2768 2064 2837 quod
2093 2768 2360 2839 posterius
2399 2768 2701 2823 revincetur
2725 2768 2774 2804 ²²
2795 2769 2823 2820 ‘?
2851 2767 2910 2820 ln
2930 2775 3186 2837 quantum
3233 2769 3376 2822 enim
3405 2769 3509 2824 fal-

1921 2870 2041 2910 sum
2096 2856 2366 2926 corruptio
2425 2861 2507 2910 est
2561 2854 2692 2920 veri,
2751 2854 2804 2908 in
2842 2861 3045 2908 tantum
3105 2855 3372 2924 precedat
3422 2872 3514 2911 ne-

1920 2958 2070 2998 cesse
2117 2950 2197 2996 est
2243 2942 2440 2999 veritas
2495 2941 2708 3001 falsum.
2749 2943 2903 2998 Prior
2957 2942 3058 2999 erit
3115 2960 3202 3000 res
3241 2944 3511 3018 passione,

229 3045 420 3088 utnon
448 3040 594 3088 recto
651 3032 816 3102 pedes
855 3032 1160 3087 incedentes
1205 3033 1270 3086 ad
1313 3031 1586 3088 veritatem
1635 3033 1814 3087 Evan-
1845 3045 1888 3123 ε
1916 3040 1968 3087 et
2000 3030 2217 3086 materia
2276 3031 2637 3086 aamulatione.
2695 3032 2974 3104 Alioquin,
3014 3049 3176 3104 quam
3219 3034 3515 3090 absurdum

234 3121 386 3195 gelii,
427 3121 580 3176 simul
621 3128 676 3174 et
723 3121 1025 3174 accusantis
1054 3119 1506 3190 pseudapostolos
1551 3120 1814 3190 quosdam

233 3219 583 3280 pervertentes
658 3208 1014 3281 Evangelium
1072 3209 1292 3278 Christi,
1379 3207 1667 3263 connititur
1747 3209 1815 3262 ad

221 3298 605 3354 destruendum
675 3305 879 3353 statum
961 3312 1148 3352 eorum
1203 3297 1628 3368 evangeliorum,
1697 3313 1816 3367 quae

221 3388 459 3459 prepria,
507 3394 559 3441 et
587 3387 689 3441 sub
729 3384 1093 3455 apostolorum
1153 3386 1372 3440 nomine
1417 3386 1669 3453 eduntur,
1729 3384 1813 3440 vel

218 3477 376 3532 etiam
409 3473 860 3544 apostolicorum;
920 3480 977 3527 ut
1034 3473 1235 3528 scilicet
1292 3472 1472 3542 ﬁdem,
1499 3489 1660 3542 quam
1712 3473 1819 3530 illis

223 3562 423 3629 adimit,
456 3577 558 3618 suo
613 3562 876 3618 conferat.
933 3563 1121 3628 Porro,
1175 3563 1275 3617 etsi
1318 3563 1683 3632 reprehensus
1737 3569 1819 3618 est

226 3651 410 3704 Petrus
458 3659 514 3707 et
568 3651 804 3706 Joannes
837 3658 891 3704 et
935 3650 1187 3718 Iacobus,
1220 3652 1310 3720 qui
1377 3649 1819 3706 existimabantur

229 3738 515 3808 columnae,
555 3738 844 3793 manifesta
905 3754 1067 3793 causa
1118 3745 1217 3792 est.
1269 3739 1629 3794 Personarum
1674 3738 1818 3793 enim

233 3835 466 3896 respectu
516 3826 839 3881 videbantur
885 3825 1091 3881 variare
1129 3825 1453 3881 convictum.
1513 3826 1577 3880 Et
1616 3833 1817 3896 tamen,

236 3929 346 3968 cum
375 3915 490 3986 ipse
522 3915 724 3969 Paulus
778 3916 1037 3972 omnibus
1081 3917 1276 3972 omnia
1321 3915 1502 3984 ﬁeret,
1536 3921 1602 3972 ut
1629 3932 1818 3973 omnes

242 4003 548 4061 lucraretur
590 4004 646 4074 (Ι
686 4006 915 4070 Cor.1x,
968 4004 1080 4074 19),
1131 4003 1308 4073 potuit
1334 4011 1387 4058 et
1416 4005 1572 4059 Petro
1627 4005 1820 4060 hocin

237 4092 446 4148 consilio
467 4091 662 4158 fuisse,
691 4092 899 4162 aliquid
926 4092 1079 4148 aliter
1109 4092 1309 4165 agendi
1346 4108 1509 4164 quam
1566 4092 1817 4148 docebat.

241 4177 451 4235 Proinde
523 4181 569 4233 si
625 4187 678 4233 et
743 4180 1150 4251 pseudapostoli
1209 4181 1556 4252 irrepserant,
1627 4181 1819 4237 horum

243 4281 436 4338 quoque
463 4267 702 4338 qualitas
723 4267 865 4322 edita
903 4275 1002 4329 est,
1022 4268 1492 4323 circumcisionem
1529 4267 1814 4324 vindican-

246 4351 366 4408 tium
400 4365 452 4412 et
477 4356 734 4411 Iudaicos
782 4355 950 4411 fastos
1005 4355 1051 4393 19
1076 4354 1178 4426 (6).
1209 4355 1366 4411 Adeo
1384 4371 1493 4410 non
1523 4356 1590 4412 d'e
1619 4355 1818 4426 prmdi-

243 4444 460 4512 catione,
492 4445 590 4501 sed
621 4445 690 4500 de
720 4444 1153 4514 conversatione,
1194 4462 1224 4500 a
1259 4445 1422 4500 Paulo
1475 4445 1814 4500 denotaban-

245 4537 348 4597 tur;
379 4550 529 4605 mque
585 4534 928 4602 denotaturo,
986 4534 1031 4590 si
1097 4535 1226 4605 quid
1282 4535 1348 4590 de
1395 4534 1507 4588 Deo
1557 4541 1817 4594 creatore,

245 4615 406 4677 365
434 4631 522 4676 aut
540 4621 752 4677 Christo
784 4623 905 4691 ejus
926 4630 1217 4679 errassent.
1243 4623 1413 4695 Igitur
1438 4620 1823 4693 distinguenda

245 4711 632 4784 erantsingula.
664 4710 720 4767 Si
750 4713 1023 4782 apostolos
1044 4711 1500 4782 praevaricationis
1530 4718 1582 4766 et
1602 4709 1825 4766 simula-

247 4794 396 4854 tionis
429 4808 708 4872 suspectos
756 4801 995 4856 Marcion
1026 4801 1211 4856 haberi
1251 4800 1496 4874 queritur
1542 4815 1713 4872 usque
1755 4799 1824 4854 ad

1923 3127 1978 3172 ut
2027 3118 2072 3172 si
2125 3127 2368 3172 nostrum
2422 3118 2694 3188 antiquius
2751 3120 3172 3192 probaverimus,
3231 3122 3518 3179 Marcionis

1922 3221 2050 3263 vero
2107 3209 2401 3275 posterius;
2435 3214 2486 3262 et
2532 3215 2770 3260 nostrum
2847 3215 2971 3262 ante
3023 3209 3267 3263 videatur
3319 3210 3517 3265 falsum

1923 3310 2083 3364 quam
2115 3292 2361 3348 habuerit
2415 3293 2484 3347 de
2531 3293 2757 3349 veritate
2789 3294 3084 3359 materiam,
3125 3303 3179 3350 et
3232 3296 3519 3352 Marcionis

1923 3391 2047 3438 ante
2076 3381 2322 3438 credatur
2352 3383 2751 3438 mmulationem
2773 3398 2804 3437 a
2834 3393 3015 3438 nostro
3046 3392 3328 3454 expertum
3357 3401 3517 3456 quam

1924 3479 2006 3528 est
2041 3473 2243 3528 editum
2265 3473 2292 3527 ?
2315 3473 2383 3526 Et
2415 3481 2686 3540 postremo
2708 3471 2761 3525 id
2792 3471 2967 3526 verius
2985 3472 3336 3543 existimetur,
3374 3474 3521 3545 quod

1924 3569 2003 3616 est
2033 3560 2226 3629 serius,
2258 3569 2382 3630 post
2428 3567 2508 3615 tot
2553 3577 2614 3616 ac
2652 3567 2796 3614 tanta
2831 3560 2940 3627 jam
2971 3575 3132 3632 Opera
3160 3569 3322 3633 atque
3352 3562 3520 3616 docu-

1926 3657 2104 3705 menta
2136 3649 2452 3704 Christianae
2503 3648 2791 3722 religionis
2819 3649 3016 3703 saeculo
3045 3649 3207 3714 edita,
3259 3665 3382 3722 quae
3430 3649 3518 3705 edi

1924 3739 2114 3810 utique
2141 3754 2252 3792 non
2287 3737 2585 3807 potuissent
2606 3738 2722 3793 sine
2754 3736 3037 3810 Evangelii
3067 3738 3308 3805 veritate,
3339 3738 3394 3793 id
3435 3746 3516 3794 est

1927 3838 2047 3882 ante
2087 3826 2370 3900 Evangelii
2426 3827 2742 3882 veritatem?
2784 3826 2943 3894 Quod
2998 3841 3128 3900 ergo
3173 3827 3405 3896 pertinet
3444 3827 3512 3882 ad

1926 3913 2278 3987 Evangelium
2311 3914 2526 3970 interim
2557 3916 2736 3980 Luca),
2769 3922 3033 3986 quatenus
3061 3916 3369 3971 communio
3400 3916 3523 3984 ejus

1925 4005 2063 4060 inter
2092 4021 2193 4060 nos
2222 4014 2278 4058 et
2307 4005 2629 4060 Marcionem
2659 4005 2726 4058 de
2784 4005 3003 4060 veritate
3045 4004 3327 4075 disceptat,
3387 4004 3522 4061 adeo
3615 4047 3620 4052 .

1934 4093 2204 4163 antiquius
2231 4093 2500 4147 Marcione
2530 4101 2631 4160 est,
2674 4091 2816 4164 quod
2868 4101 2951 4148 est
2987 4094 3285 4149 secundum
3315 4110 3432 4163 nos,
3468 4101 3524 4148 ut

1927 4193 1982 4237 et
2009 4181 2123 4252 ipse
2154 4180 2226 4234 illi
2257 4180 2491 4236 Marcion
2526 4181 2817 4251 aliquando
2846 4181 3157 4252 crediderit;
3192 4198 3312 4237 cum
3345 4191 3398 4237 et
3429 4198 3524 4252 pe-

1927 4268 2137 4326 cuniam
2194 4267 2247 4322 in
2294 4268 2466 4338 primo
2518 4269 2695 4323 calore
2762 4267 2882 4322 ﬁdei
2937 4270 3214 4325 catholica:
3269 4269 3522 4324 Ecclesiae

1930 4356 2180 4423 contulit,
2209 4357 2507 4427 projectam
2538 4371 2658 4412 mox
2709 4371 2833 4410 cum
2881 4356 3000 4428 ipso
3058 4365 3248 4428 postea
3279 4374 3436 4425 quam
3469 4359 3522 4412 in

1928 4444 2175 4501 hmresim
2204 4459 2356 4498 suam
2385 4459 2415 4496 a
2451 4451 2632 4498 nostra
2661 4442 2882 4498 veritate
2907 4444 3153 4500 descivit.
3208 4444 3349 4513 Quid
3382 4462 3524 4502 nunc

1929 4536 1974 4590 si
2002 4535 2320 4610 negaverint
2365 4531 2542 4590 366
2568 4532 2915 4601 Marcionitze,
2966 4534 3195 4602 primam
3237 4534 3383 4602 apud
3421 4550 3524 4589 nos

1931 4623 2092 4679 ﬁdem
2121 4625 2261 4694 ejus,
2285 4622 2545 4679 adversus
2574 4620 2855 4691 epistolam
2885 4634 3100 4692 quoque
3127 4619 3316 4690 ipsius.
3350 4622 3519 4689 Quid,

1932 4711 1978 4765 si
2007 4727 2106 4766 nec
2133 4710 2421 4781 epistolam
2486 4707 2848 4780 agnoverint?
2888 4707 3042 4761 Certe
3087 4704 3383 4759 antitheses
3416 4720 3523 4760 non

1932 4799 2095 4855 modo
2146 4798 2380 4857 fatentur
2437 4796 2737 4863 Marcionis,
2783 4795 2880 4852 sed
2916 4801 2969 4852 et
3007 4790 3300 4865 praeferunt
3345 4792 3412 4845 2³.
3446 4793 3525 4849 Ex

1633 4955 1825 5020 Variae
1853 4958 2166 5018 lectiones.

315 5069 787 5126 13Antecessorem
819 5073 950 5130 Par.
988 5072 1035 5111 19
1062 5071 1254 5128 Fastus
1283 5073 1401 5132 cod.
1435 5070 1638 5128 Pithaa.
1675 5073 1846 5129 Seml.
1883 5071 1932 5109 ²ο
1959 5071 2310 5128 Cmterorum.
2347 5070 2516 5128 Seml.
2550 5067 2764 5126 Pamel.
2796 5067 2841 5106 ²ι
2880 5066 3028 5139 Ergo
3057 5064 3207 5138 negl.
3250 5067 3422 5124 Fran.
3472 5065 3526 5103 2³

241 5138 541 5200 invenietur
572 5143 654 5198 al.
683 5148 995 5218 utrumque
1025 5144 1278 5215 abfuisse
1305 5146 1452 5216 conj.
1487 5144 1658 5201 Seml.
1688 5144 1737 5182 '3
1764 5142 2049 5201 Proferunt
2076 5146 2198 5200 Lat.
2226 5145 2356 5201 Jun.

1644 5268 2140 5334 Commentarius.

309 5393 382 5463 (6)
414 5393 683 5451 Iudaicos
720 5396 922 5464 fastos.
954 5393 1038 5452 Uti
1094 5402 1175 5450 est
1205 5395 1384 5451 Galat.
1441 5410 1498 5449 IV
1552 5402 1604 5450 et
1633 5394 1748 5450 dies
1775 5403 1834 5450 et

229 5478 472 5530 menses,
513 5474 567 5520 et
622 5473 868 5535 tempora
906 5475 958 5522 et
1024 5483 1195 5523 annos
1259 5467 1628 5521 observantes.
1695 5466 1830 5534 Qum

227 5535 366 5590 adeo
400 5537 776 5605 interpretatio
819 5537 1150 5596 observanda
1201 5539 1350 5592 venit
1397 5546 1582 5593 contra
1629 5542 1833 5593 moder-

229 5620 336 5662 nos
385 5607 692 5675 haereticos,
725 5607 820 5678 qui
869 5609 1020 5664 illum
1049 5609 1225 5666 locum
1256 5609 1526 5665 adducere
1577 5623 1686 5664 non
1741 5624 1836 5666 ve-

451 5705 694 5764 PA'mOL.
733 5705 805 5764 Il.

1937 5401 2119 5450 rentur
2165 5392 2422 5448 adversus
2441 5387 2692 5447 Ecclesiae
2721 5389 3000 5444 catholicae
3029 5387 3196 5444 fastos
3230 5405 3242 5440 :
3279 5404 3400 5443 cum
3439 5385 3526 5439 di-

1936 5465 2097 5522 sertis
2131 5464 2310 5521 verbis
2361 5462 2616 5517 Judaicos
2665 5468 2854 5516 auctor
2910 5462 3309 5528 interpretetur,
3363 5457 3529 5528 idque

1939 5553 2049 5592 non
2091 5536 2175 5592 hic
2232 5535 2419 5602 modo,
2467 5533 2561 5587 sed
2608 5532 2768 5602 etiam
2806 5532 2963 5597 infra,
3025 5527 3120 5587 lib.
3181 5544 3230 5594 ν,
3288 5542 3405 5596 cap.
3474 5527 3526 5590 4,

1943 5606 2032 5663 ubi
2057 5609 2197 5664 hunc
2227 5600 2413 5664 locum
2434 5611 2636 5659 tractat.
2670 5600 2814 5661 Pan.

3291 5692 3358 5749 13
