4018 6192
425 260 533 321 395

1120 249 1564 313 TERTULLIANI
1600 247 1868 309 OPERUM
1905 245 2072 305 PARS
2112 246 2178 306 lI.
2219 278 2290 288 —
2326 245 2553 308 SERIES
2588 246 2631 315 l,
2670 241 3017 307 POLEMIGA.

3607 244 3717 307 396

425 386 512 443 bis
532 381 661 441 mihi
690 380 938 454 probatio
966 379 1182 436 sufﬁcit.
1218 380 1273 435 Si
1301 379 1444 436 enim
1473 377 1530 432 id
1570 377 1617 414 ²¹ι
1660 370 2015 450 Evangelium
2043 361 2089 438 Α
2120 384 2330 429 tuemur
2361 392 2374 428 :
2406 372 2687 429 Marcionis
2712 389 2837 430 vero
2876 373 3144 445 plerisque
3168 386 3268 427 nec
3313 378 3520 444 totum;
3577 373 3712 430 nnl-

425 473 572 547 quod
599 474 759 528 Lucae
786 469 1015 526 refertur
1043 485 1207 541 penes
1238 485 1337 523 nos
1363 466 1693 537 (videremus
1724 479 1790 516 an
1833 470 1885 517 ct
1913 478 2015 533 pe-

424 573 522 617 nes
558 558 910 629 Marcionem)
956 557 1131 630 ipsum
1177 563 1261 611 est
1306 554 1446 626 quod
1498 552 1735 607 Marcion
1795 565 1889 621 per
1916 567 2017 603 an-

428 652 651 708 titheses
679 664 802 704 suas
822 647 1017 720 arguit,
1048 652 1107 701 ut
1142 643 1523 714 interpolatum
1556 657 1587 693 a
1624 637 2020 710 protectoribus

425 738 688 796 Judaismi
709 736 777 792 ad
798 733 1337 805 coneorporationem
1355 729 1516 800 Legis
1529 735 1583 784 et
1602 728 2016 799 Pr0phetarum,

430 844 537 901 qua
565 829 723 882 etiam
747 824 1018 880 Christum
1049 822 1174 876 inde
1213 820 1550 891 conﬁgerent
1578 818 1646 882 2⁵,
1679 817 1860 887 utique
1911 829 2020 870 non

427 916 697 988 potuisset
743 928 987 985 arguere,
1038 908 1141 966 nisi
1172 910 1314 981 quod
1364 908 1665 963 invenerat.
1696 906 1867 960 Nemo
1899 910 2023 969 post

428 1005 611 1062 futura
640 1003 988 1075 reprehendit
1029 1017 1149 1073 quas
1179 1001 1391 1073 ignorat
1420 997 1599 1052 futura
1648 1012 1661 1048 :
1712 992 2019 1050 emendatio

430 1094 645 1166 culpam
660 1108 770 1149 non
797 1090 1088 1147 antecedit.
1121 1087 1449 1144 Emendator
1487 1100 1616 1140 sane
1652 1082 1950 1155 Evangelii,
1989 1097 2021 1136 a

430 1182 734 1239 Tiberianis
760 1195 930 1251 usque
960 1180 1026 1235 ad
1053 1176 1340 1233 Antoniani
1372 1187 1614 1245 tempora
1643 1172 1846 1237 eversi,
1882 1173 2022 1226 Mar-

430 1271 553 1327 cion
589 1270 736 1324 solus
778 1276 831 1322 et
857 1266 1061 1338 primus
1105 1264 1340 1333 obvenit,
1374 1268 1710 1333 exspectatus
1760 1260 1961 1314 tamdiu
1990 1276 2021 1314 a

434 1360 650 1415 Christo
682 1358 1027 1428 pmnitentem
1054 1356 1164 1425 jam
1195 1352 1341 1425 quod
1372 1351 1648 1424 apostolos
1694 1347 2019 1421 praemisisse

429 1454 774 1519 pr0perassct
813 1445 930 1500 sine
959 1442 1213 1514 praesidio
1242 1440 1550 1507 Marcionis;
1583 1439 1685 1494 nisi
1743 1439 1884 1510 quod
1915 1439 2021 1491 hu-

429 1551 605 1591 manae
630 1534 967 1598 temeritatis,
1009 1548 1117 1588 non
1156 1531 1351 1587 divinae
1382 1529 1716 1585 auctoritatis
1744 1528 2016 1597 negotium

431 1635 513 1683 est
563 1624 808 1691 haeresis,
867 1638 990 1693 quae
1020 1622 1097 1676 sic
1152 1635 1367 1692 semper
1393 1618 1646 1674 emendat
1700 1616 2016 1688 Evangelia,

2126 462 2194 516 lis
2231 470 2405 517 autem
2437 464 2486 500 30
2514 471 2716 528 notum,
2751 472 2939 517 utnon
2984 476 3050 517 eo
3078 461 3126 499 31
3158 461 3487 517 damnatum.
3541 462 3717 517 Habet

2129 550 2283 619 plane
2331 558 2384 604 et
2425 549 2556 604 illud
2614 549 2895 621 ecclesias,
2950 549 3046 605 sed
3098 565 3258 617 suas;
3315 558 3422 604 tam
3471 556 3718 619 posteras

2126 656 2286 712 quam
2316 640 2623 709 adulteras;
2677 655 2903 712 quarum
2946 639 2990 695 si
3039 654 3258 696 censum
3303 639 3565 711 requiras,
3631 638 3716 694 fa-

2127 729 2283 784 cilius
2365 728 2718 798 apostaticum
2785 727 3027 784 invenias
3107 743 3268 799 quam
3327 726 3715 798 apostolicum;

2128 816 2400 873 Marcione
2453 816 2654 872 scilicet
2696 816 2994 887 conditore,
3032 816 3113 872 vel
3159 816 3343 887 aliquo
3384 815 3453 872 de
3484 815 3716 871 Marcio-

2128 906 2212 961 nis
2266 905 2534 961 examine.
2568 906 2787 961 Faciunt
2842 904 2995 961 favos
3052 913 3104 961 et
3148 920 3325 976 vespas
3353 903 3435 975 (9)
3468 918 3481 958 :
3515 903 3723 960 faciunt

2127 994 2383 1050 ecclesias
2438 998 2492 1050 et
2549 995 2897 1052 mareionitze.
2956 994 3155 1050 Eadem
3207 993 3498 1049 auctoritas
3544 994 3720 1049 eccle-

2127 1084 2325 1139 siarum
2355 1084 2772 1154 apostolicarum
2798 1084 3007 1139 caeteris
3033 1097 3256 1154 quoque
3291 1082 3724 1153 patrocinabitur

2128 1171 2453 1243 Evangeliis,
2486 1187 2607 1243 qum
2632 1172 2860 1243 proinde
2888 1187 2986 1241 per
3009 1169 3132 1227 illas
3159 1177 3213 1226 et
3249 1171 3548 1227 secundum
3592 1171 3723 1225 illas

2128 1264 2407 1329 habemus,
2438 1263 2656 1318 Joannis
2681 1262 2801 1319 dico
2846 1266 2900 1319 et
2943 1260 3200 1333 Matthtei,
3233 1261 3357 1317 licet
3402 1270 3457 1317 et
3510 1262 3725 1318 Marcus

2126 1356 2271 1427 quod
2300 1353 2486 1419 edidit,
2520 1353 2662 1409 Petri
2690 1351 3008 1419 afﬁrmetur,
3038 1352 3198 1421 cujus
3253 1350 3519 1421 interpres
3570 1352 3722 1406 Mar-

2126 1460 2224 1500 cus
2259 1462 2272 1498 :
2314 1459 2439 1498 nam
2479 1451 2533 1497 et
2561 1442 2717 1499 Lucae
2746 1441 3029 1512 Digestum
3058 1440 3224 1495 Paulo
3271 1438 3578 1496 adscribere
3630 1454 3726 1495 so-

2123 1533 2254 1589 lent.
2287 1531 2510 1603 Capit32
2540 1530 2922 1603 magistrorum
2954 1528 3144 1594 videri,
3175 1543 3299 1599 quae
3319 1526 3574 1598 discipuli
3595 1542 3726 1598 pro-

2128 1621 2435 1695 mulgarint.
2484 1621 2669 1691 Itaque
2726 1628 2780 1675 et
2824 1619 2891 1673 de
2951 1617 3034 1673 his
3068 1617 3310 1674 Marcion
3378 1616 3721 1690 ﬂagitandus,

431 1669 513 1683 νυ-
565 1669 808 1691 »ην-νων
870 1669 988 1693 -ιι--ν
1020 1669 1096 1676 ~--
1153 1669 1357 1692 -ν---ιμ-
2132 1669 2238 1677 -.---
2280 1669 2435 1676 ς--ηπ
2487 1669 2666 1691 "—1——
2732 1669 2779 1675 η
2832 1669 2887 1673 —-
2952 1669 3030 1673 -ην
3069 1669 3309 1674 --η-ν-ν-
3380 1669 3721 1690 ηυγ-ηψπ

430 1714 562 1771 dum
588 1712 778 1769 vitiat:
811 1727 933 1768 cum
956 1710 1055 1764 etsi
1088 1708 1384 1779 discipulus
1414 1707 1672 1772 Marcion,
1696 1723 1813 1762 non
1841 1713 2019 1761 tamen
2056 1669 2099 1745 Β
2127 1669 2277 1784 quidl3
2295 1710 2344 1748 33
2373 1709 2592 1765 omissis
2618 1707 2716 1773 eis,
2763 1709 2921 1763 Lucas
2979 1705 3161 1777 potius
3208 1705 3461 1761 institerit
3493 1723 3507 1772 ;
3564 1704 3725 1776 quasi

429 1820 600 1874 super
618 1803 960 1872 magistrum
990 1797 1211 1869 (Matth.
1242 1812 1303 1862 χ,
1333 1796 1457 1868 24);
1492 1804 1545 1851 et
1573 1795 1619 1849 si
1658 1795 1709 1832 26
1739 1795 2021 1866 apostolus

429 1891 692 1947 Marcion.
714 1891 836 1946 Sive
865 1904 979 1961 ego,
1002 1886 1176 1957 inquit
1202 1885 1467 1956 Paulus(l
1495 1886 1617 1942 Cor.
1649 1899 1751 1951 xv,
1777 1883 1886 1953 Η),
1909 1886 2022 1941 sive

432 1981 541 2045 illi,
582 1982 662 2035 sic
690 1978 1088 2050 pra’dicamus.
1120 1976 1187 2029 Et
1235 1975 1281 2029 si
1320 1974 1615 2045 prOpbetes
1662 1972 1894 2028 Marcion
1922 1990 1937 2026 :
1969 1980 2024 2027 et

428 2071 665 2141 spiritus
682 2066 1093 2140 praphetarum
1110 2064 1400 2136 prophetis
1418 2063 1804 2119 eruntsubditi
1825 2062 1873 2131 (I
1896 2063 2015 2120 Cor.

426 2174 551 2223 XIV,
569 2159 691 2225 32);
713 2173 828 2213 non
857 2158 1010 2210 enim
1040 2156 1365 2218 eversionis,
1386 2153 1481 2210 sed
1498 2155 1673 2226 pacis.
1707 2152 1878 2206 Etiam
1898 2149 1943 2206 si
1970 2149 2019 2188 2⁷

428 2247 656 2319 angelus
682 2245 938 2309 Marcion,
978 2244 1138 2300 citius
1189 2243 1401 2313 (Galat.
1434 2258 1473 2307 ι,
1524 2243 1583 2311 8)
1607 2242 1889 2295 anathema
1932 2240 2019 2295 di-

427 2335 635 2392 cendus
667 2349 827 2404 quam
878 2329 1302 2404 evangelizator,
1332 2329 1457 2397 quia
1492 2327 1646 2383 aliter
1676 2325 2017 2399 evangeliza-

423 2425 521 2480 vit.
557 2426 741 2495 Itaque
785 2422 917 2477 dum
946 2418 1211 2484 emendat,
1262 2428 1549 2488 utrumque
1600 2416 1918 2481 conﬁrmat;
1965 2423 2018 2471 et

424 2522 669 2569 nostrum
691 2514 949 2578 anterius,
983 2510 1037 2564 id
1066 2507 1361 2564 emendans
1387 2507 1533 2577 quod
1573 2508 1812 2574 invenit;
1880 2512 1934 2560 et
1960 2505 2013 2560 id

425 2607 716 2680 posterius,
747 2609 892 2678 quod
930 2607 999 2661 de
1052 2603 1218 2662 nostri
1262 2601 1634 2657 emendatione
1660 2601 2013 2665 constituens,

426 2711 583 2752 suum
612 2704 663 2752 et
683 2711 885 2752 novum
913 2693 1058 2751 fecit.

1062 2832 1289 2890 CAPUT
1308 2832 1374 2886 V.

494 2960 556 3015 In
605 2973 838 3024 summa,
888 2956 935 3011 si
963 2964 1174 3014 constat
1220 2956 1275 3010 id
1332 2955 1519 3011 verius
1546 2954 1692 3027 quod
1747 2954 1922 3027 prius,
1959 2955 2015 3011 id

421 3050 577 3120 prius
595 3048 737 3117 quod
766 3002 916 3102 et’ab
944 3045 1118 3115 initio,
1151 3045 1203 3098 id
1234 3045 1284 3082 28
1313 3044 1379 3097 ab
1403 3002 1581 3114 initio:
1607 3002 1848 3116 quodrab
1878 3002 2014 3115 apo-
2049 3002 2093 3080 θ

422 3136 608 3205 stolis;
642 3136 837 3205 pariter
866 3133 1047 3207 utique
1076 3133 1361 3197 constabit,
1393 3131 1447 3186 id
1488 3148 1609 3189 esse
1655 3132 1721 3187 ab
1752 3132 2014 3202 apostolis

422 3224 696 3292 traditum,
725 3222 871 3292 quod
933 3222 1078 3293 apud
1135 3219 1388 3278 ecclesias
1438 3219 1809 3292 apostolorum
1858 3220 2016 3276 fuerit

421 3320 842 3368 sacrosanctum.
873 3309 1167 3365 Videamus
1208 3309 1356 3379 quod
1406 3309 1486 3363 lac
1523 3325 1554 3363 a
1602 3308 1768 3364 Paulo
1826 3309 2017 3365 Corin-

424 3402 521 3457 thii
551 3400 861 3468 hauserint;
892 3400 957 3454 ad
1004 3412 1166 3470 quam
1204 3398 1449 3470 regulam
1498 3397 1702 3452 Galatae
1752 3399 1859 3453 sint
1922 3415 2014 3455 re-

423 3489 649 3546 correcti
681 3489 759 3557 29;
815 3486 947 3560 quid
975 3487 1160 3558 legant
1214 3486 1611 3557 Philippenses,
1671 3486 2016 3544 Thessaloni-

421 3593 632 3640 censes,
662 3577 912 3649 Ephesii;
969 3575 1099 3647 quid
1148 3575 1311 3631 etiam
1369 3575 1595 3630 Romani
1644 3575 1712 3631 de
1769 3578 2016 3647 proximo

421 3677 632 3736 sonent,
664 3667 863 3737 quibus
881 3664 1237 3739 Evangelium
1279 3673 1341 3719 et
1360 3665 1547 3720 Petrus
1574 3672 1629 3720 et
1657 3665 1856 3719 Paulus
1885 3681 2016 3721 san-

423 3756 590 3828 guine
621 3769 841 3828 quoque
869 3768 970 3808 suo
1017 3753 1287 3823 signatum
1337 3753 1690 3823 reliquerunt.
1747 3754 2019 3810 Habemus

424 3852 480 3900 et
505 3842 728 3900 Joannis
756 3842 1001 3898 alumnas
1044 3840 1299 3897 ecclesias
1337 3841 1432 3912 (‘7).
1463 3842 1593 3895 Nam
1653 3841 1756 3897 etsi
1801 3848 2016 3914 Apoca-

424 3931 627 4003 lypsim
659 3933 777 4001 ejus
806 3928 1043 3985 Marcion
1090 3929 1319 4001 respuit,
1349 3929 1483 3985 ordo
1515 3934 1689 3985 tamen
1727 3932 2017 4003 episeopo-

421 4035 548 4080 rum
573 4019 640 4074 ad
670 4018 937 4093 originem
969 4034 1241 4090 recensus,
1274 4019 1328 4074 in
1347 4020 1609 4074 Joannem
1638 4022 1802 4077 stabit
1830 4031 2020 4079 aucto-

424 4123 564 4164 rem.
624 4106 713 4163 Sic
767 4116 823 4162 et
890 4116 1206 4163 caaterarum
1279 4108 1616 4177 generositas
1673 4111 2021 4183 recognosci-

426 4203 515 4253 tur
544 4194 646 4267 (8).
684 4194 815 4252 Dico
835 4196 1014 4267 itaque
1043 4195 1182 4268 apud
1224 4193 1365 4262 illas,
1417 4192 1517 4254 nec
1558 4196 1703 4253 solas
1722 4199 1832 4268 jam
1881 4214 2017 4271 apo-

2127 1815 2239 1854 non
2266 1808 2319 1854 et
2334 1799 2453 1853 haec
2472 1797 2616 1867 apud
2646 1795 2899 1852 ecclesias
2917 1811 2948 1849 a
2980 1793 3278 1867 primordio
3302 1793 3519 1859 iuerint,
3541 1810 3731 1865 quem-

2128 1888 2420 1943 admodum
2464 1893 2521 1941 et
2564 1886 2744 1941 Lucae.
2792 1882 2996 1954 Atquin
3044 1884 3160 1939 haec
3205 1881 3382 1958 magis
3428 1882 3726 1953 primordio

2098 1976 2298 2037 ,fuisse
2327 1974 2582 2032 credibile
2619 1983 2723 2043 est,
2771 1982 2830 2028 ut
2870 1971 3072 2043 priora,
3126 1987 3235 2043 qua
3278 1971 3609 2043 apostolica;
3662 1983 3728 2028 ut

2127 2079 2248 2120 cum
2279 2062 2413 2137 ipsis
2458 2062 2711 2119 Eeclcsiis
2758 2061 3027 2118 dedicata.
3070 2061 3355 2127 Caeterum,
3404 2061 3561 2131 quale
3616 2068 3722 2126 est,

2127 2155 2173 2208 si
2201 2153 2335 2207 nihil
2363 2152 2595 2225 apostoli
2622 2150 2927 2215 ediderunt,
2951 2159 3011 2206 ut
3032 2149 3284 2221 discipuli
3316 2150 3497 2221 potius
3522 2149 3714 2206 edide-

2125 2243 2254 2308 rint,
2288 2242 2380 2314 qui
2412 2257 2508 2296 nec
2555 2240 2807 2313 discipuli
2837 2239 3067 2296 existere
3115 2239 3420 2311 potuissent
3446 2240 3561 2296 sine
3615 2240 3724 2296 ulla

2123 2332 2367 2388 doctrina
2394 2330 2779 2402 magistrorum
2801 2329 2830 2384 ‘l
2857 2328 3030 2403 Igitur
3057 2329 3191 2385 dum
3209 2335 3419 2385 constet
3446 2331 3559 2385 haec
3580 2344 3716 2400 quo-

2124 2436 2229 2493 que
2274 2420 2418 2491 apud
2476 2418 2744 2476 Ecclesias
2800 2418 2987 2485 fuisse,
3035 2434 3135 2475 cur
3160 2434 3271 2475 non
3327 2419 3450 2475 haec
3495 2434 3719 2491 quoque

2124 2508 2358 2564 Marcion
2387 2509 2578 2579 attigit,
2632 2516 2721 2561 aut
2775 2505 3114 2561 emendanda
3161 2505 3208 2560 si
3259 2506 3576 2572 adulterata,
3631 2515 3728 2562 aut

2123 2597 2467 2669 agnoscenda
2519 2596 2562 2650 si
2591 2595 2849 2669 integra?
2896 2610 3021 2650 nam
3057 2603 3112 2651 et
3138 2595 3417 2666 competit,
3447 2603 3505 2651 ut
3533 2596 3576 2650 si
3626 2596 3723 2668 qui

2123 2687 2479 2760 Evangelium
2526 2684 2902 2757 pervertebant
2947 2685 3063 2756 (10)
3112 2699 3300 2741 eorum
3329 2685 3503 2757 magis
3554 2701 3722 2742 cura-

2122 2786 2246 2834 rent
2302 2776 2720 2846 perversionem,
2771 2789 3001 2847 quorum
3048 2773 3288 2829 sciebant
3341 2774 3721 2832 auctoritatem

2123 2865 2500 2935 receptiorem,
2534 2863 2655 2919 ideo
2685 2870 2740 2918 et
2768 2861 3202 2935 pseudapostoli,
3233 2863 3378 2932 quod
3408 2878 3506 2934 per
3528 2863 3724 2918 falsum

2125 2955 2400 3024 apostolos
2427 2952 2784 3007 imitarentur.
2815 2952 2874 3006 In
2905 2960 3162 3022 quantum
3192 2966 3321 3023 ergo
3371 2952 3723 3007 emendasset

2122 3059 2242 3115 quae
2290 3042 2520 3097 fuissent
2560 3039 2918 3109 emendanda,
2967 3040 3013 3094 si
3051 3038 3278 3095 fuissent
3322 3047 3601 3112 corrupta,
3661 3042 3719 3096 in

2122 3138 2332 3188 tantum
2373 3129 2708 3186 conﬁrmavit
2759 3143 2869 3184 non
2918 3128 3082 3184 fuisse
3127 3136 3399 3200 corrupta,
3428 3146 3552 3203 quae
3610 3144 3721 3185 non

2122 3221 2332 3294 putavit
2361 3220 2722 3275 emendanda.
2764 3219 3005 3290 Denique
3051 3219 3372 3284 emendavit,
3425 3220 3569 3291 quod
3601 3235 3721 3276 cor-

2122 3319 2340 3382 ruptum
2371 3308 2718 3365 existimavit.
2769 3307 2877 3363 Sed
2905 3324 2974 3363 ne
3003 3308 3106 3364 hoc
3152 3307 3368 3376 merito,
3426 3308 3552 3380 quia
3610 3324 3723 3364 non

2122 3398 2222 3455 fuit
2246 3408 2579 3469 corruptum.
2612 3396 2671 3453 Si
2700 3396 2845 3451 enim
2882 3396 3172 3466 apostolica
3209 3396 3415 3470 integra
3445 3397 3492 3436 3“
3521 3413 3725 3454 cucur-

2124 3499 2313 3545 rerunt
2332 3489 2415 3553 35;
2449 3488 2607 3544 Lucae
2629 3497 2805 3542 autem
2834 3486 2980 3557 quod
3007 3497 3088 3543 est
3116 3487 3412 3542 secundum
3441 3502 3561 3555 nos,
3585 3489 3725 3544 adeo

2124 3575 2377 3648 congruit
2403 3575 2609 3647 regulae
2649 3589 2859 3645 eorum,
2898 3582 2957 3629 ut
2993 3590 3115 3629 cum
3145 3574 3253 3629 illis
3280 3575 3424 3647 apud
3447 3574 3728 3632 Ecclesias

2122 3670 2356 3730 maneat,
2382 3661 2500 3734 jam
2531 3670 2585 3717 et
2613 3661 2770 3718 Lucae
2805 3669 3016 3719 constat
3041 3663 3308 3735 integrum
3346 3664 3728 3719 decucurrisse

2125 3767 2296 3823 usque
2343 3752 2412 3805 ad
2451 3750 2801 3823 sacrilegium
2846 3751 3156 3808 Marcionis.
3187 3752 3447 3824 Denique,
3470 3752 3566 3808 ubi
3598 3769 3724 3807 ma-

2125 3856 2228 3895 nus
2256 3838 2336 3894 illi
2363 3828 2601 3896 Marcion
2620 3839 2822 3907 intulit,
2863 3846 2996 3897 tunc
3045 3840 3323 3897 diversum
3348 3848 3405 3897 et
3459 3842 3729 3898 aemulum

2125 3927 2324 3984 factum
2354 3937 2437 3984 est
2459 3928 2509 3966 35
2536 3928 2867 4002 apostolicis.
2919 3928 3093 4005 Igitur
3133 3931 3277 3987 dabo
3322 3930 3605 4001 consilium
3637 3930 3730 3986 di-

2125 4018 2346 4091 scipulis
2375 4021 2515 4090 ejus,
2546 4022 2605 4074 ut
2653 4028 2747 4076 aut
2778 4027 2835 4076 et
2882 4019 2973 4076 illa
3017 4028 3352 4089 convertant,
3383 4021 3512 4079 licet
3568 4037 3726 4092 sero,

2126 4108 2450 4176 addormam
2483 4108 2588 4175 sui,
2641 4125 2752 4180 quo
2796 4125 2921 4165 eum
2958 4110 3267 4180 apostolicis
3312 4111 3605 4170 convenire
3630 4112 3727 4167 vi—

2128 4190 2356 4255 deantur
2383 4196 2529 4268 (nam
2574 4204 2625 4253 et
2660 4197 2903 4270 quotidie
2958 4198 3251 4256 reformant
3292 4199 3447 4273 illud,
3498 4211 3662 4272 prout
3695 4218 3732 4256 a

382 4342 391 4349 κ
427 4284 665 4349 stolicas,
698 4284 793 4339 sed
822 4286 963 4354 apud
993 4285 1295 4351 universas,
1325 4300 1447 4357 quae
1482 4285 1590 4341 illis
1635 4288 1706 4343 de
1760 4287 2017 4344 societate
2050 4280 2094 4358 Β
2127 4287 2285 4343 nobis
2312 4283 2485 4343 368
2536 4286 2780 4358 quotidie
2837 4287 3228 4361 revincuntur),
3258 4296 3351 4345 aut
3397 4289 3731 4345 erubescant

428 4370 749 4429 sacramenti
785 4373 1242 4439 confoederantur,
1276 4373 1329 4427 id
1373 4373 1723 4447 Evangelium
1753 4374 1911 4433 Lucae
1948 4378 2015 4433 ab

427 4460 582 4516 initio
610 4458 862 4517 editionis
889 4477 1003 4518 suae
1041 4468 1201 4528 stare,
1234 4462 1379 4533 quod
1408 4478 1530 4519 cum
1579 4464 1806 4520 maxime
1833 4462 2013 4521 367

2124 4375 2192 4431 de
2221 4376 2479 4448 magistro
2507 4375 2709 4448 ubique
2740 4375 3002 4446 traducto,
3034 4392 3158 4432 cum
3198 4376 3479 4452 Evangelii
3524 4378 3735 4437 verita-

2124 4473 2231 4522 tem
2261 4480 2408 4521 nunc
2436 4479 2505 4519 ex
2548 4462 2875 4522 conscientia
2907 4465 3191 4536 tramittit;
3241 4483 3385 4525 nunc
3440 4486 3507 4525 ex
3534 4467 3733 4541 impu-

504 4648 553 4687 24
572 4647 633 4719 In
662 4648 813 4705 abest
846 4650 913 4703 in
931 4648 1008 4705 al.
1041 4648 1091 4686 ²⁵
1119 4647 1500 4719 Conﬁngerent
1531 4651 1701 4709 Seml.
1732 4652 1781 4692 ²δ
1811 4573 2016 4710 ἔϊῗὲ

2124 4582 2396 4711 ᾖὲῗῑῖῗῗῖτ
2427 4651 2484 4706 Si
2512 4653 2700 4707 omitt.
2723 4653 2856 4709 Jun.
2880 4652 2930 4691 28
2945 4652 3008 4709 Id
3030 4655 3192 4713 omit.
3208 4655 3379 4713 Seml.
3403 4656 3454 4695 ²⁹
3484 4657 3733 4715 Correcti

430 4722 507 4778 al.
551 4718 835 4798 3°.Autgm
865 4721 1257 4798 omittasepil.
1287 4718 1333 4798 3?
1354 4722 1555 4798 Eodem
1587 4724 1757 4780 Seml.
1789 4725 1838 4764 ³2
1866 4727 2063 4783 Autem
2082 4725 2213 4785 add.
2246 4726 2379 4781 Jun.
2410 4722 2460 4762 ³³
2487 4721 2643 4789 Quod
2672 4722 2841 4782 Seml.
2870 4725 2919 4765 3‘
2951 4726 3163 4798 Integre
3189 4729 3361 4785 Seml.
3379 4728 3429 4768 35
3457 4729 3734 4788 Decurre-

433 4799 562 4847 runt
588 4791 719 4846 Par.
744 4792 866 4860 Rig.
910 4792 1096 4848 Venet.
1118 4791 1167 4830 ³6
1195 4793 1279 4847 Ab
1307 4794 1479 4851 inser.
1502 4795 1634 4853 Par.
1658 4799 1845 4853 Fra‘n.’

1816 4885 2315 4950 Commentarius.

465 5026 477 5038 _
505 4957 585 5038 (7)
614 4957 887 5038 Habemus
906 4963 965 5014 et
981 4963 1215 5038 Joannis
1243 4963 1510 5022 alumnas
1538 4966 1818 5024 ecclesias.
1840 4965 2021 5024 Eccle-

433 5030 541 5083 sias
572 5030 825 5101 intelligit
847 5047 969 5103 quae
1008 5032 1225 5109 traditas
1251 5050 1283 5089 a
1312 5048 1496 5092 sancto
1551 5039 1755 5094 Joanne
1801 5040 2020 5109 regulas

432 5109 814 5180 servaverunt,
864 5103 1313 5180 quemadmodum
1378 5109 1628 5180 superius
1683 5108 1817 5163 dixit
1864 5103 2017 5180 quod

430 5170 517 5227 lac
547 5170 809 5226 Corinthii
835 5188 864 5226 a
884 5170 1055 5229 Paulo
1081 5176 1372 5231 hauserint.
1396 5170 1472 5231 Li:
1503 5179 1601 5233 Pa.

507 5243 584 5312 (8)
620 5244 709 5299 Sic
752 5249 807 5299 et
844 5250 1181 5321 cwterarum
1200 5250 1550 5321 generositas
1578 5252 2013 5321 recognoscitur.

430 5311 546 5388 Hoc
566 5311 675 5388 est,
707 5330 897 5388 genus,
922 5317 1098 5388 origo,
1130 5311 1396 5373 nobilitas.
1428 5320 1557 5375 Rm.

501 5386 580 5454 (9)
608 5387 849 5460 Faciant
876 5390 932 5444 et
962 5386 1120 5460 favos
1155 5404 1354 5460 uespce.
1386 5389 1593 5460 Vespas
1629 5390 1685 5445 in
1728 5391 1942 5448 sublimi
1988 5409 2018 5449 e

428 5452 736 5532 lutonidos
756 5452 1033 5532 facere,'et
1069 5457 1121 5532 in
1151 5458 1216 5513 iis
1242 5452 1414 5532 creas,
1441 5452 1603 5519 tradit
1629 5462 1858 5521 Plinius.
1888 5466 2014 5524 RIG.

500 5525 617 5598 (10)
650 5529 710 5585 Si
727 5528 829 5600 qui
839 5530 1207 5601 Evangelium
1229 5525 1644 5603 pervertebant.
1665 5536 1819 5594 Artes
1835 5537 2020 5612 vulga-

2126 4964 2418 5041 res__tangit
2445 4963 2819 5041 luereticorum
2864 4964 2921 5020 in
2972 4967 3385 5041 corrumpendis
3431 4969 3737 5041 Scriptum

2125 5035 2421 5114 codicibus,
2455 5037 2519 5091 iis
2565 5037 2908 5107 potissimum
2962 5040 3052 5114 qui
3091 5041 3158 5114 ab
3188 5035 3504 5114 auctoribus
3538 5035 3741 5114 magni

2125 5107 2381 5184 ponderis
2421 5124 2756 5184 magnaeque
2807 5107 3139 5184 auctoritatis
3206 5113 3496 5184 conscripti
3573 5107 3741 5170 sunt.

2125 5178 2473 5257 Observanda
2502 5178 2777 5257 venitvor
2804 5181 2994 5257 Graeca
3032 5186 3361 5257 μεταστρέψαι
3392 5178 3515 5256 quae
3558 5185 3742 5243 habe-

2125 5256 2216 5327 t_ur
2247 5252 2389 5327 apud
2418 5253 2609 5327 Apost.
2640 5249 2853 5327 (Qalat.
2887 5253 2950 5327 I)_,
3002 5249 3070 5309 e'x
3116 5249 3229 5327 quo
3260 5249 3375 5313 haec
3411 5249 3746 5327 desumpsit

2123 5321 2515 5405 Tertullianus;
2548 5321 2819 5395 signiﬁcat
2845 5321 3047 5405 quippe
3068 5321 3215 5405 __n‘on
3266 5328 3443 5384 solum
3496 5321 3742 5405 conver-

2125 5398 2274 5522 aerei)
2293 5394 2391 5451 sed
2411 5405 2465 5452 et
2492 5394 2841 5467 corrumpere
2866 5394 3005 5451 etin
3035 5397 3203 5455 alium
3232 5415 3451 5456 sensum
3481 5399 3737 5458 trahere.

2168 5480 2202 5521 Ε
2277 5481 2328 5522 ιι.

2168 5480 2202 5521 Ε
2234 5480 2328 5522 l'll.
