3980 6144
242 287 345 347 397

239 503 515 575 Evangelii
549 503 654 558 ﬁde
702 506 747 542 3"
797 506 1058 564 adversus
1083 509 1373 566 haereticos
1402 516 1711 583 experimur
1751 517 1822 583 33,

236 591 647 647 defendentibus
676 603 728 648 et
759 602 1059 666 temporum
1095 599 1337 653 ordinem
1385 604 1687 672 posteritati
1726 606 1830 660 fal-

236 683 503 736 sariorum
531 682 1091 751 praescribentem,-et
1139 691 1508 746 auctoritatem
1568 693 1828 750 Ecclesia-

235 786 353 824 rum
385 770 662 826 traditioni
683 773 1054 843 apostolorum
1077 778 1500 845 patrocinantem
1535 797 1546 835 :
1581 783 1710 851 quia
1737 800 1827 839 ve-

232 857 359 912 ritas
387 856 580 913 falsum
614 861 880 930 praecedat
910 877 1132 920 necesse
1171 875 1274 934 est,
1308 875 1361 922 et
1397 867 1466 923 ab
1511 870 1589 925 eis
1637 886 1827 941 proce-

229 945 382 1011 dat,a
413 945 617 1019 quibus
648 949 840 1005 tradita
859 960 961 1007 est.

841 1097 1066 1186 CAPUT
1094 1101 1200 1156 re.

297 1215 406 1272 Sed
437 1217 610 1273 alium
640 1220 748 1288 jam
769 1219 892 1276 hinc
912 1222 1108 1278 inimus
1136 1223 1563 1296 gradum,ipsum
1589 1228 1671 1298 (ut
1698 1245 1825 1301 pro-

232 1307 344 1361 fessi
377 1308 596 1378 sumus)
625 1310 978 1382 Evangelium
1016 1313 1303 1370 Marcionis
1341 1328 1718 1387 provocantes,
1749 1321 1826 1375 sic

231 1411 446 1466 quoque
490 1400 768 1466 probaturi
823 1402 1197 1456 adulteratum.
1259 1404 1414 1459 Certe
1461 1405 1606 1461 enim
1653 1415 1824 1463 totum

228 1485 366 1554 quod
397 1484 730 1552 elaboravit,
762 1487 918 1542 etiam
958 1489 1271 1546 antitheseis
1317 1495 1710 1565 praastruendo,
1770 1497 1824 1552 in

224 1571 319 1627 hoc
356 1572 534 1644 wgit,
585 1581 643 1628 ut
671 1577 868 1631 veteris
906 1587 957 1633 et
1001 1579 1136 1633 Novi
1166 1580 1494 1636 Testamenti
1549 1584 1828 1640 diversita-

222 1668 320 1715 tem
351 1662 654 1716 constituat
687 1681 700 1731 ;
750 1664 973 1733 proinde
1003 1665 1277 1722 Christum
1320 1684 1478 1725 suum
1507 1686 1538 1725 a
1568 1671 1823 1729 Creatore

221 1759 539 1819 separatum
570 1750 642 1820 39,
683 1722 870 1808 utiDei
923 1754 1166 1821 alterius,
1197 1767 1260 1812 ut
1305 1757 1538 1814 alienum
1596 1761 1736 1833 legis
1772 1773 1824 1817 et
1858 1722 1902 1799 Β

227 1838 637 1907 prephetarum.
713 1838 872 1894 Certe
925 1854 1210 1913 propterea
1265 1847 1530 1901 contraria
1599 1865 1827 1921 quaeque

233 1927 514 1979 sententia:
547 1942 662 1981 suae
685 1928 851 1983 erasit
879 1932 1385 2004 (tt),conspirantia
1405 1951 1525 1990 cum
1567 1937 1824 1994 Creatore

234 2012 390 2081 quasi
441 2013 506 2067 ab
555 2017 918 2072 assertOribus
986 2021 1104 2089 ejus
1178 2023 1417 2080 intexta:
1467 2027 1816 2095 competentia

225 2109 408 2155 autem
440 2104 720 2159 sententias
767 2109 1224 2162 suze'reservavit.
1262 2109 1390 2164 Haec
1418 2113 1824 2170 conveniemus.

217 2189 348 2245 Haec
379 2191 796 2261 amplectemur,
841 2196 882 2248 si
937 2195 1217 2252 nobiscum
1267 2199 1440 2270 magis
1485 2200 1733 2268 fuerint;
1782 2203 1828 2258 si

218 2280 519 2335 Marcionis
553 2289 1027 2354 praesumptionem
1050 2287 1414 2357 percusserint
1443 2305 1455 2352 ;
1495 2299 1622 2345 tunc
1651 2301 1704 2346 et
1731 2291 1822 2345 illa

219 2369 494 2424 constabit
525 2371 722 2425 eodem
751 2373 881 2428 vitio
913 2374 1182 2431 haeretica:
1209 2376 1471 2434 caecitatis
1509 2394 1683 2446 erasa,
1717 2395 1827 2452 quo

219 2466 272 2512 et
297 2457 421 2513 haec
453 2469 746 2515 reservata.
775 2461 866 2518 Sic
893 2463 1112 2520 habebit
1140 2464 1365 2521 intentio
1397 2476 1450 2522 et
1488 2467 1660 2524 forma
1689 2484 1826 2536 opu-

222 2550 354 2604 sculi
387 2550 591 2615 nostri,
621 2552 721 2606 sub
753 2551 842 2606 illa
872 2553 1058 2624 utique
1089 2555 1414 2621 conditione,
1439 2574 1558 2628 quae
1589 2573 1654 2613 ex
1693 2566 1828 2615 utra-

223 2655 328 2709 que
375 2651 536 2710 parte
597 2641 843 2697 condicta
891 2645 980 2698 sit.
1041 2644 1336 2700 Constituit
1383 2647 1614 2703 Marcion
1662 2649 1828 2704 alium

226 2743 340 2783 esse
389 2729 694 2799 Christum,
731 2731 823 2803 qui
877 2733 1181 2790 Tiberianis
1237 2737 1575 2806 temporibus
1629 2755 1660 2793 a
1716 2739 1829 2794 Deo

227 2818 505 2886 quondam
545 2820 739 2891 ignoto
778 2821 1045 2876 revelatus
1074 2823 1145 2878 sit
1182 2823 1236 2876 in
1291 2825 1515 2881 salutem
1583 2829 1827 2882 omnium

229 2910 473 2977 gentium
510 2927 525 2974 ;
584 2909 748 2963 alium
787 2910 879 2981 qui
937 2926 968 2965 a
1005 2911 1117 2966 Deo
1153 2921 1388 2968 creatore
1438 2915 1488 2968 in
1530 2915 1830 2971 restitutio-

1453 297 1573 357 LIB.
1615 301 1680 359 ιν
1720 301 1872 360 ADV.
1916 301 2321 362 MARCIONEM.

239 415 416 468 dentia
446 416 653 472 evertit.
687 417 779 472 His
808 418 928 473 fere
968 423 1300 492 compendiis
1328 425 1550 497 utimur,
1581 443 1702 482 cum
1763 430 1830 484 de
1861 419 1908 498 Α

3426 315 3531 375 398

2532 433 2759 490 CAPUT
2800 435 2913 489 VII.

2010 529 2166 583 Anno
2191 527 2392 598 quinto
2421 525 2635 584 decimo
2663 532 3021 602 principatus
3060 535 3338 595 Tiberiani
3367 540 3522 609 (Luc.

1937 631 2015 683 ιιι,
2050 617 2100 686 1)
2131 616 2378 685 proponit
2405 633 2526 670 eum
2556 619 2606 654 ¹ι⁰
2633 617 2974 676 descendisse
2992 623 3051 675 in
3089 628 3379 684 civitatem
3413 632 3522 686 Ga-

1938 705 2104 760 lilww
2139 705 2531 776 Capharnaum
2563 707 2719 776 (Luc.
2751 723 2828 775 tv,
2886 711 2977 778 3t)
3016 727 3028 762 :
3064 715 3254 783 utique
3290 719 3357 771 de
3387 721 3522 775 caelo

1937 794 2283 861 Creatoris,in
2304 797 2450 866 quod
2479 797 2526 834 ἰι
2556 796 2624 852 de
2647 813 2745 852 suo
2769 807 2896 854 ante
2918 799 3286 858 descenderat.
3313 806 3524 877 Ecquid

1933 883 1984 920 42
2012 899 2143 956 ergo
2174 883 2376 940 ordinis
2401 882 2589 953 fuerat,
2614 893 2671 939 ut
2694 885 2840 955 prius
2868 887 2935 942 de
2973 904 3072 943 suo
3101 890 3238 945 caelo
3267 891 3322 946 in
3353 893 3525 950 Crea-

1935 973 2069 1028 toris
2104 973 2439 1028 descendens
2484 974 2883 1030 describeretur
2911 976 2938 1031 ‘I
2988 977 3097 1032 Cur
3136 980 3280 1033 enim
3321 997 3428 1036 non
3475 993 3527 1038 et

1935 1061 2031 1115 ista
2053 1061 2457 1132 reprehendam,
2497 1078 2620 1134 quae
2642 1078 2748 1118 non
2779 1063 3009 1134 implent
3046 1064 3211 1120 ﬁdem
3240 1067 3526 1125 ordinariae

1934 1148 2279 1213 narrationis,
2303 1147 2594 1204 deﬁcientis
2626 1151 2680 1205 in
2721 1152 3002 1209 mendacio
3026 1167 3267 1226 ‘semper
3293 1156 3321 1210 ‘I
3361 1157 3524 1213 Plane

1935 1237 2108 1292 semel
2140 1236 2279 1292 dicta
2318 1237 2442 1301 sint,
2477 1253 2574 1307 per
2601 1255 2720 1309 quae
2755 1241 2870 1309 jam
2901 1241 3028 1296 alibi
3084 1245 3524 1314 retractavimus,

1933 1341 2002 1379 an
2029 1326 2368 1380 descendens
2405 1342 2497 1395 per
2527 1327 2834 1384 Creatorem
2869 1372 2882 1394 ,
2919 1339 2970 1385 et
3023 1330 3236 1401 quidem
3268 1333 3526 1390 adversus

1932 1413 2108 1483 ipsum
2138 1412 2370 1484 potuerit
2397 1413 2466 1468 ab
2491 1430 2558 1468 eo
2583 1416 2813 1481 admitti,
2847 1425 2901 1471 et
2922 1418 3048 1472 inde
3077 1420 3292 1476 tramitti
3334 1422 3389 1476 in
3419 1431 3525 1478 ter-

1932 1518 2046 1556 ram
2073 1519 2222 1575 reque
2251 1503 2439 1574 ipsius.
2471 1504 2628 1559 Nunc
2657 1513 2835 1561 autem
2867 1514 2920 1561 et
2965 1507 3230 1579 reliquum
3278 1511 3522 1566 ordinem

1935 1590 2304 1647 descensionis
2357 1593 2639 1661 expostulo
2689 1603 2874 1649 tenens
2939 1594 3287 1652 descendisse
3345 1598 3520 1654 illum.

1934 1678 2140 1734 Viderit
2183 1679 2327 1733 enim
2373 1679 2546 1734 sicubi
2574 1680 2898 1750 apparuisse
2929 1683 3164 1750 positum
3193 1693 3295 1740 est.
3329 1686 3517 1758 Appa-

1933 1783 2071 1835 rere,
2128 1767 2362 1822 subitum
2403 1767 2454 1805 4³
2509 1782 2573 1822 ex
2629 1767 2907 1836 inOpinato
2945 1770 3085 1839 sapit
3149 1782 3522 1842 conspectum,

1934 1857 2024 1926 qui
2057 1855 2220 1910 semel
2258 1854 2544 1927 impegerit
2579 1857 2768 1911 oculos
2813 1855 2867 1909 in
2922 1857 2974 1910 id
3004 1857 3149 1928 quod
3199 1859 3316 1914 sine
3371 1877 3526 1918 mora

1932 1943 2204 2015 apparuit.
2242 1943 2598 1999 Descendisse
2638 1953 2840 2008 autem,
2886 1944 3010 1998 dum
3051 1944 3122 2000 sit
3178 1947 3247 2011 ’*’+,
3291 1947 3523 2012 videtur,

1934 2040 1987 2089 et
2017 2029 2163 2088 subit
2188 2031 2375 2088 oculos
2406 2049 2421 2098 ;
2451 2031 2518 2086 de
2547 2031 2683 2087 facto
2738 2030 2896 2085 etiam
2947 2032 3188 2088 ordinem
3235 2034 3380 2090 facit.
3423 2040 3525 2092 At-

1935 2136 2043 2190 que
2073 2119 2146 2174 ita
2175 2119 2322 2192 cogit
2350 2119 2584 2192 exigere,
2613 2119 2772 2190 quale
2817 2119 3024 2182 habitu,
3062 2121 3205 2190 quali
3245 2134 3524 2195 suggestu,

1934 2222 2172 2281 quonam
2205 2207 2406 2277 impetu
2447 2207 2530 2264 vel
2574 2214 3020 2276 temperamento,
3077 2208 3236 2262 etiam
3297 2226 3405 2280 quo
3470 2212 3524 2266 in

1936 2303 2182 2365 tempore
2222 2294 2328 2351 diei
2370 2294 2606 2349 noctisve
2644 2295 2982 2351 descenderit
3015 2313 3028 2365 ;
3079 2305 3342 2366 praeterea
3406 2302 3528 2371 quis

1935 2384 2125 2441 viderit
2152 2383 2585 2452 descendentem,
2627 2383 2748 2455 quis
2796 2383 3058 2450 retulerit,
3126 2386 3248 2457 quis
3301 2404 3525 2446 asseve-

1936 2473 2132 2530 ravcrit
2161 2489 2274 2530 rem
2305 2474 2488 2543 utique
2512 2488 2614 2528 nec
2639 2475 2968 2530 asseveranti
3000 2473 3153 2529 facile
3179 2477 3524 2534 credendam.

1936 2564 2223 2636 Indignum
2269 2563 2502 2634 denique
2561 2571 2618 2618 ut
2693 2563 2954 2618 Romulus
3010 2565 3226 2634 quidem
3273 2582 3530 2623 ascensus

1939 2653 2022 2707 sui
2081 2654 2135 2708 in
2191 2651 2388 2708 coelum
2444 2652 2696 2707 habuerit
2769 2650 3052 2707 Proculum
3123 2652 3524 2722 afﬁrmatorem,

1938 2740 2180 2796 Christus
2208 2755 2336 2796 vero
2375 2738 2474 2794 Dei
2502 2740 2550 2776 4⁵
2575 2739 2869 2793 descensus
2907 2739 2974 2793 de
3005 2739 3143 2795 coelo
3173 2756 3272 2796 suo
3302 2742 3387 2795 sui
3416 2757 3526 2798 non

1939 2829 2200 2884 invenerit
2231 2827 2666 2882 annuntiatorem
2706 2847 2721 2895 ;
2763 2826 2919 2898 quasi
2974 2843 3084 2884 non
3112 2826 3193 2883 sic
3235 2838 3288 2884 et
3316 2828 3403 2886 ille
3434 2845 3524 2885 as-

1940 2917 2176 2972 cenderit
2203 2917 2396 2970 iisdem
2428 2915 2690 2971 mendacii
2748 2915 2925 2978 scalis,
2966 2916 3104 2972 sicut
3159 2924 3212 2971 et
3269 2917 3368 2974 iste
3405 2919 3527 2973 des-

227 3010 346 3048 nem
395 2996 611 3050 Judaici
657 3007 828 3052 status
871 2999 939 3053 sit
977 2999 1294 3065 destinatus,
1336 3003 1658 3074 quandoque
1697 3019 1828 3059 ven-
1862 3003 1905 3081 c
1936 3003 2133 3059 cendit.
2175 3002 2315 3071 Quid
2347 3012 2523 3057 autem
2593 3003 2667 3056 illi
2722 3019 2844 3058 cum
2873 3003 3114 3070 Galilaea,
3167 3005 3211 3060 si
3270 3021 3376 3061 non
3414 3017 3530 3063 erat

227 3091 398 3138 turus.
450 3085 593 3140 Inter
635 3087 736 3140 hos
794 3103 1038 3162 magnam
1095 3097 1148 3144 et
1195 3105 1410 3146 onmem
1469 3090 1826 3150 differentiam

221 3173 446 3236 scindit,
468 3183 722 3245 quantam
755 3175 894 3230 inter
919 3178 1127 3246 justum
1159 3187 1213 3233 et
1258 3181 1459 3234 bonum
1487 3180 1617 3250 (12),
1651 3197 1825 3252 quan-

221 3269 324 3314 tam
360 3261 508 3316 inter
537 3263 741 3335 Legem
780 3274 832 3318 et
858 3265 1230 3339 Evangelium,
1263 3279 1514 3339 quantam
1563 3268 1700 3324 inter
1736 3269 1825 3324 Ju-

217 3348 488 3404 daismum
540 3364 594 3407 et
643 3352 1136 3409 Christianismum.
1178 3355 1316 3411 Hinc
1355 3364 1408 3413 et
1453 3364 1635 3411 nostra
1682 3373 1825 3426 pra:-

216 3439 466 3506 scriptio,
499 3457 606 3510 qua
655 3441 962 3512 deﬁgimus,
1023 3443 1154 3498 nihil
1196 3445 1410 3500 Christo
1458 3444 1555 3499 Dei
1605 3446 1828 3500 alterius

216 3542 661 3594 commune,esse
683 3531 882 3586 debere
904 3549 1022 3588 cum
1047 3534 1330 3588 Creatore:
1362 3543 1632 3598 caeterum,
1667 3535 1826 3590 Crea-

217 3615 352 3670 toris
382 3618 868 3691 pronuntiandum,
910 3620 957 3674 ai
1017 3622 1471 3678 administraverit
1517 3623 1827 3694 dispositio-

217 3721 317 3759 nes
359 3709 520 3776 ejus,
553 3707 858 3778 impleverit
908 3711 1220 3780 prophetias
1265 3712 1420 3780 ejus,
1469 3713 1512 3767 si
1565 3713 1827 3782 adjuverit

217 3789 374 3861 leges
413 3794 557 3861 ejus,
605 3794 651 3848 si
694 3799 1163 3866 repraesentaverit
1191 3798 1575 3869 promissiones
1605 3801 1742 3869 ejus,
1780 3799 1823 3855 si

220 3881 610 3936 restauraverit
646 3881 870 3939 virtutes
909 3885 1046 3953 ejus,
1087 3883 1132 3939 si
1162 3885 1456 3942 sententias
1486 3886 1822 3944 reformave-

221 3970 308 4040 rit,
339 3971 382 4024 si
422 3987 621 4039 mores,
645 3971 691 4027 si
720 3973 1084 4044 pr0prietates
1130 3977 1477 4046 expresserit.
1515 3977 1687 4046 Hujus
1717 3992 1822 4047 pa-

221 4061 288 4112 cti
331 4069 383 4112 et
413 4061 578 4129 hujus
605 4061 909 4132 praescripti
945 4079 1128 4134 quaeso
1171 4072 1242 4131 te,
1279 4065 1470 4135 lector,
1517 4065 1826 4120 memineris

217 4142 397 4202 369
423 4149 641 4220 ubique,
671 4157 726 4204 et
755 4150 929 4222 incipe
965 4166 1361 4227 recognoscere
1398 4161 1488 4208 aut
1532 4151 1822 4209 Marcionis

219 4234 512 4303 Christum,
548 4245 639 4294 aut
677 4237 972 4295 Creatoris.

1937 3091 2203 3148 Creatoris
2231 3090 2259 3144 ?
2297 3091 2382 3146 cui
2432 3091 2530 3144 ista
2577 3091 2728 3163 regio
2767 3091 3140 3146 destinabatur
3207 3093 3526 3165 ingressuro

1931 3178 2396 3253 przedicationem,
2435 3177 2644 3232 dicente
2688 3177 2843 3232 Isaia.
2895 3178 2998 3248 (Ix,
3045 3181 3154 3248 1-2)
3194 3197 3206 3233 :
3241 3183 3347 3237 Hoc
3398 3185 3524 3252 pri-

1933 3288 2092 3327 mum
2123 3270 2290 3326 bibito
2317 3267 2455 3337 (l3),
2487 3268 2596 3322 cito
2651 3267 2826 3337 facito
2855 3267 2904 3304 ἰδ
2958 3281 3109 3337 regio
3166 3269 3439 3337 Zabulon,
3471 3275 3528 3325 et

1937 3366 2091 3417 terra
2121 3357 2462 3430 Nepthalim,
2513 3360 2569 3412 et
2601 3359 2793 3410 cwteri
2838 3356 2937 3426 qui
2974 3355 3022 3392 4⁷
3052 3357 3407 3411 maritimam
3455 3358 3528 3413 ad

1935 3447 2236 3502 Iordanem
2264 3446 2332 3509 48,
2373 3445 2604 3500 Galilwa
2625 3445 2948 3508 nationum,
2980 3444 3220 3516 populus
3239 3442 3529 3516 370qui

1933 3535 2132 3590 sedetis
2184 3535 2246 3590 in
2286 3533 2548 3600 tenebris,
2606 3531 2786 3587 videte
2843 3533 3034 3586 lumen
3081 3549 3352 3602 magnum
3384 3551 3403 3599 ;
3431 3535 3528 3606 qui

1936 3619 2206 3678 habitat-is
2229 3624 2460 3684 terram,
2485 3620 2741 3676 sedentes
2771 3622 2833 3675 in
2856 3619 3054 3675 umbra
3075 3623 3298 3691 mortis,
3333 3621 3524 3677 lumen

1932 3715 2123 3767 ortum
2157 3713 2239 3765 est
2267 3723 2436 3780 super
2463 3725 2576 3764 vos.
2593 3709 2738 3762 Bene
2764 3714 2943 3764 autem
2969 3707 3113 3778 quod
3143 3716 3194 3762 et
3221 3709 3366 3763 Deus
3382 3709 3525 3763 Mar-

1931 3796 2478 3866 cionis,illuminator
2507 3796 2810 3852 vindicatur
2831 3795 3106 3851 nationum
3147 3812 3160 3851 :
3201 3810 3309 3866 quo
3353 3797 3526 3867 magis

1931 3885 2178 3942 debuerit
2215 3885 2298 3943 vel
2325 3885 2393 3941 de
2429 3884 2567 3940 coelo
2613 3883 2964 3951 descendere,
3013 3885 3111 3939 etsi
3172 3886 3357 3956 utique
3387 3885 3437 3921 49
3466 3884 3522 3938 in

1931 3975 2157 4029 Pontum
2188 3973 2368 4044 potius
2397 3973 2747 4038 descendere,
2779 3988 2941 4043 quam
2968 3973 3024 4027 in
3063 3972 3363 4028 Galilaeam.
3398 3974 3521 4028 Cae-

1933 4071 2134 4130 terum,
2173 4070 2228 4117 et
2278 4063 2400 4117 loco
2437 4073 2490 4116 et.
2554 4061 2959 4116 illuminationis
3008 4077 3176 4133 Opere
3223 4064 3521 4120 secundum

1930 4150 2370 4222 praedicationem
2437 4149 2842 4206 occurrentibus
2907 4149 3117 4205 Christo
3149 4189 3164 4218 ,
3228 4151 3340 4218 jam
3397 4167 3519 4206 eum

1926 4240 2301 4311 prophetatum
2357 4237 2648 4309 incipimus
2703 4251 3018 4310 agnoscere,
3067 4238 3435 4293 ostendentem
3464 4238 3519 4292 in

1581 4436 1774 4500 Varia:
1802 4439 2113 4501 lectiones.

291 4562 339 4602 ³⁷
365 4542 982 4642 DeevangeliisSeml.
1015 4569 1065 4608 33
1092 4569 1420 4642 Expedimur
1450 4571 1616 4627 Seml.
1650 4570 1700 4610 39
1727 4572 2084 4642 Separaturus
2115 4570 2245 4642 Par.
2287 4563 3050 4642 Fran._separaturum._lun.
3081 4563 3334 4642 ‘_°_Qt_31tm
3379 4567 3510 4642 Ifar.

219 4637 387 4690 Fran.
425 4638 470 4674 ἰι

505 4635 822 4711 Quo—Seme
853 4641 901 4677 ’⁸2
931 4641 1000 4694 Ει
1026 4641 1150 4711 quid
1174 4635 1348 4700 'Seml.
1379 4643 1431 4680 *3
1459 4642 1654 4698 Subito
1685 4635 1856 4698 Fran.
1887 4643 1936 4679 ἰιι
1959 4642 2004 4695 It
2031 4641 2165 4695 Par.
2197 4641 2366 4711 Eran.
2428 4635 2644 4711 55WDHei
2679 4635 2836 4711 adest
2885 4638 3058 4711 Fran.
3097 4636 3148 4672 ἰδ
3174 4636 3340 4692 Obito
3377 4640 3511 4692 Par.

219 4706 392 4762 Rhea.
425 4709 473 4746 47
506 4709 773 4766 Habitatis
802 4721 996 4767 terram
1017 4706 1143 4769 a'dd.
1170 4715 1345 4771 Rhen.
1377 4729 1451 4772 ea:
1479 4713 1598 4774 cod.
1645 4714 1806 4770 Gorz.
1838 4712 1889 4751 ἰδ
1918 4713 1982 4768 Et
2009 4709 2259 4767 Iordanis
2289 4710 2458 4768 Seml.
2490 4709 2540 4747 49
2569 4709 2637 4763 Ει
2665 4706 2736 4778 (si
2762 4706 2969 4778 utique)
3007 4710 3142 4766 Jun.

1609 4874 2110 4939 Commentarius.

277 5007 327 5068 (ί
343 5007 397 5076 ¹)
434 5008 912 5104 δῗῖίῗρνοθέετθῗ
931 5010 1484 5104 εοηέΐίένίίέλίίὲέίείίἕθ
1504 4999 1818 5104 δθηίθῖλίίίῗ
1843 5027 1888 5104 D
1919 5008 2144 5104 Ροῖξὲἓδ
2159 5001 3048 5104 3Ρὲηέἷθέἱ¹ξὲ⁵ἓῗῗέἓίὶ¹³ἒῗῖἶῗὶἱδτὶίλ
3069 5004 3224 5104 Εὲἕῖ

198 5093 320 5133 sum
351 5081 557 5135 erasit.
587 5081 854 5135 Omnibus
883 5082 1152 5137 haereticis
1198 5081 1554 5137 id_t'amiliare
1600 5091 1702 5150 est,
1751 5092 1810 5137 ut

201 5150 478 5205 contraria
501 5165 617 5205 suae
654 5152 931 5207 sententias
973 5154 1197 5208 eradant
1247 5155 1298 5209 in
1353 5153 1660 5222 Scripturis,
1720 5160 1807 5208 at-

199 5237 305 5290 que
335 5223 506 5276 etiam
540 5225 676 5278 a’deo
707 5224 928 5280 nostris.
970 5224 1055 5280 Sic
1085 5224 1252 5278 libros
1293 5224 1429 5280 duos
1467 5224 1806 5280 Machame-

201 5307 320 5346 rum
360 5293 637 5366 rejiciunt,
669 5309 734 5349 eo
765 5295 907 5366 quod
939 5302 1242 5350 sanctorum
1289 5301 1410 5364 post
1458 5297 1598 5350 hanc
1642 5297 1808 5351 vitam

197 5365 627 5448 orationibuset
657 5367 937 5448 sacriﬁciis
964 5381 1063 5448 pro
1094 5366 1362 5447 defunctis
1391 5367 1758 5448 suffragentur
1791 5385 1804 5432 ;

197 5434 510 5510 Epistolam
541 5436 727 5492 Jacobi
760 5446 815 5492 et
853 5434 1434 5510 A_pocalypsin,iquod
1477 5434 1671 5493 faciant
1707 5454 1806 5510 pro

195 5506 479 5590 bonorum
521 5521 747 5590 Operam
783 5508 986 5590 meritis
1017 5527 1032 5579 ς
1065 5506 1359 5590 Epistolam
1405 5509 1636 5590 denique
1665 5506 1810 5590 Petri

196 5579 529 5646 secundam,
561 5579 706 5651 quod
735 5596 860 5638 suas
889 5579 1128 5638 haereses
1155 5579 1460 5640 novissimis
1490 5579 1637 5638 hisce
1665 5587 1808 5638 tem-

1991 5080 2103 5150 (12)
2150 5075 2552 5150 Differentiant
2566 5076 3046 5150 interjustumet
3066 5075 3415 5150 bonum.Hoc_
3430 5083 3512 5131 est

1914 5146 2058 5205 inter
2096 5146 2339 5203 severum
2380 5155 2433 5202 et
2466 5147 2667 5211 mitem,
2716 5147 2856 5200 inter
2891 5146 3217 5214 judicantem
3257 5156 3308 5201 et
3347 5147 3508 5201 mise-

1914 5217 2353 5284 ricordem,inter
2383 5218 2693 5288 punientem
2724 5225 2778 5272 et
2807 5227 3139 5288 parcentem,
3173 5217 3311 5273 inter
3349 5219 3512 5272 Crcav

1916 5303 2089 5349 torem
2119 5303 2172 5346 et
2202 5292 2620 5358 redemptorem.
2651 5291 2778 5344 RIG.

1988 5366 2101 5435 (13)
2136 5365 2240 5417 Hoc
2270 5363 2521 5435 primum
2558 5362 2745 5435 bibito.
2769 5361 2880 5435 cito
2911 5362 3105 5435 facito.
3152 5360 3346 5435 Veram
3391 5371 3514 5412 esse

1915 5432 2144 5492 arbitror
2174 5432 2601 5503 priestantissimi
2635 5435 2775 5503 Hug.
2809 5432 2985 5489 Grotii
3025 5446 3190 5501 super
3220 5432 3334 5503 hac_
3380 5443 3506 5483 ver-

1913 5509 2110 5564 borum
2166 5498 2318 5559 lsaiae
2350 5498 2790 5574 interpretatione
2837 5498 3227 5574 conjecturam,
3271 5498 3507 5554 adnota-

1913 5579 2154 5636 tionibus
2183 5576 2236 5630 in
2267 5575 2436 5631 Even.
2472 5571 2680 5643 Matth.,
2716 5592 2836 5647 cap.
2867 5571 2953 5643 Iv,
2978 5588 3029 5628 v.
3066 5575 3151 5627 14.
3175 5571 3300 5626 Rm.
