3980 6144
477 315 581 375 399

1170 303 1610 365 TERTULLIANI
1652 302 1916 362 OPERUM
1957 301 2122 359 PARS
2166 300 2228 360 ll.
2270 330 2342 346 —
2377 299 2605 361 SERIES
2645 301 2688 373 Ι,
2728 300 3072 360 POLEMICA.

3642 298 3724 358 400

476 438 649 507 primo
687 435 931 507 ingressu
977 430 1191 499 (Matth.
1240 446 1295 484 ν.
1342 430 1425 497 17)
1476 430 1686 485 venisse
1725 444 1782 480 se
1836 444 1945 481 non
1999 430 2063 481 ut
2101 416 2146 493 Α
2179 427 2367 499 primis
2404 426 2622 482 alterius
2678 426 2774 479 Dvi
2839 426 3240 497 praedicatorem
3284 444 3297 480 :
3347 426 3473 497 quia
3515 440 3603 480 nec
3637 439 3721 495 po-

476 526 677 595 Legem
706 527 762 578 et
791 521 1099 593 Prophetas
1129 520 1451 575 dissolveret
1476 519 1613 588 (14),
1656 518 1752 572 sed
1780 520 1848 571 ut
1875 518 2063 587 potius

474 612 831 684 adimpleret.
861 611 977 666 Hoc
1012 609 1153 663 enim
1186 607 1442 675 Marcion,
1466 615 1522 660 ut
1571 605 1833 669 additum,
1876 603 2060 658 erasit.

477 703 585 758 Sed
618 702 812 757 frustra
831 698 1050 772 negabit
1081 698 1130 735 ⁵ο
1186 696 1457 751 Christum
1514 695 1732 763 dixisse,
1765 693 1909 764 quod
1957 701 2066 747 sta-

476 791 574 845 tim
630 788 755 845 fecit
795 806 863 843 ex
910 795 1080 859 parte.
1132 784 1476 855 PrOphetiam
1536 782 1679 837 enim
1730 781 1943 836 interim
1972 781 2067 835 /de

475 878 596 934 loco
652 877 1006 945 adimplevit,
1066 875 1134 928 de
1181 874 1317 928 cuzlo
1368 870 1545 926 statim
1589 871 1654 924 ad
1705 871 2064 941 Synagogam,

476 974 533 1021 ut
558 967 659 1020 dici
689 966 846 1036 solet,
874 980 945 1021 AD
974 978 1123 1027 QUOD
1165 975 1411 1018 qumus
1452 975 1561 1015 HOC
1606 974 1739 1014 aea.
1807 959 2063 1025 Marcion,

476 1053 627 1109 aufer
655 1054 817 1110 etiam
847 1053 978 1109 illud
1025 1054 1092 1106 de
1144 1049 1438 1123 Evangelio
1470 1070 1482 1105 :
1519 1050 1637 1106 Non
1683 1064 1808 1102 sum
1862 1049 2068 1103 missus

475 1144 590 1200 nisi
610 1142 683 1197 ad
712 1159 831 1199 oves
858 1141 1113 1214 perditas
1140 1139 1334 1194 domus
1357 1137 1542 1193 Israel
1572 1135 1794 1206 (Matth.
1823 1149 1920 1199 xv,
1939 1133 2066 1204 24);

474 1240 528 1287 et
567 1249 580 1284 :
623 1232 745 1286 Non
777 1234 859 1286 est
890 1230 937 1266 51
986 1232 1213 1298 auferre
1240 1243 1449 1299 panem
1478 1225 1635 1295 ﬁliis,
1678 1229 1733 1279 et
1770 1224 1903 1279 dare
1940 1240 2069 1280 eum

476 1319 711 1377 canibus
733 1318 953 1387 (Matth.
983 1332 1083 1382 vn,
1106 1318 1217 1382 2’7);
1250 1330 1327 1377 ne,
1350 1312 1556 1368 scilicet
1586 1313 1831 1367 Christus
1852 1312 2070 1367 Israelis

473 1408 764 1464 videretur.
796 1404 1081 1461 Sufficiunt
1124 1402 1257 1457 mihi
1305 1401 1445 1456 facta
1500 1416 1599 1473 pro
1636 1400 1811 1455 dictis.
1843 1400 2070 1454 Detrahe

474 1512 637 1552 voces
672 1496 722 1532 ⁵2
771 1492 969 1549 Christi
1014 1493 1159 1558 mei,
1218 1508 1304 1546 res
1350 1490 1658 1562 loquentur.
1726 1490 1867 1544 Ecce
1922 1488 2073 1544 venit

474 1585 527 1639 in
564 1599 897 1657 synagogam
928 1602 943 1651 ;
976 1592 1120 1637 certe
1148 1581 1213 1635 ad
1243 1596 1370 1636 oves
1393 1578 1630 1649 perditas
1666 1578 1859 1631 domus
1888 1577 2068 1630 Israe-

473 1673 563 1730 lis.
632 1675 772 1730 Ecce
838 1671 1101 1727 doctrinae
1162 1686 1275 1723 suae
1345 1683 1537 1736 panem
1585 1666 1863 1736 prioribus
1910 1666 2068 1721 offert

474 1763 773 1831 Israelitis;
816 1768 961 1816 certe
1000 1765 1058 1812 ut
1107 1757 1249 1813 ﬁlios
1297 1754 1534 1827 praefert.
1579 1754 1717 1809 Ecce
1769 1754 1887 1807 aliis
1943 1771 2066 1809 eum

474 1850 717 1906 nondum
755 1846 999 1918 impertit
1031 1867 1045 1912 ;
1074 1852 1219 1900 certe
1258 1856 1315 1901 ut
1362 1858 1525 1899 canes
1572 1844 1828 1913 prmterit.
1859 1840 2067 1909 Quibus

472 1947 652 1993 autem
682 1935 855 2005 magis
898 1932 1244 2003 impertisset,
1304 1946 1466 2002 quam
1524 1931 1794 1986 extraneis
1836 1930 2064 1986 Creato-

476 2024 571 2087 ris,
614 2026 657 2079 si
698 2024 815 2095 ipse
857 2023 912 2076 in
978 2021 1167 2094 primis
1230 2037 1337 2075 non
1387 2020 1575 2075 fuisset
1630 2020 1904 2075 Creatoris
1933 2017 1961 2072 ‘I
1996 2020 2068 2074 Et

474 2121 650 2169 tamen
681 2111 956 2184 quomodo
1005 2110 1057 2165 in
1116 2125 1444 2182 synagogam
1504 2109 1679 2179 potuit
1716 2108 1925 2163 admitti
1954 2116 2065 2163 tam

474 2202 809 2275 repentinus,
851 2209 956 2256 tam
989 2200 1209 2270 ignotus
1239 2218 1254 2267 ;
1307 2200 1464 2268 cujus
1495 2213 1654 2253 nemo
1685 2198 1856 2253 adhuc
1885 2206 2065 2253 certus

473 2291 540 2345 de
580 2292 741 2356 tribu,
773 2291 841 2344 de
871 2289 1098 2361 populo,
1129 2289 1197 2343 de
1256 2289 1418 2343 domo
1442 2327 1456 2355 ,
1518 2287 1584 2341 de
1628 2302 1795 2340 censu
1829 2284 2064 2358 denique

466 2380 702 2451 Augusti
734 2381 869 2450 (15),
909 2394 1069 2450 quem
1120 2386 1312 2431 testem
1349 2375 1721 2430 ﬁdelissimum
1767 2374 2062 2429 Dominieze

470 2468 764 2524 nativitatis
828 2469 1067 2524 Romana
1132 2465 1350 2520 archiva
1404 2464 1713 2519 custodiunt
1738 2463 1767 2517 ?
1803 2463 2063 2518 Memine-

471 2563 589 2609 rant
624 2563 770 2609 certe
797 2596 810 2620 ,
848 2553 952 2608 nisi
1007 2553 1387 2609 circumcisum
1441 2551 1660 2615 scirent,
1717 2566 1829 2604 non
1857 2549 2057 2604 admit-

468 2644 691 2699 tendum
759 2643 814 2697 in
879 2642 1073 2697 Sancta
1143 2647 1467 2696 sanctorum.
1518 2639 1622 2694 Sed
1688 2638 1789 2693 etsi
1852 2638 2057 2709 passim

467 2732 758 2803 Synagoga
786 2731 1023 2785 adiretur
1076 2732 1212 2799 (l6),
1263 2743 1370 2783 non
1399 2737 1579 2782 tamen
1609 2726 1675 2781 ad
1731 2727 2053 2795 docendum,

463 2818 571 2875 nisi
605 2820 673 2874 ab
722 2819 927 2889 optime
979 2818 1195 2889 cognito
1245 2827 1298 2873 et
1354 2815 1634 2884 explorato
1689 2822 1744 2870 et
1797 2816 2048 2886 probato,

457 2910 569 2979 jam
598 2907 811 2979 pridem
839 2906 893 2960 in
930 2906 1037 2961 hoc
1064 2906 1263 2976 ipsum,
1293 2905 1378 2961 vel
1425 2902 1578 2961 37I
1637 2903 1854 2958 aliunde
1903 2918 2051 2959 com-

460 2993 712 3050 mendato
742 3009 864 3049 cum
895 2994 998 3049 hoc
1025 3008 1273 3050 munere.
1298 2992 1606 3063 Stupebant
1635 2996 1827 3049 autem
1857 3008 2048 3049 omnes

456 3083 530 3139 ad
557 3083 880 3139 doctrinam
909 3083 1067 3153 ejus;
1100 3084 1290 3150 plane:
1326 3080 1808 3152 quoniam,inquit,
1852 3082 1913 3137 in
1959 3097 2052 3152 po-

458 3174 663 3229 testate
702 3175 827 3228 erat
880 3186 1060 3229 sermo
1104 3172 1226 3242 ejus
1274 3170 1391 3239 (17)
1440 3170 1596 3239 (Luc.
1646 3184 1727 3239 1v,
1761 3170 1897 3241 32):
1941 3184 2051 3224 non

451 3259 706 3331 quoniam
753 3258 1011 3316 adversus
1068 3259 1260 3328 Legem
1318 3265 1371 3313 et
1432 3258 1727 3328 prophetas
1795 3257 2045 3312 docebat.

449 3347 647 3418 Utique
669 3345 813 3402 enim
837 3345 1112 3415 eloquium
1136 3345 1374 3401 divinum
1397 3344 1565 3399 etvim
1590 3356 1641 3398 et
1662 3343 1891 3415 gratiam
1914 3360 2051 3415 pras-

450 3436 650 3501 stabat,
687 3435 864 3508 magis
901 3442 1156 3489 exlruens
1182 3449 1347 3505 quam
1368 3433 1650 3487 destruens
1696 3433 2046 3487 substantiam

449 3524 607 3595 Legis
644 3532 699 3579 et
726 3525 1138 3593 Prophetarum.
1181 3520 1436 3592 Alioquin
1464 3536 1573 3576 non
1613 3528 1907 3591 stuperent,
1947 3519 2045 3576 sed

448 3611 728 3668 horrerent
759 3632 776 3683 ς
807 3627 910 3668 nec
925 3612 1266 3676 mirarentur,
1290 3610 1385 3665 sed
1404 3611 1582 3665 statim
1611 3610 2047 3665 aversarentur53

446 3700 842 3756 destructorem
886 3698 1047 3770 Legis
1102 3709 1158 3754 et
1192 3699 1575 3767 Pr0phetarum
1614 3716 1628 3765 ;
1669 3705 1724 3753 et
1755 3699 1941 3770 utique
1992 3698 2047 3752 in

2182 517 2376 570 tuisset
2432 516 2685 571 adversus
2738 514 2933 585 Legem
2979 527 3031 569 et
3087 515 3384 585 Prophetas
3425 517 3622 569 docere.
3670 515 3724 569 Et

2173 604 2275 659 hoc
2312 604 2527 658 nomine
2598 603 2859 660 adversus
2914 603 3259 667 Creatorem,
3320 617 3432 658 non
3485 602 3725 674 praemissa

2173 692 2397 749 diversa:
2445 698 2603 761 atque
2651 690 2857 745 aemula:
2876 691 3167 748 divinitatis
3208 689 3561 762 professione.
3613 691 3725 746 Cum

2176 795 2305 855 ergo
2336 780 2469 834 nihil
2498 779 2602 834 tale
2629 780 2904 849 Scriptura
2941 779 3231 851 signiﬁcet,
3280 779 3383 834 nisi
3437 780 3599 834 solam
3636 780 3727 834 vim

2176 878 2231 922 et
2284 875 2599 939 potestatem
2661 869 2932 924 sermonis
2982 868 3325 926 admirationi
3373 866 3567 938 fuisse,
3611 867 3727 924 faci-

2174 955 2278 1010 lius
2306 957 2562 1027 ostendit,
2591 957 2885 1012 secundum
2916 958 3228 1012 Creatorem
3283 956 3538 1013 docuisse
3584 956 3728 1024 illum,

2174 1044 2305 1114 quia
2333 1060 2440 1098 non
2470 1044 2687 1116 negavit
2712 1061 2727 1114 ;
2757 1061 2914 1116 quam
2945 1045 3206 1100 adversus
3262 1044 3583 1110 Creatorem,
3625 1044 3731 1115 quia

2174 1147 2287 1187 non
2315 1130 2661 1204 signiﬁcavit.
2693 1132 2870 1205 Atque
2907 1132 2981 1187 ita
3018 1140 3111 1188 aut
3147 1134 3269 1201 ejus
3299 1133 3401 1187 erit
3452 1148 3731 1206 agnoscen-

2176 1221 2296 1286 dus,
2332 1222 2623 1277 secundum
2663 1238 2820 1294 quem
2867 1222 3051 1278 docuit
3082 1240 3098 1289 ;
3129 1230 3222 1277 aut
3257 1222 3622 1293 praevaricator
3647 1222 3728 1292 ju-

2177 1309 2455 1379 dicandus,
2497 1309 2544 1363 si
2563 1310 2859 1366 secundum
2894 1325 3039 1375 eum,
3090 1310 3352 1366 adversus
3397 1326 3560 1382 quem
3602 1325 3726 1365 reue-

2177 1408 2278 1465 rat,
2308 1397 2803 1454 docuit.Exclamat
2833 1398 3026 1453 ibidem
3059 1398 3284 1469 spiritus
3313 1398 3574 1454 daemonis
3599 1399 3726 1468 (Luc.

2176 1484 2374 1555 4,34):
2414 1486 2556 1554 Quid
2573 1486 2726 1543 nobis
2747 1489 2803 1541 et
2832 1485 2937 1542 tibi
2956 1492 3058 1551 est,
3084 1487 3214 1543 Jesu
3237 1487 3265 1540 .9
3294 1488 3504 1545 venisti
3528 1487 3732 1560 perdere

2177 1590 2278 1630 nos
2310 1579 2333 1629 ?
2358 1576 2473 1630 scio
2494 1575 2591 1647 qui
2608 1578 2703 1641 sis,
2729 1578 2965 1630 sanctus
2990 1577 3109 1631 Dei.
3136 1576 3235 1631 HIC
3264 1591 3396 1648 ergo
3423 1591 3531 1631 non
3558 1584 3733 1632 retrac-

2178 1663 2322 1732 tabo,
2354 1679 2422 1717 an
2453 1670 2504 1718 et
2530 1664 2632 1718 hoc
2652 1672 3072 1733 cognomentum
3104 1665 3446 1735 competierit
3473 1665 3544 1734 ei,
3592 1682 3734 1736 quem

2176 1766 2274 1805 nec
2303 1750 2573 1805 Christum
2587 1751 2770 1806 vocari
2799 1752 3137 1821 Oporteret,si
3168 1768 3273 1807 non
3295 1753 3579 1809 Creatoris.
3612 1753 3737 1808 Alibi

2170 1840 2283 1907 jam
2320 1838 2387 1894 de
2425 1838 2735 1894 nominibus
2779 1840 3176 1911 expostulatum
3205 1848 3303 1899 est.
3364 1841 3435 1896 At
3472 1856 3607 1897 nunc
3630 1842 3738 1897 dis-

2173 1935 2348 1998 cepto,
2379 1927 2652 1999 quomodo
2674 1928 2777 1983 hoc
2807 1944 2931 1984 eum
2959 1929 3142 1985 vocari
3178 1929 3498 2002 cognoverit
3521 1930 3736 1995 daemon,

2173 2017 2316 2071 nulla
2354 2033 2589 2087 unquam
2636 2025 2778 2073 retro
2818 2018 3015 2073 emissa
3064 2018 3441 2088 praedicatione
3496 2020 3549 2075 in
3601 2020 3739 2074 illum

2171 2122 2203 2160 a
2233 2107 2344 2161 Deo
2374 2105 2582 2178 ignoto,
2628 2116 2679 2160 et
2734 2106 2790 2160 in
2835 2105 2892 2161 id
2947 2109 3204 2177 temporis
3248 2117 3416 2177 muto,
3449 2110 3600 2178 cujus
3649 2124 3741 2165 nec

2172 2202 2414 2250 sanctum
2443 2207 2563 2250 enm
2619 2195 2911 2251 contestari
2939 2196 3114 2267 potuit
3144 2241 3159 2263 ,
3216 2206 3274 2252 ut
3319 2198 3489 2270 ignoti
3518 2197 3667 2254 etiam
3695 2199 3740 2236 5"

2169 2282 2275 2354 ipsi
2331 2297 2430 2338 suo
2484 2282 2744 2338 Creatori.
2786 2283 2926 2352 Quid
2964 2292 3141 2340 autem
3193 2286 3306 2355 jam
3363 2288 3464 2341 tale
3514 2286 3742 2342 ediderat

2170 2384 2322 2425 novae
2351 2368 2659 2435 divinitatis,
2695 2386 2791 2439 per
2816 2372 2960 2442 quod
2995 2378 3174 2441 posset
3227 2372 3451 2428 alterius
3489 2374 3582 2428 Dei
3616 2389 3741 2428 sau-

2168 2467 2285 2512 ctus
2311 2456 2576 2527 intelligi?
2606 2465 2806 2513 tantum
2836 2459 2980 2529 quod
3002 2459 3347 2534 Synagogam
3363 2460 3740 2536 introgressus,

2164 2548 2350 2605 etnec
2387 2560 2632 2601 sermone
2679 2555 2933 2616 operatus
2962 2548 3163 2620 aliquid
3220 2550 3478 2606 adversus
3524 2549 3743 2607 Creato-

2168 2650 2282 2690 rem
2301 2639 2329 2691 ε)
2348 2633 2499 2690 Sicut
2527 2648 2659 2709 ergo
2692 2650 2852 2706 quem
2883 2635 3342 2707 ignorabat,nullo
3364 2639 3526 2695 modo
3547 2649 3746 2711 poterat

2165 2723 2348 2777 Jesum
2380 2730 2431 2779 et
2452 2732 2702 2778 sanctum
2748 2723 2849 2778 Dei
2877 2740 3176 2796 agnoscere
3214 2745 3229 2794 ;
3269 2726 3359 2792 ita,
3410 2743 3572 2798 quem
3601 2736 3748 2784 notat

2164 2811 2398 2885 agnovit.
2435 2811 2571 2865 Nam
2599 2821 2653 2867 et
2680 2811 3000 2882 Prophetam
3031 2814 3347 2871 meminerat
3371 2826 3605 2871 sanctum
3649 2817 3747 2873 Dei

2159 2899 2508 2970 praedicasse,
2532 2908 2584 2953 et
2611 2899 2794 2955 Jesum
2828 2916 3027 2957 nomen
3055 2901 3150 2957 Dei
3186 2917 3307 2959 esse
3336 2902 3388 2957 in
3426 2902 3536 2960 filio
3576 2906 3741 2963 Nave.

2158 2988 2284 3043 Haec
2332 2995 2385 3043 et
2429 2987 2496 3042 ab
2545 2987 2741 3059 angelo
2800 2998 3083 3058 exceperat
3157 2991 3450 3049 secundum
3505 3004 3749 3049 nostrum

2155 3074 2515 3145 Evangelium
2545 3075 2677 3146 (Luc
2709 3091 2748 3144 ι,
2772 3077 2883 3131 35‘:
2907 3079 3231 3147 Propterea,
3263 3080 3407 3152 quod
3435 3083 3496 3136 in
3537 3084 3590 3137 te
3636 3099 3750 3138 na-

2157 3169 2347 3220 scetur
2366 3164 2656 3222 vocabitur
2671 3170 2954 3232 sanetum,
2970 3168 3151 3223 Filius
3162 3171 3281 3233 Dei,
3313 3173 3370 3224 et
3399 3169 3618 3225 vocabis
3638 3186 3748 3225 no-

2156 3270 2288 3310 men
2326 3257 2450 3323 ejus
2502 3256 2711 3311 Iesum.
2752 3254 2855 3310 Sed
2912 3262 2965 3309 et
3009 3257 3244 3313 habebat
3299 3257 3483 3330 utique
3527 3274 3753 3314 sensum

2157 3342 2388 3414 aliquem
2421 3342 2715 3397 Dominicze
2743 3342 3113 3412 dispositionis
3138 3345 3281 3409 (licet
3299 3346 3515 3403 daemon
3547 3348 3755 3417 tamen)

2155 3430 2328 3503 magis
2355 3446 2515 3502 quam
2558 3430 2768 3495 alienae,
2798 3441 2852 3486 et
2881 3432 3121 3487 nondum
3149 3434 3275 3489 satis
3304 3438 3558 3508 cognitae.
3606 3437 3757 3491 Nam

2156 3527 2210 3575 et
2255 3519 2516 3590 praemisit
2546 3535 2561 3573 :
2624 3521 2765 3589 Quid
2792 3523 2948 3577 nobis
2991 3525 3047 3577 et
3080 3523 3183 3580 tibi
3222 3524 3319 3579 55?
3350 3540 3457 3580 non
3493 3524 3650 3597 quasi
3693 3526 3759 3581 in

2158 3618 2468 3663 extraneum
2488 3608 2722 3674 Jesu,ad
2742 3625 2903 3680 quem
2932 3610 2982 3649 ⁵6
3009 3611 3283 3681 pertinent
3315 3612 3535 3684 spiritus
3574 3614 3760 3670 Crea-

2158 3694 2311 3751 toris.
2353 3695 2464 3751 Nec
2509 3695 2655 3751 enim
2701 3696 2879 3755 dixit:
2934 3700 3076 3768 Quid
3128 3700 3232 3756 tibi
3277 3706 3341 3759 et
3361 3703 3566 3760 nobis?
3599 3705 3758 3762 sed:

1831 3824 2024 3886 Varia:
2053 3825 2363 3886 lectiones.

520 3938 571 3978 50
599 3937 827 4017 blegavit
857 3939 1026 3995 Seml.
1051 3939 1096 3977 51
1119 3937 1334 4017 _Bonum
1356 3940 1528 4017 inser.
1554 3941 1676 3997 Lat.
1710 3940 1760 3979 ⁵³
1788 3939 1989 3998 Vocem
2009 3939 2182 3998 Seml.
2203 3939 2253 3979 53
2278 3938 2697 3997 Adversarentur
2723 3941 2802 3999 al.
2833 3942 2883 3983 ⁵4
2918 3944 3108 4017 Ignoto
3121 3942 3233 4015 jam
3262 3944 3340 4003 al.
3374 3943 3571 4004 55Jesu
3612 3946 3769 4008 add.

452 4012 584 4069 Jun.
609 4010 658 4049 ⁵6
691 4010 1013 4066 Extraneum
1044 4010 1137 4066 sed
1164 4012 1231 4066 ad
1260 4026 1424 4083 quem
1449 4012 1583 4067 Jun.

1842 4109 2336 4174 Commentarius.

519 4227 793 4316 (1‘)”)???
809 4231 877 4284 ut
888 4229 1102 4316 ,ἒῗὲζξῗῖἒ
1118 4232 1190 4316 ἓξ,
1215 4226 1520 4316 Si”???
1547 4226 2044 4316 ίῖίδεθζυθηθωῗεθ-
2081 4241 2126 4316 D
2157 4225 2286 4316 ᾳξέ
2304 4226 2967 4316 ῙῖζίἮΒνρέἕπνειίονθσΨ
2982 4239 3161 4316 “ille!”
3182 4247 3372 4316 Pam!“
3385 4230 3774 4316 δουοτίδουΨ

458 4296 754 4367 ηειεὲιιε’(ιὶὺ,
778 4315 851 4366 1v,
881 4296 1440 4371 i3)dicitMarcionem
1468 4297 1667 4370 legisse
1695 4299 2045 4354 contrarium.
2082 4296 2125 4316 "
2160 4296 2545 4374 mihi-’objicie't
2574 4299 2767 4369 aliquis
2806 4308 2929 4374 post
2954 4296 3291 4374 totgadeptos
3325 4302 3587 4374 honores,
3626 4314 3779 4374 post

458 4366 745 4452 Sarra;
950 4366 959 4371 ’
1014 4384 1031 4452 ς
1115 4442 1124 4452 ι
1299 4443 1310 4452 ⁸
1472 4366 1547 4452 H'
1606 4449 1613 4452 _
1716 4438 1754 4452 Α
1801 4439 1812 4450 _
1890 4438 1911 4452 ⁸
2008 4437 2040 4452 ,Δ
2157 4366 2739 4452 dignitates__sumnias
2785 4366 2981 4452 quibus
3025 4366 3244 4452 functus
3288 4380 3388 4452 est.
3439 4366 3647 4429 Verrini
3709 4374 3779 4429 id

526 4443 641 4510 (15)
673 4444 747 4498 De
782 4457 953 4514 censu
993 4440 1231 4513 denique
1273 4442 1529 4514 Augusti,
1569 4449 1671 4514 etc.
1712 4438 1846 4514 Quis
1888 4437 2048 4494 fuerit
2156 4437 2277 4493 ﬁeri
2308 4438 2483 4514 potuit
2507 4454 2577 4514 ex
2607 4437 2819 4514 majori
2846 4458 3005 4514 quam
3036 4446 3106 4499 de
3142 4445 3262 4514 ejus
3299 4444 3500 4500 virtute
3538 4459 3779 4502 conce-

458 4508 561 4569 slte
589 4508 808 4584 census,
837 4520 894 4568 et
921 4512 991 4567 de
1035 4508 1144 4583 quo
1182 4508 1440 4587 censu'id
1492 4511 1890 4587 accipiendum,
1925 4525 2044 4587 ma-
2153 4508 2323 4580 perat
2356 4508 2560 4587 fiducia
2580 4508 2899 4587 Augustus;
2943 4514 3131 4587 sicque
3160 4508 3504 4587 Saturninus,
3538 4527 3602 4571 ut
3648 4516 3778 4572 im-

460 4600 698 4656 guopere
724 4580 1132 4656 controversum
1160 4590 1263 4638 est.
1312 4580 1694 4651 Baronius,’in
1754 4584 2046 4655 Apparatu
2156 4580 2422 4656 peratoris
2508 4580 2788 4656 voluntati
2833 4580 3233 4655 quodammodo
3312 4580 3519 4643 faveret
3579 4587 3785 4643 obse-

461 4652 795 4711 adAnnales
824 4655 1075 4710 eumdem
1103 4661 1289 4709 censet
1320 4669 1445 4709 eum
1476 4669 1539 4709 ac
1568 4656 1636 4707 de
1685 4652 2049 4724 quo'evange-
2155 4652 2392 4724 quendo,
2416 4666 2627 4724 praeses
2646 4652 2869 4721 nomine
2892 4665 3048 4712 tenus
3083 4657 3188 4713 fuit
3216 4664 3441 4713 tantum.
3474 4657 3569 4713 Sic
3598 4658 3787 4713 enim

463 4726 606 4781 lista.
641 4725 802 4801 Quod
845 4742 953 4801 non
996 4728 1245 4801 alienum
1278 4725 1485 4801 mihi__a
1528 4739 1660 4801 vero
1688 4722 1921 4801 videtur.
1968 4722 2049 4801 De
2156 4722 2498 4801 accipiendas
2526 4730 2607 4778 est
2626 4724 2911 4801 Eusebius,
2933 4729 3046 4801 lib.
3084 4732 3356 4801 r,‘cap.5,
3413 4727 3789 4801 ἡγεμόνεύον-

464 4796 1141 4881 censuariaﬂordipatione
1196 4796 1250 4850 id
1306 4796 1538 4876 explicat
1586 4795 1937 4881 Casaubon‘us
1991 4794 2049 4848 in

2171 4793 2658 4881 ίᾳςμΚῘ-ιρργξίξιξετῆς
2697 4795 2893 4878 Συρίας.
2931 4799 3014 4854 Ex
3065 4793 3265 4881 quibus
3293 4793 3476 4881 nescio
3629 4817 3795 4881 vere

467 4867 717 4944 notisad
764 4866 1128 4944 Spartianum,
1181 4865 1522 4944 nescio'quo
1551 4873 1795 4944 auctore:
1846 4866 2048 4922 Assen-
2157 4865 2359 4944 dixisse
2389 4865 2668 4944 Petavium
2700 4865 2821 4940 quis
2852 4865 3196 4944 pronuntiare
3241 4871 3449 4943 audeat,
3485 4871 3587 4944 qui
3627 4874 3788 4944 nul-

468 4937 600 5013 tirer
625 4936 880 5013 libentius
899 4937 1253 5013 Peta_viq,_qui
1282 4936 1553 5009 duplicem
1583 4937 1794 5013 Quirini
1821 4952 2047 5013 censum
2158 4936 2239 5013 [os
2268 4941 2395 4992 tunc
2438 4936 2734 4994 exstitisse
2754 4936 2939 4996 censet
2974 4941 3176 4997 Judzeze
3224 4936 3628 5013 procuratores.
3691 4943 3795 4999 LE

467 5008 634 5063 fuisse
662 5008 870 5075 scribit,
902 5009 1065 5063 modo
1102 5008 1158 5063 id
1184 5007 1402 5064 certum
1452 5017 1618 5064 esset.
1662 5008 1721 5064 Si
1747 5007 1895 5064 enim
1921 5023 2051 5063 con-
2159 5008 2254 5061 Pu.

462 5080 687 5151 jactura:
718 5080 873 5151 locus
902 5078 1097 5151 aliquis
1135 5078 1406 5146 tribuitur,
1447 5081 1563 5151 pari
1599 5082 1719 5150 jure
1764 5096 1829 5135 ac
1872 5079 2051 5135 erudi-

466 5149 612 5204 ditus
641 5150 908 5219 Petavius,
930 5149 1273 5217 conjecturas
1294 5149 1463 5207 meas‘
1486 5149 1763 5207 afferrem.
1796 5153 2051 5207 Putarem

503 5222 668 5293 uippe
705 5220 996 5293 ἀπογραφὴν
1032 5220 1177 5276 illam
1226 5237 1348 5293 quae
1395 5226 1496 5279 sub
1524 5222 1710 5278 Sentio
1765 5222 2053 5279 Saturnino

488 5294 605 5366 aeta
623 5296 977 5366 est,eamdem
998 5309 1115 5366 esse
1144 5308 1266 5349 cum
1279 5294 1636 5366 descriptione
1655 5293 1882 5366 Quirini.
1911 5296 2053 5348 Prae-

465 5363 638 5419 sidem
669 5363 836 5419 fuisse
854 5365 1203 5421 Saturninum
1259 5363 1515 5436 conjicio,
1571 5365 1858 5436 Quirinum
1911 5379 2083 5436 pro-,

463 5445 787 5509 curatorem.
824 5436 1069 5509 Justinus
1112 5440 1313 5509 quippe
1342 5434 1445 5495 hoc
1490 5434 1626 5509 eum,
1656 5434 1876 5509 nomine
1908 5434 2053 5509 indi-

462 5506 600 5576 gitat
629 5507 785 5580 Apol.
820 5523 860 5563 ιι
891 5527 905 5562 :
947 5506 1060 5562 Ἐπὶ
1095 5500 1336 5581 Κύρήνῖίου
1369 5514 1453 5564 τοῦ
1480 5508 1718 5581 ὑμετέρου
1745 5504 1795 5560 ἐν
1834 5500 2052 5581 Ἰᾐουδςιίᾳ

463 5578 948 5657 πρώτου’γενομένου
967 5578 1225 5655 impono.
1240 5581 1352 5640 Sub
1387 5578 1620 5652 Quirino
1646 5583 1828 5639 vestro
1856 5579 1922 5635 in
1951 5578 2052 5636 Ju-

2230 5079 2346 5153 (16)
2377 5079 2483 5139 Sed
2513 5081 2874 5156 et_sipassim
2903 5084 3186 5156 Synagoga
3233 5083 3792 5156 adiretur.Nempe,

2160 5151 2377 5228 etiame
2407 5151 2697 5228 prgsellyti‘s
2716 5163 2773 5228 et
2787 5151 3100 5228 gentilibus.
3118 5151 3245 5228 'Nec
3281 5156 3560 5228 improbat
3589 5151 3802 5212 Eusc-

2160 5223 2282 5299 bius
2307 5255 2327 5296 ε
2352 5224 2412 5299 in
2437 5223 2709 5299 “Ecclesia
2750 5223 3051 5282 Christiana
3084 5226 3260 5299 etiam
3320 5223 3484 5285 laicos
3537 5226 3799 5299 ὁμιλεῖν,

2161 5292 2332 5370 modii
2351 5294 2403 5370 id
2431 5292 2607 5370 ίὶξιιλτῇ
2633 5302 2723 5351 τοῦ
2740 5304 3052 5370 προεστῶτος
3080 5296 3333 5370 ἐποπτιιᾳ.
3368 5301 3493 5355 RIG.

2232 5366 2630 5437 (l7)Quoniain
2659 5370 2723 5423 in
2749 5366 3027 5442 potestate
3059 5375 3188 5442 erat
3229 5366 3413 5442 sermo
3457 5372 3613 5442 ejus.
3659 5370 3803 5426 Hoc

2162 5447 2263 5514 est,
2296 5449 2485 5514 potens
2514 5447 2628 5514 erat
2674 5441 2852 5499 sermo
2891 5442 3030 5512 ejus.
3080 5441 3273 5512 Lucas,
3303 5441 3384 5496 ἐπὶ
3429 5441 3535 5503 τοῖς
3592 5441 3820 5514 λόγοις

2161 5512 2247 5577 τῆς
2273 5508 2493 5581 χάριτδς.
2513 5510 2637 5567 RIG.
