4018 6192
218 346 302 407 401
1406 348 1531 409 LIB.
1573 347 1640 408 IV
1676 348 1831 409 ADV.
1874 349 2279 413 MARCIONEM.

3384 346 3488 409 402

222 472 347 543 Quid
371 471 533 529 nobis
551 477 606 530 et
629 472 764 530 tibi?
783 489 844 530 se
862 474 1171 546 deplorans,
1203 479 1254 531 et
1282 474 1415 532 sorti
1444 492 1558 533 suae
1586 493 1782 549 expro-
1818 465 1866 543 Α
1896 475 2121 549 quidem
2162 471 2409 531 violentia
2455 470 2678 543 plenum
2704 514 2719 537 ,
2765 474 3016 530 detentus
3064 480 3117 530 et
3170 481 3387 545 captus,
3437 479 3491 527 et

216 561 401 616 brans:
435 576 599 633 quam
626 561 742 630 jam
784 561 993 629 videns,
1027 562 1215 632 adjicit
1248 581 1260 620 :
1322 566 1531 622 Venisti
1555 568 1790 637 perdere

215 667 315 707 nos.
346 649 503 707 Adeo
528 649 733 720 judicis
761 657 816 706 et
844 651 1057 717 ultoris,
1100 661 1154 707 et
1202 663 1260 709 ut
1301 651 1475 710 372
1519 655 1594 711 ita
1637 656 1785 711 dixe-

213 738 313 803 rim,
344 739 479 794 saevi
507 739 605 794 Dei
638 738 832 794 Filium
881 749 1178 811 agnoverat
1216 742 1417 807 Jesum,
1464 758 1570 798 non
1599 743 1789 815 Optimi

211 827 333 882 illius
360 829 419 882 et
453 826 679 899 perdere
709 834 764 882 et
791 827 987 899 punire
1014 829 1320 885 nescientis.
1346 830 1615 899 Quorsum
1646 833 1787 889 hunc

213 917 373 972 locum
405 914 803 987 praemisimus?
831 923 887 970 ut
908 916 1090 971 Jesum
1136 925 1191 972 et
1235 918 1285 956 ⁵⁷
1330 934 1363 973 a
1399 919 1643 976 daemone
1680 937 1789 976 non

211 1005 355 1060 alium
382 1004 681 1060 doceamus
709 1003 979 1078 agnitum,
1010 1011 1063 1059 et
1091 1021 1125 1059 a
1153 1006 1450 1079 semetipso
1483 1023 1587 1063 non
1618 1008 1785 1064 alium

210 1091 589 1150 conformatum
617 1107 784 1164 quam
814 1092 1106 1149 Creatoris.
1140 1095 1361 1167 Atquin,
1383 1094 1585 1168 inquis,
1609 1097 1787 1154 incre-

209 1180 304 1253 puit
345 1180 498 1235 illum
546 1180 723 1237 Jesus.
779 1181 939 1237 Plane
987 1190 1046 1237 ut
1086 1181 1427 1251 invidiosum,
1478 1192 1531 1239 et
1577 1184 1631 1240 in
1667 1185 1786 1256 ipsa

209 1269 535 1326 confessione
566 1270 922 1342 petulantem,
948 1280 1002 1325 et
1029 1272 1079 1309 ⁵⁸
1106 1272 1244 1327 male
1270 1272 1605 1343 adulantem;
1631 1274 1787 1346 quasi

207 1359 304 1413 haec
327 1365 476 1413 esset
505 1373 722 1414 summa
757 1359 932 1430 gloria
988 1359 1206 1426 Christi,
1247 1360 1292 1415 si
1334 1363 1398 1417 ad
1432 1362 1785 1432 perditionem

207 1447 500 1501 dazmonum
555 1448 807 1512 venisset,
860 1455 915 1502 et
964 1462 1071 1502 non
1137 1448 1312 1518 potius
1378 1451 1447 1504 ad
1506 1451 1783 1507 hominum

207 1536 452 1602 salutem;
502 1533 598 1605 qui
656 1550 755 1590 nec
813 1533 1107 1606 discipulos
1151 1536 1218 1591 de
1261 1539 1577 1595 subactione
1619 1541 1784 1610 spiri-

207 1631 355 1691 tuum,
390 1622 491 1678 sed
522 1624 594 1678 de
622 1623 850 1679 candida
888 1624 1081 1678 salutis
1119 1624 1235 1695 (£8)
1282 1625 1504 1697 gloriari
1547 1628 1779 1686 volebat.

206 1714 297 1768 Aut
322 1727 417 1767 cur
445 1727 571 1767 eum
601 1712 906 1784 increpuit?
925 1713 981 1767 Si
1004 1714 1160 1782 quasi
1189 1715 1475 1771 mentitum
1505 1719 1557 1772 in
1589 1726 1780 1787 totum,

209 1816 323 1871 ergo
363 1815 473 1855 non
505 1798 608 1856 fuit
652 1801 829 1865 Jesus,
879 1816 983 1856 nec
1029 1802 1125 1857 Dei
1167 1813 1387 1859 sanctus
1433 1807 1674 1862 omnino.
1728 1808 1784 1863 Si

214 1889 350 1960 quasi
373 1904 436 1943 ex
479 1897 635 1958 parte
665 1888 966 1953 mentitum,
998 1889 1144 1960 quod
1174 1906 1297 1945 cum
1332 1892 1518 1946 Jesum
1566 1894 1783 1964 quidem

220 1984 269 2031 et
295 1985 518 2031 sanctum
558 1976 682 2040 Dei,
734 1976 830 2031 sed
869 1977 1144 2032 Creatoris
1182 1978 1567 2049 existimasset,
1610 1982 1785 2051 injus-

214 2065 400 2119 tissime
426 2064 699 2136 increpuit
728 2067 830 2121 hoc
866 2066 1211 2131 sentientem,
1246 2069 1386 2137 quod
1418 2068 1625 2123 sciebat
1655 2086 1785 2124 sen-

209 2153 450 2217 tiendum,
482 2163 536 2210 et
566 2154 669 2209 hoc
715 2169 823 2209 non
851 2154 1259 2221 existimantem,
1317 2158 1461 2228 quod
1501 2158 1786 2231 ignorabat

204 2242 612 2298 existimandum
643 2242 714 2312 59,
743 2242 905 2297 alium
934 2243 1143 2310 Jesum,
1170 2254 1222 2299 et
1245 2244 1473 2300 alterius
1500 2246 1596 2301 Dei
1625 2264 1784 2303 sanc-

203 2342 319 2387 tum.
376 2329 543 2399 Quod
600 2332 647 2385 si
712 2330 1145 2387 verisimiliorem
1207 2340 1403 2388 statum
1463 2350 1569 2390 non
1626 2336 1788 2393 habet

206 2420 509 2491 increpatio,
544 2417 650 2474 nisi
695 2434 854 2488 quem
885 2434 984 2474 nos
1012 2419 1447 2490 interpretamur,
1494 2423 1606 2492 jam
1654 2440 1786 2497 ergo

203 2512 249 2561 et
290 2507 511 2561 daemon
560 2505 690 2560 nihil
729 2506 985 2562 mentitus
1030 2515 1132 2572 est,
1166 2522 1274 2563 non
1320 2509 1391 2564 ob
1440 2511 1788 2568 mendacium

203 2594 488 2664 increpitus
546 2612 560 2648 :
614 2594 731 2666 ipse
772 2595 913 2650 enim
964 2604 1081 2650 erat
1145 2596 1319 2663 Jesus,
1379 2608 1575 2668 praeter
1627 2617 1786 2671 quem

203 2684 352 2738 alium
383 2684 608 2739 daemon
637 2683 924 2756 agnovisse
952 2699 1063 2739 non
1110 2691 1342 2754 poterat;
1376 2697 1430 2742 et
1472 2688 1633 2744 Iesus
1663 2704 1787 2744 eum

201 2772 551 2837 conﬁrmavit,
586 2787 750 2842 Quem
798 2782 1098 2843 agnoverat
1125 2775 1359 2839 daemon,
1392 2774 1519 2830 dum
1566 2792 1673 2832 non
1718 2778 1788 2832 ob

200 2862 532 2916 mendacium
562 2861 809 2932 increpat
835 2862 1155 2918 daemonem.

790 3002 1022 3060 CAPUT
1052 3004 1195 3059 VIII.

277 3127 552 3183 Nazaraeus
598 3128 782 3184 vocari
824 3128 1060 3184 habebat
1107 3129 1400 3185 secundum
1447 3132 1787 3202 prophetiam

206 3217 449 3272 Christus
478 3217 744 3274 Creatoris
786 3235 798 3271 :
831 3220 976 3274 unde
1006 3227 1060 3273 et
1085 3218 1204 3289 ipso
1233 3219 1452 3275 nomine
1490 3236 1588 3276 nos
1616 3222 1789 3278 Judaei

196 3308 479 3363 Nazarzeos
532 3308 585 3346 5°
630 3306 899 3377 appellant
944 3324 1043 3378 per
1080 3324 1226 3363 eum.
1273 3310 1411 3364 Nam
1470 3320 1525 3367 et
1576 3327 1782 3379 sumus,

197 3395 262 3449 de
310 3394 507 3465 quibus
552 3403 639 3451 est
665 3395 910 3464 i(Thren.
973 3411 1050 3461 ιν,
1100 3397 1159 3465 ’7)
1192 3414 1205 3450 :
1236 3399 1498 3454 Nazarwi
1534 3400 1788 3457 exalbati

198 3491 325 3540 sunt
370 3502 542 3558 super
579 3486 785 3541 nivem.
835 3482 940 3552 Qui
992 3483 1196 3541 scilicet
1231 3496 1373 3543 retro
1421 3488 1635 3543 luridati
1684 3489 1785 3544 de-

198 3572 503 3645 linquentiae
529 3573 780 3641 maculis,
814 3581 867 3627 et
911 3572 1111 3644 nigrati
1160 3575 1480 3644 ignorantiae
1526 3577 1780 3633 tenebris.

199 3660 398 3717 Christo
428 3670 607 3717 autem
650 3660 938 3733 appellatio
982 3662 1228 3717 Nazarmi
1274 3664 1632 3735 competitura
1673 3676 1787 3722 erat

203 3750 524 3806 exinfantiaz
565 3750 801 3815 latebris,
855 3750 923 3804 ad
970 3767 1106 3821 quas
1151 3751 1292 3820 apud
1340 3754 1603 3809 Nazareth
1650 3755 1780 3810 des-

208 3839 388 3906 cendit,
442 3837 664 3894 vitando
738 3838 1061 3895 Archelaum
1131 3839 1299 3895 filium
1368 3842 1611 3897 Herodis.
1673 3844 1785 3899 Hoc

212 3937 476 3996 propterea
544 3943 657 3983 non
733 3927 913 3992 omisi,
973 3928 1096 3997 quia
1164 3928 1434 3984 Christum
1502 3931 1786 3987 Marcionis

215 4026 501 4081 Oportuerat
539 4031 703 4072 omne
751 4016 1131 4071 commercium
1182 4018 1417 4086 ejerasse
1471 4018 1633 4075 etiam
1697 4023 1783 4076 lo-

216 4116 382 4160 corum
436 4104 784 4162 familiarium
852 4105 1048 4160 Christi
1104 4106 1412 4176 Creatoris,
1472 4109 1781 4179 habentem,

218 4198 348 4245 tanta
397 4194 595 4249 Iudaeae
649 4192 886 4265 Oppida,
945 4208 1055 4248 non
1121 4194 1197 4248 ita
1269 4194 1464 4250 Christi
1519 4197 1784 4252 Creatoris

218 4290 306 4343 per
328 4282 611 4353 prophetas
657 4279 991 4352 emancipata
1036 4281 1104 4334 δι.
1146 4280 1430 4350 Caeterum,
1481 4285 1780 4353 propheta-

219 4379 326 4419 rum
354 4370 448 4425 erit
482 4369 749 4438 Christus,
780 4369 1106 4441 ubicumque
1153 4369 1446 4425 secundum
1492 4371 1784 4441 PrOphetas

1897 566 1965 620 ad
2015 561 2373 636 praecipitium
2417 575 2586 632 usque
2630 568 2946 631 protractus,
2995 563 3292 619 admiserit.
3348 562 3485 616 Nam

1896 654 1996 709 etsi
2029 669 2122 724 per
2151 651 2356 707 medios
2382 650 2568 716 evasit,
2600 649 2698 704 sed
2740 658 2863 703 ante
2889 649 3003 718 jam
3049 650 3159 705 vim
3205 651 3477 719 expertus,

1895 752 1947 797 et
1985 749 2169 811 postea
2212 739 2493 803 dimissus;
2533 737 2741 793 scilicet
2780 738 2974 801 soluto,
3009 737 3082 792 uti
3130 737 3354 805 adsolet,
3394 747 3479 792 tu-

1895 830 2098 897 multu;
2130 828 2213 885 vel
2246 827 2405 884 etiam
2436 828 2663 897 irrupto,
2693 823 2869 882 373
2898 840 3006 881 non
3051 832 3232 880 tamen
3261 841 3357 894 per
3395 840 3481 879 ca-

1894 920 2115 992 liginem
2143 920 2311 983 eluso,
2344 934 2465 988 quae
2495 917 2625 971 nulli
2656 915 2874 973 omnino
2925 916 3111 972 tactuit
3141 913 3477 990 succidisset,

1893 1008 1939 1063 si
1971 1008 2178 1064 fuisset.

1892 1149 2113 1213 Tangere
2135 1149 2270 1199 enim
2296 1156 2344 1199 et
2363 1148 2517 1211 tangi,
2539 1149 2639 1213 (19)
2661 1148 2967 1212 nisicorpus,
2998 1147 3141 1197 nulla
3172 1153 3336 1210 potest
3382 1160 3479 1208 res,

1888 1276 2049 1332 etiam
2078 1276 2347 1332 saecularis
2394 1274 2675 1343 sapientiae,
2722 1275 2891 1346 digna
2939 1273 3204 1330 sententia
3249 1281 3347 1328 est.
3399 1271 3482 1327 Ad

1894 1381 2176 1429 summam,
2208 1373 2259 1419 et
2286 1364 2403 1434 ipse
2428 1379 2553 1418 mox
2610 1363 2784 1433 tetigit
2832 1362 2991 1432 alios,
3040 1361 3240 1432 quibus
3290 1375 3481 1416 manus

1891 1453 2198 1524 imponens,
2250 1453 2433 1524 utique
2484 1451 2839 1516 sentiendas,
2885 1449 3143 1506 benelicia
3192 1449 3482 1504 medicina-

1893 1556 2013 1595 rum
2058 1540 2404 1606 conferebat,
2459 1547 2567 1595 tam
2615 1555 2775 1608 vera,
2824 1547 2930 1593 tam
2983 1553 3092 1594 non
3144 1535 3478 1609 imaginaria,

1891 1645 2055 1699 quam
2103 1636 2257 1684 erant
2312 1645 2406 1699 per
2451 1644 2586 1698 quas
2627 1628 2951 1682 conferebat.
3005 1627 3124 1697 Ipse
3175 1624 3345 1696 igitur
3398 1632 3483 1678 est

1891 1718 2138 1774 Christus
2168 1726 2221 1774 et
2248 1716 2422 1782 Isaiae,
2457 1715 2778 1771 remediator
2819 1713 3208 1769 valetudinum.
3242 1712 3356 1781 Hic,
3390 1712 3479 1765 in-

1817 1769 1862 1846 B
1891 1769 2437 1878 qait'kiézfmﬂ,
2474 1769 2896 1861 irnbrecillitates
2917 1807 3140 1859 nostras
3184 1769 3392 1871 aufert,
3428 1805 3485 1858 et

1895 1897 2193 1968 languores
2222 1900 2433 1969 portat.
2468 1896 2684 1949 Portare
2732 1902 2909 1949 autem
2951 1890 3126 1946 Graeci
3176 1890 3337 1945 etiam
3384 1905 3484 1961 pro

1892 2000 1958 2041 eo
1983 1986 2159 2040 solent
2198 1999 2409 2054 ponere,
2440 1982 2589 2054 quod
2637 1988 2719 2037 est
2763 1981 2966 2036 tollere.
3017 1978 3225 2033 Sufficit
3268 1977 3486 2033 interim

1894 2072 2026 2127 mihi
2056 2071 2327 2145 generalis
2368 2069 2735 2142 repromissio.
2785 2068 3177 2139 Quodcumque
3224 2064 3488 2122 curaverit

1891 2161 2070 2225 Jesus,
2102 2176 2254 2215 meus
2282 2167 2380 2215 est.
2413 2158 2710 2214 Veniamus
2741 2167 2910 2212 tamen
2934 2164 2985 2211 et
3005 2155 3069 2210 ad
3093 2154 3307 2226 species
3334 2169 3487 2208 cura-

1895 2251 2124 2305 tionum.
2159 2249 2447 2313 Caeterum,
2485 2254 2539 2303 et
2584 2263 2615 2301 a
2661 2245 2942 2301 daemoniis
2989 2244 3236 2311 liberare,
3284 2242 3486 2298 curatio

1895 2346 1977 2395 est
2020 2337 2366 2396 valetudinis.
2418 2338 2600 2407 Itaque
2654 2334 2873 2405 spiritus
2928 2348 3182 2402 nequam,
3224 2330 3377 2401 quasi
3421 2346 3485 2385 ex

1895 2429 2070 2485 forma
2113 2428 2228 2496 jam
2256 2426 2451 2497 prioris
2478 2424 2710 2495 exempli
2748 2439 2873 2478 cum
2923 2420 3235 2477 testimonio
3263 2419 3488 2474 excede-

1896 2520 2026 2573 bant
2070 2514 2422 2573 vociferantes
2471 2534 2483 2569 ε
2546 2516 2620 2570 Tu
2662 2528 2717 2568 es
2758 2512 2935 2567 Filius
2972 2511 3092 2567 Dei.
3150 2509 3320 2577 Cujus
3365 2508 3485 2574 Dei,

1895 2608 1982 2664 vel
2013 2605 2099 2661 hic
2128 2613 2333 2674 pareat.
2369 2604 2476 2658 Sed
2510 2592 2735 2673 proinde
2766 2600 3201 2668 increpabantur,
3233 2607 3288 2653 et
3319 2597 3488 2666 jube—

1896 2696 2092 2751 bantur
2138 2701 2331 2750 tacere.
2383 2690 2611 2747 Proinde
2656 2688 2796 2744 enim
2842 2687 3085 2742 Christus
3130 2687 3200 2741 ab
3245 2685 3484 2740 homini-

1896 2785 2020 2848 bus,
2054 2796 2161 2836 non
2191 2798 2223 2835 a
2261 2780 2538 2849 spiritibus
2566 2777 2878 2844 immundis,
2925 2774 3138 2830 volebat
3183 2789 3242 2830 se
3290 2773 3486 2828 Filium

1898 2870 1994 2927 Dei
2024 2869 2267 2942 agnosci.
2316 2868 2413 2922 Ille
2462 2867 2708 2922 Christus
2754 2866 3031 2929 duntaxat,
3064 2862 3152 2919 cui
3199 2863 3303 2917 hoc
3348 2876 3488 2916 con-

1901 2960 2160 3032 gruebat;
2192 2956 2319 3028 quia
2353 2954 2684 3027 praemiserat
2732 2971 2828 3024 per
2856 2968 2991 3024 quos
3020 2959 3202 3022 posset
3243 2950 3484 3025 agnosci,

1900 3057 1954 3105 et
1977 3046 2160 3117 utique
2209 3045 2490 3116 digniores
2535 3041 2934 3112 praedicatores.
2976 3040 3131 3097 Illius
3178 3043 3313 3109 erat,
3343 3055 3486 3111 prae-

1899 3136 2117 3192 conium
2145 3132 2409 3188 immundi
2437 3131 2658 3202 spiritus
2688 3145 2960 3198 respuere,
2993 3128 3080 3185 cui
3110 3128 3280 3184 sancti
3311 3130 3486 3183 abun-

1893 3224 2109 3280 dabant.
2138 3222 2327 3286 Porro,
2365 3219 2458 3291 qui
2505 3232 2776 3289 nunquam
2824 3216 2998 3271 fuerat
3042 3216 3409 3286 annuntiatus,
3441 3217 3487 3269 si

1896 3319 2074 3369 tamen
2122 3310 2338 3368 volebat
2376 3306 2599 3380 agnosci
2649 3305 2868 3377 (frustra
2914 3313 3092 3360 autem
3149 3310 3386 3369 venerat,
3439 3302 3484 3355 si

1894 3403 2151 3473 nolebat),
2186 3415 2294 3455 non
2322 3407 2469 3454 esset
2511 3404 2829 3466 aspernatus
2874 3392 3248 3449 testimonium
3295 3390 3486 3447 alienm

1893 3501 1947 3548 et
1974 3493 2359 3561 cujuscumque
2387 3483 2716 3552 substantiae,
2747 3484 2839 3556 qui
2884 3483 3116 3554 propriae
3165 3497 3274 3536 non
3322 3482 3485 3536 habe-

1892 3581 2004 3648 bat,
2052 3578 2141 3650 qui
2188 3578 2244 3631 in
2285 3575 2462 3630 aliena
2514 3572 2887 3630 descenderat.
2928 3573 3046 3625 Jam
3092 3585 3236 3625 nunc
3279 3578 3331 3624 et
3377 3584 3483 3641 qua

1890 3669 2194 3725 destructor
2221 3663 2507 3728 Creatoris,
2542 3662 2673 3717 nihil
2719 3660 2898 3732 magis
2946 3660 3217 3730 gestisset,
3249 3674 3407 3729 quam
3454 3673 3485 3712 a

1892 3756 2168 3829 Spiritibus
2215 3753 2384 3825 ipsius
2422 3751 2663 3823 agnosci,
2693 3758 2746 3806 et
2791 3747 3064 3823 divulgari
3108 3763 3222 3819 prae
3270 3748 3484 3815 timore,

1891 3846 1995 3900 nisi
2042 3843 2185 3915 quod
2228 3841 2464 3897 Marcion
2512 3840 2681 3894 Deum
2729 3855 2885 3892 suum
2933 3836 3112 3890 timeri
3160 3845 3340 3908 negat,
3388 3835 3482 3889 de-

1892 3933 2116 3989 fendens
2144 3932 2345 3987 bonum
2389 3944 2498 3983 non
2529 3926 2722 3991 timeri,
2756 3926 2848 3981 sed
2885 3924 3120 3993 judicem
3153 3924 3293 3993 apud
3321 3940 3484 3994 quem

1893 4023 2001 4078 sint
2074 4019 2316 4075 materia
2360 4016 2591 4086 timoris,
2638 4015 2736 4080 ira,
2796 4014 3016 4077 saevitia,
3070 4011 3300 4081 judicia,
3357 4013 3482 4067 vin-

1893 4110 2050 4173 dicta,
2102 4107 2394 4161 damnatio.
2457 4100 2579 4158 Sed
2621 4109 2675 4157 et
2730 4100 2997 4156 dmmonia
3054 4101 3244 4156 timore
3300 4101 3483 4170 utique

1892 4197 2171 4253 cedebant.
2203 4194 2348 4262 Ergo
2398 4191 2618 4247 timendi
2665 4188 2769 4243 Dei
2829 4189 3020 4242 Filium
3069 4186 3481 4255 confitebantur,

1890 4283 2231 4343 occasionem
2258 4280 2506 4334 habitura
2553 4293 2661 4332 non
2709 4277 2958 4344 cedendi,
2993 4275 3040 4330 si
3078 4290 3186 4328 non
3236 4273 3479 4330 timendi.

1888 4375 1956 4429 Et
1986 4373 2075 4427 ille
2101 4370 2258 4438 jussu
2302 4375 2354 4423 et
2400 4365 2664 4436 increpitu
2716 4379 2782 4419 ea
2827 4364 3121 4435 expellens,
3172 4378 3277 4419 non
3318 4379 3481 4420 suasu

216 4451 483 4514 invenitur.
538 4461 604 4514 Et
650 4436 830 4513 tamen
876 4436 1034 4529 apud
1066 4458 1327 4515 Nazareth
1377 4436 1608 4531 quoque-
1653 4459 1784 4515 nihil
1817 4436 1862 4512 Π
1894 4478 2001 4533 qua
2045 4436 2236 4523 bonus,
2272 4455 2569 4512 timendum
2613 4466 2672 4507 se
2716 4450 3027 4507 exhibebat.
3067 4450 3178 4504 Aut
3224 4452 3482 4521 numquid

213 4543 329 4597 novi
377 4554 593 4602 notatur
642 4546 996 4618 praedicasse,
1046 4547 1172 4602 dum
1222 4547 1329 4602 alio
1375 4546 1569 4603 merito
1616 4549 1785 4605 unius

213 4635 473 4701 proverbii
503 4636 656 4707 (Luc.
690 4651 767 4701 Iv,
803 4636 896 4705 23)
915 4636 1120 4705 ejectus
1146 4636 1393 4693 refertur.
1425 4637 1522 4693 Hic
1550 4637 1783 4708 primum

212 4736 390 4779 manus
440 4726 489 4782 ei
542 4725 771 4795 injeCtas
833 4725 1283 4799 animadvertens,
1334 4742 1555 4783 necesse
1610 4728 1784 4783 habeo

208 4806 314 4874 jam
357 4812 423 4869 de
464 4812 767 4868 substantia
814 4812 936 4881 ejus
980 4813 1244 4884 corporali
1303 4817 1591 4885 praefinire,
1641 4815 1786 4887 quod

210 4912 315 4954 non
366 4902 533 4973 possit
581 4903 905 4975 phantasma
957 4902 1142 4969 credi,
1200 4903 1293 4976 qui
1346 4912 1673 4972 contactum,
1733 4913 1787 4961 et

1888 4551 2015 4606 ideo
2046 4548 2377 4619 increpabat,
2417 4542 2544 4614 quia
2586 4539 2874 4595 timebatur
2919 4537 3113 4592 nolens
3162 4538 3379 4592 timeri?
3418 4540 3484 4593 Et

1891 4638 2162 4712 quomodo
2206 4651 2272 4691 ea
2322 4633 2535 4690 volebat
2590 4627 2884 4693 excedere,
2930 4626 3074 4697 quod
3124 4625 3234 4712 nisi
3290 4627 3483 4683 timore

1893 4711 2001 4782 nou
2049 4724 2333 4780 facerent?
2381 4718 2588 4776 Cecidit
2639 4731 2769 4787 ergo
2826 4715 2881 4770 in
2925 4711 3322 4780 necessitatem,
3375 4719 3516 4784 qua

1894 4816 2165 4886 disparem
2193 4828 2250 4868 se
2277 4818 2483 4865 naturas
2511 4823 2623 4864 suae
2649 4813 2837 4877 ageret
2871 4821 2883 4860 :
2932 4818 3051 4859 cum
3083 4810 3266 4873 posset
3294 4808 3350 4856 ut
3377 4801 3483 4857 bo-

1894 4920 1997 4960 nus
2019 4901 2186 4959 semel
2226 4899 2307 4956 eis
2354 4913 2593 4971 parcere.
2625 4893 2827 4952 Cecidit
2870 4899 2925 4950 et
2964 4893 3018 4947 in
3060 4891 3227 4949 aliam
3274 4906 3483 4964 pracva-

1556 5014 1746 5079 Variae
1781 5015 2089 5080 lectiones.

268 5123 315 5162 ⁵⁷
339 5126 402 5182 Et
428 5130 615 5184 omitt.
649 5129 730 5184 al.
754 5127 806 5165 ⁵⁸
837 5126 905 5183 Ut
933 5128 1104 5186 Seml.
1138 5128 1188 5167 59
1215 5128 1601 5186 Estimandum
1624 5132 1792 5189 Seml.
1824 5130 1877 5169 6°
1903 5130 2210 5186 Nazarenos
2239 5125 2407 5183 Seml.
2438 5121 2485 5163 δι
2516 5121 2816 5192 Mancipata
2845 5122 2982 5178 Jun.

1586 5238 2084 5302 Commentarios.

270 5344 378 5415 (18)
426 5349 503 5403 De
548 5343 797 5417 candida
832 5346 1058 5404 salutis.
1094 5345 1325 5417 ,Vestem
1375 5344 1637 5417 intellige,
1688 5346 1791 5402 nisi

195 5418 362 5472 mavis
404 5434 527 5475 eum
578 5416 859 5484 Rhenano,
912 5416 1197 5473 candidam
1253 5416 1582 5472 substantive
1626 5434 1791 5473 usur-

192 5488 328 5557 pari.
385 5489 434 5545 A
478 5488 741 5546 Romanis
789 5487 931 5561 illud,
965 5490 1133 5561 vulgo
1183 5488 1385 5561 petitur
1403 5528 1424 5561 ,ί
1466 5489 1607 5557 apud
1656 5504 1795 5560 quos

194 5560 756 5643 honorumpetitores
774 5560 1009 5643 Eandida
1055 5560 1206 5619 Veste
1251 5560 1626 5628 induebantur,
1653 5561 1795 5617 unde

194 5632 321 5689 dicti
354 5631 652 5690 candidati.
675 5632 753 5687 La
774 5631 870 5687 Ps.

1970 5345 2084 5416 (t9)
2122 5346 2361 5415 Tangere
2399 5342 2553 5399 enim
2592 5344 2647 5397 et
2698 5337 2872 5411 tangi,
2914 5343 3031 5416 etes
3062 5335 3201 5391 Illud
3244 5334 3487 5416 idem.,.c.

1901 5421 1932 5472 5
1957 5406 2021 5473 de
2048 5406 2261 5472 Anime
2288 5415 2487 5477 attulit,
2526 5421 2584 5466 ut
2613 5406 2929 5484 corpoream
2962 5408 3034 5463 ibi
3072 5406 3489 5484 astrueret:_lla-

1901 5490 2058 5544 betur
2080 5494 2258 5542 autem
2289 5486 2439 5557 apud
2454 5475 2751 5557 Lucretium
2780 5484 2879 5550 (De
2911 5483 3116 5557 ljerum
3142 5475 3402 5557 .Nat.“l‘ib.
3428 5475 3492 5543 ι),

1902 5561 2164 5615 adversus
2210 5544 2366 5624 cujus
2412 5554 2605 5610 deliria
2640 5544 2874 5624 disputat
2919 5548 3242 5614 Lactantius,
3282 5544 3378 5599 lib.
3412 5559 3492 5600 vt!

1906 5632 2093 5686 Instit.
2129 5630 2246 5684 Div.
2276 5626 2353 5681 LE
2383 5628 2477 5681 Pa.
