4018 6192
420 356 527 415 403

1139 351 1573 413 TERTULLIANI
1608 320 1875 413 (lPERUM
1913 351 2079 412 PARS
2118 354 2187 417 ll.
2227 384 2297 400 —
2332 353 2556 415 SERIES
2592 353 2635 427 Ι,
2675 352 3016 414 POLEMICA.

3606 351 3713 411 404

421 479 697 537 ricationis
726 488 937 549 notam;
974 494 1094 535 cum
1146 493 1206 533 se
1248 494 1279 533 a
1315 477 1596 534 daemoniis
1636 478 1787 549 quasi
1818 479 2008 534 Filium
2040 468 2087 547 A
2121 482 2206 538 nis
2234 480 2445 537 delictis
2488 478 2891 547 commaculati;
2923 494 3047 535 cum
3093 478 3344 550 qualibus
3380 481 3435 532 et
3488 476 3720 548 Aposto-

420 570 691 625 Creatoris
739 570 1026 625 sustineret
1082 566 1276 629 timeri,
1338 574 1397 621 ut
1450 568 1564 637 jam
1620 582 1729 624 non
1790 570 2008 640 prepria

422 666 680 730 potestate
732 656 1021 727 expelleret
1087 654 1374 722 daemonia,
1439 656 1534 710 sed
1591 672 1686 729 per
1741 656 2010 713 Creatoris

421 746 811 803 auctoritatem.
891 744 949 796 In
1004 742 1353 798 solitudinem
1410 744 1671 813 procedit.
1742 744 2010 802 Solemnis

422 843 475 889 et
502 831 813 902 hujusmodi
844 833 991 901 regio
1041 831 1324 887 Creatoris.
1372 830 1668 902 Oportebat
1709 848 2011 888 sermonem

424 921 533 975 illic
564 935 777 991 quoque
807 919 977 973 videri
1006 919 1063 973 in
1109 934 1353 989 corpore,
1387 920 1477 974 ubi
1516 930 1699 991 egerat
1725 921 2013 993 aliquando

372 1000 375 1001 ⁷
423 1017 477 1063 et
512 1008 566 1062 in
618 1008 782 1063 nube.
834 1007 1177 1078 Competebat
1207 1017 1258 1062 et
1292 1008 1586 1080 Evangelio
1630 1009 1843 1065 habitus
1884 1009 2009 1074 loci,

423 1096 515 1167 qui
546 1096 819 1165 placuerat
847 1102 899 1149 et
932 1097 1081 1164 Legi.
1132 1097 1333 1167 Capiat
1380 1096 1557 1167 itaque
1586 1098 2016 1168 jucunditatem

423 1185 686 1250 solitudo,
721 1185 821 1239 hoc
849 1184 1013 1237 Isaias
1041 1186 1249 1253 (xxxv,
1284 1183 1331 1253 1)
1382 1183 1716 1253 promiserat.
1752 1187 2017 1239 Detentus

426 1271 599 1328 374
631 1271 897 1327 aturbis:
938 1272 1163 1343 Oportet
1192 1287 1300 1336 me,
1352 1271 1525 1342 inquit
1576 1274 1729 1340 (Luc.
1778 1288 1852 1339 1v,
1903 1273 2015 1344 42),

426 1354 556 1417 aliis
585 1361 912 1416 civitatibus
931 1363 1284 1416 annuntiare
1299 1377 1535 1433 regnum
1554 1363 1674 1417 Dei.
1698 1361 2019 1417 Ostendcrat

423 1451 533 1517 jam
566 1449 767 1504 alicubi
820 1450 989 1503 Deum
1040 1449 1236 1505 suum?
1266 1450 1385 1503 Non
1437 1458 1564 1519 puto
1613 1451 1787 1506 adhuc
1822 1466 2015 1522 usque.

428 1537 535 1591 Sed
577 1538 643 1592 de
689 1536 767 1592 eis
808 1537 1147 1608 loquebatur,
1192 1538 1283 1608 qui
1336 1538 1498 1593 alium
1567 1554 1787 1611 quoque
1843 1540 2019 1595 Deum

428 1636 705 1682 noverant.
758 1626 871 1682 Nec
919 1628 1020 1682 hoc
1060 1626 1240 1681 credo.
1294 1628 1439 1697 Ergo
1484 1628 1527 1679 si
1578 1644 1678 1682 nec
1715 1628 1808 1682 ille
1859 1627 2019 1682 alium

427 1714 597 1769 Deum
641 1714 961 1779 crediderat,
1012 1729 1109 1769 nec
1151 1714 1225 1769 illi
1262 1723 1522 1769 noverant
1566 1725 1761 1784 praeter
1797 1717 2019 1772 Creato-

427 1817 540 1858 rem
570 1802 813 1871 ejusdem
860 1801 959 1854 Dei
992 1816 1216 1872 regnum
1256 1802 1620 1875 portendebat,
1653 1820 1808 1876 quem
1843 1807 2021 1862 solum

429 1891 632 1946 sciebat
660 1899 845 1944 notum
876 1888 957 1944 eis
984 1888 1076 1959 qui
1108 1888 1416 1943 audiebant.

1054 2029 1275 2088 CAPUT
1308 2031 1399 2085 IX.

501 2152 579 2207 De
608 2159 686 2206 tot
715 2152 1007 2225 generibus
1054 2170 1301 2225 Operum,
1335 2156 1465 2227 quid
1499 2157 1682 2228 utique
1727 2157 1791 2211 ad
1842 2159 2022 2229 pisca-

432 2248 601 2296 turam
641 2242 894 2311 respexit,
924 2251 984 2297 ut
1021 2243 1087 2297 ab
1120 2243 1209 2298 illa
1256 2244 1311 2300 in
1341 2246 1615 2315 apostolos
1657 2256 1895 2303 sumeret
1932 2249 2021 2303 Si-

433 2346 643 2385 monem
691 2340 744 2385 et
788 2329 929 2387 ﬁlios
973 2333 1259 2389 Zebedaei‘?
1306 2351 1416 2390 non
1454 2336 1596 2390 enim
1636 2334 1860 2406 simplex
1909 2336 2024 2392 fac-

433 2425 545 2473 tum
573 2417 745 2473 videri
777 2427 969 2488 potest,
1037 2421 1103 2475 de
1149 2436 1256 2490 quo
1299 2430 1675 2493 argumentum
1724 2438 2021 2493 processu-

431 2524 549 2562 rum
581 2517 714 2574 erat,
757 2509 940 2564 dicens
983 2510 1135 2579 (Luc.
1185 2526 1242 2580 v,
1299 2512 1386 2582 10)
1431 2512 1586 2567 Petro
1624 2512 1909 2580 trepidanti
1955 2514 2024 2567 de

432 2596 652 2666 copiosa
678 2595 928 2670 indagine
958 2596 1186 2667 piscium
1236 2615 1248 2651 :
1287 2599 1363 2656 Ne
1414 2600 1573 2665 time,
1620 2600 1821 2656 abhinc
1872 2604 2024 2660 enim

436 2687 685 2743 homines
727 2689 839 2743 eris
868 2690 1113 2758 capiens.
1146 2687 1263 2741 Hoc
1308 2686 1449 2741 enim
1501 2688 1665 2755 dicto,
1699 2687 2021 2746 intellectum

433 2774 539 2829 illis
568 2774 895 2846 suggerebat
922 2774 1225 2844 adimpletae
1272 2774 1588 2844 prophetiae,
1624 2790 1684 2830 se
1731 2791 1854 2830 eum
1902 2795 2025 2833 esse

435 2862 528 2932 qui
561 2878 655 2934 per
694 2861 1015 2917 Hieremiam
1050 2862 1419 2933 pronuntiaret
1448 2864 1680 2933 (Jerem.
1723 2882 1841 2933 xvr,
1876 2866 1963 2931 16)
2007 2882 2019 2921 ;

440 2952 572 3005 Ecce
594 2966 685 3020 ego
713 2952 942 3005 mittam
970 2951 1276 3021 piscatores
1305 2953 1534 3017 multos,
1571 2955 1627 3006 et
1652 2953 2025 3025 piscabuntur

2115 571 2200 626 lus
2232 570 2282 642 (1
2323 572 2445 627 Cor.
2475 586 2534 637 v,
2570 570 2666 639 11)
2687 569 2874 626 cibum
2896 584 3113 637 quoque
3130 573 3279 623 vetat
3300 581 3522 622 sumere
3552 586 3569 622 :
3593 582 3716 636 par-

2120 658 2334 730 ticipari
2363 658 2511 715 enim
2551 658 2803 730 stigmata
2849 656 3187 722 delictorum,
3229 655 3384 725 quasi
3430 671 3502 741 ex
3534 666 3717 711 conta-

2118 748 2294 819 gione,
2327 749 2371 803 si
2422 746 2543 818 quis
2589 763 2646 801 se
2695 762 2816 801 cum
2858 752 3142 816 peccatore
3180 744 3476 799 miscuerit.
3530 744 3715 817 Itaque

2122 836 2382 891 Dominus
2408 835 2596 891 volens
2632 833 2794 889 altius
2838 833 3065 905 intelligi
3112 834 3331 904 Legem,
3391 848 3485 902 per
3527 847 3716 887 carna-

2122 923 2195 977 lia
2250 924 2511 994 spiritalia
2563 919 2995 993 signiﬁcantem,
3057 928 3109 974 et
3166 922 3269 974 hoc
3334 919 3551 975 nomine
3607 936 3717 975 non

2121 1011 2423 1080 destruens,
2458 1009 2552 1066 sed
2602 1010 2776 1081 magis
2828 1017 3109 1063 exstruens
3154 1024 3315 1079 quam
3363 1008 3720 1078 pertinentius

2125 1100 2334 1154 volebat
2361 1099 2602 1173 agnosci,
2650 1098 2822 1170 tetigit
2868 1097 3164 1167 leprosum,
3196 1112 3225 1151 a
3267 1112 3373 1167 quo
3419 1099 3517 1152 etsi
3556 1098 3720 1152 homo

2126 1187 2392 1257 inquinari
2439 1186 2724 1257 potuisset,
2783 1188 2927 1241 Deus
2971 1186 3156 1255 utique
3188 1199 3294 1239 non
3325 1184 3719 1255 inquinaretur,

2129 1274 2617 1330 incontaminabilis
2661 1273 2885 1328 scilicet.
2943 1274 3021 1328 Ita
3068 1287 3175 1327 non
3222 1272 3602 1341 praescribetur
3640 1272 3722 1327 illi

2128 1363 2273 1434 quod
2312 1363 2552 1417 debuerit
2599 1361 2775 1436 legem
2823 1362 3133 1428 observare,
3164 1368 3217 1415 et
3258 1375 3364 1415 non
3410 1360 3725 1432 contingere

2128 1451 2483 1516 immundum,
2514 1465 2677 1522 quem
2718 1456 2994 1504 contactus
3038 1447 3300 1527 immundi
3351 1462 3460 1501 non
3492 1452 3607 1503 erat
3633 1448 3721 1502 in-

2130 1540 2468 1610 quinaturus.
2519 1540 2635 1594 Hoc
2669 1536 2843 1608 magis
2892 1553 3011 1593 meo
3060 1536 3273 1591 Christo
3310 1544 3614 1607 competere
3644 1537 3728 1593 sic

2128 1628 2319 1695 doceo,
2353 1628 2481 1680 dum
2512 1634 2605 1681 tuo
2635 1640 2746 1679 non
2775 1632 3084 1693 competere
3112 1624 3444 1679 demonstro.
3477 1625 3533 1679 Si
3576 1623 3725 1679 enim

2128 1726 2187 1770 ut
2250 1716 2476 1770 aemulus
2547 1712 2683 1787 legis
2739 1712 2913 1787 tetigit
2969 1712 3266 1783 leprosum,
3322 1711 3453 1765 nihil
3520 1711 3730 1768 faciens

2130 1817 2448 1873 praeceptum
2508 1801 2679 1873 legis,
2734 1816 2833 1873 per
2902 1806 3269 1870 contemptum
3312 1798 3730 1871 inquinamenti,

2130 1892 2402 1963 quomodo
2432 1902 2610 1962 posset
2639 1889 2927 1962 inquinari,
2962 1888 3053 1961 qui
3087 1904 3285 1960 corpus
3334 1903 3444 1944 non
3492 1889 3731 1944 habebat

2130 1980 2281 2048 quod
2354 1979 2762 2051 inquinaretur?
2837 1979 3151 2048 phantasma
3232 1976 3376 2032 enim
3456 1977 3733 2046 inquinari

2128 2066 2293 2126 375
2320 2083 2427 2124 non
2463 2075 2665 2139 posset.
2716 2066 2817 2133 Qui
2867 2081 2999 2138 ergo
3063 2064 3332 2136 inquinari
3370 2081 3475 2121 non
3514 2074 3731 2136 poterat

2128 2166 2188 2213 ut
2216 2160 2545 2229 phantasma,
2575 2157 2691 2226 jam
2719 2172 2830 2210 non
2878 2155 3070 2210 virtute
3112 2154 3292 2210 divina
3329 2154 3726 2210 incontamina-

2131 2248 2252 2303 bilis
2296 2247 2415 2310 erit,
2476 2245 2573 2299 sed
2615 2243 2999 2316 phantasmatis
3057 2243 3366 2298 inanitate:
3432 2259 3529 2297 nec
3593 2257 3730 2297 con-

2132 2335 2422 2404 tempsisse
2449 2332 2617 2387 videri
2669 2340 2844 2402 potest
2881 2330 3366 2401 inquinamentum,
3412 2330 3567 2398 cujus
3612 2346 3730 2384 ma-

2130 2423 2321 2478 teriam
2359 2437 2468 2477 non
2502 2420 2727 2475 habebat
2768 2437 2781 2473 :
2845 2421 2918 2473 ita
2980 2434 3081 2474 nec
3146 2420 3323 2487 legem
3369 2418 3726 2485 destruxisse,

2131 2512 2223 2582 qui
2288 2509 2750 2580 inquinamentum
2834 2522 2897 2561 ex
2966 2505 3250 2562 occasione
3317 2505 3728 2577 phantasmatis,

2132 2615 2243 2654 non
2308 2614 2373 2654 ex
2424 2597 2790 2654 ostentatione
2842 2595 3057 2651 virtutis
3113 2604 3374 2651 evaserat.
3435 2594 3493 2651 Si
3549 2604 3731 2649 autem

2130 2686 2375 2753 Elisaeus,
2450 2684 2745 2754 pr0phetes
2812 2683 3103 2748 Creatoris,
3174 2685 3390 2737 unicum
3453 2684 3729 2753 leprosum

2131 2776 2368 2829 Naaman
2399 2790 2585 2844 syrum
2615 2790 2679 2829 ex
2730 2781 2807 2829 tot
2842 2772 3078 2843 leprosis
3120 2772 3371 2827 israelitis
3424 2772 3733 2829 emendavit

2136 2864 2229 2933 ([V
2287 2866 2413 2934 Reg.
2471 2879 2524 2929 v,
2585 2860 2695 2931 14),
2748 2876 2850 2915 nec
2899 2863 3000 2917 hoc
3063 2861 3129 2915 ad
3183 2861 3546 2915 diversitatem
3603 2860 3735 2916 facit

2134 2951 2350 3017 Christi,
2400 2951 2555 3022 quasi
2595 2951 2701 3005 hoc
2759 2949 2919 3005 modo
2959 2948 3217 3015 melioris,
3261 2950 3391 3004 dum
3435 2949 3731 3005 Israelitem

436 3040 599 3107 illos;
644 3039 890 3095 homines
938 3039 1160 3095 scilicet.
1209 3040 1449 3111 Denique
1509 3041 1710 3096 relictis
1770 3043 2031 3099 naviculis
2063 3045 2107 3123 ε
2137 3041 2414 3110 leprosum
2437 3037 2826 3094 emundavit62
2880 3047 3185 3103 extraneus,
3232 3053 3392 3108 quem
3442 3054 3573 3093 suus
3622 3038 3730 3092 do-

435 3127 608 3182 secuti
649 3136 772 3182 sunt
820 3143 975 3195 eum;
1012 3129 1186 3197 ipsum
1226 3128 1609 3204 intelligentes,
1658 3130 1751 3202 qui
1791 3140 2030 3203 coaperat

436 3217 613 3273 facere
641 3217 784 3288 quod
816 3217 1074 3274 edixerat.
1110 3216 1273 3272 Aliud
1306 3227 1407 3288 est,
1442 3220 1486 3272 si
1519 3220 1809 3277 adfectavit
1838 3222 1904 3278 de
1934 3240 2033 3279 na-

437 3305 809 3364 viculariorum
841 3306 1071 3377 collegio
1112 3307 1371 3378 allegere,
1403 3308 1684 3364 habiturus
1724 3312 2030 3381 apostolum

437 3396 761 3467 quandoque
827 3395 1143 3449 nauclerum
1207 3395 1557 3452 Marcionem.
1617 3398 2030 3456 Praestruximus

438 3485 651 3555 quidem
682 3484 942 3540 adversus
971 3484 1309 3548 Antitheses,
1355 3482 1488 3539 nihil
1537 3484 1794 3553 proﬁcere
1824 3502 2029 3559 propo-

439 3572 544 3628 sito
593 3571 899 3637 Marcionis,
933 3588 1094 3643 quam
1136 3578 1307 3643 putat,
1358 3572 1723 3629 diversitatem
1764 3575 1928 3651 Legis
1978 3585 2032 3631 et

439 3660 740 3732 Evangelii,
767 3667 825 3715 ut
870 3667 924 3714 et
950 3662 1089 3714 hanc
1133 3676 1161 3714 a
1208 3660 1460 3715 Creatore
1505 3661 1839 3731 dispositam,
1871 3662 2029 3721 deni-

440 3764 548 3818 que
596 3748 937 3818 praedicatam
996 3749 1051 3801 in
1108 3745 1526 3818 repromissione
1584 3763 1737 3803 novae
1790 3751 1926 3824 legis
1981 3762 2033 3808 et

440 3833 881 3905 novi‘sermonis
924 3843 977 3887 et
1027 3835 1167 3890 Novi
1212 3835 1561 3890 Testamenti.
1620 3836 1723 3891 Sed
1779 3839 2031 3908 quoniam

440 3922 692 3977 attentius
740 3928 1149 3989 argumentatur
1219 3922 1365 3994 apud
1434 3922 1579 3977 illum
1634 3940 1788 3979 suum
1849 3928 2033 3984 nescio

440 4026 602 4080 quem
660 4010 1046 4082 συνταλαίπωρον
1094 4011 1230 4083 (20),
1292 4011 1349 4067 id
1407 4020 1489 4068 est
1560 4014 2031 4085 commiseronem,

440 4107 493 4155 et
549 4100 959 4172 συίιμισοὺμενον,
1022 4099 1075 4154 id
1159 4111 1256 4162 est,
1336 4100 1680 4169 coodibilem,
1729 4106 1781 4159 in
1837 4106 2033 4178 leprosi

447 4187 847 4261 purgationem,
886 4203 995 4242 non
1044 4188 1249 4262 pigebit
1294 4188 1342 4243 ei
1391 4204 1695 4256 occurrere,
1741 4203 1794 4247 et
1830 4193 1885 4247 in
1926 4195 2034 4263 pri-

443 4274 545 4329 mis
574 4274 820 4347 ﬁguratas
848 4275 988 4348 legis
1016 4276 1121 4331 vim
1166 4276 1488 4344 ostendere;
1521 4294 1640 4349 quae
1687 4279 1740 4333 in
1788 4283 2033 4351 exemplo

2138 3131 2316 3182 minus
2347 3128 2640 3183 emundare
2687 3141 2796 3181 non
2824 3125 3093 3192 valuerat;
3123 3126 3259 3196 Syro
3304 3125 3515 3181 facilius
3542 3141 3733 3180 emun-

2138 3221 2280 3284 dato,
2317 3217 2616 3291 signiﬁcato
2679 3216 2729 3253 6³
2780 3231 2876 3285 per
2934 3214 3179 3280 nationes
3231 3213 3624 3270 emundationis
3677 3215 3732 3265 in

2137 3308 2351 3363 Christo
2399 3305 2594 3361 lumine
2640 3320 2844 3373 earum,
2889 3319 3008 3374 quae
3048 3309 3252 3372 septem
3303 3302 3523 3357 maculis
3576 3302 3731 3373 capi-

2138 3397 2323 3450 talium
2360 3394 2674 3450 delictorum
2722 3392 2837 3462 (21)
2887 3392 3188 3458 inhorrent,
3239 3392 3560 3458 idololatria,
3608 3392 3732 3445 bla-

2138 3483 2406 3556 sphemia,
2454 3482 2764 3547 homicidio,
2801 3481 3084 3547 adulterio,
3130 3489 3340 3553 stupro,
3394 3480 3525 3536 falso
3570 3483 3734 3536 testi-

2137 3573 2342 3642 monio,
2373 3571 2581 3627 fraude.
2630 3570 2969 3642 QuaprOpter
3012 3573 3214 3643 septies
3270 3572 3421 3642 quasi
3472 3586 3569 3642 per
3622 3571 3735 3625 sin-

2139 3664 2298 3735 gulos
2327 3662 2509 3718 titulos
2540 3660 2593 3713 in
2635 3660 2867 3715 Jordane
2896 3660 3044 3726 lavit,
3085 3659 3243 3714 simul
3293 3668 3345 3715 et
3386 3668 3446 3715 ut
3486 3661 3655 3714 totius
3684 3661 3735 3698 6³⁸

2138 3750 2490 3806 hebdomadis
2516 3756 2725 3819 caperet
2762 3748 2813 3786 6⁵
2861 3748 3221 3819 expiationem
3271 3748 3356 3812 66;
3405 3747 3530 3820 quia
3574 3747 3740 3803 unius

2140 3839 2333 3896 lavacri
2360 3839 2442 3895 vis
2472 3846 2523 3894 et
2560 3837 2834 3908 plenitudo
2862 3837 3074 3892 Christo
3121 3837 3220 3892 soli
3257 3837 3556 3899 dicabatur,
3608 3836 3731 3890 fac-

2140 3939 2259 3985 turo
2306 3928 2359 3982 in
2405 3927 2583 3993 terris,
2630 3927 2768 3982 sicut
2814 3941 3122 3981 sermonem
3169 3925 3624 3997 compendiatum,
3660 3927 3739 3980 ita

2141 4028 2195 4074 et
2222 4018 2513 4073 lavacrum.
2560 4016 2696 4070 Nam
2737 4022 2791 4069 et
2846 4016 2950 4071 hoc
3004 4014 3228 4087 Opponit
3282 4013 3535 4078 Marcion,
3587 4012 3740 4069 Heli-

2141 4124 2310 4164 sazum
2362 4106 2578 4179 quidem
2624 4104 2845 4160 materia
2892 4105 3119 4177 eguisse,
3161 4120 3352 4175 aquam
3400 4103 3733 4167 adhibuisse,

2142 4204 2193 4252 et
2219 4209 2336 4250 eam
2365 4194 2605 4265 septies;
2637 4193 2910 4249 Christum
2958 4208 3090 4248 vero
3136 4194 3305 4247 verbo
3336 4192 3473 4258 solo,
3531 4201 3585 4246 et
3630 4193 3740 4247 hoc

2144 4285 2305 4339 semel
2374 4283 2613 4339 functum
2676 4283 2747 4348 6⁷,
2806 4283 3136 4337 curationem
3192 4281 3371 4337 statim
3436 4296 3739 4351 repraesen-

442 4363 643 4434 leprosi
672 4379 778 4419 non
825 4364 1193 4437 contingendi,
1248 4365 1357 4421 imo
1404 4367 1471 4421 ab
1518 4367 1664 4423 omni
1713 4371 2033 4426 commercio
2067 4372 2111 4449 ο
2146 4380 2305 4427 tasse.
2346 4370 2514 4439 Quasi
2548 4385 2654 4426 non
2684 4370 2906 4426 audeam
2936 4377 2988 4424 et
3014 4371 3237 4425 verbum
3293 4369 3468 4440 ipsum
3511 4368 3565 4423 in
3595 4369 3736 4423 sub-

441 4451 831 4519 submovendi,
884 4453 1422 4510 communicationem
1478 4456 1795 4527 prohibebat
1854 4459 2030 4514 homi-

2144 4458 2395 4515 stantiam
2442 4459 2710 4517 Creatoris
2773 4457 3065 4516 vindicare.
3114 4458 3324 4515 Nullius
3364 4458 3438 4513 rei
3481 4472 3589 4513 non
3640 4457 3737 4512 ille

1797 4582 1986 4647 Variae
2014 4588 2321 4649 lectiones.

510 4690 560 4729 62
586 4690 852 4772 Emundat
882 4692 1051 4751 Seml.
1076 4695 1126 4734 6³
1154 4694 1430 4768 Signiﬁcat
1461 4698 1631 4756 Seml.
1655 4697 1703 4737 64
1729 4698 1909 4756 Toties
1941 4700 2062 4772 Rig.
2102 4701 2286 4758 Venet.
2317 4698 2369 4737 ⁸⁵
2396 4698 2621 4755 Caneret
2660 4697 2780 4768 Rig.
2815 4698 2999 4753 Venet.
3031 4697 3081 4737 66
3119 4697 3183 4752 Et
3230 4699 3402 4756 inser.
3459 4697 3627 4755 Seml.
3684 4696 3739 4735 5"

443 4760 644 4819 Functo
672 4765 842 4821 Seml.

1816 4841 2312 4906 Commentarius.

509 4977 621 5058 (20)
652 4978 810 5049 Apud
837 4979 1008 5058 illam
1036 4996 1203 5036 suum
1249 4982 1432 5058 nescio
1463 4998 1645 5058 quem,
1678 4992 1782 5038 etc.
1814 4983 1858 5058 Ε
1890 4998 2030 5036 mar-

440 5048 568 5119 gine
598 5048 653 5101 in
681 5048 884 5124 textum
922 5050 1252 5121 irrepserunt
1297 5048 1765 5124 interpretationes
1808 5053 2028 5110 Graeca-

441 5134 558 5173 rum
588 5134 800 5175 vocum.
834 5120 908 5173 LE
939 5124 1035 5177 Pa.

514 5189 627 5259 (21)
686 5192 1205 5265 Septem_maculis
1266 5195 1609 5265 capitalium
1668 5194 2028 5251 delictorum.

440 5259 624 5330 Longe
663 5259 819 5314 aliam
840 5332 843 5333 ν
863 5262 1033 5333 habes
1062 5279 1224 5332 quam
1269 5259 1390 5333 qua:
1420 5264 1777 5319 communiter
1805 5266 2033 5320 traditur

440 5341 641 5401 septem
661 5332 968 5401 capitalium
992 5332 1313 5388 delictorum
1337 5334 1819 5403 enumerationem,
1841 5344 2030 5402 utpote

440 5417 563 5475 cum
594 5403 681 5457 hic
707 5412 1089 5475 enumerantur
1118 5403 1822 5475 idololatrigblasphemia,
1858 5407 2033 5460 homi-

439 5473 664 5539 cidium,
713 5472 1054 5538 adulterium,
1094 5479 1358 5541 stuprum,
1390 5472 1605 5528 falsum'
1638 5476 2028 5542 testimonium,

440 5555 502 5619 et_
522 5545 684 5599 fraus.
704 5543 971 5619 Quorum“
986 5542 1287 5619 idololatria
1308 5556 1371 5619 et
1426 5545 1760 5619 blasphemia
1801 5558 2033 5619 possunt

439 5614 506 5667 ad
538 5615 846 5686 superbiam
887 5614 1092 5679 referri,
1125 5616 1474 5674 homicidium
1512 5618 1582 5673 ad
1618 5616 1774 5690 iram,
1801 5614 2031 5677 'adulte-

2138 4982 2278 5037 rium
2304 4988 2356 5036 et
2384 4988 2630 5051 stuprum
2669 4980 2739 5033 ad
2784 4980 3073 5051 luxuriam,
3120 4979 3312 5035 falsum
3366 4980 3740 5036 testimonium

2137 5062 2192 5108 et
2222 5054 2366 5107 fraus
2406 5052 2473 5106 ad
2523 5052 2832 5114 avaritiam;
2879 5053 2971 5107 sed
3011 5054 3284 5108 restabunt
3329 5061 3607 5121 praeterea,
3642 5052 3737 5105 in-

2138 5124 2299 5187 vidia,
2342 5123 2483 5194 gula,
2510 5131 2561 5177 et
2589 5122 2793 5178 acedia.
2825 5124 2947 5178 Tria
2989 5132 3170 5179 autem
3213 5139 3278 5178 ex
3326 5124 3409 5180 bis
3455 5139 3743 5177 enumera-

2142 5196 2205 5248 tis
2262 5194 2618 5259 adulterium,
2678 5194 2947 5259 fraudem,
3003 5194 3375 5257 homicidium,
3430 5194 3739 5263 Cyprianus

2139 5265 2298 5320 etiam
2364 5269 2505 5319 inter
2546 5264 2786 5320 mortalia
2824 5265 3051 5319 crimina
3098 5264 3269 5334 ponit,
3319 5266 3408 5318 lib.
3468 5266 3533 5319 de
3580 5267 3737 5320 Bono

2140 5338 2462 5391 Patientia.
2495 5338 2694 5391 Auctor
2720 5336 2951 5401 denique
2983 5337 3075 5390 lib.
3107 5337 3172 5391 de
3201 5337 3507 5400 Pudicitia,
3540 5338 3737 5390 eadem

2140 5408 2243 5460 ista
2272 5407 2410 5461 inter
2438 5407 2686 5477 graviora
2728 5416 2781 5463 et
2822 5407 3070 5475 exitiosa,
3101 5408 3210 5461 imo
3246 5416 3301 5462 et
3346 5406 3592 5461 mortalia
3632 5424 3739 5461 nu-

2141 5484 2327 5545 merat,
2360 5488 2558 5548 prater
2609 5478 2799 5532 falsum
2855 5478 3242 5547 testimonium,
3282 5478 3435 5547 cujus
3492 5478 3610 5531 loco
3658 5477 3732 5531 ibi

2139 5550 2479 5618 negationem
2546 5549 2728 5612 addit,
2787 5548 3190 5605 fornicationem
3256 5549 3366 5604 illic
3430 5549 3735 5621 appellans,

2138 5637 2300 5694 quam
2333 5623 2419 5678 hic
2449 5628 2695 5691 stuprum
2724 5634 2872 5675 more
2900 5635 3019 5675 suo.
3054 5621 3190 5676 Pam.
