4018 6192
257 281 360 341 405

1469 291 1594 352 LIB.
1635 293 1706 354 IV
1743 295 1900 360 ADV.
1940 301 2343 365 MARCIONEM.

3445 307 3550 368 406

259 407 434 481 potior
480 409 818 502 auctor,_qui
857 411 1026 482 prior.
1065 415 1386 472 Incredibile
1425 418 1600 488 plane,
1641 427 1702 478 ut
1745 439 1846 492 po-
1877 414 1924 492 Α
1955 428 2188 484 advenit.
2221 426 2450 484 Proinde
2498 427 2546 482 si
2587 433 2645 482 ut
2701 427 2880 484 sciens
2921 443 3138 485 omnem
3167 429 3258 502 qui
3290 429 3442 501 lepra
3479 430 3547 484 li-

262 506 421 553 testas
473 497 746 554 Creatoris
789 502 958 556 verbo
1009 502 1308 559 remedium
1357 506 1470 564 vitii
1510 509 1668 564 unius
1705 526 1844 582 ope—

261 594 368 642 rata
402 585 492 656 sit,
541 603 662 658 quae
717 590 883 644 verbo
935 598 1136 647 tantam
1191 595 1380 649 mundi
1433 597 1632 653 molem
1679 603 1846 657 semel

261 675 502 748 protulit.
552 676 708 733 Unde
753 678 924 748 magis
959 679 1295 753 dignoscitur
1334 684 1576 741 Christus
1623 687 1846 746 Creato-

259 764 344 829 ris,
375 779 542 835 quam
580 780 646 820 ex
683 765 834 844 verbi
866 775 1134 837 potestate
1156 771 1183 824 ‘P
1222 770 1330 827 Sed
1359 772 1481 829 ideo
1521 775 1657 830 alius
1683 777 1846 833 Chri-

258 859 390 916 stus,
447 852 576 922 quia
637 853 792 910 aliter
847 871 1008 924 quam
1063 857 1344 930 Helisaeus,
1403 862 1530 933 quia
1577 867 1846 933 potentior

259 941 508 998 dominus
559 940 767 998 famulo
823 959 944 1000 suo.
1009 944 1153 1012 Quid
1205 949 1506 1020 constituis,
1583 954 1844 1022 Marcion,

259 1029 482 1100 proinde
531 1045 620 1083 res
659 1030 751 1102 agi
791 1047 822 1085 a
871 1033 1062 1102 servis,
1117 1038 1566 1104 quemadmodum
1595 1042 1664 1096 ab
1715 1043 1846 1112 ipsis

256 1117 535 1174 dominis?
573 1119 695 1172 Non
737 1118 892 1176 times
937 1137 1008 1176 ne
1054 1122 1110 1176 in
1147 1125 1379 1180 dedecus
1415 1126 1513 1181 tibi
1569 1139 1756 1200 vertat,
1798 1133 1844 1186 si

254 1208 372 1262 ideo
413 1208 690 1263 Christum
727 1223 894 1279 negas
923 1209 1213 1278 Creatoris,
1241 1215 1376 1286 quia
1414 1217 1688 1285 potentior
1715 1219 1840 1277 fue-

257 1299 318 1353 rit
364 1297 568 1354 famulo
637 1297 916 1366 Creatoris,
977 1301 1072 1372 qui
1125 1303 1191 1357 ad
1250 1303 1434 1360 Elismi
1501 1307 1843 1377 pusillitatem

255 1390 422 1458 major
449 1388 780 1458 agnoscitur,
813 1389 860 1442 si
899 1400 1074 1446 tamen
1104 1395 1280 1462 major
1305 1393 1332 1447 ?
1377 1395 1478 1450 Par
1506 1397 1650 1453 enim
1681 1415 1840 1454 cura-

255 1473 342 1545 tio,
401 1478 530 1530 licet
585 1477 744 1532 distet
800 1479 1059 1549 operatio.
1118 1479 1266 1548 Quid
1306 1483 1537 1554 amplius
1595 1487 1842 1554 praestitit

253 1573 370 1622 tuus
411 1565 678 1638 Christus,
709 1583 868 1638 quam
897 1583 1052 1624 meus
1079 1569 1306 1626 Elisaeus
1327 1573 1354 1626 ἱ)
1383 1573 1518 1644 Imo,
1549 1574 1677 1646 quid
1719 1593 1840 1631 ma-

253 1671 422 1727 gnum
451 1656 706 1727 praestitit
739 1656 816 1713 tui
843 1657 1046 1714 Christi
1083 1661 1308 1716 verbum
1337 1663 1365 1716 ἱ)
1393 1679 1518 1718 cum
1544 1663 1599 1718 id
1629 1666 1844 1736 praesti-

253 1743 376 1800 terit
430 1750 572 1815 quod
611 1745 808 1802 ﬂuvius
860 1745 1155 1802 Creatoris.
1204 1748 1510 1806 Secundum
1551 1753 1687 1822 haec,
1726 1771 1840 1810 caa—

255 1839 369 1888 tera
407 1848 618 1903 quoque
659 1841 969 1892 occurrunt.
1015 1833 1292 1903 Quantum
1330 1839 1474 1893 enim
1529 1841 1596 1896 ad
1653 1842 1841 1916 gloriae

261 1922 510 1976 humanae
553 1921 884 1979 eversionem
935 1923 1250 1994 pertinebat,
1285 1927 1450 1981 vetuit
1496 1945 1618 1984 eum
1660 1931 1842 1987 divul-

255 2024 388 2082 gare
421 2026 437 2062 :
467 2019 721 2079 quantum
759 2008 936 2068 376
971 2021 1148 2068 autem
1187 2015 1254 2068 ad
1284 2015 1502 2071 tutelam
1533 2016 1686 2090 legis,
1715 2021 1841 2087 jus-

249 2099 320 2151 sit
343 2097 590 2152 ordinem
623 2099 832 2168 impleri
867 2118 878 2153 :
925 2102 1077 2166 Vade,
1112 2104 1338 2160 ostende
1373 2109 1426 2161 te
1459 2107 1762 2170 sacerdoti,
1785 2113 1842 2164 et

245 2188 396 2256 offer
443 2201 657 2242 munus
713 2189 856 2259 quod
906 2193 1180 2263 praecepit
1221 2193 1448 2264 Moyses.
1511 2193 1845 2268 Argumenta

247 2276 388 2330 enim
451 2274 682 2346 ﬁgurata
731 2285 914 2348 utpote
971 2279 1020 2316 68
1064 2282 1344 2350 prophetae
1393 2283 1442 2320 69
1489 2283 1630 2354 legis
1667 2285 1846 2342 adhuc

243 2363 298 2417 in
323 2363 444 2418 suis
489 2363 818 2436 imaginibus
860 2368 1130 2434 tuebatur,
1170 2385 1288 2440 quae
1325 2369 1703 2442 signiﬁcabant
1739 2375 1842 2430 ho-

245 2450 448 2508 minem
485 2454 758 2523 quondam
787 2465 1143 2524 peccatorem,
1177 2459 1341 2514 verbo
1393 2474 1517 2514 mox
1557 2460 1654 2516 Dei
1692 2477 1844 2516 ema-

241 2541 508 2607 culatum,
541 2541 740 2597 offerre
769 2543 962 2599 debere
993 2561 1192 2600 munus
1221 2548 1336 2602 Deo
1383 2548 1524 2616 apud
1556 2551 1838 2620 templum,

207 2630 552 2688 «orationem
579 2631 788 2688 scilicet
813 2641 866 2688 et
917 2633 1186 2688 actionem
1223 2635 1514 2704 gratiarum
1563 2637 1704 2706 apud
1731 2639 1842 2693 Ec—

245 2717 484 2786 clesiam,
519 2735 617 2790 per
647 2720 916 2792 Christum
959 2722 1140 2777 Jesum
1188 2723 1510 2782 catholicum
1539 2725 1712 2780 Patris
1750 2741 1843 2784 sa-

243 2806 546 2862 cerdotem.
587 2809 772 2879 Itaque
819 2810 1014 2880 adjecit
1043 2831 1055 2868 :
1099 2813 1164 2868 Ut
1199 2814 1280 2867 sit
1309 2813 1456 2870 vobis
1483 2815 1548 2868 in
1587 2817 1842 2871 testimo-

245 2899 446 2964 nium;
503 2898 624 2952 sine
681 2898 864 2964 dubio,
914 2915 1018 2970 quo
1067 2900 1364 2956 teStabatur
1409 2917 1468 2956 se
1513 2903 1692 2974 legem
1731 2919 1840 2959 non

1953 517 2172 572 beratus
2219 526 2362 572 esset
2417 516 2490 570 ita
2541 515 2823 582 facturum,
2855 517 2977 572 ideo
3025 518 3280 588 princepit
3333 534 3534 574 munus

1951 606 2169 672 offerre,
2199 604 2375 677 potuit
2403 613 2458 661 et
2477 620 2584 660 non
2613 606 2938 676 prmcepisse
2976 607 3123 676 quod
3169 607 3373 664 sciebat
3401 608 3546 664 ultro

1953 695 2218 754 futurum.
2267 697 2328 750 In
2383 711 2582 752 vanum
2639 711 2770 767 ergo
2826 695 3098 750 descendit
3161 697 3314 766 quasi
3365 699 3542 770 legem

1953 785 2340 847 destructurus,
2401 799 2528 839 cum
2575 782 2714 838 cedit
2769 783 3181 838 obsecutoribus
3223 784 3384 855 legis.
3441 785 3544 840 At-

1951 873 2080 944 quin
2136 872 2290 944 quasi
2345 872 2522 928 sciens
2575 871 2804 928 formam
2856 887 3060 938 eorum,
3119 873 3294 945 magis
3341 873 3409 926 ab
3478 889 3544 928 ea

1950 962 2264 1016 avertendos
2292 961 2584 1030 praevenire
2631 961 2914 1028 debuerat,
2963 961 3011 1015 si
3058 963 3114 1015 in
3152 961 3254 1016 hoc
3299 968 3543 1016 venerat.

1949 1049 2055 1103 Cur
2098 1065 2230 1120 ergo
2269 1048 2317 1088 73
2365 1065 2474 1104 non
2521 1050 2706 1115 tacuit,
2739 1055 2798 1104 ut
2838 1051 2998 1106 homo
3043 1049 3160 1102 solo
3189 1064 3286 1104 suo
3315 1048 3541 1104 arbitrio

1953 1137 2054 1210 legi
2082 1138 2368 1194 obediret‘?
2415 1147 2542 1194 tunc
2587 1139 2732 1192 enim
2773 1138 3108 1208 aliquatenus
3149 1145 3330 1207 posset
3367 1136 3538 1194 videri

1949 1225 2218 1294 patientiae
2268 1241 2380 1281 suae
2430 1227 2766 1297 praestitisse.
2808 1227 2914 1282 Sed
2942 1227 3122 1297 adjicit
3158 1227 3317 1282 etiam
3349 1233 3542 1282 aucto-

1948 1314 2160 1370 ritatem
2191 1331 2343 1371 suam
2372 1325 2752 1390 exaggeratam
2799 1314 3086 1371 testimonii
3135 1315 3394 1386 pondere.
3429 1315 3543 1370 Cu-

1942 1404 2038 1473 jus
2075 1405 2186 1472 jam
2235 1406 2545 1469 testimonii,
2597 1404 2700 1459 nisi
2739 1405 2879 1476 legis
2909 1405 3176 1461 assertte?
3208 1406 3360 1461 Certe
3405 1404 3540 1459 nihil

1947 1491 2168 1547 interest
2215 1493 2492 1564 quomodo
2543 1492 2832 1548 firmaverit
2873 1493 3078 1565 legem,
3139 1491 3254 1547 sive
3299 1509 3404 1562 qua
3447 1493 3544 1547 bo-

1951 1595 2072 1644 nus,
2103 1578 2216 1635 sive
2246 1595 2351 1651 qua
2381 1596 2770 1649 supervacuus,
2801 1581 2915 1638 sive
2962 1578 3136 1635 377
3169 1596 3275 1651 qua
3307 1579 3541 1648 patiens,

1953 1667 2064 1726 sive
2121 1683 2229 1740 qua
2283 1668 2619 1736 inconstans,
2659 1668 2786 1723 dum
2838 1677 2909 1736 te,
2959 1669 3214 1734 Marcion,
3256 1669 3323 1724 de
3370 1669 3545 1740 gradu

1952 1756 2142 1828 pellam
2191 1755 2326 1828 (22).
2379 1758 2516 1812 Ecce
2563 1757 2822 1828 praecepit
2877 1757 3054 1826 legem
3102 1755 3331 1826 impleri.
3389 1756 3539 1823 Quo-

1947 1859 2171 1916 cumque
2200 1845 2362 1901 modo
2393 1847 2647 1916 praecepit
2667 1846 2736 1912 7",
2769 1846 2962 1899 eodem
2997 1843 3169 1912 potuit
3206 1844 3368 1897 etiam
3399 1844 3542 1898 illam

1948 1934 2274 2006 praemisisse
2317 1935 2536 2002 (Matth.
2587 1951 2637 1992 ν.
2693 1933 2782 2004 17)
2823 1932 3144 1988 sententiam
3185 1947 3200 1984 :
3244 1932 3366 1986 Non
3411 1933 3539 1988 veni

1953 2023 2126 2093 legem
2156 2021 2472 2088 dissolvere,
2501 2024 2597 2078 sed
2621 2022 2950 2094 adimplere.
2979 2020 3120 2089 Quid
3159 2033 3290 2092 ergo
3323 2018 3418 2072 tibi
3447 2017 3547 2073 fuit

1951 2107 2020 2163 de
2065 2108 2352 2180 Evangelia
2401 2107 2629 2162 erasisse
2661 2107 2806 2177 quod
2855 2105 3062 2161 salvum
3101 2103 3231 2160 est?
3262 2103 3542 2160 confessus

1951 2211 2012 2251 es
2053 2195 2198 2252 enim
2251 2211 2362 2266 prae
2417 2195 2656 2251 bonitate
2705 2194 2896 2251 fecisse
2953 2195 3124 2262 illum,
3170 2195 3316 2265 quod
3374 2209 3544 2266 negas

1951 2284 2171 2342 dixisse.
2217 2285 2436 2340 Constat
2483 2299 2611 2355 ergo
2657 2283 2860 2340 dixisse
2907 2283 3084 2346 illum,
3125 2281 3253 2354 quia
3297 2291 3352 2337 et
3383 2281 3540 2348 fecit;

1949 2380 2003 2428 et
2033 2383 2084 2428 te
2113 2373 2287 2442 potius
2325 2388 2514 2429 vocem
2555 2373 2770 2428 Domini
2817 2373 2932 2442 (23)
2981 2373 3050 2427 de
3085 2370 3381 2442 Evangelio
3410 2386 3538 2426 era-

1951 2461 2089 2518 sisse
2127 2461 2194 2529 75,
2239 2478 2400 2534 quam
2438 2471 2652 2520 nostros
2677 2461 2940 2530 injecisse.

2574 2601 2805 2660 CAPUT
2841 2604 2916 2658 Χ.

2023 2729 2256 2786 Curatur
2303 2737 2358 2784 et
2419 2729 2744 2800 paralyticus
2801 2729 2958 2799 (Luc.
3007 2727 3084 2797 v),
3137 2735 3190 2782 et
3230 2726 3446 2798 quidem
3485 2726 3543 2781 in

1951 2823 2098 2873 ccetu
2127 2825 2404 2890 Spectante
2451 2817 2678 2889 populo.
2739 2818 2942 2874 Videbit
2972 2815 3139 2880 enim,
3171 2815 3346 2886 inquit
3375 2814 3542 2870 Isaias

1949 2905 2142 2974 (xxxv,
2174 2910 2204 2960 2
2237 2907 2430 2980 seqq),
2477 2909 2721 2978 populus
2755 2906 3167 2962 sublimitatem
3196 2904 3446 2974 Domini,
3486 2908 3546 2958 et

246 2986 566 3052 dissolvere,
613 2988 710 3041 sed
756 2987 1056 3061 adimplere
1081 3008 1095 3060 ;
1144 3005 1251 3062 quo
1281 2993 1574 3052 testabatur
1612 2993 1852 3063 seipsum
1881 2999 1924 3078 ο
1953 2997 2196 3065 gloriam
2233 2999 2348 3051 Dei.
2390 2995 2562 3062 Quam
2588 2995 2968 3050 sublimitatem
2999 3003 3052 3050 et
3077 3010 3242 3066 quam
3271 2993 3496 3064 gloriam
3517 2997 3545 3050 ε)

245 3090 384 3142 esse,
415 3076 510 3148 qui
537 3079 764 3134 morbos
802 3087 857 3134 et
889 3081 1236 3136 valetudines
1275 3096 1460 3136 eorum
1494 3089 1848 3155 suscepturus

251 3167 678 3222 annuntiabatur.
729 3167 879 3223 Hanc
925 3173 1032 3223 tam
1077 3169 1128 3208 ⁷ο
1171 3181 1564 3242 congruentem
1605 3181 1660 3227 et
1689 3172 1845 3228 debi-

249 3259 352 3306 tam
407 3255 906 3324 interpretationem
969 3257 1256 3313 testimonii
1333 3259 1574 3314 adnlator
1641 3261 1846 3315 Christi

245 3339 328 3394 sui
356 3343 618 3410 Marcion,
663 3345 766 3399 sub
803 3346 1030 3401 obtentu
1075 3348 1506 3403 mansuetudinis
1533 3357 1586 3405 et
1613 3347 1845 3406 lenitatis

247 3433 440 3499 quierit
483 3433 788 3488 excludere.
837 3435 974 3490 Nam
1021 3443 1074 3491 et
1116 3437 1315 3504 bonus,
1357 3435 1548 3508 inquit,
1584 3449 1846 3508 praeterea

249 3520 426 3574 sciens
465 3535 708 3590 omnem,
747 3523 842 3592 qui
889 3525 1037 3594 lepra
1067 3533 1210 3580 esset
1255 3525 1536 3592 liberatus,
1582 3527 1846 3582 solemnia

249 3607 382 3680 legis
450 3619 838 3678 executurum,
887 3613 1011 3668 ideo
1047 3613 1122 3668 ita
1169 3614 1440 3686 praecepit.
1489 3615 1630 3681 Quid
1689 3616 1845 3670 tum?

251 3695 684 3754 Perseveravitne
713 3701 768 3754 in
801 3701 1058 3768 bonitate,
1103 3704 1154 3758 id
1201 3711 1306 3766 est,
1359 3703 1718 3772 permissione
1760 3707 1842 3760 le-

251 3785 352 3853 gis,
379 3802 448 3842 an
495 3803 608 3842 non
637 3789 730 3841 τιεί
775 3789 830 3844 Si
859 3793 1002 3846 enim
1051 3793 1224 3847 bonus
1275 3793 1658 3861 perseveravit,
1691 3809 1840 3849 nun-

253 3889 402 3944 quam
433 3875 484 3914 ⁷2
511 3877 810 3934 destructor
846 3880 947 3934 erit
970 3880 1126 3950 legis,
1160 3896 1260 3936 nec
1287 3881 1380 3936 Dei
1413 3881 1636 3937 alterius
1675 3883 1841 3938 habe-

257 3963 408 4032 bitur,
441 3977 694 4022 cessante
729 3969 863 4041 legis
899 3969 1269 4026 destructione
1301 3987 1396 4042 per
1433 3987 1592 4041 quam
1621 3973 1843 4028 alterius

255 4052 344 4108 Dei
381 4054 699 4114 vindicatur.
749 4056 808 4111 Si
855 4071 964 4111 non
995 4057 1356 4127 perseveravit
1397 4060 1572 4114 bonus
1619 4060 1840 4116 destru-

255 4143 386 4197 endo
415 4153 604 4215 postea
631 4145 828 4217 legem,
859 4145 1056 4201 falsum
1085 4161 1218 4218 ergo
1249 4147 1611 4202 testimonium
1651 4158 1835 4218 postea

258 4231 532 4288 collocavit
560 4234 704 4304 apud
743 4233 862 4288 illos
903 4235 954 4287 in
987 4235 1262 4290 curatione
1309 4235 1512 4307 leprosi
1553 4257 1566 4292 :
1601 4237 1836 4295 deservit

1960 3085 2336 3140 Convalescite
2355 3099 2558 3140 manus
2578 3084 2904 3151 diransce,et
2924 3100 3108 3152 genua
3124 3083 3418 3140 dissoluta.
3432 3083 3550 3165 Hoc

1955 3171 2058 3228 erit
2086 3171 2367 3244 paralysis.
2413 3172 2792 3228 Convalescite
2828 3185 2930 3226 nec
2962 3174 3173 3226 timete.
3205 3170 3326 3223 Non
3370 3169 3546 3224 otiose

1954 3259 2172 3326 iterans,
2237 3261 2649 3325 Convalescite;
2695 3273 2796 3311 nec
2832 3271 2970 3312 vane
3028 3256 3385 3326 subjungens,
3439 3257 3544 3310 Nec

1956 3351 2154 3406 timete
2184 3369 2201 3406 :
2227 3350 2481 3422 quoniam
2510 3364 2632 3404 cum
2669 3345 3122 3416 redintegratione
3151 3343 3540 3412 membrorum,

1953 3439 2153 3494 virium
2237 3454 2454 3511 quoque
2521 3433 3047 3507 repraesentationem
3123 3432 3475 3503 pollicebatur
3526 3447 3537 3485 :

1950 3531 2222 3600 Exsurge,
2239 3533 2294 3584 et
2316 3528 2450 3584 tolle
2469 3527 2764 3597 grabatum
2788 3529 2952 3578 tuum
2977 3543 2994 3589 ;
3014 3531 3066 3577 et
3084 3520 3246 3575 animi
3270 3521 3536 3591 vigorem,

1951 3617 2018 3671 ad
2067 3632 2176 3672 non
2197 3617 2464 3670 timendos
2501 3615 2596 3685 qui
2643 3613 2836 3668 dicturi
2885 3619 3036 3666 erant
3069 3627 3080 3662 :
3121 3611 3252 3678 Quis
3291 3609 3542 3664 dimittet

1946 3711 2203 3777 peccata,
2236 3707 2351 3762 nisi
2379 3706 2528 3762 solus
2568 3706 2755 3760 Deus?
2783 3701 2962 3756 Habes
2992 3699 3172 3771 itaque
3197 3701 3308 3769 jam
3337 3705 3390 3753 et
3418 3713 3543 3768 spe-

1950 3797 2100 3854 cialis
2131 3795 2412 3852 medicina:
2467 3794 2808 3864 dispunctam
2849 3789 3206 3860 prOphetiam,
3247 3797 3300 3844 et
3353 3803 3540 3843 eorum

1949 3903 2071 3958 quae
2107 3884 2428 3940 medicinam
2457 3891 2580 3936 sunt
2622 3889 2822 3937 secuta.
2869 3879 3076 3934 Pariter
3102 3885 3155 3933 et
3201 3876 3538 3932 dimissorem

1949 3975 2269 4030 delictorum
2328 3971 2598 4027 Christum
2659 3983 2994 4040 rocognosce
3064 3965 3205 4037 apud
3290 3965 3540 4022 eumdem

1949 4065 2268 4134 pr0p‘netarn
2301 4078 2314 4113 :
2358 4061 2654 4128 Quoniam,
2687 4059 2758 4128 76,
2806 4055 2978 4128 inquit
3012 4057 3145 4124 (Isa.
3179 4070 3292 4122 Lm,
3329 4057 3440 4126 12),
3479 4057 3541 4110 in

1941 4151 2212 4228 plurimis
2241 4149 2496 4204 dimittet
2524 4147 2732 4203 delicta
2769 4161 2983 4208 eorum,
3006 4149 3062 4200 et
3096 4145 3306 4199 delicta
3339 4147 3543 4199 nostra

1945 4247 2061 4316 ipse
2099 4240 2312 4308 aufert.
2353 4236 2492 4288 Nam
2522 4245 2574 4288 ct
2610 4234 2666 4286 in
2695 4233 2877 4304 priore
2907 4232 2954 4269 ⁷⁷
2994 4233 3119 4298 (Isa.
3150 4247 3182 4298 ι,
3214 4231 3324 4298 18),
3357 4247 3420 4285 ex
3451 4230 3540 4300 ip-

261 4319 394 4373 enim
449 4322 762 4386 bonitatem,
804 4323 930 4377 dum
976 4323 1206 4379 destruit
1255 4325 1450 4397 legem.
1497 4325 1665 4380 Malus
1707 4329 1836 4396 jam,
1874 4316 1919 4393 D
1951 4332 2063 4386 sius
2089 4325 2306 4382 Domini
2348 4337 2626 4393 persona:
2667 4321 2791 4376 Etsi
2826 4322 3046 4390 fuerint
3094 4318 3302 4374 delicta
3348 4323 3539 4373 vestra

260 4410 464 4478 quando
507 4410 642 4482 legis
671 4425 908 4476 eversor,
951 4412 999 4465 si
1025 4411 1221 4479 bonus,
1262 4428 1384 4468 cum
1413 4411 1553 4483 legis
1580 4411 1840 4472 indultor.

263 4497 361 4550 Sed
391 4507 444 4554 et
469 4513 534 4553 eo
565 4499 708 4569 quod
737 4499 966 4556 indulsit
1003 4501 1110 4572 legi
1149 4500 1494 4573 obsequium,
1537 4502 1732 4556 bonam
1761 4504 1841 4560 le-

261 4599 378 4653 gem
430 4585 781 4643 conﬁrmavit.
834 4587 1002 4642 Nemo
1047 4587 1192 4642 enim
1237 4589 1376 4644 malo
1424 4587 1654 4658 obsequi
1702 4591 1840 4659 pati-

260 4679 356 4726 tur.
399 4674 540 4750 Ergo
592 4683 644 4729 et
694 4675 774 4729 sic
823 4675 1008 4743 malus,
1062 4678 1120 4732 si'
1147 4677 1468 4749 obsequium
1527 4677 1678 4732 malae
1737 4679 1840 4752 legi

260 4759 506 4836 indulsit;
549 4773 604 4820 et
649 4764 730 4819 sic
765 4765 1022 4834 deterior,
1070 4766 1116 4822 si
1163 4767 1320 4824 bonae
1364 4768 1504 4840 legis
1543 4771 1842 4828 destructor

1956 4425 2234 4490 tanquam
2262 4427 2504 4477 roseum,
2537 4411 2692 4466 velut
2715 4411 2903 4464 nivem
2930 4407 3231 4473 exalbabo;
3263 4410 3320 4463 et
3347 4409 3397 4463 si
3421 4411 3521 4463 tan

1953 4525 2122 4582 quam
2167 4503 2478 4569 cocci-num,
2515 4499 2667 4556 velut
2715 4498 2909 4552 lanam
2955 4495 3239 4550 exalbabo.
3291 4497 3350 4548 In
3382 4511 3543 4550 roseo

1951 4595 2264 4667 sanguinem
2339 4589 2632 4646 ostendens
2713 4585 3141 4654 prOphetarum;
3197 4582 3254 4636 in
3317 4583 3542 4636 coccino

1951 4684 2183 4752 Domini,
2224 4689 2283 4736 ut
2325 4679 2625 4735 clariorem.
2679 4673 2854 4729 Etiam
2901 4669 3150 4726 Michteas
3199 4667 3380 4741 (Mich.
3435 4684 3536 4736 vu,

1953 4777 2018 4828 18
2049 4781 2102 4830 et
2129 4773 2216 4842 19)
2250 4771 2314 4826 de
2343 4769 2500 4826 venia
2528 4765 2841 4821 delictorum
2884 4779 2896 4814 :
2936 4759 3069 4829 Quis
3099 4761 3240 4816 Deus
3269 4757 3544 4830 quomodo

1582 4905 1774 4969 Variae
1822 4912 2136 4972 lectiones.

323 5013 370 5090 6.8
397 5013 602 5090 UEP‘“?
631 5015 801 5090 ἔρηται.
835 5015 884 5090 δέ
911 5015 1362 5090 Ρτορῑιρξδδθιηιι.
1399 5023 1675 5090 prophetae
1711 5025 1847 5080 Jun.
1877 5022 1928 5062 ἰο
1955 5026 2142 5080 Totam
2175 5023 2306 5076 Par.
2338 5016 2524 5090 “WAut
2553 5029 2659 5070 non
2691 5015 2860 5090 Sami.
2893 5011 2942 5050 Ἷ²
2982 5011 3260 5084 Nusquam
3309 5009 3546 5066 Seml."3

255 5081 406 5138 Enim
438 5081 605 5144 Sami.
638 5085 687 5125 '"I
709 5087 955 5159 Praecipit
983 5081 1060 5144 al.
1097 5089 1144 5126 ⁷⁵
1175 5081 1685 5150 Εηιάἱοδὲεθᾜθῃιι.
1719 5095 1767 5132 ⁷6
1795 5095 2082 5162 Quomodo
2111 5093 2282 5148 Seml.
2316 5091 2362 5128 Ἠ
2395 5088 2636 5144 Primore
2665 5088 2744 5143 al.

1651 5221 2156 5286 Commentarius.

295 5339 430 5416 .(22)
473 5342 553 5397 De
597 5339 782 5416 gradu
815 5342 1044 5416 pellam.
1078 5341 1445 5416 Objectionem
1493 5351 1640 5400 tuam
1693 5345 1840 5401 illam

255 5406 577 5486 dissolvent,
597 5406 730 5483 quae
757 5406 958 5486 bonum
997 5406 1176 5469 Deum
1209 5415 1385 5486 legem
1435 5415 1724 5472 indulsisse
1752 5418 1840 5473 di-

249 5481 350 5546 cis,
383 5492 434 5537 et
475 5481 676 5554 malum
721 5484 1050 5548 abstulisse;
1100 5481 1333 5554 disputat
1389 5486 1533 5541 enim
1583 5489 1840 5546 acerrime

247 5561 434 5610 contra
465 5556 564 5608 has
603 5553 967 5612 immanitates
1005 5555 1090 5612 hic
1121 5553 1370 5627 scriptor.
1422 5557 1500 5612 Ln
1531 5558 1626 5618 Pa.

2023 5349 2134 5416 (23)
2165 5347 2237 5402 De
2267 5341 2561 5416 Evangelia
2593 5340 2846 5416 erasisse,
2880 5343 2984 5416 etc.
3027 5333 3110 5392 Ob
3140 5333 3543 5416 corruptum}.

1951 5403 2129 5474 Lu‘cze'
2154 5417 2210 5472 in
2252 5403 2502 5472 omnibus
2542 5413 2650 5467 fere
2697 5407 3095 5480 Evangelium;
3152 5413 3206 5462 et
3241 5403 3381 5460 inter
3415 5403 3542 5470 alia,

1950 5506 2066 5561 cap.
2101 5505 2178 5556 tv,
2210 5487 2276 5544 de
2304 5501 2411 5560 quo
2449 5485 2536 5541 hic
2567 5482 2814 5554 qutestio.
2857 5483 2933 5536 LE
2965 5480 3064 5532 Pa.
