3980 6144
428 276 535 336 407

1127 275 1564 339 TERTULLIANI
1602 277 1867 340 OPERUM
1904 278 2072 340 PARS
2110 277 2179 338 II.
2218 306 2291 320 —
2324 271 2553 335 SERIES
2590 272 2636 342 Ι,
2674 270 3018 331 POLEMICA.
3603 263 3697 325 408

431 408 514 471 tu,
537 402 790 457 eximens
807 401 1160 474 iniquitates,
1179 407 1237 460 et
1253 405 1585 477 praeteriens
1604 406 1917 477 injustitt'as
1937 423 2021 465 γε·
2050 391 2098 470 Α
2130 400 2487 469 habebuntur,
2516 398 2662 453 Deus
2688 403 2743 453 et
2779 397 2967 462 homo,
3012 394 3058 450 si
3082 408 3195 450 non
3232 392 3387 465 virgo
3416 389 3489 446 sit
3525 397 3695 448 mater.

428 492 605 549 siduis
636 491 685 528 ⁷⁸
725 490 1076 547 Ιιιενεάίιαιίε
1113 496 1229 549 tua:
1256 491 1306 529 ’⁷9
1325 493 1353 547 ?
1382 494 1502 550 Non
1541 497 1729 551 tenuit
1759 496 1821 550 in
1853 496 2019 553 testi-

428 581 690 640 monium
736 581 852 651 (24)
880 580 1030 637 iram
1066 597 1251 646 suam,
1288 582 1421 653 quia
1461 582 1646 638 voluit
1693 584 2020 641 misericor-

430 670 584 726 diam
602 670 670 722 80.
694 670 922 726 Avertet
942 669 1010 736 ει,
1041 673 1097 725 et
1127 670 1491 727 miserebitur
1510 674 1712 727 nostri.
1731 675 2022 745 Demerget

431 760 639 815 delicta
667 762 885 822 nostra,
916 762 973 815 et
994 757 1278 830 demerget
1298 760 1362 814 in
1383 760 1673 831 profunda
1700 762 1879 818 maris
1902 778 2024 835 pec—

432 852 562 902 cata
590 852 808 903 nostra.
843 846 946 901 Sed
987 848 1087 902 etsi
1130 847 1265 902 nihil
1314 848 1413 902 tale
1450 848 1503 903 in
1535 848 1804 905 Christum
1838 848 2024 904 fuisset

432 934 801 1007 praedicatum,
842 936 1098 992 haberem
1126 937 1290 1006 hujus
1317 934 1663 1006 benignitatis
1690 937 1937 1008 exempla
1967 940 2024 994 in

430 1024 707 1089 Creatore,
733 1023 1097 1094 promittentis
1116 1021 1248 1077 mihi
1265 1030 1318 1077 et
1336 1022 1390 1076 in
1420 1022 1554 1078 FlllO
1578 1024 1749 1080 Patris
1777 1024 2021 1081 affectus.

433 1111 605 1168 Video
669 1112 935 1168 Ninivitas
1013 1112 1277 1169 scelerum
1344 1112 1553 1166 veniam
1624 1124 1941 1170 consecutos
1994 1130 2027 1169 a

438 1201 713 1267 Creatore,
760 1217 828 1256 ne
856 1200 1100 1261 .dixerim
1142 1209 1270 1255 tunc
1314 1214 1530 1272 quoque
1555 1216 1586 1255 a
1640 1202 1872 1271 Christo,
1903 1203 2026 1274 quia

438 1306 472 1346 θ.
498 1287 661 1346 378
695 1288 993 1360 primordio
1038 1288 1147 1362 egit
1191 1287 1247 1342 in
1297 1288 1468 1342 Patris
1498 1291 1735 1348 nomine.
1786 1292 1931 1365 Lego
1972 1302 2028 1349 et

432 1380 645 1433 Nathan
675 1378 995 1447 prephetam
1034 1376 1352 1451 agnoscenti
1383 1377 1552 1432 David
1578 1378 1829 1437 delictum
1870 1396 2026 1436 suum

436 1467 492 1521 in
539 1465 719 1522 Uriam
767 1465 969 1520 dixisse
1012 1464 1087 1537 (II
1136 1467 1263 1537 Reg.
1312 1481 1374 1534 χ,
1428 1468 1518 1536 13)
1571 1484 1584 1521 :
1639 1470 1709 1523 Et
1757 1471 2025 1525 Dominus

433 1553 819 1612 circumduxit
875 1552 1149 1610 delictum
1198 1558 1386 1618 tuum,
1447 1558 1505 1609 et
1556 1571 1671 1610 non
1725 1557 2027 1626 morieris;

431 1643 660 1713 proinde
688 1653 741 1697 et
768 1641 823 1711 (Ι
846 1644 969 1712 Reg.
995 1642 1124 1712 XXI)
1141 1639 1328 1695 Achab
1361 1655 1562 1711 regem,
1595 1644 1844 1697 maritum
1871 1646 2023 1699 .leza-

2128 488 2358 546 Habebit
2409 487 2553 543 enim
2601 485 2796 552 virum,
2855 492 2914 539 ut
2984 482 3139 558 virgo
3184 496 3293 537 non
3342 479 3445 551 sit;
3516 488 3569 535 et
3608 480 3695 536 ha-

2128 578 2310 635 bendo
2340 577 2532 643 virum,
2564 576 2702 630 duos
2730 582 2908 646 patres
2929 572 3109 641 faciet,
3138 572 3316 626 Deum
3346 581 3400 624 et
3417 570 3696 639 hominem,

2131 668 2179 721 ei
2209 666 2303 738 qui
2330 674 2384 722 et
2413 664 2505 721 Dei
2530 670 2585 719 et
2613 661 2845 718 hominis
2872 668 3018 715 esset
3044 658 3206 713 ﬁlius.
3234 658 3440 725 Talem,
3474 657 3522 711 si
3553 656 3696 722 forte,

2129 752 2341 811 Castori
2382 761 2471 810 aut
2517 752 2729 809 Herculi
2777 750 2890 820 (27)
2934 748 3259 803 nativitatem
3305 746 3523 801 tradunt
3560 745 3698 801 fabu-

2130 844 2216 900 lae.
2248 842 2306 899 Si
2331 843 2448 897 haec
2494 841 2564 895 ita
2603 840 3030 912 distinguuntur,
3060 835 3112 891 id
3142 845 3242 901 est,
3275 834 3323 889 si
3351 850 3418 889 ex
3447 842 3614 889 matre
3641 834 3699 887 ﬁ-

2129 931 2233 987 lius
2276 939 2358 986 est
2387 929 2642 996 hominis,
2673 927 2799 999 quia
2829 943 2893 983 ex
2937 933 3088 996 patre
3137 938 3247 979 non
3291 932 3407 991 est;
3438 937 3506 977 ex
3550 928 3704 976 matre

2131 1030 2305 1075 autem
2337 1018 2564 1090 virgine,
2596 1017 2721 1088 quia
2749 1031 2857 1071 non
2903 1030 2969 1071 ex
3010 1020 3162 1086 patre
3210 1011 3469 1079 homine;
3502 1012 3588 1067 hic
3611 1012 3703 1065 erit

2134 1108 2381 1163 Christus
2418 1107 2591 1170 Isaiae,
2621 1121 2781 1177 quem
2829 1111 3214 1173 concepturam
3261 1099 3525 1174 virginem
3570 1115 3704 1171 prse-

2131 1197 2296 1254 dicat.
2341 1193 2473 1264 Qua
2504 1194 2670 1269 igitur
2716 1192 2921 1248 ratione
2955 1191 3204 1246 admittas
3249 1188 3419 1246 ﬁlium
3467 1188 3708 1259 hominis,

2132 1284 2390 1353 Marcion,
2422 1282 2841 1350 circumspicere
2887 1295 2993 1337 non
3039 1294 3281 1350 possum.
3311 1276 3367 1333 Si
3417 1276 3585 1348 patris
3611 1278 3708 1330 ho-

2132 1372 2318 1442 minis,
2351 1386 2517 1444 negas
2542 1367 2720 1427 379
2760 1368 2859 1425 Dei
2889 1367 3055 1423 ﬁlium
3084 1384 3099 1439 ;
3133 1365 3181 1422 si
3209 1374 3262 1422 et
3288 1364 3408 1433 Dei,
3439 1365 3714 1421 Herculem

2132 1462 2199 1517 de
2227 1460 2403 1516 fabula
2444 1460 2577 1515 facis
2631 1458 2901 1514 Christum
2934 1474 2947 1510 :
2988 1456 3033 1512 si
3067 1454 3249 1511 matris
3296 1462 3502 1510 tantum
3543 1452 3712 1509 homi-

2134 1550 2238 1617 nis,
2279 1564 2458 1604 meum
2501 1547 2752 1604 concedis
2795 1546 2890 1617 ;si
2920 1561 3094 1617 neque
3150 1544 3334 1600 matris
3373 1543 3426 1582 85
3468 1542 3713 1609 hominis,

2134 1651 2263 1709 ergo
2293 1635 2490 1690 nullius
2520 1634 2754 1691 hominis
2783 1642 2862 1691 est
2908 1632 3072 1697 ﬁlius,
3106 1640 3162 1687 et
3199 1647 3423 1688 necesse
3447 1640 3531 1686 est
3566 1647 3714 1686 men-

432 1692 544 1800 hel,
577 1746 724 1786 reum
756 1692 1073 1783 idololatriae
1104 1692 1166 1782 et
1192 1692 1468 1798 sanguinis
1494 1728 1777 1796 Nabuthae,
1812 1732 2020 1788 veniam
2055 1692 2099 1770 Β
2128 1692 2336 1781 ἀδὲἱωη
2365 1723 2660 1790 admiserit.
2692 1723 2784 1795 qui
2823 1738 2883 1778 se
2912 1723 3058 1795 (100d
3089 1736 3196 1778 ιιοη
3217 1728 3331 1777 erat
3359 1721 3511 1779 ἀίκίιο
3543 1721 3714 1777 Unum

432 1818 719 1881 meruisse,
740 1816 1072 1887 paenitentiae
1096 1815 1311 1871 nomine
1333 1834 1347 1881 ;
1368 1817 1672 1884 Jonalham,
1695 1819 1864 1875 ﬁlium
1883 1820 2024 1878 Sau-

431 1906 519 1971 lis,
544 1903 801 1976 resignati
825 1902 1017 1975 jejunii
1050 1905 1167 1973 (-25)
1188 1906 1400 1975 culpam
1416 1903 1795 1976 deprecatione
1814 1910 2024 1966 delesse

431 1991 483 2062 (Ι
511 1994 638 2062 Reg.
688 1991 831 2062 xxv).
881 1990 1020 2059 Quid
1050 1991 1118 2047 de
1165 1990 1285 2063 ipso
1313 1994 1515 2063 populo
1545 2001 1800 2063 retexam,
1833 1997 2022 2054 totiens

433 2078 752 2136 delictorum
813 2078 1143 2153 indulgentia
1200 2081 1498 2138 restituto?
1560 2084 1627 2137 ab
1709 2100 1775 2141 eo
1822 2085 2025 2143 scilicet

430 2167 563 2233 Deo,
602 2167 695 2239 qui
727 2169 947 2237 (Ezech.
991 2183 1201 2235 xxxm,
1238 2170 1327 2242 11)
1356 2170 1557 2226 mavult
1596 2173 2022 2229 misericordiam

430 2270 588 2325 quam
627 2254 973 2322 sacriﬁcium,
1020 2264 1075 2312 et
1121 2257 1417 2328 peccatoris
1457 2259 1817 2329 paenitentiam
1859 2277 2022 2332 quam

430 2350 681 2399 mortem.
724 2341 883 2398 Prius
921 2350 1002 2399 est
1040 2343 1224 2417 igitur,
1274 2359 1442 2415 neges
1487 2346 1795 2402 Creatorem
1838 2346 2022 2403 indul-

430 2432 567 2487 sisse
596 2432 886 2503 aliquando
917 2431 1146 2498 delicta;
1178 2448 1514 2505 consequens
1560 2434 1628 2501 82,
1670 2442 1728 2490 ut
1765 2436 2022 2493 ostendas

430 2537 531 2577 nec
573 2520 629 2575 in
673 2520 944 2577 Christum
985 2537 1145 2577 suum
1190 2523 1291 2576 tale
1319 2522 1452 2595 quid
1491 2540 1612 2579 eum
1661 2524 2017 2596 prmdicasse:

428 2620 482 2665 et
525 2608 598 2666 ita
650 2610 912 2681 probabis
957 2624 1155 2666 novam
1196 2610 1351 2665 istam
1412 2611 1607 2667 Christi
1652 2613 1778 2668 novi
1817 2613 2023 2669 scilicet

427 2698 839 2773 benignitatem,
892 2698 937 2753 si
985 2698 1317 2769 probaveris;
1358 2714 1462 2755 nec
1510 2716 1692 2771 parem
1753 2700 2018 2772 Creatori,

428 2802 533 2842 nec
558 2786 908 2859 praedicatam
957 2802 987 2841 a
1030 2786 1300 2843 Creatore.
1333 2788 1438 2843 Sed
1484 2796 1537 2844 et
1571 2798 1790 2860 peccata
1828 2789 2019 2846 dimit-

428 2878 543 2930 tere
570 2891 639 2930 an
667 2875 788 2944 ejus
818 2873 990 2946 possit
1028 2890 1167 2942 esse,
1206 2874 1301 2947 qui
1338 2885 1567 2947 negetur
1606 2886 1790 2934 tenere
1819 2896 1835 2947 ;
1867 2890 1923 2935 et
1950 2896 2019 2935 an

2128 1820 2304 1883 potest
2340 1811 2602 1884 angustiis
2640 1812 2751 1869 tuis
2788 1811 3092 1877 subvenire,
3127 1811 3173 1869 si
3201 1809 3403 1866 audeas
3430 1819 3520 1865 aut
3548 1810 3716 1865 Deum

2128 1908 2279 1956 tuum
2312 1911 2518 1972 patrem
2547 1900 2744 1955 Christi
2788 1899 3063 1957 hominem
3103 1914 3320 1971 quoque
3366 1898 3714 1971 cognomina-

2128 2007 2204 2055 re,
2232 1990 2375 2061 quod
2403 1990 2471 2044 de
2507 1989 2675 2045 Eone
2704 1988 2753 2026 δ”
2791 1989 2915 2045 fecit
2942 1989 3057 2061 (28)
3101 1987 3449 2054 Valentinus;
3480 1996 3574 2041 aut
3608 1987 3717 2041 vir-

2127 2076 2308 2150 ginem
2368 2076 2641 2132 hominem
2695 2092 2915 2152 negare,
2975 2076 3123 2149 quod
3181 2090 3250 2130 ne
3305 2075 3356 2112 88
3412 2074 3718 2129 Valentinus

2128 2165 2348 2236 quidem
2378 2164 2523 2223 fecit.
2556 2165 2698 2235 Quid
2726 2181 2892 2236 nunc,
2930 2165 2977 2221 si
3009 2164 3128 2236 ipso
3167 2163 3319 2220 titulo
3363 2162 3460 2217 ﬁlii
3488 2164 3722 2219 hominis

2129 2262 2377 2311 censetur
2406 2254 2652 2310 Christus
2678 2254 2822 2325 apud
2851 2254 3135 2309 Danielem
3153 2254 3182 2308 ?
3211 2268 3392 2308 nonne
3418 2250 3649 2308 sufﬁciet
3672 2252 3724 2290 ⁸9

2127 2342 2196 2397 ad
2224 2342 2599 2413 probationem
2638 2341 2936 2414 pr0phetici
2963 2341 3162 2399 Christi
3187 2342 3215 2396 ‘1
3244 2342 3381 2397 Cum
3406 2340 3552 2396 enim
3583 2340 3634 2395 id
3666 2357 3727 2396 se

2127 2430 2361 2503 appellat
2398 2431 2542 2501 quod
2591 2430 2647 2485 in
2693 2430 2963 2486 Christum
2996 2430 3388 2501 praedicabatur
3429 2428 3726 2498 Creatoris,

2130 2520 2246 2575 sine
2274 2519 2438 2575 dubio
2470 2520 2643 2589 ipsum
2671 2535 2730 2575 se
2760 2526 2976 2590 praestat
3003 2518 3253 2592 intelligi,
3285 2518 3342 2572 in
3379 2533 3540 2587 quem
3578 2532 3727 2587 prm-

2128 2607 2431 2663 dicabatur.
2470 2606 2765 2663 Nomiuum
2810 2606 3121 2662 communio
3169 2606 3393 2677 simplex
3419 2606 3492 2675 9°,
3522 2606 3572 2660 si
3602 2603 3723 2661 for-

2132 2706 2202 2765 te,
2223 2695 2392 2752 videri
2414 2703 2615 2768 potest,
2643 2702 2698 2750 et
2725 2702 2925 2761 tamen,
2960 2710 3061 2751 nec
3089 2694 3385 2759 Christum,
3407 2708 3507 2749 nec
3529 2694 3725 2750 Iesum

2126 2784 2307 2840 vocari
2361 2784 2612 2841 debuisse
2668 2783 3031 2850 defendimus,
3078 2783 3404 2839 diversitatis
3445 2783 3724 2839 conditio-

2127 2888 2249 2928 nem
2287 2880 2551 2928 tenentes.
2586 2871 2894 2943 Appellatio
2942 2883 3122 2929 autem
3150 2871 3298 2942 quod
3323 2880 3407 2927 est
3437 2869 3581 2928 ﬁlius
3607 2872 3724 2927 ho-

428 2963 553 3031 ejus
590 2962 660 3018 sit
703 2962 1007 3028 absolvere,
1052 2965 1211 3033 cujus
1256 2979 1365 3019 non
1402 2965 1473 3020 sit
1520 2964 1677 3022 etiam
1722 2966 2016 3037 damnare;
2050 2968 2093 3046 ε
2125 2960 2308 3027 minis,
2338 2960 2392 3015 in
2433 2970 2689 3033 quantum
2732 2977 2799 3016 ex
2834 2960 3098 3016 accidenti
3143 2960 3382 3027 obvenit,
3422 2959 3477 3014 in
3508 2965 3722 3015 tantum

428 3056 501 3119 et,
542 3064 610 3104 an
655 3059 918 3120 congruat
962 3066 1083 3106 eum
1133 3051 1435 3123 ignoscere,
1478 3050 1534 3106 in
1580 3068 1742 3125 quem
1781 3055 1910 3109 nihil
1949 3054 2019 3111 sit

427 3138 724 3194 admissum
757 3154 770 3191 :
803 3137 929 3194 alibi
964 3138 1078 3208 jam
1121 3139 1399 3211 congressi
1435 3141 1575 3211 (26),
1625 3141 1895 3199 malumus
1923 3142 2019 3197 ad-

427 3240 649 3283 monere
675 3226 747 3295 83,
795 3242 954 3299 quam
1003 3235 1312 3284 retractare.
1363 3229 1440 3284 De
1476 3227 1586 3284 ﬁlio
1635 3229 1871 3285 hominis
1906 3231 2013 3286 du-

426 3315 550 3386 plex
595 3321 679 3370 est
732 3322 914 3370 nostra
968 3315 1324 3385 praescriptio,
1366 3331 1542 3386 neque
1597 3314 1814 3371 mentiri
1862 3330 2018 3386 posse

426 3402 717 3469 Christum,
767 3410 826 3458 ut
872 3418 931 3459 se
987 3401 1156 3458 ﬁlium
1231 3403 1467 3459 hominis
1527 3404 1913 3475 pronuntiaret,
1970 3403 2018 3458 si

426 3505 537 3546 non
563 3507 690 3548 vere
716 3499 867 3557 erat;
910 3505 1086 3563 neque
1122 3489 1294 3547 ﬁlium
1339 3490 1574 3547 hominis
1620 3490 1893 3558 constitui,
1924 3491 2018 3564 qui

424 3593 536 3635 non
567 3579 635 3636 sit
662 3588 819 3637 natus
859 3595 925 3635 ex
967 3580 1209 3647 homine,
1250 3580 1336 3637 vel
1377 3589 1529 3652 patre
1566 3581 1649 3637 vel
1687 3590 1857 3637 matre
1887 3599 1901 3637 :
1932 3591 2018 3635 at-

426 3682 530 3738 que
573 3667 647 3722 ita
691 3667 1098 3733 discutiendum,
1157 3669 1311 3737 cujus
1362 3667 1595 3723 hominis
1654 3667 1795 3724 ﬁlius
1848 3669 2019 3740 accipi

428 3755 641 3821 debeat,
672 3757 840 3825 patris
871 3771 938 3810 an
967 3756 1171 3812 matris.
1202 3756 1256 3812 Si
1304 3772 1369 3812 ex
1415 3758 1531 3813 Deo
1562 3756 1715 3813 Patre
1760 3765 1862 3823 est,
1906 3759 2018 3814 uti-

425 3856 533 3912 que
552 3856 662 3897 non
687 3842 737 3879 8"
762 3857 828 3897 ex
856 3842 1109 3898 homine:
1140 3843 1187 3900 si
1216 3858 1323 3899 non
1353 3850 1408 3900 et
1423 3860 1489 3900 ex
1509 3844 1744 3912 homine,
1778 3853 2021 3917 superest

368 3994 371 3997 λ
426 3936 487 3986 ut
514 3946 578 3986 ex
608 3929 820 3986 homine
849 3930 919 3986 sit
948 3939 1118 3987 matre
1153 3946 1166 3986 :
1202 3931 1248 3987 si
1276 3948 1343 3988 ex
1369 3932 1609 4003 homine,
1638 3934 1749 4004 jam
1797 3943 2020 4005 apparet

427 4018 554 4091 quia
581 4035 646 4075 ex
676 4020 906 4091 virgine.
939 4019 1037 4077 Cui
1065 4020 1207 4077 enim
1243 4022 1407 4078 homo
1435 4023 1487 4060 ⁸⁵
1516 4030 1670 4092 pater
1697 4038 1806 4078 non
1836 4023 2017 4089 datur,

427 4124 528 4166 nec
554 4108 636 4165 vir
673 4108 828 4165 matri
878 4111 997 4180 ejus
1034 4110 1412 4182 deputabitur;
1449 4125 1631 4182 porro,
1673 4111 1760 4168 cui
1798 4110 1879 4166 vir
1908 4125 2018 4167 non

426 4196 788 4269 deputabitur,
838 4200 995 4271 virgo
1040 4206 1143 4254 est.
1189 4198 1480 4265 Caeterum,
1528 4198 1637 4255 duo
1678 4200 1790 4269 jam
1832 4205 2016 4271 patres

2123 3048 2341 3105 difﬁcile
2371 3059 2453 3105 est
2482 3056 2541 3104 ut
2567 3058 2619 3105 et
2665 3049 2780 3119 ipsa
2807 3057 3094 3105 concurrat
3130 3064 3293 3120 super
3322 3046 3556 3104 nominis
3582 3063 3727 3104 con-

2124 3138 2455 3194 munionem.
2487 3138 2568 3193 Ex
2595 3136 2859 3194 accidenti
2887 3138 3028 3191 enim
3058 3136 3276 3207 proprio
3294 3136 3463 3203 91est,
3489 3138 3727 3191 maxime

2124 3242 2245 3281 cum
2273 3241 2435 3282 causa
2472 3226 2727 3282 convenit
2770 3226 2981 3291 eadem,
3039 3240 3133 3295 per
3159 3241 3323 3298 quam
3368 3224 3620 3282 deveniat
3666 3224 3727 3280 in

2124 3314 2577 3369 communionem.
2609 3314 2790 3385 Atque
2826 3314 2960 3370 adeo
2995 3314 3041 3368 si
3070 3321 3126 3368 et
3155 3313 3404 3369 Christus
3431 3312 3730 3369 Marcionis

2124 3411 2286 3459 natus
2310 3418 2377 3457 ex
2405 3402 2624 3458 homine
2654 3402 2944 3471 diceretur,
2974 3411 3103 3458 tunc
3130 3409 3184 3457 et
3216 3402 3336 3474 ipse
3363 3410 3584 3472 caperet
3609 3417 3728 3472 ap-

2121 3490 2426 3563 pellationis
2454 3490 2900 3557 communionem,
2945 3498 2999 3547 et
3027 3500 3209 3548 essent
3247 3491 3356 3547 duo
3402 3490 3497 3548 ﬁlii
3532 3491 3729 3547 homi-

2123 3580 2227 3647 nis,
2277 3580 2417 3637 sicut
2445 3587 2501 3635 et
2545 3580 2653 3635 duo
2685 3578 2902 3649 Christi,
2956 3589 3010 3635 et
3036 3578 3146 3635 duo
3187 3580 3368 3634 Iesus.
3420 3579 3565 3651 Ergo
3593 3596 3731 3636 cum

2125 3667 2414 3739 appellatio
2468 3668 2685 3739 prepria
2729 3676 2812 3724 est
2854 3670 2993 3739 ejus,
3033 3668 3090 3723 in
3138 3684 3245 3740 quo
3285 3668 3445 3724 habet
3475 3684 3727 3735 causam,

2125 3757 2171 3811 si
2199 3756 2249 3795 92
2294 3755 2383 3811 alii
2412 3755 2733 3825 vindicetur,
2771 3755 2827 3809 in
2859 3771 2966 3828 quo
2996 3763 3077 3813 est
3105 3757 3417 3814 communio
3460 3756 3730 3827 nominis,

2125 3859 2235 3901 non
2266 3844 2423 3899 etiam
2453 3842 2851 3915 appellationis,
2900 3851 3149 3915 suspecta
3180 3844 3292 3914 jam
3324 3844 3382 3900 ﬁt
3409 3845 3734 3901 communio

2125 3932 2359 3987 nominis
2408 3946 2620 4003 quoque
2656 3931 2713 3987 in
2766 3946 2853 4002 eo,
2908 3932 2997 3989 cui
3040 3930 3345 3989 vindicatur
3398 3933 3513 3988 sine
3557 3949 3737 3989 causa

2125 4018 2433 4076 communio
2460 4020 2869 4091 appellationis;
2918 4027 2971 4075 et
3000 4019 3244 4091 sequitur
3271 4029 3330 4076 ut
3375 4037 3516 4076 unus
3548 4020 3738 4076 idem-

2124 4126 2228 4182 que
2255 4108 2517 4176 credatur,
2562 4109 2656 4181 qui
2703 4117 2757 4164 et
2805 4108 3039 4165 nominis
3068 4109 3434 4180 appellationis
3472 4110 3740 4181 capacior

2126 4198 2414 4267 invenitur,
2445 4197 2574 4253 dum
2604 4197 2739 4254 alter
2777 4197 3101 4264 excluditur,
3151 4197 3243 4269 qui
3285 4213 3396 4255 non
3430 4199 3599 4255 habet
3623 4215 3739 4271 ap-

1790 4316 1986 4379 Variae
2014 4318 2326 4379 lectiones.

495 4411 546 4449 ⁷8
562 4409 824 4467 Residuas
853 4412 980 4483 Par.
1006 4410 1056 4451 ⁷9
1083 4411 1147 4468 Et
1175 4413 1348 4470 inser.
1373 4412 1546 4470 Seml.
1566 4410 1618 4449 ⁸ο
1648 4412 1826 4468 Voluit
1857 4429 1870 4465 :
1903 4420 1956 4467 et
1993 4412 2398 4468 misericordem
2433 4412 2603 4483 Semt.
2650 4410 2802 4483 quod
2829 4426 2929 4468 nec
2960 4426 3190 4468 sensum
3238 4412 3420 4479 habet,
3455 4428 3559 4469 nec
3588 4430 3740 4469 cum

428 4485 558 4539 LXX
576 4483 856 4539 convenit.
887 4482 934 4521 31
955 4483 1210 4542 Advertet
1238 4485 1373 4541 Jun.
1396 4489 1713 4549 revertetur,
1739 4485 2057 4541 secundum
2084 4486 2234 4540 LXX.
2267 4483 2317 4521 82
2345 4484 2442 4539 Est
2467 4482 2595 4539 add.
2630 4482 2799 4538 semz.
2838 4483 3057 4539 Oberth.
3092 4484 3143 4521 ⁸³
3187 4484 3471 4539 Maluimus
3529 4485 3738 4542 Venet.

429 4555 651 4612 Oberth.
683 4554 733 4592 3"
764 4555 861 4610 Est
892 4556 1070 4611 inser.
1106 4556 1279 4613 Seml.
1300 4554 1520 4612 Oberth.
1552 4554 1602 4592 ⁸⁵
1630 4553 1805 4612 Homo
1833 4556 2020 4612 omitt.
2071 4556 2241 4613 Seml.
2280 4554 2501 4612 Oberth.
2535 4553 2585 4592 ³6
2614 4552 2784 4608 Patris
2828 4554 3013 4611 Venet.
3047 4554 3217 4612 Seml.
3252 4554 3432 4613 Obert.
3462 4554 3511 4592 ⁸⁷
3543 4557 3627 4612 De
3662 4571 3743 4614 eo

422 4640 524 4682 nec
549 4626 628 4683 al.
655 4625 707 4663 ⁸8
733 4625 848 4682 Nec
868 4628 1034 4685 Seml.
1071 4627 1228 4684 Ober.
1258 4625 1309 4664 89
1338 4623 1549 4682 Sufﬁcit
1567 4625 1737 4683 Seml.
1764 4625 1922 4684 Ober.
1950 4627 2002 4666 9°
2037 4627 2250 4699 Duplex
2278 4629 2413 4685 Jun.
2444 4624 2493 4663 91
2526 4622 2750 4695 Proprie
2772 4624 2906 4680 Jun.
2935 4623 2987 4662 92
3006 4625 3070 4681 Et
3099 4628 3272 4683 inser.
3307 4626 3475 4685 Seml.

1807 4720 2208 4779 Commentari
2256 4735 2309 4779 s.

492 4812 606 4905 ςὲίί)
628 4811 1687 4905 fl??£.€‘."“£‘.i’3.£€‘ff’l"3§i‘ffl‘:ﬂ“:
1706 4812 2008 4905 ξίνθὶίὲἓὶη
2044 4828 2090 4905 D
2190 4737 2311 4905 ἐξ)
2340 4810 2991 4905 λελέίῖξᾹέἕηέἔδφξξῖἔὲἔῖι
3022 4810 3299 4905 ΕΞἮΒῩΗῩ
3329 4811 3506 4905 lilii,
3521 4829 3597 4905 ἐ·-
3627 4816 3739 4870 2°-

422 4882 577 4947 locis,
627 4882 868 4953 sequitur
913 4882 1277 4940 Tertullianus
1317 4884 1619 4939 versionem
1665 4882 1813 4939 LXX
1850 4883 2014 4940 inter-

423 4962 653 5022 pretum,
685 4953 801 5026 qui,
849 4968 970 5009 cum
1024 4953 1281 5026 legissent
1328 4969 1423 5025 per
1455 4954 1640 5009 lamed
1666 4970 1854 5012 vocem
1901 4956 2012 5011 lle-

419 5039 607 5122 bream
639 5025 744 5122 τὺ
772 5056 891 5112 quae
928 5057 1028 5122 per
1072 5025 1233 5099 [θὴαά
1283 5041 1389 5122 legi
1435 5040 1738 5122 debuisset,
1787 5042 2017 5122 scripse:

420 5114 682 5195 r'unthhoc
718 5114 864 5195 loco,
891 5113 976 5195 ¹εἰς
1015 5122 1284 5195 μαρςτὺριοχ
1314 5113 1402 5183 (in
1435 5114 1874 5195 testimonium),
1896 5113 2015 5195 ‘uhi

419 5181 484 5269 Et;
516 5180 671 5237 αἰῶνα
712 5184 795 5255 (in
826 5180 1137 5255 aeternum)
1167 5180 1401 5241 scribere
1449 5183 1647 5240 rectius
1684 5180 2009 5257 potuissent.

418 5255 603 5400 Fig.5)
621 5326 909 5383 Jonathan
926 5323 1098 5400 ﬁliun
1127 5326 1335 5400 Saulis,
1359 5326 1884 5400 resignatijejunii,
1902 5336 2005 5381 etc.

2191 4884 2307 4953 (27)
2360 4883 2729 4956 Castoriaut
2763 4883 3011 4956 Herculi.
3062 4883 3681 4956 Uterquegilovnsﬁlius
3722 4902 3739 4942 :

2125 4953 2331 5026 castor,
2386 4969 2452 5026 ex
2492 4954 2638 5026 Leda
2687 4953 2927 5026 Tyndari
2982 4953 3252 5026 conjuge;
3313 4954 3599 5026 Hercules,
3661 4973 3745 5013 ex

2122 5025 2382 5081 Alcmena
2415 5024 2847 5095 Amphitryonis.
2881 5026 3045 5082 RnsN

2197 5114 2310 5185 (28)
2347 5113 2496 5182 Quod
2525 5113 2590 5171 de
2623 5115 2793 5187 {Eone
2820 5116 2959 5185 fecit
3016 5115 3369 5187 Valentinus.
3406 5115 3464 5169 In
3503 5131 3744 5187 angus-

2123 5184 2226 5239 tias
2263 5200 2502 5240 summas
2546 5184 2827 5240 redactum
2866 5185 3197 5242 Marcionem
3236 5186 3521 5242 sublevare
3567 5184 3749 5245 vide-

2122 5264 2225 5329 tur,
2268 5254 2774 5329 subterfugiumque
2819 5255 3248 5329 illiisuppeditat,
3281 5259 3434 5329 quasi
3475 5256 3623 5313 idem
3663 5276 3749 5317 ac

2122 5326 2435 5400 Valentinus
2474 5326 2713 5400 sentiret,
2756 5329 2846 5398 qui
2896 5326 3079 5383 Iesum
3121 5326 3392 5400 quem—et
3438 5329 3744 5386 Christum

417 5397 771 5469 ltesignatum
841 5406 995 5453 vocat
1062 5398 1327 5467 jejunium
1400 5397 1723 5469 infractum;
1771 5397 2011 5469 dederat
2116 5399 2343 5455 vocabat
2392 5413 2458 5453 ex
2506 5398 2745 5453 monibus
2776 5397 3155 5468 compositum
3179 5400 3373 5459 aiebat.
3404 5402 3473 5456 At
3502 5417 3577 5456 ex
3622 5400 3745 5459 illo

417 5467 571 5523 cnin
616 5469 873 5526 Jonathas
930 5469 1266 5525 occasionem
1322 5469 1558 5527 violandi
1608 5467 1822 5538 jejunii,
1881 5483 2008 5526 cum

416 5540 524 5594 mel
555 5540 636 5596 ori
666 5557 768 5598 suo
796 5539 1054 5596 admovit.
1086 5540 1163 5598 Le
1196 5543 1291 5597 Pa.

2117 5470 2237 5525 loco
2266 5469 2415 5525 illum
2448 5477 2633 5542 postea
2661 5468 2855 5525 acriter
2880 5469 3087 5542 dejicit.
3123 5472 3200 5527 Ls
3233 5472 3331 5527 Pa.
