4018 6192
249 344 345 404 409

1446 339 1570 401 LIB.
1610 341 1679 402 IV
1714 342 1868 406 ΜΝ.
1910 345 2318 408 MARCIONEM.

3424 343 3533 403 410

249 468 541 545 pellationis
577 467 1034 538 communionem,
1083 480 1277 523 carens
1316 482 1507 537 causa;
1549 484 1650 526 nec
1686 470 1827 527 alius
1857 461 1904 540 Α
1937 472 2170 541 deducit,
2205 474 2364 546 quasi
2424 472 2494 527 ab
2552 469 2854 530 adversario
2910 470 3044 544 legis
3102 469 3368 537 allectum,
3427 486 3531 527 ex-

248 562 340 618 erit
379 559 632 628 capacior
666 558 974 627 utriusque,
1004 572 1162 628 quam
1194 557 1287 627 qui
1335 557 1512 629 prior,
1546 566 1599 614 et
1634 576 1830 616 nomen

249 649 460 704 sortitus
489 657 572 701 est
617 644 837 709 Christi,
872 655 924 701 et
968 645 1380 715 appellationem
1429 646 1526 701 ﬁlii
1556 648 1830 718 hominis;

246 741 393 795 Jesus
440 735 645 791 scilicet
688 733 984 790 Creatoris.
1037 733 1138 790 Hic
1182 742 1299 789 erat
1344 736 1494 791 visus
1537 737 1831 809 Babylonio

246 826 350 901 regi
375 826 550 895 (Dan.
583 824 668 895 ιιι)
697 822 754 877 in
783 824 1000 879 fornace
1025 838 1151 878 cum
1179 824 1505 895 martyribus
1532 826 1644 879 suis
1672 842 1832 897 quar-

246 925 343 979 tus,
399 925 659 983 tanquam
703 908 847 964 ﬁlius
876 909 1148 976 hominis;
1211 910 1354 965 idem
1410 911 1513 982 ipsi
1544 911 1595 950 93
1626 913 1833 968 Danieli

246 1006 398 1073 (Dan.
430 999 533 1071 vn)
578 999 847 1055 revelatus
873 997 1077 1053 directo
1106 1000 1285 1055 Filius
1315 998 1580 1069 hominis,
1603 1004 1833 1058 veniens

246 1108 367 1147 cum
394 1089 522 1147 creti
546 1086 790 1143 nubibus
807 1084 1013 1157 judex,
1037 1085 1182 1141 sicut
1199 1094 1252 1140 et
1278 1086 1550 1158 Scriptura
1570 1089 1829 1144 demons-

244 1189 357 1235 trat.
410 1178 526 1234 Hoc
565 1174 674 1230 dixi
729 1173 982 1230 sufﬁcere
1038 1174 1281 1246 potuisse
1346 1174 1416 1229 de
1464 1176 1830 1235 nominatione

240 1266 553 1339 pr0phetica
608 1264 749 1320 circa
807 1262 987 1318 ﬁlium
1032 1263 1285 1320 hominis.
1345 1263 1454 1321 Sed
1515 1266 1639 1335 plus
1696 1267 1829 1323 mihi

238 1356 511 1427 Scriptura
542 1351 772 1417 confert,
806 1351 987 1422 ipsius
1018 1348 1198 1408 380
1245 1352 1452 1408 scilicet
1494 1353 1709 1409 Domini
1738 1354 1829 1410 in-

238 1442 643 1516 terpretatione.
674 1441 813 1495 Nam
840 1456 961 1497 cum
981 1440 1155 1496 Judaei
1185 1440 1528 1497 solummodo
1551 1443 1827 1498 hominem

237 1534 351 1604 ejus
407 1533 709 1596 intuentes,
757 1529 987 1584 necdum
1035 1538 1088 1585 et
1136 1530 1306 1585 Deum
1356 1532 1509 1599 certi,
1583 1547 1688 1603 qua
1735 1533 1829 1588 Dei

235 1638 445 1693 quoque
492 1622 708 1686 Filium,
749 1619 945 1675 merito
998 1628 1344 1676 retractarent
1379 1636 1486 1678 non
1536 1636 1697 1692 posse
1723 1621 1829 1677 ho-

236 1714 431 1767 minem
480 1711 677 1765 delicta
723 1708 996 1764 dimittere
1025 1709 1121 1764 sed
1152 1710 1327 1765 Deum
1354 1711 1553 1781 solum,
1584 1727 1680 1766 cur
1721 1726 1828 1767 non

237 1800 534 1855 secundum
578 1798 931 1853 intentionem
980 1811 1171 1852 eorum
1219 1798 1286 1853 de
1336 1799 1555 1855 homine
1601 1801 1682 1856 eis
1711 1817 1828 1855 res-

244 1888 438 1958 poadit
460 1888 511 1926 θ’*
549 1886 701 1957 (Luc.
733 1903 788 1957 v,
822 1886 931 1957 24),
966 1886 1172 1943 Habere
1201 1903 1331 1943 eum
1358 1891 1697 1959 potestatem
1736 1890 1826 1947 di—

249 1975 517 2031 mittendi
532 1975 745 2042 delieta,
759 1975 974 2045 quando
993 1983 1048 2030 et
1065 1975 1253 2045 ﬁlium
1270 1975 1512 2032 hominis
1524 1977 1826 2043 nominans,

241 2064 512 2120 hominem
544 2062 894 2119 nominaret?
934 2065 1035 2120 nisi
1076 2065 1202 2136 quia
1232 2064 1355 2121 ideo
1384 2064 1502 2138 ipsa
1533 2066 1707 2123 voluit
1734 2082 1830 2122 cos

232 2150 592 2222 appellatione
637 2151 772 2207 Filii
819 2151 1057 2207 hominis
1103 2167 1169 2206 ex
1198 2152 1553 2210 instrumento
1591 2154 1831 2211 Danielis

234 2246 601 2311 repercutere,
650 2246 709 2294 ut
750 2241 1064 2296 ostenderet
1128 2240 1303 2298 Deum
1354 2243 1404 2281 95
1450 2251 1503 2297 et
1552 2243 1829 2299 hominem

231 2328 317 2399 qui
345 2328 548 2384 delicta
600 2328 921 2398 dimitteret;
954 2328 1110 2384 illum
1161 2330 1369 2387 scilicet
1425 2331 1599 2387 solum
1652 2330 1829 2388 ﬁlium

231 2417 484 2486 hominis,
517 2417 663 2488 apud
706 2417 945 2473 Danielis
982 2419 1318 2490 pr0phetiam
1347 2429 1697 2476 consecutum
1736 2422 1829 2492 ju-

234 2506 443 2562 dicandi
473 2515 814 2577 potestatem,
843 2523 906 2564 ac
935 2524 1032 2578 per
1070 2524 1189 2563 eam
1220 2509 1400 2581 utique
1428 2518 1481 2565 et
1520 2510 1826 2566 dimittendi

234 2594 426 2650 delicta
471 2612 484 2651 :
520 2595 618 2667 qui
646 2595 794 2650 enim
820 2596 1047 2664 iudicat,
1079 2605 1132 2652 et
1177 2596 1427 2664 absolvit;
1465 2608 1539 2669 ut,
1570 2600 1826 2655 seandalo

237 2681 331 2738 isto
357 2683 610 2738 discusso
640 2699 740 2753 per
780 2684 1069 2756 Scriptura:
1111 2684 1561 2754 recordationem,
1612 2684 1827 2743 facilius

237 2785 352 2825 eum
404 2778 767 2843 agnoscerent
832 2771 1006 2843 ipsum
1064 2789 1181 2829 esse
1236 2771 1401 2827 ﬁlium
1456 2774 1712 2845 hominis,
1761 2790 1827 2831 ex

236 2857 350 2927 ipsa
415 2870 764 2931 peccatorum
841 2861 1182 2917 remissione.
1239 2862 1506 2932 Denique,
1558 2879 1826 2934 nusquam

239 2948 405 3003 adhuc
454 2948 732 3018 professus
780 2956 860 3004 est
889 2950 1003 3020 (29)
1051 2965 1109 3004 se
1139 2948 1309 3004 ﬁlium
1358 2951 1611 3017 hominis,
1667 2966 1829 3022 quam

1939 571 2184 619 traneum
2203 563 2380 636 Legis,
2404 571 2457 617 et
2475 559 2740 618 Judaismi
2767 561 2881 631 (30)
2904 559 3201 630 profanum.
3224 560 3452 626 Excidit,
3481 561 3529 616 ei

1938 652 2018 707 vel
2049 652 2116 707 de
2169 652 2349 721 Petro,
2384 650 2549 724 Legis
2589 650 2827 714 homine,
2859 657 2912 705 et
2968 655 3146 704 tamen
3187 665 3295 706 non
3327 658 3531 706 tantum

1939 741 2152 806 allecto,
2194 740 2288 795 sed
2319 739 2477 796 etiam
2509 737 2877 795 testimonium
2914 748 3206 793 consecuto
3242 739 3532 812 agnitionis

1938 828 2190 899 praestitere
2221 844 2252 883 a
2290 829 2439 883 Patre
2469 826 2689 900 (Matth.
2725 842 2846 891 xvr,
2882 826 2994 896 17).
3022 826 3299 896 Nusquam
3331 828 3532 897 legerat

1937 915 2140 982 lumen,
2171 923 2226 972 et
2265 932 2435 987 spem,
2472 926 2524 971 et
2564 914 3028 985 exspectationem
3080 913 3356 968 nationum
3385 930 3531 985 pree-

1937 1003 2108 1058 dicari
2138 1004 2427 1058 Christum.
2462 1003 2666 1074 Atquin
2697 1001 2940 1072 probavit
2972 1001 3149 1071 potius
3179 1001 3415 1067 Judaeos,
3448 1001 3534 1055 di-

1938 1093 2108 1147 cendo
2136 1091 2298 1148 38!
2338 1095 2488 1161 (Luc.
2523 1108 2574 1156 v,
2607 1091 2719 1162 3t),
2751 1091 3034 1147 medicum
3079 1091 3236 1146 sanis
3263 1103 3381 1144 non
3418 1101 3536 1143 esse

1934 1180 2445 1246 necessarium,sed
2469 1179 2616 1236 male
2656 1179 3003 1235 habentibus.
3027 1177 3081 1234 Si
3105 1176 3247 1233 enim
3283 1175 3424 1230 male
3444 1190 3535 1231 va-

1937 1267 2110 1324 lentes
2156 1269 2326 1323 voluit
2372 1266 2599 1339 intelligi
2640 1267 2890 1323 ethnicos
2928 1274 2979 1322 et
3024 1266 3343 1336 publicanos
3396 1278 3536 1335 quos

1934 1356 2224 1429 allegebat,
2257 1372 2422 1412 sanos
2466 1357 2684 1412 Judteos
2729 1354 3103 1418 conﬁrmabat,
3133 1355 3330 1426 quibus
3357 1352 3532 1407 medi-

1932 1461 2054 1500 cum
2113 1446 2477 1503 necessarium
2528 1446 2784 1518 negabat.
2840 1446 2952 1499 Hoc
3003 1446 3049 1499 si
3110 1445 3185 1500 ita
3232 1452 3334 1510 est,
3387 1442 3535 1497 male

1935 1534 2216 1590 descendit
2244 1535 2309 1589 ad
2339 1536 2539 1608 Legem
2583 1533 2985 1598 destruendam,
3018 1533 3178 1603 quasi
3224 1532 3289 1585 ad
3336 1530 3533 1586 malam

1941 1623 2307 1679 valetudinem
2374 1623 2798 1692 remediandam,
2849 1622 2900 1675 in
2975 1637 3080 1693 qua
3132 1620 3225 1692 qui
3276 1619 3529 1691 agebant,

1938 1709 2079 1767 bene
2133 1712 2404 1777 valebant,
2464 1711 2665 1783 quibus
2724 1710 2969 1767 medicus
3039 1708 3370 1765 necessarius
3424 1724 3534 1764 non

1937 1810 2072 1857 erat.
2122 1800 2294 1867 Quale
2366 1808 2449 1856 est
2512 1808 2713 1869 autem,
2764 1811 2823 1854 ut
2880 1798 3285 1853 similitudinem
3342 1796 3534 1853 medici

1940 1890 2306 1962 pr0posuerit,
2341 1905 2444 1945 nec
2488 1888 2839 1959 impleverit?
2868 1887 3003 1942 Nam
3047 1886 3186 1942 sicut
3226 1884 3371 1940 sanis
3414 1901 3532 1941 me-

1940 1978 2118 2033 dicum
2168 1993 2328 2033 nemo
2356 1978 2607 2047 adhibet,
2639 1978 2711 2032 ita
2766 1992 2866 2031 nec
2926 1974 2981 2030 in
3036 1981 3242 2030 tantum
3269 1973 3322 2011 98
3352 1983 3531 2029 extra-

1938 2068 2075 2131 neis,
2106 2077 2366 2140 quantum
2415 2077 2497 2122 est
2552 2069 2714 2122 homo
2770 2083 2801 2121 a
2850 2066 2962 2120 Deo
3012 2063 3317 2130 Marcionis,
3373 2079 3533 2118 suum

1937 2156 2144 2211 habens
2172 2166 2225 2211 et
2269 2164 2542 2211 auctorem
2598 2163 2653 2209 et
2707 2162 3090 2220 protectorem,
3123 2159 3176 2206 et
3205 2152 3273 2207 ab
3304 2150 3399 2205 illo
3430 2166 3501 2223 po

1939 2243 2045 2299 tius
2076 2244 2343 2299 medicum
2371 2243 2671 2299 Christum.
2703 2243 2817 2298 Hoc
2870 2240 3165 2297 similitudo
3195 2238 3533 2310 praeiudicat,

1936 2331 2004 2386 ab
2035 2346 2099 2388 eo
2148 2333 2324 2403 magis
2364 2331 2603 2402 praestari
2635 2331 2926 2396 medicum,
2976 2329 3045 2384 ad
3075 2321 3235 2402 quem
3265 2327 3537 2397 pertinent

1936 2418 2029 2489 qui
2061 2420 2336 2490 languent.
2382 2419 2536 2474 Unde
2567 2426 2744 2473 autem
2775 2427 2829 2474 et
2856 2418 3089 2472 Joannes
3133 2415 3276 2471 venit
3320 2415 3376 2469 in
3413 2430 3534 2469 me-

1935 2507 2128 2561 dium?
2158 2506 2345 2563 Subito
2386 2506 2650 2571 Christus,
2682 2505 2861 2561 subito
2902 2513 2955 2562 et
2996 2505 3254 2560 Joannes.
3287 2501 3377 2557 Sic
3404 2509 3532 2557 sunt

1935 2594 2116 2650 omnia
2145 2595 2286 2666 apud
2333 2594 2680 2660 Marcionem,
2714 2611 2833 2667 quae
2875 2609 3035 2649 suum
3078 2603 3131 2648 et
3176 2592 3399 2664 plenum
3432 2592 3526 2644 ha-

1935 2683 2064 2739 bent
2092 2682 2339 2739 ordinem
2366 2683 2504 2754 apud
2560 2683 2892 2739 Creatorem.
2928 2681 3031 2736 Sed
3079 2681 3145 2735 de
3181 2682 3387 2734 Joanne
3416 2694 3531 2735 ca:-

1936 2777 2050 2826 tera
2089 2770 2256 2837 alibi;
2287 2771 2351 2824 ad
2383 2777 2679 2839 praesentes
2722 2769 2867 2823 enim
2904 2767 2954 2807 99
2982 2783 3226 2839 quosque
3271 2766 3530 2821 articulos

1935 2845 2375 2929 respondendum
2422 2867 2521 2913 est.
2553 2859 2711 2913 Nunc
2758 2857 2892 2911 illud
2931 2858 3141 2927 tuebor,
3190 2866 3251 2910 ut
3294 2853 3528 2909 demon-

1939 2956 2103 3000 strem
2154 2957 2207 3001 et
2284 2948 2541 3003 Joannem
2600 2947 2833 3014 Christo,
2885 2956 2937 3000 et
2992 2944 3261 3001 Christum
3336 2943 3527 2997 Joanni

246 3035 297 3088 in
322 3034 427 3090 isto
458 3035 576 3091 loco
613 3036 868 3106 primum,
912 3038 965 3091 in
1007 3053 1116 3107 quo
1147 3038 1385 3109 primum
1418 3044 1633 3109 peccata
1662 3039 1830 3094 dimi-
1862 3044 1906 3122 ε
1937 3035 2245 3103 convenire,
2294 3034 2475 3105 utique
2545 3035 2818 3106 prOphetae
2876 3035 3174 3103 Creatoris,
3218 3048 3326 3106 qua
3371 3033 3525 3088 Chri-

248 3123 330 3195 sit,
361 3124 413 3178 id
464 3132 567 3192 est,
599 3124 653 3178 in
691 3140 801 3197 quo
832 3127 1063 3196 primum
1086 3125 1370 3195 judicavit,
1400 3128 1527 3181 dum
1576 3127 1826 3184 absolvit.

248 3211 329 3265 Ad
372 3212 486 3267 haec
513 3213 897 3285 quodcumque
926 3213 1138 3269 diversa
1167 3230 1295 3286 pars
1342 3214 1505 3271 fuerit
1531 3231 1827 3287 argumen-

244 3306 365 3369 tata,
396 3302 555 3370 quale
584 3300 672 3366 sit,
723 3301 933 3373 dispice
958 3302 1028 3359 95.
1061 3302 1197 3358 Nam
1228 3304 1283 3358 in
1323 3303 1467 3359 illam
1498 3320 1719 3360 necesse
1747 3312 1830 3360 est

239 3388 522 3444 amentiam
566 3390 761 3456 tendat,
818 3401 877 3445 ut
930 3401 983 3446 et
1034 3390 1206 3446 filium
1264 3393 1498 3449 hominis
1558 3393 1827 3463 defendat,

240 3492 334 3531 nec
388 3478 709 3535 mendacem
764 3496 889 3535 eum
946 3479 1144 3553 faciat;
1184 3489 1236 3537 et
1270 3498 1334 3537 ex
1392 3484 1613 3539 homine
1663 3491 1828 3556 neget

242 3574 439 3631 natum,
498 3582 567 3622 ne
609 3566 779 3622 ﬁlium
843 3568 1074 3640 virginis
1139 3570 1418 3626 concedat.
1465 3570 1627 3639 Quod
1676 3572 1721 3626 si
1777 3581 1830 3627 et

246 3657 524 3709 auctoritas
577 3653 781 3722 divina,
838 3664 893 3711 et
948 3673 1125 3712 rerum
1177 3665 1388 3728 natura,
1447 3670 1501 3714 et
1529 3646 1829 3715 communis

248 3739 499 3808 sapientia
540 3756 649 3797 non
682 3744 969 3799 admittunt
995 3745 1044 3785 97
1074 3746 1341 3802 insaniam
1373 3747 1695 3818 haereticam,
1729 3764 1826 3804 oc-

253 3829 383 3885 casio
422 3839 505 3886 est
550 3842 606 3888 et
656 3832 747 3888 hic
776 3834 1150 3904 interpellandi
1199 3851 1359 3907 quam
1399 3836 1715 3892 brevissime
1761 3836 1830 3892 de

259 3919 535 3977 substantia
584 3923 827 3992 corporis
891 3925 1151 3980 adversus
1199 3926 1553 3996 plantasmata
1598 3927 1826 3983 Marcio-

260 4006 347 4062 nis.
374 4010 426 4064 Si
452 4019 615 4067 natus
654 4027 719 4066 ex
752 4012 972 4068 homine
1009 4024 1108 4081 est,
1155 4022 1215 4069 ut
1242 4014 1383 4070 ﬁlius
1413 4016 1669 4085 hominis,
1701 4032 1825 4072 cor-

263 4108 351 4160 pus
375 4113 435 4153 ex
465 4112 693 4169 corpore
722 4108 825 4156 est.
859 4100 1017 4156 Plane
1045 4101 1255 4157 facilius
1281 4102 1525 4159 invenias
1554 4103 1826 4161 hominem

264 4191 425 4239 uatum
450 4202 542 4242 cor
589 4202 699 4243 non
732 4188 931 4244 habrre
977 4191 1064 4246 vel
1112 4191 1416 4257 cerebrum,
1459 4191 1599 4248 sicut
1645 4191 1821 4262 ipsum

260 4270 577 4342 Marcionem,
626 4292 788 4348 quam
833 4294 1050 4348 corpus,
1104 4285 1165 4336 ut
1201 4280 1467 4336 Christum
1518 4280 1820 4336 Marcionis.

259 4358 414 4434 Atque
440 4362 574 4420 adeo
604 4363 812 4435 inspice
840 4383 933 4424 cor
960 4368 1163 4425 Pontici
1191 4378 1283 4426 aut
1310 4369 1613 4427 cerebrum.

837 4454 1058 4511 CAPUT
1120 4456 1218 4510 XI.

321 4535 658 4596 Publicanum
715 4539 964 4597 allectum
992 4558 1022 4598 a
1075 4544 1301 4601 Domino
1342 4543 1395 4599 in
1450 4549 1827 4617 argumentum

1938 3132 2081 3179 stum
2148 3123 2454 3193 Creatoris;
2529 3131 2694 3195 atque
2759 3123 2833 3177 ita
2884 3125 3164 3178 erubescat
3218 3122 3521 3187 hmreticus,

1935 3212 2161 3267 Joannis
2208 3214 2453 3268 ordinem
2504 3211 2701 3266 frustra
2750 3212 3055 3266 frustratus.
3108 3211 3164 3264 Si
3205 3210 3346 3265 enim
3396 3209 3528 3263 nihil

1937 3302 2157 3357 omnino
2212 3300 2636 3356 administrasset
2689 3301 2947 3365 Joannes,
2981 3298 3280 3353 secundum
3337 3297 3533 3351 Isaiam

1939 3390 2055 3460 (XL,
2118 3389 2172 3462 3)
2222 3388 2550 3446 vociferator
2607 3390 2662 3444 in
2714 3387 3078 3458 solitudinem,
3120 3395 3171 3441 et
3203 3393 3534 3455 prteparator

1936 3481 2140 3539 viarum
2174 3480 2597 3550 Dominicarum,
2640 3496 2735 3550 per
2789 3476 3251 3533 denuntiationem
3302 3483 3355 3532 et
3410 3477 3528 3530 lau-

1937 3571 2211 3626 dationem
2269 3570 2628 3643 poenitentiae;
2688 3569 2732 3625 si
2788 3584 2896 3623 non
2952 3568 3110 3623 etiam
3170 3567 3348 3638 ipsum
3394 3566 3531 3621 inter

1936 3669 2166 3717 caeteros
2218 3658 2480 3725 tinxisset,
2511 3673 2672 3713 nemo
2708 3656 3002 3727 discipulos
3030 3655 3247 3719 Christi,
3290 3654 3528 3708 mandu-

1936 3759 2119 3807 cantes
2148 3761 2201 3806 et
2230 3749 2497 3817 bibentes,
2530 3748 2596 3802 ad
2636 3747 2863 3804 formam
2894 3744 3281 3815 discipulorum
3310 3744 3532 3799 Joannis

1936 3840 2152 3895 assidue
2186 3839 2545 3909 jejunantium
2581 3846 2636 3894 et
2664 3836 2929 3892 orantium
2966 3840 3314 3907 provocasset
3344 3852 3357 3887 :
3405 3832 3531 3904 quia

1938 3926 1983 3983 si
2013 3942 2115 3998 qua
2162 3926 2445 3982 diversitas
2500 3930 2667 3980 staret
2697 3924 2833 3980 inter
2861 3923 3132 3980 Christum
3163 3930 3216 3978 et
3242 3922 3526 3987 Joannem,

1937 4026 1989 4070 et
2028 4031 2249 4087 gregem
2294 4017 2594 4087 utriusque,
2630 4015 2775 4069 nulla
2802 4021 2945 4068 esset
2972 4011 3391 4083 comparationis
3429 4026 3528 4064 ex-

1936 4103 2097 4168 actio,
2149 4110 2367 4157 vacaret
2424 4101 2822 4171 provocationis
2870 4100 3116 4156 intentio.
3164 4100 3338 4154 Nemo
3385 4099 3530 4154 enim

1934 4190 2237 4261 miraretur,
2288 4200 2343 4244 et
2380 4205 2537 4246 nemo
2586 4198 2949 4261 torqueretur,
2990 4190 3036 4243 si
3069 4188 3296 4242 diversa:
3327 4186 3529 4243 divini-

1936 4279 2061 4335 tatis
2106 4277 2318 4332 aemulm
2366 4276 2800 4348 praedicationes,
2849 4279 2918 4333 de
2965 4273 3269 4343 disciplinis
3314 4288 3531 4344 quoque

1934 4366 2076 4421 inter
2130 4382 2187 4422 se
2227 4381 2333 4421 non
2365 4364 2733 4429 convenirent,
2791 4380 2898 4420 non
2937 4363 3323 4420 convenientes
3380 4362 3533 4432 prius

1937 4455 2005 4510 de
2062 4453 2471 4511 auctoritatibus
2499 4452 2906 4520 disciplinarum
2955 4469 2969 4506 :
3009 4451 3145 4505 adeo
3170 4450 3391 4506 Joannis
3419 4461 3532 4505 erat

1939 4543 2206 4610 Christus,
2255 4552 2309 4599 et
2352 4543 2585 4598 Joannes
2639 4539 2869 4608 Christi;
2927 4538 3087 4594 ambo
3144 4538 3437 4605 Creatoris,
3478 4549 3534 4593 et

319 4793 363 4831 93
388 4796 662 4874 lte_m_ipse
683 4799 853 4856 Seml.
878 4800 1058 4874 Obert.
1078 4800 1129 4874 f3?
1160 4801 1525 4874 Respondebit
1555 4704 1828 4859 ι’θῖἓῖῗῦ

1938 4714 2244 4857 :(iiluerisibt.
2275 4800 2326 4839 96
2354 4798 2565 4872 Inspice
2595 4799 2765 4857 Se-mt.
2795 4798 2976 4855 Obert.
3002 4796 3051 4836 97
3075 4795 3133 4851 In
3155 4797 3329 4851 inser.
3357 4792 3527 4850 Seml.

261 4862 422 4925 Obert.
450 4869 499 4907 9⁸
525 4862 585 4926 In
615 4878 878 4941 quantum
918 4873 1048 4929 Jun.
1073 4871 1124 4909 99
1154 4862 1312 4928 Enim
1340 4874 1491 4931 abest
1531 4876 1654 4946 Rig.
1686 4862 1856 4932 Fran:

1630 4999 2127 5064 Commentarios.

308 5117 416 5200 (29)
443 5121 691 5200 Denique
725 5138 1005 5200 nusquam
1050 5121 1231 5200 adhuc
1259 5126 1546 5200 professus
1576 5129 1679 5193 est,
1713 5131 1818 5200 etc.

244 5183 495 5266 Loquitur
541 5183 748 5266 Auctor
913 5195 1210 5266 Evangelio
1259 5183 1420 5251 Lucae
1465 5183 1827 5266 solummodo,

244 5263 705 5342 secundumqnod
737 5263 788 5342 in
837 5264 941 5342 isto
988 5263 1393 5342 loco_pri_mum
1442 5263 1828 5342 professuscst

242 5330 492 5409 petilium
543 5330 801 5409 hominis.
846 5336 1069 5409 Nam_si
1115 5330 1183 5409 de
1214 5330 1533 5409 Evangeliis
1578 5338 1830 5393 omnibus

240 5398 545 5473 loquamur,
591 5417 720 5460 ante
766 5407 871 5461 hoc
949 5407 1267 5465 miraculum
1301 5398 1540 5465 recyenset
1594 5411 1657 5467 D.
1691 5411 1828 5463 Mat-

235 5474 408 5529 thaéus
435 5476 587 5543 (VIII,
621 5476 712 5545 20)
738 5476 869 5532 illud
899 5478 1134 5535 Christi:
1171 5481 1349 5536 Filius
1363 5485 1556 5536 autem
1588 5481 1830 5539 hominis

231 5560 349 5623 non
367 5545 525 5604 habet
551 5548 649 5623 tibi
666 5554 838 5623 caput
858 5551 1115 5623 reclinet,
1131 5551 1273 5622 quod
1305 5552 1539 5623 primum
1569 5552 1832 5623 repetitur

228 5614 391 5672 Lucae
438 5633 523 5682 ix.
554 5621 647 5674 58.
689 5614 882 5677 Utrum
908 5614 1270 5694 autem'p'rius
1306 5614 1835 5694 'contigerint'verba

1931 5123 2020 5178 illa
2077 5123 2273 5180 Christi
2321 5130 2444 5177 ante
2498 5121 2639 5177 istud
2706 5119 3050 5189 miraculum,
3096 5120 3253 5175 sicuti
3307 5123 3534 5176 conten-

1934 5197 2069 5251 dunt
2097 5195 2189 5265 qui
2246 5191 2608 5266 Concordiam
2661 5193 2993 5266 scripserunt
3012 5191 3401 5266 evangelicam
3419 5205 3533 5266 ,__an

1938 5261 2223 5336 posterius,
2253 5264 2398 5337 quod
2457 5266 2692 5320 indicare
2746 5261 2959 5322 videtur
2995 5261 3234 5329 AuctoF,
3267 5263 3384 5318 aliis
3412 5261 3531 5316 dis-

1938 5335 2231 5408 putandum
2265 5335 2529 5405 relinquo.
2557 5337 2697 5393 PAM.

2011 5410 2125 5479 (30)
2170 5402 2526 5465 Extraneum
2572 5409 2727 5479 Legis
2760 5410 2815 5463 et
2859 5407 3158 5474 Judaismi,
3183 5412 3293 5479 etc.
3335 5402 3530 5479 Extra-

1940 5475 2189 5536 neum'ut
2232 5495 2396 5552 supra
2435 5496 2556 5552 cum
2586 5475 2829 5552 genitivo
2888 5479 3001 5552 plus
3030 5477 3195 5552 semel
3226 5475 3530 5552 conjunxit.

1942 5552 2042 5607 Hic
2079 5551 2237 5606 etiam
2288 5544 2441 5616 dixit,
2498 5544 2759 5604 Jud‘aismi
2816 5544 3122 5619 profanum,
3154 5544 3459 5613 intelligens
3497 5555 3531 5596 a

1942 5622 2146 5678 Judzeis
2173 5622 2434 5689 reiectum
2464 5620 2614 5677 velut
2642 5617 3046 5675 exsecrabilem.
3079 5617 3263 5672 RHEN.
