3980 6144
462 272 567 336 411

1159 272 1598 334 TERTULLIAN]
1638 272 1906 336 OPERUM
1942 274 2111 336 PARS
2147 275 2219 337 II.
2258 307 2330 319 —
2364 273 2594 349 SERIES
2628 276 2674 351 Ι,
2713 274 3061 337 POLEMICA.

3650 279 3750 339 412

462 399 623 454 ambo
669 397 739 453 de
786 398 929 472 Lege
982 406 1036 455 et
1083 399 1383 472 prophetis,
1415 400 1802 472 praedicatores
1846 409 1902 458 et
1938 417 2055 456 ma-
2085 389 2132 468 Α
2162 399 2351 471 veteri,
2384 399 2439 456 id
2485 408 2583 467 est,
2645 401 2814 472 priori
2866 401 3161 474 Evangelio
3209 417 3441 473 pannum
3491 404 3750 461 haeretica:

463 487 633 561 gistri.
679 486 785 543 Sed
833 497 885 542 et
915 487 1160 544 Christus
1206 488 1482 559 rejecisset
1534 490 1755 546 Joannis
1807 490 2057 561 discipli-

464 591 606 640 nam,
657 583 718 630 ut
753 574 849 631 Dei
894 575 1150 645 alterius;
1198 584 1253 631 et
1282 575 1579 647 discipulos
1608 576 1955 650 defendisset,
2003 586 2062 633 ut

465 663 658 719 merito
710 664 866 718 aliter
918 664 1248 735 incedentes,
1288 665 1445 720 aliam
1503 665 1710 722 scilicet
1753 674 1810 722 et
1844 676 2058 724 contra-

466 752 605 807 riam
633 750 871 806 initiatos
906 751 1258 808 divinitatem.
1309 751 1381 809 At
1426 770 1572 809 nunc
1616 754 1889 811 humiliter
1927 755 2057 809 red-

468 840 601 894 dens
655 839 938 910 rationem,
1004 841 1146 913 quod
1205 856 1314 896 non
1390 851 1614 912 possent
1663 842 1909 913 jejunare
1966 841 2061 897 ﬁlii

469 925 687 998 Sponsi,
741 928 997 998 quamdiu
1046 944 1168 983 cum
1225 928 1307 985 eis
1354 937 1500 985 esset
1554 931 1837 1001 Sponsus;
1873 940 2061 1001 postea

468 1032 597 1076 vero
623 1018 962 1088 jejunaturos
1018 1020 1362 1089 promittens,
1423 1036 1544 1077 cum
1595 1021 1802 1077 ablatus
1856 1022 1924 1076 ab
1982 1022 2061 1076 eis

469 1105 717 1176 Sponsus
747 1120 920 1176 esset;
965 1123 1067 1163 nec
1111 1108 1408 1177 discipulos
1452 1108 1715 1177 defendit,
1747 1108 1837 1163 sed
1885 1110 2061 1178 potius

469 1194 762 1261 excusavit,
787 1195 940 1267 quasi
961 1210 1066 1252 non
1092 1196 1204 1251 sine
1231 1196 1439 1253 ratione
1470 1198 1865 1269 reprehensos;
1892 1196 2060 1254 382

468 1298 571 1338 nec
596 1282 819 1339 Joannis
850 1284 1025 1352 rejicit
1055 1284 1417 1356 disciplinam,
1439 1286 1534 1340 sed
1566 1286 1743 1360 magis
1770 1287 2057 1353 concessit,

470 1372 698 1444 tempori
744 1373 968 1428 Joannis
1011 1389 1128 1427 eam
1179 1384 1458 1443 prmstans,
1490 1382 1550 1429 ut
1599 1375 1615 1408 ί
1649 1375 1879 1447 tempori
1910 1376 1933 1413 ²
1962 1391 2060 1431 suo

469 1476 585 1514 eam
633 1461 937 1529 destinans;
988 1463 1291 1533 rejecturus
1318 1463 1563 1534 alioquin
1593 1480 1715 1519 eam
1760 1470 1815 1519 et
1867 1464 2060 1520 defen-

468 1564 627 1603 surus
682 1549 907 1605 aemulos
935 1550 1056 1620 ejus
1091 1551 1114 1587 3
1144 1549 1190 1603 si
1221 1565 1327 1606 non
1378 1551 1547 1622 ipsius
1578 1551 1766 1606 fuisset
1798 1551 1910 1620 jam
1939 1567 2059 1622 qua:

467 1645 601 1694 erat.
649 1638 831 1694 Teneo
877 1638 901 1676 ἰ
956 1654 1138 1693 meum
1193 1637 1484 1704 Christum,
1519 1638 1678 1713 etiam
1733 1638 1788 1693 in
1838 1639 2057 1695 nomine

468 1726 685 1796 Sponsi,
746 1727 813 1780 de
866 1740 975 1796 quo
1030 1725 1271 1781 Psalmus
1322 1727 1496 1797 (Psal.
1546 1743 1712 1793 XVIII,
1763 1727 1819 1799 5)
1869 1746 1881 1785 :
1935 1730 2055 1808 Ipse

474 1818 751 1884 tanquam
800 1814 1045 1885 Sponsus
1094 1814 1379 1885 egrediens
1425 1816 1491 1871 de
1547 1815 1801 1872 thalamo
1846 1833 1992 1873 suo:
2024 1835 2060 1872 a

469 1914 689 1956 summa
718 1901 844 1956 caeli
870 1903 1144 1972 profectio
1169 1903 1310 1973 ejus,
1343 1907 1398 1958 et
1427 1903 1673 1961 deversio
1693 1905 1816 1976 ejus
1846 1904 1958 1975 (31)
1987 1903 2061 1960 ad

470 2002 755 2042 summum
775 2003 951 2060 usque
977 1991 1119 2061 ejus.
1147 1988 1250 2059 Qui
1270 1991 1435 2047 etiam
1468 2007 1562 2062 per
1590 1992 1787 2046 Isaiam
1816 1991 2060 2064 gaudens

469 2073 537 2128 ad
568 2074 781 2131 Patrem
819 2092 833 2132 :
865 2078 1153 2147 Exsultat,
1184 2078 1355 2151 inquit
1384 2084 1520 2149 (XLI,
1562 2082 1674 2151 10),
1706 2082 1906 2136 anima
1934 2096 2062 2136 mea

470 2163 533 2217 in
555 2165 1016 2229 Domino,induit
1038 2170 1192 2223 enim
1210 2185 1301 2225 me
1330 2170 1735 2226 indumentum
1764 2170 2057 2238 salutaris,

468 2256 526 2305 et
550 2251 807 2307 tunicam
814 2255 1200 2324 jucunditatis
1214 2258 1367 2313 velut
1397 2259 1636 2330 Sponso:
1655 2259 2062 2331 circumposuit

468 2338 613 2395 mihi
639 2342 876 2398 mitram
902 2345 1058 2400 velut
1088 2346 1314 2417 Sponsa:
1338 2346 1381 2399 5.
1403 2346 1463 2400 In
1491 2362 1548 2401 se
1575 2347 1719 2402 enim
1746 2347 1771 2384 δ
1799 2356 1851 2402 et
1878 2345 2063 2400 Eccle-

470 2427 606 2482 siam
635 2428 873 2499 deputat,
907 2431 976 2486 de
1016 2448 1123 2502 qua
1168 2433 1315 2489 idem
1349 2433 1585 2506 Spiritus
1621 2434 1690 2489 ad
1716 2435 1892 2505 ipsum
1926 2436 2057 2503 (Isa.

470 2518 734 2586 XLIx,I8)
764 2536 778 2573 :
803 2522 873 2576 Et
903 2522 1295 2594 circumpones
1320 2524 1422 2579 tibi
1450 2541 1640 2581 omnes
1671 2541 1776 2586 eos.
1797 2525 1950 2580 velut
1972 2540 2064 2580 or-

474 2612 815 2664 namentum
845 2610 1073 2681 Sponsa:
1100 2609 1143 2664 7.
1184 2611 1332 2666 Hanc
1360 2627 1614 2681 sponsam
1669 2612 1912 2668 Christus
1959 2610 2063 2666 sibi

473 2694 638 2749 etiam
675 2697 700 2733 8
754 2714 850 2767 per
895 2696 1238 2754 Salomonem
1269 2715 1333 2755 ex
1362 2700 1642 2756 vocatione
1681 2700 1923 2775 gentium
1970 2715 2061 2755 ac-

476 2786 656 2841 cersit.
679 2785 964 2857 Siquidem
991 2787 1171 2860 legisti
1194 2788 1387 2858 (Cant.
1408 2805 1485 2859 Iv,
1505 2783 1563 2861 8)
1597 2810 1610 2844 :
1657 2791 1805 2855 Veni,
1836 2806 2063 2863 sponsa,

475 2875 542 2930 de
571 2874 791 2931 Libano.
838 2875 1122 2949 Eleganter
1159 2877 1353 2934 Libani
1408 2878 1593 2950 utique
1652 2879 1850 2935 montis
1906 2894 2062 2934 men-

2168 488 2422 546 novitatis
2450 489 2689 549 assuisti.
2744 490 2801 544 In
2830 507 2941 562 quo
2987 490 3034 529 ιο
3080 490 3216 548 alter
3258 492 3299 528 ιι
3330 498 3547 547 creator
3574 495 3748 562 (velim

2167 578 2396 647 discere)
2415 594 2535 634 cum
2566 594 2663 649 per
2683 579 2973 634 Jeremiam
3002 581 3102 650 (Iv,
3137 580 3193 652 4)
3224 580 3485 654 praecepit
3517 599 3529 634 :
3555 583 3754 642 Novate

2166 667 2314 724 vobis
2341 685 2616 725 novamen
2664 686 2896 734 novum,
2942 684 3121 725 nonne
3152 685 3183 724 a
3212 671 3487 726 veteribus
3523 672 3753 730 avertit?

2169 756 2302 811 Cum
2334 773 2426 828 per
2453 758 2648 813 Isaiam
2678 757 2862 827 (XLIII,
2897 758 2986 829 18)
3015 757 3176 814 edicit
3210 779 3223 815 :
3281 759 3473 816 Vetera
3513 765 3752 820 transie-

2165 848 2326 910 runt,
2372 862 2494 902 ecce
2537 862 2681 903 nova
2728 862 2852 918 qua:
2903 864 2996 918 ego
3054 849 3221 917 facio,
3273 862 3454 903 nonne
3510 848 3577 904 ad
3622 865 3755 906 nova

2165 933 2475 989 convertit?
2521 932 2667 989 Olim
2706 935 2839 990 hanc
2887 934 3172 989 statuimus
3198 934 3611 992 destinationem
3651 939 3755 1008 pri-

2168 1020 2429 1076 stinorum
2458 1037 2490 1075 a
2518 1022 2770 1078 Creatore
2826 1022 3004 1093 potius
3051 1023 3456 1094 repromissam,
3488 1040 3519 1079 a
3548 1017 3754 1085 Christo

2167 1109 2428 1178 exhiberi,
2460 1111 2563 1165 sub
2619 1111 2779 1165 unius
2841 1116 2896 1165 et
2951 1111 3205 1180 ejusdem
3261 1112 3358 1167 Dei
3417 1114 3753 1183 auctoritate,

2168 1198 2325 1266 cujus
2352 1196 2461 1252 sint
2485 1205 2538 1251 et
2576 1204 2758 1253 vetera
2787 1206 2839 1252 et
2868 1211 3027 1254 nova.
3086 1198 3224 1253 Nam
3264 1204 3320 1254 et
3343 1198 3529 1254 vinum
3562 1215 3755 1257 novum

2168 1285 2215 1340 is
2254 1302 2361 1341 non
2416 1285 2701 1342 committit
2737 1287 2792 1342 in
2849 1294 3063 1343 veteres
3116 1296 3283 1356 utres,
3323 1290 3415 1360 qui
3472 1299 3527 1346 et
3551 1297 3757 1347 veteres

2168 1385 2315 1431 utres
2361 1390 2469 1430 non
2500 1376 2788 1444 habuerit;
2818 1384 2873 1432 et
2901 1391 3103 1435 novum
3133 1376 3558 1444 additamentum
3602 1395 3760 1436 nemo

2169 1462 2345 1533 injicit
2373 1464 2544 1520 veteri
2596 1465 2938 1529 vestimento,
3001 1464 3105 1521 nisi
3155 1464 3241 1520 cui
3298 1442 3407 1522 [ιδῃ
3452 1467 3683 1524 defuerit
3709 1475 3763 1524 et

2166 1562 2321 1608 vetus
2349 1553 2756 1611 vestimentum.
2781 1552 2876 1607 Ille
2905 1567 3011 1608 non
3040 1551 3169 1607 facit
3195 1552 3347 1625 quid,
3379 1553 3427 1608 si
3457 1554 3762 1611 faciendum

2164 1657 2273 1697 non
2318 1648 2424 1711 est,
2455 1641 2551 1713 qui
2584 1657 2694 1696 non
2746 1642 2939 1697 habeat
2968 1641 3113 1697 unde
3151 1641 3332 1712 faciat,
3365 1642 3414 1698 si
3461 1641 3762 1701 faciendum

2166 1741 2326 1787 esset.
2361 1730 2547 1801 Itaque
2574 1731 2622 1769 12
2650 1729 2698 1786 si
2752 1730 2809 1786 in
2861 1731 2967 1786 hoc
3019 1730 3286 1803 dirigebat
3326 1732 3761 1802 similitudinem,

2168 1828 2224 1873 ut
2274 1819 2582 1875 ostenderet
2629 1834 2686 1874 se
2731 1818 3009 1891 Evangelii
3068 1821 3362 1875 novitatem
3427 1835 3678 1891 separare
3731 1838 3766 1877 a

2168 1905 2332 1977 Legis
2370 1914 2659 1974 vetustate,
2708 1923 2860 1965 suam
2893 1908 3321 1979 demonstrabat,
3361 1916 3414 1965 et
3440 1908 3585 1965 illam
3627 1926 3767 1982 aqua

2167 1992 2343 2052 383
2386 1997 2686 2067 separabat,
2718 1996 3018 2054 alienorum
3049 1998 3386 2068 separatione
3432 2012 3543 2053 non
3600 1997 3766 2055 fuisse

2168 2084 2478 2152 notandam,
2512 2085 2640 2158 quia
2696 2100 2856 2141 nemo
2894 2085 3081 2143 alienis
3136 2101 3235 2143 sua
3276 2085 3545 2161 adiungit,
3595 2095 3654 2141 ut
3698 2088 3765 2142 ab

2169 2173 2357 2229 alienis
2388 2190 2639 2244 separare
2666 2175 2859 2246 possit.
2892 2174 3172 2245 Separatio
3206 2190 3303 2247 per
3329 2175 3765 2245 conjunctionem

2166 2265 2329 2334 capit,
2360 2263 2429 2318 de
2457 2279 2563 2334 qua
2593 2264 2669 2318 ﬁt.
2703 2265 2803 2334 Ita,
2861 2280 2983 2335 quae
3013 2265 3060 2303 13
3106 2265 3408 2337 separabat,
3459 2273 3513 2321 et
3551 2265 3607 2319 in
3658 2280 3766 2321 uno

2170 2352 2487 2407 ostendebat
2514 2351 2701 2419 fuisse,
2743 2351 2884 2408 sicut
2913 2360 2966 2408 et
3013 2352 3259 2420 fuissent,
3308 2354 3356 2408 si
3402 2369 3507 2411 non
3536 2369 3762 2425 separa-

2170 2449 2269 2495 ret.
2300 2440 2365 2495 Et
2395 2448 2573 2495 tamen
2630 2441 2708 2496 sic
2760 2440 3110 2497 concedimus
3169 2442 3573 2512 separationem
3603 2442 3763 2498 istam

2173 2545 2266 2598 per
2321 2528 2777 2594 reformationem,
2811 2545 2907 2600 per
2955 2528 3393 2599 amplitudinem,
3426 2545 3520 2601 per
3574 2530 3767 2600 profe-

2172 2626 2336 2687 ctum,
2371 2617 2511 2673 sicut
2576 2617 2782 2673 fructus
2831 2626 3108 2687 separatur
3162 2635 3194 2672 a
3243 2617 3472 2685 semine,
3531 2633 3657 2672 cum
3699 2618 3771 2673 sit

2168 2705 2381 2763 fructus
2411 2722 2477 2761 ex
2534 2706 2742 2762 semine
2791 2724 2803 2760 :
2837 2705 2916 2761 sic
2941 2713 2993 2760 et
3029 2705 3383 2778 Evangelium
3430 2714 3711 2776 separatur
3738 2722 3771 2760 a

2172 2795 2336 2867 Lege,
2372 2796 2497 2849 dum
2529 2793 2844 2865 provehitur
2898 2810 2964 2849 ex
2989 2794 3132 2865 Lege
3168 2812 3181 2845 :
3226 2793 3374 2849 aliud
3431 2795 3499 2849 ab
3528 2792 3642 2863 illa,
3669 2795 3770 2849 sed

2171 2898 2279 2938 non
2309 2882 2575 2951 alienum;
2635 2882 2928 2951 diversum,
2983 2883 3082 2938 sed
3120 2898 3230 2938 non
3275 2884 3624 2940 contrarium.
3655 2885 3771 2939 Nec

480 2962 627 3018 tione
680 2963 897 3033 injecta,
958 2966 1051 3036 qui
1121 2966 1293 3022 thuris
1360 2967 1683 3023 vocabulum
1757 2974 1842 3023 est
1897 2982 2066 3038 penes
2097 2972 2140 3049 ε
2172 2971 2343 3027 forma
2371 2970 2640 3027 sermonis
2672 2973 2726 3026 in
2755 2970 2970 3027 Christo
3010 2986 3190 3028 nova:
3225 2987 3349 3027 cum
3377 2970 3762 3027 similitudines

475 3050 697 3106 Graecos
751 3051 886 3121 (32),
944 3052 1010 3108 de
1061 3053 1365 3110 idololatria
1428 3055 1573 3110 enim
1630 3057 1737 3111 sibi
1784 3055 2069 3127 sponsabit

472 3138 780 3194 Ecelesiam.
813 3143 959 3214 Nega
1004 3150 1054 3198 te
1102 3159 1249 3199 nunc
1285 3143 1771 3211 clementissimum,
1805 3145 2061 3202 Marcion.

472 3228 612 3284 Ecce
639 3229 817 3302 legem
850 3233 925 3286 tui
957 3248 1177 3303 quoque
1209 3232 1307 3288 Dei
1336 3232 1624 3304 impugnas
1656 3249 1668 3287 :
1701 3233 1930 3304 Nuptias
1957 3248 2065 3289 non

472 3318 772 3389 conjungit,
821 3321 1141 3390 conjunctas
1189 3336 1299 3375 non
1355 3320 1593 3375 admittit
1624 3321 1898 3376 neminem
1957 3321 2064 3375 tin-

473 3406 591 3479 guit
618 3405 643 3443 9
680 3406 781 3461 nisi
837 3407 1089 3464 cmlibem
1142 3418 1233 3463 aut
1290 3409 1603 3478 spadonem,
1637 3409 1799 3464 morti
1836 3417 1929 3464 aut
1975 3426 2065 3464 re-

471 3494 639 3566 pudio
667 3496 931 3567 baptisma
963 3504 1157 3554 servat.
1209 3496 1352 3568 Quid
1408 3496 1589 3570 itaque
1645 3498 1918 3553 Christum
1947 3499 2067 3568 ejus

471 3583 742 3654 Sponsum
771 3585 950 3641 facis?
998 3586 1146 3641 Illius
1202 3585 1307 3643 hoc
1360 3601 1556 3642 nomen
1586 3592 1685 3654 est,
1731 3586 1826 3658 qui
1854 3604 2067 3645 mascu-

474 3672 581 3728 lum
612 3679 668 3728 et
722 3672 973 3728 feminam
1031 3675 1331 3744 conjunxit,
1374 3690 1480 3729 non
1509 3675 1602 3746 qui
1642 3676 1928 3745 separavit.
1962 3676 2065 3731 Er-

476 3760 603 3815 rasti
637 3761 691 3813 in
748 3760 839 3814 illa
867 3760 1027 3816 etiam
1066 3763 1282 3818 Domini
1339 3764 1799 3833 pronuntiatione,
1828 3781 1935 3835 qua
1975 3767 2065 3823 vi-

474 3848 635 3903 detur
674 3863 813 3903 nova
845 3856 899 3904 et
925 3858 1105 3905 vetera
1149 3850 1479 3907 discernere.
1514 3851 1737 3907 Inﬂatus
1764 3868 1825 3910 es
1853 3854 2066 3909 utribus

473 3938 770 4003 veteribus,
828 3948 883 3994 et
910 3939 1292 3995 excerebratus
1331 3956 1391 3996 es
1423 3957 1564 3999 novo
1611 3942 1776 4014 vino;
1803 3951 1966 4015 atque
1995 3944 2066 4000 ita

2175 3060 2389 3129 objicit,
2445 3076 2565 3116 cum
2623 3058 2954 3132 quaestiones
2992 3059 3210 3130 refutat,
3268 3060 3338 3115 de
3366 3058 3771 3132 septuagesimo

2176 3150 2402 3218 septimo
2418 3148 2563 3205 venit
2591 3147 2807 3205 Psalmo
2839 3167 2853 3202 :
2888 3149 3173 3221 Apertam,
3206 3149 3400 3221 inquit,
3431 3150 3492 3205 in
3521 3148 3771 3223 parabo-

2177 3239 2294 3295 lam
2320 3253 2377 3297 0s
2405 3254 2595 3295 meum
2623 3238 2760 3309 (33),
2820 3238 2876 3292 id
2932 3246 3013 3294 est
3042 3237 3450 3294 similitudinem
3490 3257 3505 3292 :
3537 3239 3774 3311 eloquar

2172 3326 2541 3397 problemata,
2601 3326 2657 3382 id
2703 3335 2803 3394 est,
2843 3326 3141 3383 edisseram
3196 3328 3543 3397 qumstiones.
3577 3326 3635 3382 Si
3668 3328 3775 3381 ho-

2173 3415 2374 3470 minem
2421 3416 2645 3471 alterius
2673 3415 2849 3488 gentis
2908 3415 3136 3486 probare
3161 3415 3452 3485 voluisses,
3484 3415 3675 3487 utique
3701 3414 3777 3470 de

2177 3502 2501 3575 proprietate
2537 3503 2768 3575 loquelae
2800 3503 3079 3575 probares.

2773 3646 3005 3703 CAPUT
3039 3646 3164 3702 XII.

2246 3772 2324 3826 De
2354 3770 2595 3826 Sabbato
2626 3783 2840 3843 queque
2872 3770 2999 3827 illud
3053 3770 3349 3841 praemitto,
3406 3784 3509 3825 nec
3559 3771 3603 3809 ι¹ι
3634 3771 3779 3828 hanc

2173 3860 2536 3932 quaestionem
2563 3858 2861 3916 consistere
2890 3859 3154 3931 potuisse,
3186 3860 3232 3914 si
3262 3875 3371 3917 non
3400 3859 3697 3917 Dominum
3728 3861 3781 3899 15

2174 3947 2394 4005 Sabbati
2433 3946 2805 4004 circumferret
2833 3946 3084 4004 Christus
3134 3946 3273 4019 (34).
3322 3946 3437 4003 Nec
3478 3946 3626 4003 enim
3682 3948 3779 4004 di-

1853 4059 2043 4124 Variae
2072 4066 2383 4127 lectiones.

554 4152 572 4190 ι
602 4152 832 4231 Belua.
856 4153 1181 4231 2_Temporis
1202 4154 1377 4212 Rhen.
1406 4155 1431 4195 3
1453 4155 1755 4231 Destinans
1783 4157 1828 4212 si
1856 4173 1986 4224 non,
2020 4163 2240 4219 caeteris
2260 4177 2373 4218 voc.
2405 4160 2646 4226 omissis,
2677 4160 2846 4217 Seml.
2884 4160 3062 4217 Obert.
3085 4161 3109 4198 ἰ
3142 4160 3371 4231 Jamque
3401 4168 3552 4215 teneo
3581 4161 3779 4215 Paris.

483 4226 654 4281 Fran.
678 4224 701 4263 5
730 4226 800 4279 Et
819 4225 964 4281 velut
1000 4241 1252 4295 sponsam
1282 4228 1492 4282 ornavit
1520 4244 1606 4284 me
1627 4239 1820 4284 ornatu
1854 4232 2023 4285 Fran.
2053 4248 2161 4286 sec.
2188 4235 2336 4290 LXX.
2361 4232 2386 4271 δ
2413 4232 2572 4287 Enim
2610 4224 2796 4288 cmitt.
2834 4232 3004 4288 Scml.
3040 4231 3222 4288 Obert.
3261 4224 3296 4269 τ
3316 4232 3354 4287 S

3360 4246 3526 4299 pensa
3554 4233 3736 4287 Fran.
3754 4231 3783 4268 ⁸

406 4301 415 4307 “
479 4295 655 4374 Etiam
680 4299 871 4374 omitti
899 4297 1277 4374 Seml.__0bcr_t.
1301 4297 1518 4374 9_'_I‘ingit
1541 4301 1717 4374 Segni.
1753 4300 1935 4357 Obert.
1966 4302 2199 4374 10Inquo
2238 4305 2421 4361 Venet.
2456 4301 2691 4360 llAliter
2711 4303 2998 4360 nonnulli.
3015 4303 3061 4340 ι²
3081 4295 3778 4361 Etinser.Seml.0berth.

484 4367 736 4438 13Itaque
755 4376 808 4423 et
836 4369 966 4425 Jun.
1002 4369 1047 4407 ιιι
1064 4369 1142 4424 Ne
1168 4371 1287 4442 Rig.
1318 4367 1501 4427 Venet.
1537 4371 1583 4409 1⁵
1612 4373 1786 4427 Deum
1816 4374 1983 4429 Seml.
2023 4367 2243 4432 Obérth.

1864 4460 2361 4528 Commentarius.

546 4566 660 4639 (31)
692 4568 763 4623 Et
790 4566 1033 4664 deversio
1061 4569 1201 4649 ejus,
1233 4574 1335 4664 etg.
1369 4568 1652 4664 Devenere
1687 4578 1742 4625 et
1768 4568 2060 4651 deversari,
2097 4587 2145 4664 η
2178 4572 2587 4653 eloquebantur,
2620 4569 2890 4664 parabolis
2948 4568 3135 4627 referti
3163 4576 3313 4638 sunt,
3344 4583 3489 4664 quas.
3520 4567 3785 4664 existimo

473 4652 634 4712 supra
700 4653 915 4712 quoque
972 4639 1226 4712 legimus.
1282 4640 1452 4712 Paulo
1502 4647 1627 4709 post
1678 4640 1992 4712 scripsimus
2048 4659 2063 4697 :

479 4731 503 4759 α
547 4709 697 4765 Hanc
742 4709 1006 4780 Sponsam
1031 4709 1284 4768 Christus
1335 4711 1436 4767 sibi
1464 4711 1624 4766 etiam
1674 4709 2065 4783 per—Salomo-

474 4795 619 4836 nem.
656 4801 678 4830 n
710 4780 895 4836 RBEN.

551 4870 789 4944 (32)Qui
810 4870 995 4926 thuris
1016 4870 1344 4944 vocabulum
1365 4876 1448 4928 est
1470 4888 1639 4944 penes
1658 4873 1892 4930 Graecos.
1909 4872 2069 4944 Apud

475 4939 909 5013 Theophrastum
938 4950 1007 5013 et
1044 4940 1421 4997 Dioscoridem
1455 4939 1551 5013 pro
1607 4946 1762 5001 thure
1798 4952 1850 4999 et
1881 4939 2070 5000 arbore

474 5011 755 5066 thurifera.
797 5011 955 5081 Apud
995 5012 1204 5081 Diosc.,
1251 5014 1346 5067 lib.
1388 5030 1427 5079 I,
1455 5011 1469 5013 “
1495 5031 1546 5070 c.
1607 5018 1673 5069 38
1716 5034 1728 5072 :
1770 5017 1957 5078 Φλοῖος
1995 5024 2070 5068 λι-

476 5082 645 5148 ϐάνου,
678 5082 885 5139 Cortex
916 5083 1213 5154 thurifera:
1258 5084 1493 5142 arboris.
1526 5084 1657 5158 _Sed
1685 5097 1738 5142 et
1791 5088 1933 5158 apud
1965 5088 2072 5143 He-

476 5170 655 5226 braeos
685 5171 808 5244 thu_s
837 5188 866 5225 a
901 5152 1136 5227 candore
1182 5172 1380 5229 dicitur
1407 5152 1582 5244 11:25,
1618 5185 1672 5231 et
1701 5152 1859 5230 mons
1904 5175 2070 5231 Liba-

477 5275 581 5316 nus
635 5234 802 5349 31:25
855 5259 1031 5317 cedris
1082 5260 1358 5318 altissimis
1417 5234 1645 5334 insignis
1695 5274 1796 5320 est.
1846 5265 1922 5319 La
1972 5266 2069 5320 Pa.

549 5354 667 5422 (33)
699 5352 1054 5424 Aperiamin
1070 5352 1413 5424 parabolam
1434 5370 1491 5410 os
1514 5369 1720 5409 meum.
1745 5353 1858 5408 Hoc
1884 5362 1987 5423 est,
2009 5353 2074 5408 ad

476 5431 695 5494 captum
725 5421 1109 5478 imbecillitatis
1135 5423 1385 5494 humanas
1414 5425 1581 5481 verba
1620 5424 1830 5480 faciam.
1864 5425 1943 5479 De
1973 5421 2073 5494 pa-

479 5493 686 5549 rabolis
740 5501 982 5566 veterum
1041 5493 1387 5565 scriptorum,
1448 5496 1680 5561 Seneca,
1737 5495 1898 5566 epist.
1957 5499 2073 5551 59:

486 5585 507 5616 ι
554 5566 630 5621 Ilii
688 5567 777 5641 qui
833 5565 1146 5636 simpliciter
1184 5578 1239 5622 ct
1294 5566 1727 5623 demenstraudze
1779 5565 1871 5623 rei
1916 5584 2077 5624 causa

2176 4639 2527 4709 necessarias,
2560 4639 2666 4697 non
2695 4657 2761 4696 ex
2790 4642 2981 4698 eadem
3008 4656 3169 4712 causa
3201 4657 3306 4711 qua
3344 4639 3542 4712 poetis,
3572 4639 3678 4712 sed
3719 4648 3783 4694 ut

2176 4714 2554 4770 imbecillitatis
2601 4720 2796 4768 nostrae
2852 4711 3173 4767 adminicula
3222 4710 3361 4781 isint,‘
3387 4719 3440 4767 et
3468 4720 3527 4766 ut
3552 4710 3780 4766 discen-

2177 4793 2285 4840 tem
2314 4792 2368 4839 et
2421 4783 2727 4840 audientem
2782 4785 2991 4855 inirem
3032 4791 3356 4855 prmsentem
3396 4782 3708 4855 adducant.
3746 4800 3772 4833 ι

2177 4855 2493 4911 Parabolam
2539 4855 2727 4911 Cicero
2761 4851 3100 4911 collationem
3159 4861 3330 4909 vocat.
3382 4851 3778 4922 Quintilianus,

2176 4928 2274 4981 lib.
2307 4943 2412 4982 vm
2436 4944 2451 4982 :
2478 4947 2500 4976 κ
2537 4926 2597 4980 In
2626 4926 2773 4981 omni
2804 4935 2983 4981 autem
3015 4925 3272 4996 parabola
3300 4933 3392 4996 aut
3426 4924 3688 4993 praecedit
3709 4924 3783 4978 si-

2176 4997 2441 5064 militudo,
2495 5004 2548 5053 et
2590 5014 2687 5069 res
2716 4997 2988 5069 sequitur;
3016 4995 3116 5052 aut
3165 4995 3414 5068 praecedit
3440 5010 3549 5061 res,
3584 5002 3643 5050 et
3694 4996 3780 5050 si-

2180 5069 2423 5124 militudo
2451 5067 2710 5140 sequitur.
2745 5089 2769 5119 ››
2797 5067 2934 5127 RIG.

2254 5141 2365 5212 (34)
2386 5136 2581 5212 Sinon
2608 5139 2903 5212 dominum
2922 5139 3157 5212 sabbati
3175 5139 3571 5212 circumferret
3605 5136 3783 5194 Chri-

2178 5210 2321 5277 stus,
2364 5219 2468 5268 etc.
2502 5211 2600 5266 Hic
2627 5211 2815 5267 alludit
2862 5212 2932 5266 ad
2970 5211 3097 5266 illud
3131 5210 3352 5274 Christi,
3383 5211 3660 5266 Dominus
3689 5213 3792 5266 est

2179 5284 2333 5355 ﬁlius
2350 5282 2593 5355 hominis
2612 5284 2787 5355 etiam
2809 5283 3069 5355 Sabbati;
3088 5282 3156 5338 de
3180 5296 3289 5355 quo
3307 5281 3387 5338 sic
3404 5280 3787 5355 Epiphanius:

2184 5350 2209 5407 ὰ
2254 5355 2372 5426 Duo
2419 5354 2618 5426 statim,
2677 5354 2870 5426 inquit,
2898 5354 3080 5426 simul,
3112 5361 3185 5426 et_
3212 5351 3382 5426 filium
3429 5350 3698 5426 hominis,
3734 5361 3803 5408 et

2181 5425 2465 5481 dominum
2531 5420 2773 5494 Sabbati',
2824 5420 3072 5496 s'eipsum
3154 5424 3402 5481 Salvator
3453 5420 3799 5496 confitetur;

2180 5497 2387 5553 docens
2432 5502 2492 5552 ut
2536 5512 2602 5552 ne
2630 5493 2929 5552 Sabbatum'
2977 5496 3213 5552 alienum
3260 5512 3293 5551 a
3344 5510 3442 5549 sua
3495 5493 3802 5552 creatione

2185 5578 2422 5641 putetur.
2456 5588 2478 5617 ν
2523 5568 2667 5623 Pw.
