  <div class='ocr_page' id='page_1' title='image "/cluster/home/n/w/nwhite01/storage/ocr_20150623/2/hvd.32044096580329/212.png"; bbox 0 0 4018 6192; ppageno 0'>
   <div class='ocr_carea' id='block_1_1' title="bbox 235 319 333 382">
    <p class='ocr_par' dir='ltr' id='par_1_1' title="bbox 235 319 333 382">
     <span class='ocr_line' id='line_1_1' title="bbox 235 319 333 382; baseline -0.02 0"><span class='ocrx_word' id='word_1_1' title='bbox 235 319 333 382; x_wconf 70' lang='grc'><strong>413</strong></span> 
     </span>
    </p>
   </div>
   <div class='ocr_carea' id='block_1_2' title="bbox 1434 320 2317 385">
    <p class='ocr_par' dir='ltr' id='par_1_2' title="bbox 1434 320 2317 385">
     <span class='ocr_line' id='line_1_2' title="bbox 1434 320 2317 385; baseline 0.003 -3"><span class='ocrx_word' id='word_1_2' title='bbox 1434 320 1565 383; x_wconf 84' lang='lat' dir='ltr'><strong>LIB.</strong></span> <span class='ocrx_word' id='word_1_3' title='bbox 1606 321 1673 384; x_wconf 84' lang='lat' dir='ltr'><strong>IV</strong></span> <span class='ocrx_word' id='word_1_4' title='bbox 1713 321 1872 384; x_wconf 76' lang='grc' dir='ltr'><strong>ΜΝ.</strong></span> <span class='ocrx_word' id='word_1_5' title='bbox 1913 321 2317 385; x_wconf 79' lang='lat' dir='ltr'><strong>MARCIONEM.</strong></span> 
     </span>
    </p>
   </div>
   <div class='ocr_carea' id='block_1_3' title="bbox 3418 322 3521 383">
    <p class='ocr_par' dir='ltr' id='par_1_3' title="bbox 3418 322 3521 383">
     <span class='ocr_line' id='line_1_3' title="bbox 3418 322 3521 383; baseline 0 0"><span class='ocrx_word' id='word_1_6' title='bbox 3418 322 3521 383; x_wconf 74' lang='grc'><strong>414</strong></span> 
     </span>
    </p>
   </div>
   <div class='ocr_carea' id='block_1_4' title="bbox 237 439 3520 524">
    <p class='ocr_par' dir='ltr' id='par_1_4' title="bbox 237 439 3520 524">
     <span class='ocr_line' id='line_1_4' title="bbox 237 439 3520 524; baseline 0 -19"><span class='ocrx_word' id='word_1_7' title='bbox 237 452 564 518; x_wconf 88' lang='lat' dir='ltr'><strong>sceptaretur</strong></span> <span class='ocrx_word' id='word_1_8' title='bbox 597 460 696 502; x_wconf 90' lang='lat' dir='ltr'><strong>cur</strong></span> <span class='ocrx_word' id='word_1_9' title='bbox 741 444 1042 501; x_wconf 69' lang='lat' dir='ltr'><strong>destrueret</strong></span> <span class='ocrx_word' id='word_1_10' title='bbox 1080 444 1404 516; x_wconf 89' lang='lat' dir='ltr'><strong>Sabbatum,</strong></span> <span class='ocrx_word' id='word_1_11' title='bbox 1446 448 1492 504; x_wconf 89' lang='lat' dir='ltr'><strong>si</strong></span> <span class='ocrx_word' id='word_1_12' title='bbox 1539 449 1818 507; x_wconf 75' lang='lat' dir='ltr'><strong>destruere</strong></span> <span class='ocrx_word' id='word_1_13' title='bbox 1853 439 1901 519; x_wconf 73' lang='grc' dir='ltr'><strong>Α</strong></span> <span class='ocrx_word' id='word_1_14' title='bbox 1931 458 2109 524; x_wconf 88' lang='lat' dir='ltr'><strong>captat</strong></span> <span class='ocrx_word' id='word_1_15' title='bbox 2144 458 2318 507; x_wconf 90' lang='lat' dir='ltr'><strong>status</strong></span> <span class='ocrx_word' id='word_1_16' title='bbox 2364 447 2749 507; x_wconf 64' lang='lat' dir='ltr'><strong>controversiae</strong></span> <span class='ocrx_word' id='word_1_17' title='bbox 2796 448 2880 518; x_wconf 92' lang='lat' dir='ltr'><strong>(ut</strong></span> <span class='ocrx_word' id='word_1_18' title='bbox 2915 448 3117 521; x_wconf 89' lang='lat' dir='ltr'><strong>aliquid</strong></span> <span class='ocrx_word' id='word_1_19' title='bbox 3155 448 3367 506; x_wconf 89' lang='lat' dir='ltr'><strong>cludam</strong></span> <span class='ocrx_word' id='word_1_20' title='bbox 3396 464 3520 506; x_wconf 90' lang='lat' dir='ltr'><strong>cum</strong></span> 
     </span>
    </p>
   </div>
   <div class='ocr_carea' id='block_1_5' title="bbox 239 532 1819 601">
    <p class='ocr_par' dir='ltr' id='par_1_5' title="bbox 239 532 1819 601">
     <span class='ocr_line' id='line_1_5' title="bbox 239 532 1819 601; baseline 0.003 -10"><span class='ocrx_word' id='word_1_21' title='bbox 239 536 471 591; x_wconf 89' lang='lat' dir='ltr'><strong>deberet.</strong></span> <span class='ocrx_word' id='word_1_22' title='bbox 494 534 662 591; x_wconf 88' lang='lat' dir='ltr'><strong>Porro</strong></span> <span class='ocrx_word' id='word_1_23' title='bbox 685 575 701 600; x_wconf 94' lang='lat'><strong>,</strong></span> <span class='ocrx_word' id='word_1_24' title='bbox 740 532 1022 589; x_wconf 86' lang='lat' dir='ltr'><strong>destruere</strong></span> <span class='ocrx_word' id='word_1_25' title='bbox 1065 533 1310 601; x_wconf 87' lang='lat' dir='ltr'><strong>deberet,</strong></span> <span class='ocrx_word' id='word_1_26' title='bbox 1360 537 1407 592; x_wconf 88' lang='lat' dir='ltr'><strong>si</strong></span> <span class='ocrx_word' id='word_1_27' title='bbox 1454 537 1674 595; x_wconf 86' lang='lat' dir='ltr'><strong>alterius</strong></span> <span class='ocrx_word' id='word_1_28' title='bbox 1714 539 1819 597; x_wconf 89' lang='lat' dir='ltr'><strong>Dei</strong></span> 
     </span>
    </p>
   </div>
   <div class='ocr_carea' id='block_1_6' title="bbox 238 622 1819 698">
    <p class='ocr_par' dir='ltr' id='par_1_6' title="bbox 238 622 1819 698">
     <span class='ocr_line' id='line_1_6' title="bbox 238 622 1819 698; baseline 0.006 -20"><span class='ocrx_word' id='word_1_29' title='bbox 238 632 391 693; x_wconf 85' lang='lat' dir='ltr'><strong>esset,</strong></span> <span class='ocrx_word' id='word_1_30' title='bbox 438 638 543 678; x_wconf 92' lang='lat' dir='ltr'><strong>nec</strong></span> <span class='ocrx_word' id='word_1_31' title='bbox 567 624 852 695; x_wconf 84' lang='lat' dir='ltr'><strong>quisquam</strong></span> <span class='ocrx_word' id='word_1_32' title='bbox 901 622 1188 681; x_wconf 84' lang='lat' dir='ltr'><strong>miraretur</strong></span> <span class='ocrx_word' id='word_1_33' title='bbox 1242 624 1523 682; x_wconf 84' lang='lat' dir='ltr'><strong>facientem</strong></span> <span class='ocrx_word' id='word_1_34' title='bbox 1551 629 1697 698; x_wconf 87' lang='lat' dir='ltr'><strong>quod</strong></span> <span class='ocrx_word' id='word_1_35' title='bbox 1739 630 1819 687; x_wconf 90' lang='lat' dir='ltr'><strong>illi</strong></span> 
     </span>
    </p>
   </div>
   <div class='ocr_carea' id='block_1_7' title="bbox 239 712 1821 790">
    <p class='ocr_par' dir='ltr' id='par_1_7' title="bbox 239 712 1821 790">
     <span class='ocr_line' id='line_1_7' title="bbox 239 712 1821 790; baseline 0.003 -20"><span class='ocrx_word' id='word_1_36' title='bbox 239 716 583 786; x_wconf 76' lang='lat' dir='ltr'><strong>congruebat.</strong></span> <span class='ocrx_word' id='word_1_37' title='bbox 626 712 955 767; x_wconf 81' lang='lat' dir='ltr'><strong>Mirabantur</strong></span> <span class='ocrx_word' id='word_1_38' title='bbox 981 727 1150 785; x_wconf 87' lang='lat' dir='ltr'><strong>ergo,</strong></span> <span class='ocrx_word' id='word_1_39' title='bbox 1182 713 1308 785; x_wconf 88' lang='lat' dir='ltr'><strong>quia</strong></span> <span class='ocrx_word' id='word_1_40' title='bbox 1336 729 1444 770; x_wconf 90' lang='lat' dir='ltr'><strong>non</strong></span> <span class='ocrx_word' id='word_1_41' title='bbox 1483 719 1821 790; x_wconf 71' lang='lat' dir='ltr'><strong>congruebat</strong></span> 
     </span>
    </p>
   </div>
   <div class='ocr_carea' id='block_1_8' title="bbox 239 800 1822 877">
    <p class='ocr_par' dir='ltr' id='par_1_8' title="bbox 239 800 1822 877">
     <span class='ocr_line' id='line_1_8' title="bbox 239 800 1822 877; baseline 0.004 -18"><span class='ocrx_word' id='word_1_42' title='bbox 239 803 303 859; x_wconf 87' lang='lat' dir='ltr'><strong>illi</strong></span> <span class='ocrx_word' id='word_1_43' title='bbox 332 802 511 857; x_wconf 90' lang='lat' dir='ltr'><strong>Deum</strong></span> <span class='ocrx_word' id='word_1_44' title='bbox 549 808 848 857; x_wconf 86' lang='lat' dir='ltr'><strong>creatorem</strong></span> <span class='ocrx_word' id='word_1_45' title='bbox 878 800 1225 857; x_wconf 86' lang='lat' dir='ltr'><strong>circumferre</strong></span> <span class='ocrx_word' id='word_1_46' title='bbox 1248 843 1262 867; x_wconf 94' lang='lat'><strong>,</strong></span> <span class='ocrx_word' id='word_1_47' title='bbox 1292 809 1346 857; x_wconf 92' lang='lat' dir='ltr'><strong>et</strong></span> <span class='ocrx_word' id='word_1_48' title='bbox 1374 802 1669 865; x_wconf 86' lang='lat' dir='ltr'><strong>Sabbatum</strong></span> <span class='ocrx_word' id='word_1_49' title='bbox 1698 808 1822 877; x_wconf 83' lang='lat' dir='ltr'><strong>ejus</strong></span> 
     </span>
    </p>
   </div>
   <div class='ocr_carea' id='block_1_9' title="bbox 238 887 1819 962">
    <p class='ocr_par' dir='ltr' id='par_1_9' title="bbox 238 887 1819 962">
     <span class='ocr_line' id='line_1_9' title="bbox 238 887 1819 962; baseline 0.002 -15"><span class='ocrx_word' id='word_1_50' title='bbox 238 890 568 962; x_wconf 75' lang='lat' dir='ltr'><strong>impugnare.</strong></span> <span class='ocrx_word' id='word_1_51' title='bbox 599 887 668 943; x_wconf 85' lang='lat' dir='ltr'><strong>Et</strong></span> <span class='ocrx_word' id='word_1_52' title='bbox 693 895 757 945; x_wconf 91' lang='lat' dir='ltr'><strong>ut</strong></span> <span class='ocrx_word' id='word_1_53' title='bbox 786 888 954 958; x_wconf 85' lang='lat' dir='ltr'><strong>prima</strong></span> <span class='ocrx_word' id='word_1_54' title='bbox 983 905 1211 961; x_wconf 74' lang='lat' dir='ltr'><strong>quaeque</strong></span> <span class='ocrx_word' id='word_1_55' title='bbox 1242 890 1581 958; x_wconf 87' lang='lat' dir='ltr'><strong>decidamus,</strong></span> <span class='ocrx_word' id='word_1_56' title='bbox 1614 909 1684 950; x_wconf 88' lang='lat' dir='ltr'><strong>ne</strong></span> <span class='ocrx_word' id='word_1_57' title='bbox 1722 912 1819 952; x_wconf 88' lang='lat' dir='ltr'><strong>ea-</strong></span> 
     </span>
    </p>
   </div>
   <div class='ocr_carea' id='block_1_10' title="bbox 238 978 1821 1052">
    <p class='ocr_par' dir='ltr' id='par_1_10' title="bbox 238 978 1821 1052">
     <span class='ocr_line' id='line_1_10' title="bbox 238 978 1821 1052; baseline 0.004 -18"><span class='ocrx_word' id='word_1_58' title='bbox 238 981 351 1035; x_wconf 89' lang='lat' dir='ltr'><strong>dem</strong></span> <span class='ocrx_word' id='word_1_59' title='bbox 390 978 595 1048; x_wconf 87' lang='lat' dir='ltr'><strong>ubique</strong></span> <span class='ocrx_word' id='word_1_60' title='bbox 627 992 895 1034; x_wconf 90' lang='lat' dir='ltr'><strong>novemus</strong></span> <span class='ocrx_word' id='word_1_61' title='bbox 941 978 1009 1034; x_wconf 92' lang='lat' dir='ltr'><strong>ad</strong></span> <span class='ocrx_word' id='word_1_62' title='bbox 1037 993 1255 1035; x_wconf 90' lang='lat' dir='ltr'><strong>omnem</strong></span> <span class='ocrx_word' id='word_1_63' title='bbox 1295 983 1821 1052; x_wconf 80' lang='lat' dir='ltr'><strong>argumentationem</strong></span> 
     </span>
    </p>
   </div>
   <div class='ocr_carea' id='block_1_11' title="bbox 236 1066 1823 1139">
    <p class='ocr_par' dir='ltr' id='par_1_11' title="bbox 236 1066 1823 1139">
     <span class='ocr_line' id='line_1_11' title="bbox 236 1066 1823 1139; baseline 0.001 -14"><span class='ocrx_word' id='word_1_64' title='bbox 236 1066 547 1133; x_wconf 80' lang='lat' dir='ltr'><strong>adversarii,</strong></span> <span class='ocrx_word' id='word_1_65' title='bbox 580 1082 646 1122; x_wconf 84' lang='lat' dir='ltr'><strong>ex</strong></span> <span class='ocrx_word' id='word_1_66' title='bbox 691 1067 870 1139; x_wconf 88' lang='lat' dir='ltr'><strong>aliqua</strong></span> <span class='ocrx_word' id='word_1_67' title='bbox 916 1080 1058 1122; x_wconf 91' lang='lat' dir='ltr'><strong>nova</strong></span> <span class='ocrx_word' id='word_1_68' title='bbox 1105 1066 1298 1123; x_wconf 86' lang='lat' dir='ltr'><strong>Christi</strong></span> <span class='ocrx_word' id='word_1_69' title='bbox 1347 1068 1683 1127; x_wconf 89' lang='lat' dir='ltr'><strong>institutione</strong></span> <span class='ocrx_word' id='word_1_70' title='bbox 1732 1074 1823 1127; x_wconf 87' lang='lat' dir='ltr'><strong>ni—</strong></span> 
     </span>
    </p>
   </div>
   <div class='ocr_carea' id='block_1_12' title="bbox 236 1153 1823 1227">
    <p class='ocr_par' dir='ltr' id='par_1_12' title="bbox 236 1153 1823 1227">
     <span class='ocr_line' id='line_1_12' title="bbox 236 1153 1823 1227; baseline 0.003 -15"><span class='ocrx_word' id='word_1_71' title='bbox 236 1163 471 1224; x_wconf 87' lang='lat' dir='ltr'><strong>tentem;</strong></span> <span class='ocrx_word' id='word_1_72' title='bbox 507 1158 625 1211; x_wconf 68' lang='lat' dir='ltr'><strong>hmc</strong></span> <span class='ocrx_word' id='word_1_73' title='bbox 646 1156 758 1227; x_wconf 89' lang='lat' dir='ltr'><strong>jam</strong></span> <span class='ocrx_word' id='word_1_74' title='bbox 807 1153 1052 1211; x_wconf 84' lang='lat' dir='ltr'><strong>definitio</strong></span> <span class='ocrx_word' id='word_1_75' title='bbox 1098 1156 1285 1222; x_wconf 85' lang='lat' dir='ltr'><strong>stabit,</strong></span> <span class='ocrx_word' id='word_1_76' title='bbox 1320 1156 1443 1213; x_wconf 90' lang='lat' dir='ltr'><strong>ideo</strong></span> <span class='ocrx_word' id='word_1_77' title='bbox 1488 1157 1555 1212; x_wconf 90' lang='lat' dir='ltr'><strong>de</strong></span> <span class='ocrx_word' id='word_1_78' title='bbox 1586 1161 1823 1218; x_wconf 88' lang='lat' dir='ltr'><strong>novitate</strong></span> 
     </span>
    </p>
   </div>
   <div class='ocr_carea' id='block_1_13' title="bbox 233 1243 1822 1318">
    <p class='ocr_par' dir='ltr' id='par_1_13' title="bbox 233 1243 1822 1318">
     <span class='ocr_line' id='line_1_13' title="bbox 233 1243 1822 1318; baseline 0.001 -16"><span class='ocrx_word' id='word_1_79' title='bbox 233 1244 585 1302; x_wconf 84' lang='lat' dir='ltr'><strong>institutionis</strong></span> <span class='ocrx_word' id='word_1_80' title='bbox 640 1245 902 1314; x_wconf 83' lang='lat' dir='ltr'><strong>cujusque</strong></span> <span class='ocrx_word' id='word_1_81' title='bbox 948 1243 1346 1315; x_wconf 87' lang='lat' dir='ltr'><strong>disceptatum;</strong></span> <span class='ocrx_word' id='word_1_82' title='bbox 1394 1246 1522 1318; x_wconf 87' lang='lat' dir='ltr'><strong>quia</strong></span> <span class='ocrx_word' id='word_1_83' title='bbox 1567 1247 1635 1303; x_wconf 90' lang='lat' dir='ltr'><strong>de</strong></span> <span class='ocrx_word' id='word_1_84' title='bbox 1664 1250 1822 1304; x_wconf 91' lang='lat' dir='ltr'><strong>novi-</strong></span> 
     </span>
    </p>
   </div>
   <div class='ocr_carea' id='block_1_14' title="bbox 235 1331 1823 1407">
    <p class='ocr_par' dir='ltr' id='par_1_14' title="bbox 235 1331 1823 1407">
     <span class='ocr_line' id='line_1_14' title="bbox 235 1331 1823 1407; baseline 0.003 -18"><span class='ocrx_word' id='word_1_85' title='bbox 235 1341 334 1391; x_wconf 84' lang='lat' dir='ltr'><strong>tate</strong></span> <span class='ocrx_word' id='word_1_86' title='bbox 362 1333 669 1391; x_wconf 86' lang='lat' dir='ltr'><strong>divinitatis</strong></span> <span class='ocrx_word' id='word_1_87' title='bbox 699 1331 831 1388; x_wconf 88' lang='lat' dir='ltr'><strong>nihil</strong></span> <span class='ocrx_word' id='word_1_88' title='bbox 861 1339 977 1387; x_wconf 92' lang='lat' dir='ltr'><strong>erat</strong></span> <span class='ocrx_word' id='word_1_89' title='bbox 1006 1348 1179 1407; x_wconf 87' lang='lat' dir='ltr'><strong>usque</strong></span> <span class='ocrx_word' id='word_1_90' title='bbox 1206 1334 1381 1389; x_wconf 89' lang='lat' dir='ltr'><strong>adhuc</strong></span> <span class='ocrx_word' id='word_1_91' title='bbox 1410 1334 1633 1404; x_wconf 89' lang='lat' dir='ltr'><strong>editum,</strong></span> <span class='ocrx_word' id='word_1_92' title='bbox 1666 1337 1823 1393; x_wconf 87' lang='lat' dir='ltr'><strong>sicuti</strong></span> 
     </span>
    </p>
   </div>
   <div class='ocr_carea' id='block_1_15' title="bbox 232 1421 1826 1497">
    <p class='ocr_par' dir='ltr' id='par_1_15' title="bbox 232 1421 1826 1497">
     <span class='ocr_line' id='line_1_15' title="bbox 232 1421 1826 1497; baseline 0.001 -19"><span class='ocrx_word' id='word_1_93' title='bbox 232 1438 321 1478; x_wconf 90' lang='lat' dir='ltr'><strong>nec</strong></span> <span class='ocrx_word' id='word_1_94' title='bbox 367 1421 734 1491; x_wconf 82' lang='lat' dir='ltr'><strong>disceptatum</strong></span> <span class='ocrx_word' id='word_1_95' title='bbox 784 1437 799 1475; x_wconf 90' lang='lat'>:</span> <span class='ocrx_word' id='word_1_96' title='bbox 862 1435 963 1476; x_wconf 90' lang='lat' dir='ltr'><strong>nec</strong></span> <span class='ocrx_word' id='word_1_97' title='bbox 1016 1435 1181 1491; x_wconf 86' lang='lat' dir='ltr'><strong>posse</strong></span> <span class='ocrx_word' id='word_1_98' title='bbox 1237 1423 1537 1494; x_wconf 86' lang='lat' dir='ltr'><strong>retorqueri</strong></span> <span class='ocrx_word' id='word_1_99' title='bbox 1594 1440 1659 1479; x_wconf 87' lang='lat' dir='ltr'><strong>ex</strong></span> <span class='ocrx_word' id='word_1_100' title='bbox 1708 1424 1826 1497; x_wconf 80' lang='lat' dir='ltr'><strong>ipsa</strong></span> 
     </span>
    </p>
   </div>
   <div class='ocr_carea' id='block_1_16' title="bbox 232 1508 1826 1583">
    <p class='ocr_par' dir='ltr' id='par_1_16' title="bbox 232 1508 1826 1583">
     <span class='ocr_line' id='line_1_16' title="bbox 232 1508 1826 1583; baseline 0.003 -17"><span class='ocrx_word' id='word_1_101' title='bbox 232 1511 470 1567; x_wconf 84' lang='lat' dir='ltr'><strong>novitate</strong></span> <span class='ocrx_word' id='word_1_102' title='bbox 498 1508 857 1566; x_wconf 80' lang='lat' dir='ltr'><strong>institutionis</strong></span> <span class='ocrx_word' id='word_1_103' title='bbox 885 1510 1153 1583; x_wconf 87' lang='lat' dir='ltr'><strong>cujusque</strong></span> <span class='ocrx_word' id='word_1_104' title='bbox 1200 1510 1331 1565; x_wconf 86' lang='lat' dir='ltr'><strong>satis</strong></span> <span class='ocrx_word' id='word_1_105' title='bbox 1358 1510 1513 1567; x_wconf 90' lang='lat' dir='ltr'><strong>aliam</strong></span> <span class='ocrx_word' id='word_1_106' title='bbox 1553 1528 1585 1567; x_wconf 88' lang='lat' dir='ltr'><strong>a</strong></span> <span class='ocrx_word' id='word_1_107' title='bbox 1611 1513 1826 1570; x_wconf 91' lang='lat' dir='ltr'><strong>Christo</strong></span> 
     </span>
    </p>
   </div>
   <div class='ocr_carea' id='block_1_17' title="bbox 230 1597 1825 1672">
    <p class='ocr_par' dir='ltr' id='par_1_17' title="bbox 230 1597 1825 1672">
     <span class='ocr_line' id='line_1_17' title="bbox 230 1597 1825 1672; baseline 0.001 -16"><span class='ocrx_word' id='word_1_108' title='bbox 230 1600 655 1656; x_wconf 85' lang='lat' dir='ltr'><strong>demonstratam</strong></span> <span class='ocrx_word' id='word_1_109' title='bbox 699 1597 1040 1655; x_wconf 86' lang='lat' dir='ltr'><strong>divinitatem</strong></span> <span class='ocrx_word' id='word_1_110' title='bbox 1065 1640 1079 1665; x_wconf 95' lang='lat'><strong>,</strong></span> <span class='ocrx_word' id='word_1_111' title='bbox 1112 1600 1325 1671; x_wconf 89' lang='lat' dir='ltr'><strong>quando</strong></span> <span class='ocrx_word' id='word_1_112' title='bbox 1368 1608 1423 1656; x_wconf 92' lang='lat' dir='ltr'><strong>et</strong></span> <span class='ocrx_word' id='word_1_113' title='bbox 1460 1600 1628 1672; x_wconf 86' lang='lat' dir='ltr'><strong>ipsam</strong></span> <span class='ocrx_word' id='word_1_114' title='bbox 1662 1602 1825 1659; x_wconf 84' lang='lat' dir='ltr'><strong>novi-</strong></span> 
     </span>
    </p>
   </div>
   <div class='ocr_carea' id='block_1_18' title="bbox 233 1687 1823 1758">
    <p class='ocr_par' dir='ltr' id='par_1_18' title="bbox 233 1687 1823 1758">
     <span class='ocr_line' id='line_1_18' title="bbox 233 1687 1823 1758; baseline 0.003 -15"><span class='ocrx_word' id='word_1_115' title='bbox 233 1698 389 1745; x_wconf 87' lang='lat' dir='ltr'><strong>tatem</strong></span> <span class='ocrx_word' id='word_1_116' title='bbox 420 1688 826 1758; x_wconf 86' lang='lat' dir='ltr'><strong>pronuntiatam</strong></span> <span class='ocrx_word' id='word_1_117' title='bbox 846 1702 880 1741; x_wconf 89' lang='lat' dir='ltr'><strong>a</strong></span> <span class='ocrx_word' id='word_1_118' title='bbox 908 1687 1163 1743; x_wconf 88' lang='lat' dir='ltr'><strong>Creatore</strong></span> <span class='ocrx_word' id='word_1_119' title='bbox 1184 1689 1504 1758; x_wconf 83' lang='lat' dir='ltr'><strong>constiterit,</strong></span> <span class='ocrx_word' id='word_1_120' title='bbox 1525 1690 1581 1744; x_wconf 93' lang='lat' dir='ltr'><strong>in</strong></span> <span class='ocrx_word' id='word_1_121' title='bbox 1609 1690 1823 1748; x_wconf 86' lang='lat' dir='ltr'><strong>Christo</strong></span> 
     </span>
    </p>
   </div>
   <div class='ocr_carea' id='block_1_19' title="bbox 233 1774 1825 1851">
    <p class='ocr_par' dir='ltr' id='par_1_19' title="bbox 233 1774 1825 1851">
     <span class='ocr_line' id='line_1_19' title="bbox 233 1774 1825 1851; baseline 0.002 -19"><span class='ocrx_word' id='word_1_122' title='bbox 233 1791 343 1833; x_wconf 87' lang='lat' dir='ltr'><strong>non</strong></span> <span class='ocrx_word' id='word_1_123' title='bbox 408 1792 532 1833; x_wconf 84' lang='lat' dir='ltr'><strong>esse</strong></span> <span class='ocrx_word' id='word_1_124' title='bbox 582 1774 909 1830; x_wconf 89' lang='lat' dir='ltr'><strong>mirandam.</strong></span> <span class='ocrx_word' id='word_1_125' title='bbox 971 1776 1036 1831; x_wconf 88' lang='lat' dir='ltr'><strong>Et</strong></span> <span class='ocrx_word' id='word_1_126' title='bbox 1078 1777 1379 1847; x_wconf 85' lang='lat' dir='ltr'><strong>oportuerit</strong></span> <span class='ocrx_word' id='word_1_127' title='bbox 1433 1778 1618 1850; x_wconf 90' lang='lat' dir='ltr'><strong>utique</strong></span> <span class='ocrx_word' id='word_1_128' title='bbox 1674 1780 1825 1851; x_wconf 89' lang='lat' dir='ltr'><strong>prius</strong></span> 
     </span>
    </p>
   </div>
   <div class='ocr_carea' id='block_1_20' title="bbox 239 1864 1824 1938">
    <p class='ocr_par' dir='ltr' id='par_1_20' title="bbox 239 1864 1824 1938">
     <span class='ocr_line' id='line_1_20' title="bbox 239 1864 1824 1938; baseline 0.002 -17"><span class='ocrx_word' id='word_1_129' title='bbox 239 1867 411 1921; x_wconf 87' lang='lat' dir='ltr'><strong>alium</strong></span> <span class='ocrx_word' id='word_1_130' title='bbox 436 1866 610 1919; x_wconf 90' lang='lat' dir='ltr'><strong>Deum</strong></span> <span class='ocrx_word' id='word_1_131' title='bbox 627 1865 821 1936; x_wconf 82' lang='lat' dir='ltr'><strong>exponi</strong></span> <span class='ocrx_word' id='word_1_132' title='bbox 849 1907 861 1929; x_wconf 96' lang='lat'><strong>,</strong></span> <span class='ocrx_word' id='word_1_133' title='bbox 889 1872 1077 1934; x_wconf 89' lang='lat' dir='ltr'><strong>postea</strong></span> <span class='ocrx_word' id='word_1_134' title='bbox 1102 1864 1442 1938; x_wconf 79' lang='lat' dir='ltr'><strong>disciplinam</strong></span> <span class='ocrx_word' id='word_1_135' title='bbox 1465 1868 1582 1937; x_wconf 89' lang='lat' dir='ltr'><strong>ejus</strong></span> <span class='ocrx_word' id='word_1_136' title='bbox 1611 1868 1824 1937; x_wconf 87' lang='lat' dir='ltr'><strong>induci;</strong></span> 
     </span>
    </p>
   </div>
   <div class='ocr_carea' id='block_1_21' title="bbox 247 1951 1828 2026">
    <p class='ocr_par' dir='ltr' id='par_1_21' title="bbox 247 1951 1828 2026">
     <span class='ocr_line' id='line_1_21' title="bbox 247 1951 1828 2026; baseline 0.004 -19"><span class='ocrx_word' id='word_1_137' title='bbox 247 1953 375 2026; x_wconf 88' lang='lat' dir='ltr'><strong>quia</strong></span> <span class='ocrx_word' id='word_1_138' title='bbox 437 1952 580 2007; x_wconf 91' lang='lat' dir='ltr'><strong>Deus</strong></span> <span class='ocrx_word' id='word_1_139' title='bbox 627 1951 1001 2009; x_wconf 88' lang='lat' dir='ltr'><strong>auctoritatem</strong></span> <span class='ocrx_word' id='word_1_140' title='bbox 1060 1964 1277 2025; x_wconf 69' lang='lat' dir='ltr'><strong>praestat</strong></span> <span class='ocrx_word' id='word_1_141' title='bbox 1330 1954 1658 2026; x_wconf 81' lang='lat' dir='ltr'><strong>disciplinae,</strong></span> <span class='ocrx_word' id='word_1_142' title='bbox 1718 1972 1828 2014; x_wconf 90' lang='lat' dir='ltr'><strong>non</strong></span> 
     </span>
    </p>
   </div>
   <div class='ocr_carea' id='block_1_22' title="bbox 242 2040 1829 2116">
    <p class='ocr_par' dir='ltr' id='par_1_22' title="bbox 242 2040 1829 2116">
     <span class='ocr_line' id='line_1_22' title="bbox 242 2040 1829 2116; baseline 0.004 -19"><span class='ocrx_word' id='word_1_143' title='bbox 242 2040 690 2113; x_wconf 86' lang='lat' dir='ltr'><strong>Deodisciplina:</strong></span> <span class='ocrx_word' id='word_1_144' title='bbox 732 2041 837 2097; x_wconf 88' lang='lat' dir='ltr'><strong>nisi</strong></span> <span class='ocrx_word' id='word_1_145' title='bbox 864 2041 911 2097; x_wconf 91' lang='lat' dir='ltr'><strong>si</strong></span> <span class='ocrx_word' id='word_1_146' title='bbox 939 2050 992 2098; x_wconf 90' lang='lat' dir='ltr'><strong>et</strong></span> <span class='ocrx_word' id='word_1_147' title='bbox 1019 2043 1254 2098; x_wconf 84' lang='lat' dir='ltr'><strong>Marcion</strong></span> <span class='ocrx_word' id='word_1_148' title='bbox 1284 2044 1443 2114; x_wconf 89' lang='lat' dir='ltr'><strong>plane</strong></span> <span class='ocrx_word' id='word_1_149' title='bbox 1472 2052 1580 2101; x_wconf 84' lang='lat' dir='ltr'><strong>tam</strong></span> <span class='ocrx_word' id='word_1_150' title='bbox 1612 2062 1829 2116; x_wconf 89' lang='lat' dir='ltr'><strong>perver-</strong></span> 
     </span>
    </p>
   </div>
   <div class='ocr_carea' id='block_1_23' title="bbox 235 2130 1829 2204">
    <p class='ocr_par' dir='ltr' id='par_1_23' title="bbox 235 2130 1829 2204">
     <span class='ocr_line' id='line_1_23' title="bbox 235 2130 1829 2204; baseline 0.004 -19"><span class='ocrx_word' id='word_1_151' title='bbox 235 2145 321 2186; x_wconf 85' lang='lat' dir='ltr'><strong>sas</strong></span> <span class='ocrx_word' id='word_1_152' title='bbox 350 2145 461 2185; x_wconf 90' lang='lat' dir='ltr'><strong>non</strong></span> <span class='ocrx_word' id='word_1_153' title='bbox 490 2145 587 2200; x_wconf 89' lang='lat' dir='ltr'><strong>per</strong></span> <span class='ocrx_word' id='word_1_154' title='bbox 616 2131 936 2201; x_wconf 88' lang='lat' dir='ltr'><strong>magistrum</strong></span> <span class='ocrx_word' id='word_1_155' title='bbox 964 2130 1171 2186; x_wconf 87' lang='lat' dir='ltr'><strong>litteras</strong></span> <span class='ocrx_word' id='word_1_156' title='bbox 1202 2131 1410 2200; x_wconf 91' lang='lat' dir='ltr'><strong>didicit,</strong></span> <span class='ocrx_word' id='word_1_157' title='bbox 1443 2133 1538 2188; x_wconf 91' lang='lat' dir='ltr'><strong>sed</strong></span> <span class='ocrx_word' id='word_1_158' title='bbox 1568 2150 1666 2204; x_wconf 90' lang='lat' dir='ltr'><strong>per</strong></span> <span class='ocrx_word' id='word_1_159' title='bbox 1686 2134 1829 2191; x_wconf 88' lang='lat' dir='ltr'><strong>litte-</strong></span> 
     </span>
    </p>
   </div>
   <div class='ocr_carea' id='block_1_24' title="bbox 235 2215 1823 2295">
    <p class='ocr_par' dir='ltr' id='par_1_24' title="bbox 235 2215 1823 2295">
     <span class='ocr_line' id='line_1_24' title="bbox 235 2215 1823 2295; baseline 0.005 -23"><span class='ocrx_word' id='word_1_160' title='bbox 235 2233 321 2272; x_wconf 88' lang='lat' dir='ltr'><strong>ras</strong></span> <span class='ocrx_word' id='word_1_161' title='bbox 346 2218 696 2292; x_wconf 82' lang='lat' dir='ltr'><strong>magistrum.</strong></span> <span class='ocrx_word' id='word_1_162' title='bbox 726 2217 929 2274; x_wconf 74' lang='lat' dir='ltr'><strong>Caetera</strong></span> <span class='ocrx_word' id='word_1_163' title='bbox 950 2220 1018 2275; x_wconf 90' lang='lat' dir='ltr'><strong>de</strong></span> <span class='ocrx_word' id='word_1_164' title='bbox 1045 2215 1219 2275; x_wconf 70' lang='lat'><strong>384</strong></span> <span class='ocrx_word' id='word_1_165' title='bbox 1242 2219 1478 2276; x_wconf 86' lang='lat' dir='ltr'><strong>Sabbato</strong></span> <span class='ocrx_word' id='word_1_166' title='bbox 1508 2220 1581 2276; x_wconf 90' lang='lat' dir='ltr'><strong>ita</strong></span> <span class='ocrx_word' id='word_1_167' title='bbox 1600 2221 1778 2295; x_wconf 78' lang='lat' dir='ltr'><strong>dirigo</strong></span> <span class='ocrx_word' id='word_1_168' title='bbox 1811 2240 1823 2279; x_wconf 90' lang='lat'><strong>:</strong></span> 
     </span>
    </p>
   </div>
   <div class='ocr_carea' id='block_1_25' title="bbox 237 2305 1829 2373">
    <p class='ocr_par' dir='ltr' id='par_1_25' title="bbox 237 2305 1829 2373">
     <span class='ocr_line' id='line_1_25' title="bbox 237 2305 1829 2373; baseline 0.003 -12"><span class='ocrx_word' id='word_1_169' title='bbox 237 2306 289 2361; x_wconf 92' lang='lat' dir='ltr'><strong>Si</strong></span> <span class='ocrx_word' id='word_1_170' title='bbox 320 2306 616 2362; x_wconf 89' lang='lat' dir='ltr'><strong>Sabbatum</strong></span> <span class='ocrx_word' id='word_1_171' title='bbox 648 2305 892 2363; x_wconf 89' lang='lat' dir='ltr'><strong>Christus</strong></span> <span class='ocrx_word' id='word_1_172' title='bbox 937 2306 1253 2373; x_wconf 84' lang='lat' dir='ltr'><strong>intervertil,</strong></span> <span class='ocrx_word' id='word_1_173' title='bbox 1295 2310 1591 2365; x_wconf 88' lang='lat' dir='ltr'><strong>secundum</strong></span> <span class='ocrx_word' id='word_1_174' title='bbox 1636 2326 1829 2366; x_wconf 89' lang='lat' dir='ltr'><strong>exem-</strong></span> 
     </span>
    </p>
   </div>
   <div class='ocr_carea' id='block_1_26' title="bbox 239 2394 1831 2467">
    <p class='ocr_par' dir='ltr' id='par_1_26' title="bbox 239 2394 1831 2467">
     <span class='ocr_line' id='line_1_26' title="bbox 239 2394 1831 2467; baseline 0.004 -19"><span class='ocrx_word' id='word_1_175' title='bbox 239 2396 382 2464; x_wconf 91' lang='lat' dir='ltr'><strong>plum</strong></span> <span class='ocrx_word' id='word_1_176' title='bbox 416 2394 549 2451; x_wconf 88' lang='lat' dir='ltr'><strong>fecit</strong></span> <span class='ocrx_word' id='word_1_177' title='bbox 576 2395 865 2452; x_wconf 91' lang='lat' dir='ltr'><strong>Creatoris.</strong></span> <span class='ocrx_word' id='word_1_178' title='bbox 900 2395 1179 2467; x_wconf 87' lang='lat' dir='ltr'><strong>Siquidem</strong></span> <span class='ocrx_word' id='word_1_179' title='bbox 1207 2396 1263 2452; x_wconf 93' lang='lat' dir='ltr'><strong>in</strong></span> <span class='ocrx_word' id='word_1_180' title='bbox 1284 2397 1573 2454; x_wconf 91' lang='lat' dir='ltr'><strong>obsidione</strong></span> <span class='ocrx_word' id='word_1_181' title='bbox 1601 2399 1831 2455; x_wconf 88' lang='lat' dir='ltr'><strong>civitatis</strong></span> 
     </span>
    </p>
   </div>
   <div class='ocr_carea' id='block_1_27' title="bbox 238 2483 1831 2556">
    <p class='ocr_par' dir='ltr' id='par_1_27' title="bbox 238 2483 1831 2556">
     <span class='ocr_line' id='line_1_27' title="bbox 238 2483 1831 2556; baseline 0.004 -18"><span class='ocrx_word' id='word_1_182' title='bbox 238 2483 599 2539; x_wconf 81' lang='lat' dir='ltr'><strong>Hierichuntis</strong></span> <span class='ocrx_word' id='word_1_183' title='bbox 623 2525 638 2550; x_wconf 93' lang='lat'><strong>,</strong></span> <span class='ocrx_word' id='word_1_184' title='bbox 671 2485 979 2541; x_wconf 90' lang='lat' dir='ltr'><strong>circumlata</strong></span> <span class='ocrx_word' id='word_1_185' title='bbox 1009 2501 1105 2556; x_wconf 90' lang='lat' dir='ltr'><strong>per</strong></span> <span class='ocrx_word' id='word_1_186' title='bbox 1133 2502 1319 2542; x_wconf 91' lang='lat' dir='ltr'><strong>muros</strong></span> <span class='ocrx_word' id='word_1_187' title='bbox 1346 2502 1472 2542; x_wconf 89' lang='lat' dir='ltr'><strong>arca</strong></span> <span class='ocrx_word' id='word_1_188' title='bbox 1500 2488 1831 2544; x_wconf 88' lang='lat' dir='ltr'><strong>Testamenti</strong></span> 
     </span>
    </p>
   </div>
   <div class='ocr_carea' id='block_1_28' title="bbox 239 2573 1829 2647">
    <p class='ocr_par' dir='ltr' id='par_1_28' title="bbox 239 2573 1829 2647">
     <span class='ocr_line' id='line_1_28' title="bbox 239 2573 1829 2647; baseline 0.001 -18"><span class='ocrx_word' id='word_1_189' title='bbox 239 2581 441 2644; x_wconf 88' lang='lat' dir='ltr'><strong>septem</strong></span> <span class='ocrx_word' id='word_1_190' title='bbox 476 2573 761 2639; x_wconf 75' lang='lat' dir='ltr'><strong>15diebus,</strong></span> <span class='ocrx_word' id='word_1_191' title='bbox 791 2574 949 2630; x_wconf 88' lang='lat' dir='ltr'><strong>etiam</strong></span> <span class='ocrx_word' id='word_1_192' title='bbox 984 2573 1241 2644; x_wconf 89' lang='lat' dir='ltr'><strong>Sabbato,</strong></span> <span class='ocrx_word' id='word_1_193' title='bbox 1275 2591 1338 2631; x_wconf 88' lang='lat' dir='ltr'><strong>ex</strong></span> <span class='ocrx_word' id='word_1_194' title='bbox 1369 2586 1637 2647; x_wconf 83' lang='lat' dir='ltr'><strong>praecepto</strong></span> <span class='ocrx_word' id='word_1_195' title='bbox 1666 2578 1829 2633; x_wconf 90' lang='lat' dir='ltr'><strong>Crea-</strong></span> 
     </span>
    </p>
   </div>
   <div class='ocr_carea' id='block_1_29' title="bbox 238 2663 1832 2737">
    <p class='ocr_par' dir='ltr' id='par_1_29' title="bbox 238 2663 1832 2737">
     <span class='ocr_line' id='line_1_29' title="bbox 238 2663 1832 2737; baseline 0.003 -20"><span class='ocrx_word' id='word_1_196' title='bbox 238 2664 362 2717; x_wconf 90' lang='lat' dir='ltr'><strong>toris</strong></span> <span class='ocrx_word' id='word_1_197' title='bbox 388 2663 691 2718; x_wconf 86' lang='lat' dir='ltr'><strong>Sabbatum</strong></span> <span class='ocrx_word' id='word_1_198' title='bbox 739 2663 1051 2732; x_wconf 86' lang='lat' dir='ltr'><strong>operatione</strong></span> <span class='ocrx_word' id='word_1_199' title='bbox 1082 2663 1386 2732; x_wconf 88' lang='lat' dir='ltr'><strong>destruxit,</strong></span> <span class='ocrx_word' id='word_1_200' title='bbox 1421 2677 1480 2721; x_wconf 92' lang='lat' dir='ltr'><strong>ut</strong></span> <span class='ocrx_word' id='word_1_201' title='bbox 1509 2673 1701 2737; x_wconf 90' lang='lat' dir='ltr'><strong>putant</strong></span> <span class='ocrx_word' id='word_1_202' title='bbox 1736 2666 1832 2737; x_wconf 91' lang='lat' dir='ltr'><strong>qui</strong></span> 
     </span>
    </p>
   </div>
   <div class='ocr_carea' id='block_1_30' title="bbox 240 2752 1834 2827">
    <p class='ocr_par' dir='ltr' id='par_1_30' title="bbox 240 2752 1834 2827">
     <span class='ocr_line' id='line_1_30' title="bbox 240 2752 1834 2827; baseline 0.003 -22"><span class='ocrx_word' id='word_1_203' title='bbox 240 2753 334 2809; x_wconf 91' lang='lat' dir='ltr'><strong>hoc</strong></span> <span class='ocrx_word' id='word_1_204' title='bbox 362 2761 416 2808; x_wconf 90' lang='lat' dir='ltr'><strong>et</strong></span> <span class='ocrx_word' id='word_1_205' title='bbox 442 2752 512 2806; x_wconf 88' lang='lat' dir='ltr'><strong>de</strong></span> <span class='ocrx_word' id='word_1_206' title='bbox 528 2752 746 2807; x_wconf 89' lang='lat' dir='ltr'><strong>Christo</strong></span> <span class='ocrx_word' id='word_1_207' title='bbox 763 2752 1092 2821; x_wconf 89' lang='lat' dir='ltr'><strong>existimant,</strong></span> <span class='ocrx_word' id='word_1_208' title='bbox 1109 2752 1425 2825; x_wconf 81' lang='lat' dir='ltr'><strong>ignorantes</strong></span> <span class='ocrx_word' id='word_1_209' title='bbox 1453 2770 1627 2827; x_wconf 91' lang='lat' dir='ltr'><strong>neque</strong></span> <span class='ocrx_word' id='word_1_210' title='bbox 1657 2755 1834 2810; x_wconf 86' lang='lat' dir='ltr'><strong>Chris-</strong></span> 
     </span>
    </p>
   </div>
   <div class='ocr_carea' id='block_1_31' title="bbox 241 2840 1829 2914">
    <p class='ocr_par' dir='ltr' id='par_1_31' title="bbox 241 2840 1829 2914">
     <span class='ocr_line' id='line_1_31' title="bbox 241 2840 1829 2914; baseline 0.004 -21"><span class='ocrx_word' id='word_1_211' title='bbox 241 2848 347 2897; x_wconf 90' lang='lat' dir='ltr'><strong>tum</strong></span> <span class='ocrx_word' id='word_1_212' title='bbox 404 2840 704 2897; x_wconf 88' lang='lat' dir='ltr'><strong>Sabbatum</strong></span> <span class='ocrx_word' id='word_1_213' title='bbox 751 2841 1103 2907; x_wconf 87' lang='lat' dir='ltr'><strong>destruxisse,</strong></span> <span class='ocrx_word' id='word_1_214' title='bbox 1149 2858 1325 2914; x_wconf 90' lang='lat' dir='ltr'><strong>neque</strong></span> <span class='ocrx_word' id='word_1_215' title='bbox 1367 2843 1829 2909; x_wconf 88' lang='lat' dir='ltr'><strong>Creatorem,&#39;ut</strong></span> 
     </span>
    </p>
   </div>
   <div class='ocr_carea' id='block_1_32' title="bbox 241 2929 1831 3004">
    <p class='ocr_par' dir='ltr' id='par_1_32' title="bbox 241 2929 1831 3004">
     <span class='ocr_line' id='line_1_32' title="bbox 241 2929 1831 3004; baseline 0.003 -21"><span class='ocrx_word' id='word_1_216' title='bbox 241 2944 361 2984; x_wconf 84' lang='lat' dir='ltr'><strong>mox</strong></span> <span class='ocrx_word' id='word_1_217' title='bbox 388 2929 730 2985; x_wconf 83' lang='lat' dir='ltr'><strong>docebimus.</strong></span> <span class='ocrx_word' id='word_1_218' title='bbox 777 2929 840 2984; x_wconf 84' lang='lat' dir='ltr'><strong>Et</strong></span> <span class='ocrx_word' id='word_1_219' title='bbox 885 2938 1061 2985; x_wconf 90' lang='lat' dir='ltr'><strong>tamen</strong></span> <span class='ocrx_word' id='word_1_220' title='bbox 1102 2946 1197 2999; x_wconf 91' lang='lat' dir='ltr'><strong>per</strong></span> <span class='ocrx_word' id='word_1_221' title='bbox 1240 2931 1419 2987; x_wconf 83' lang='lat' dir='ltr'><strong>Jesum</strong></span> <span class='ocrx_word' id='word_1_222' title='bbox 1452 2939 1580 2987; x_wconf 90' lang='lat' dir='ltr'><strong>tunc</strong></span> <span class='ocrx_word' id='word_1_223' title='bbox 1617 2947 1831 3004; x_wconf 90' lang='lat' dir='ltr'><strong>quoque</strong></span> 
     </span>
    </p>
   </div>
   <div class='ocr_carea' id='block_1_33' title="bbox 1929 537 3520 610">
    <p class='ocr_par' dir='ltr' id='par_1_33' title="bbox 1929 537 3520 610">
     <span class='ocr_line' id='line_1_33' title="bbox 1929 537 3520 610; baseline -0.001 -15"><span class='ocrx_word' id='word_1_224' title='bbox 1929 539 2035 597; x_wconf 89' lang='lat' dir='ltr'><strong>mei</strong></span> <span class='ocrx_word' id='word_1_225' title='bbox 2062 539 2279 596; x_wconf 89' lang='lat' dir='ltr'><strong>Domini</strong></span> <span class='ocrx_word' id='word_1_226' title='bbox 2327 538 2574 609; x_wconf 87' lang='lat' dir='ltr'><strong>veritate)</strong></span> <span class='ocrx_word' id='word_1_227' title='bbox 2612 537 2797 608; x_wconf 91' lang='lat' dir='ltr'><strong>scripti</strong></span> <span class='ocrx_word' id='word_1_228' title='bbox 2842 545 2895 593; x_wconf 92' lang='lat' dir='ltr'><strong>et</strong></span> <span class='ocrx_word' id='word_1_229' title='bbox 2941 539 3233 596; x_wconf 87' lang='lat' dir='ltr'><strong>voluntatis</strong></span> <span class='ocrx_word' id='word_1_230' title='bbox 3270 540 3406 610; x_wconf 77' lang='lat'>(35),</span> <span class='ocrx_word' id='word_1_231' title='bbox 3454 539 3520 593; x_wconf 84' lang='lat' dir='ltr'><strong>de</strong></span> 
     </span>
    </p>
   </div>
   <div class='ocr_carea' id='block_1_34' title="bbox 1928 625 3517 698">
    <p class='ocr_par' dir='ltr' id='par_1_34' title="bbox 1928 625 3517 698">
     <span class='ocr_line' id='line_1_34' title="bbox 1928 625 3517 698; baseline -0.001 -14"><span class='ocrx_word' id='word_1_232' title='bbox 1928 628 2203 698; x_wconf 84' lang='lat' dir='ltr'><strong>Scriptura</strong></span> <span class='ocrx_word' id='word_1_233' title='bbox 2234 627 2376 685; x_wconf 86' lang='lat' dir='ltr'><strong>enim</strong></span> <span class='ocrx_word' id='word_1_234' title='bbox 2404 626 2635 683; x_wconf 90' lang='lat' dir='ltr'><strong>sumitur</strong></span> <span class='ocrx_word' id='word_1_235' title='bbox 2664 625 2973 692; x_wconf 86' lang='lat' dir='ltr'><strong>Creatoris,</strong></span> <span class='ocrx_word' id='word_1_236' title='bbox 3007 639 3061 681; x_wconf 91' lang='lat' dir='ltr'><strong>et</strong></span> <span class='ocrx_word' id='word_1_237' title='bbox 3091 628 3157 683; x_wconf 91' lang='lat' dir='ltr'><strong>de</strong></span> <span class='ocrx_word' id='word_1_238' title='bbox 3188 627 3386 683; x_wconf 89' lang='lat' dir='ltr'><strong>Christi</strong></span> <span class='ocrx_word' id='word_1_239' title='bbox 3417 641 3517 683; x_wconf 93' lang='lat' dir='ltr'><strong>vo-</strong></span> 
     </span>
    </p>
   </div>
   <div class='ocr_carea' id='block_1_35' title="bbox 1927 714 3523 786">
    <p class='ocr_par' dir='ltr' id='par_1_35' title="bbox 1927 714 3523 786">
     <span class='ocr_line' id='line_1_35' title="bbox 1927 714 3523 786; baseline -0.001 -15"><span class='ocrx_word' id='word_1_240' title='bbox 1927 718 2127 771; x_wconf 88' lang='lat' dir='ltr'><strong>luntate</strong></span> <span class='ocrx_word' id='word_1_241' title='bbox 2156 714 2343 783; x_wconf 91' lang='lat' dir='ltr'><strong>color,</strong></span> <span class='ocrx_word' id='word_1_242' title='bbox 2388 714 2539 786; x_wconf 88' lang='lat' dir='ltr'><strong>quasi</strong></span> <span class='ocrx_word' id='word_1_243' title='bbox 2579 716 2646 770; x_wconf 91' lang='lat' dir='ltr'><strong>de</strong></span> <span class='ocrx_word' id='word_1_244' title='bbox 2692 714 2939 785; x_wconf 86' lang='lat' dir='ltr'><strong>exemplo</strong></span> <span class='ocrx_word' id='word_1_245' title='bbox 2988 714 3159 771; x_wconf 87' lang='lat' dir='ltr'><strong>David</strong></span> <span class='ocrx_word' id='word_1_246' title='bbox 3200 714 3523 785; x_wconf 80' lang='lat' dir='ltr'><strong>introgressi</strong></span> 
     </span>
    </p>
   </div>
   <div class='ocr_carea' id='block_1_36' title="bbox 1926 806 3528 878">
    <p class='ocr_par' dir='ltr' id='par_1_36' title="bbox 1926 806 3528 878">
     <span class='ocr_line' id='line_1_36' title="bbox 1926 806 3528 878; baseline -0.002 -16"><span class='ocrx_word' id='word_1_247' title='bbox 1926 806 2178 863; x_wconf 88' lang='lat' dir='ltr'><strong>Sabbatis</strong></span> <span class='ocrx_word' id='word_1_248' title='bbox 2252 807 2543 877; x_wconf 86' lang='lat' dir='ltr'><strong>templum,</strong></span> <span class='ocrx_word' id='word_1_249' title='bbox 2596 813 2649 861; x_wconf 91' lang='lat' dir='ltr'><strong>et</strong></span> <span class='ocrx_word' id='word_1_250' title='bbox 2722 806 2932 878; x_wconf 82' lang='lat' dir='ltr'><strong>Operali</strong></span> <span class='ocrx_word' id='word_1_251' title='bbox 2990 806 3193 871; x_wconf 90' lang='lat' dir='ltr'><strong>cibum,</strong></span> <span class='ocrx_word' id='word_1_252' title='bbox 3260 807 3528 861; x_wconf 88' lang='lat' dir='ltr'><strong>audenter</strong></span> 
     </span>
    </p>
   </div>
   <div class='ocr_carea' id='block_1_37' title="bbox 1926 894 3530 969">
    <p class='ocr_par' dir='ltr' id='par_1_37' title="bbox 1926 894 3530 969">
     <span class='ocr_line' id='line_1_37' title="bbox 1926 894 3530 969; baseline -0.001 -18"><span class='ocrx_word' id='word_1_253' title='bbox 1926 895 2106 953; x_wconf 86' lang='lat' dir='ltr'><strong>fractis</strong></span> <span class='ocrx_word' id='word_1_254' title='bbox 2150 897 2378 969; x_wconf 89' lang='lat' dir='ltr'><strong>panibus</strong></span> <span class='ocrx_word' id='word_1_255' title='bbox 2438 895 2843 967; x_wconf 90' lang='lat' dir='ltr'><strong>propositionis.</strong></span> <span class='ocrx_word' id='word_1_256' title='bbox 2902 894 3221 951; x_wconf 83' lang='lat' dir='ltr'><strong>Meminerat</strong></span> <span class='ocrx_word' id='word_1_257' title='bbox 3260 894 3405 949; x_wconf 88' lang='lat' dir='ltr'><strong>enim</strong></span> <span class='ocrx_word' id='word_1_258' title='bbox 3474 902 3530 949; x_wconf 92' lang='lat' dir='ltr'><strong>et</strong></span> 
     </span>
    </p>
   </div>
   <div class='ocr_carea' id='block_1_38' title="bbox 1928 981 3526 1055">
    <p class='ocr_par' dir='ltr' id='par_1_38' title="bbox 1928 981 3526 1055">
     <span class='ocr_line' id='line_1_38' title="bbox 1928 981 3526 1055; baseline -0.001 -17"><span class='ocrx_word' id='word_1_259' title='bbox 1928 983 2020 1039; x_wconf 90' lang='lat' dir='ltr'><strong>ille</strong></span> <span class='ocrx_word' id='word_1_260' title='bbox 2066 985 2170 1040; x_wconf 89' lang='lat' dir='ltr'><strong>hoc</strong></span> <span class='ocrx_word' id='word_1_261' title='bbox 2209 983 2548 1055; x_wconf 73' lang='lat' dir='ltr'><strong>privilegium</strong></span> <span class='ocrx_word' id='word_1_262' title='bbox 2602 985 2866 1039; x_wconf 88' lang='lat' dir='ltr'><strong>donatum</strong></span> <span class='ocrx_word' id='word_1_263' title='bbox 2922 983 3162 1039; x_wconf 88' lang='lat' dir='ltr'><strong>Sabbato</strong></span> <span class='ocrx_word' id='word_1_264' title='bbox 3219 997 3253 1036; x_wconf 87' lang='lat' dir='ltr'><strong>a</strong></span> <span class='ocrx_word' id='word_1_265' title='bbox 3300 981 3526 1051; x_wconf 85' lang='lat' dir='ltr'><strong>primor-</strong></span> 
     </span>
    </p>
   </div>
   <div class='ocr_carea' id='block_1_39' title="bbox 1932 1068 3527 1144">
    <p class='ocr_par' dir='ltr' id='par_1_39' title="bbox 1932 1068 3527 1144">
     <span class='ocr_line' id='line_1_39' title="bbox 1932 1068 3527 1144; baseline -0.002 -19"><span class='ocrx_word' id='word_1_266' title='bbox 1932 1072 2043 1137; x_wconf 89' lang='lat' dir='ltr'><strong>dio,</strong></span> <span class='ocrx_word' id='word_1_267' title='bbox 2102 1087 2212 1143; x_wconf 88' lang='lat' dir='ltr'><strong>quo</strong></span> <span class='ocrx_word' id='word_1_268' title='bbox 2252 1073 2370 1129; x_wconf 92' lang='lat' dir='ltr'><strong>dies</strong></span> <span class='ocrx_word' id='word_1_269' title='bbox 2413 1073 2530 1144; x_wconf 91' lang='lat' dir='ltr'><strong>ipse</strong></span> <span class='ocrx_word' id='word_1_270' title='bbox 2578 1080 2883 1142; x_wconf 89' lang='lat' dir='ltr'><strong>compertus</strong></span> <span class='ocrx_word' id='word_1_271' title='bbox 2922 1081 3035 1138; x_wconf 89' lang='lat' dir='ltr'><strong>est;</strong></span> <span class='ocrx_word' id='word_1_272' title='bbox 3078 1069 3285 1126; x_wconf 90' lang='lat' dir='ltr'><strong>veniam</strong></span> <span class='ocrx_word' id='word_1_273' title='bbox 3335 1068 3527 1140; x_wconf 88' lang='lat' dir='ltr'><strong>jejunii</strong></span> 
     </span>
    </p>
   </div>
   <div class='ocr_carea' id='block_1_40' title="bbox 1932 1157 3524 1231">
    <p class='ocr_par' dir='ltr' id='par_1_40' title="bbox 1932 1157 3524 1231">
     <span class='ocr_line' id='line_1_40' title="bbox 1932 1157 3524 1231; baseline -0.003 -16"><span class='ocrx_word' id='word_1_274' title='bbox 1932 1161 2074 1217; x_wconf 90' lang='lat' dir='ltr'><strong>dico.</strong></span> <span class='ocrx_word' id='word_1_275' title='bbox 2136 1161 2269 1216; x_wconf 91' lang='lat' dir='ltr'><strong>Cum</strong></span> <span class='ocrx_word' id='word_1_276' title='bbox 2311 1160 2454 1217; x_wconf 91' lang='lat' dir='ltr'><strong>enim</strong></span> <span class='ocrx_word' id='word_1_277' title='bbox 2513 1160 2875 1231; x_wconf 86' lang='lat' dir='ltr'><strong>prohibuisset</strong></span> <span class='ocrx_word' id='word_1_278' title='bbox 2931 1161 3151 1216; x_wconf 86' lang='lat' dir='ltr'><strong>Creator</strong></span> <span class='ocrx_word' id='word_1_279' title='bbox 3203 1158 3258 1213; x_wconf 90' lang='lat' dir='ltr'><strong>in</strong></span> <span class='ocrx_word' id='word_1_280' title='bbox 3298 1157 3524 1214; x_wconf 92' lang='lat' dir='ltr'><strong>biduum</strong></span> 
     </span>
    </p>
   </div>
   <div class='ocr_carea' id='block_1_41' title="bbox 1932 1248 3524 1322">
    <p class='ocr_par' dir='ltr' id='par_1_41' title="bbox 1932 1248 3524 1322">
     <span class='ocr_line' id='line_1_41' title="bbox 1932 1248 3524 1322; baseline -0.002 -19"><span class='ocrx_word' id='word_1_281' title='bbox 1932 1249 2040 1322; x_wconf 90' lang='lat' dir='ltr'><strong>legi</strong></span> <span class='ocrx_word' id='word_1_282' title='bbox 2087 1265 2282 1304; x_wconf 84' lang='lat' dir='ltr'><strong>manna</strong></span> <span class='ocrx_word' id='word_1_283' title='bbox 2316 1290 2331 1313; x_wconf 93' lang='lat'><strong>,</strong></span> <span class='ocrx_word' id='word_1_284' title='bbox 2387 1249 2729 1305; x_wconf 88' lang='lat' dir='ltr'><strong>solummodo</strong></span> <span class='ocrx_word' id='word_1_285' title='bbox 2789 1248 3030 1318; x_wconf 88' lang='lat' dir='ltr'><strong>permisit</strong></span> <span class='ocrx_word' id='word_1_286' title='bbox 3084 1248 3140 1302; x_wconf 91' lang='lat' dir='ltr'><strong>in</strong></span> <span class='ocrx_word' id='word_1_287' title='bbox 3197 1261 3524 1320; x_wconf 87' lang='lat' dir='ltr'><strong>parasceve,</strong></span> 
     </span>
    </p>
   </div>
   <div class='ocr_carea' id='block_1_42' title="bbox 1933 1334 3527 1408">
    <p class='ocr_par' dir='ltr' id='par_1_42' title="bbox 1933 1334 3527 1408">
     <span class='ocr_line' id='line_1_42' title="bbox 1933 1334 3527 1408; baseline -0.003 -14"><span class='ocrx_word' id='word_1_288' title='bbox 1933 1347 1993 1394; x_wconf 93' lang='lat' dir='ltr'><strong>ut</strong></span> <span class='ocrx_word' id='word_1_289' title='bbox 2038 1337 2260 1393; x_wconf 82' lang='lat' dir='ltr'><strong>Sabbati</strong></span> <span class='ocrx_word' id='word_1_290' title='bbox 2327 1337 2607 1408; x_wconf 89' lang='lat' dir='ltr'><strong>sequentis</strong></span> <span class='ocrx_word' id='word_1_291' title='bbox 2663 1336 2821 1392; x_wconf 88' lang='lat' dir='ltr'><strong>ferias</strong></span> <span class='ocrx_word' id='word_1_292' title='bbox 2881 1337 3123 1405; x_wconf 66' lang='lat' dir='ltr'><strong>pridiana</strong></span> <span class='ocrx_word' id='word_1_293' title='bbox 3179 1334 3360 1406; x_wconf 88' lang='lat' dir='ltr'><strong>pabuli</strong></span> <span class='ocrx_word' id='word_1_294' title='bbox 3424 1349 3527 1404; x_wconf 89' lang='lat' dir='ltr'><strong>pa-</strong></span> 
     </span>
    </p>
   </div>
   <div class='ocr_carea' id='block_1_43' title="bbox 1936 1425 3531 1498">
    <p class='ocr_par' dir='ltr' id='par_1_43' title="bbox 1936 1425 3531 1498">
     <span class='ocr_line' id='line_1_43' title="bbox 1936 1425 3531 1498; baseline -0.002 -18"><span class='ocrx_word' id='word_1_295' title='bbox 1936 1436 2123 1483; x_wconf 87' lang='lat' dir='ltr'><strong>ratura</strong></span> <span class='ocrx_word' id='word_1_296' title='bbox 2167 1426 2377 1496; x_wconf 81' lang='lat' dir='ltr'><strong>jejunia</strong></span> <span class='ocrx_word' id='word_1_297' title='bbox 2406 1426 2681 1482; x_wconf 85' lang='lat' dir='ltr'><strong>liberaret.</strong></span> <span class='ocrx_word' id='word_1_298' title='bbox 2714 1427 2863 1481; x_wconf 90' lang='lat' dir='ltr'><strong>Bene</strong></span> <span class='ocrx_word' id='word_1_299' title='bbox 2906 1426 3086 1498; x_wconf 77' lang='lat' dir='ltr'><strong>igitur,</strong></span> <span class='ocrx_word' id='word_1_300' title='bbox 3119 1425 3264 1496; x_wconf 91' lang='lat' dir='ltr'><strong>quod</strong></span> <span class='ocrx_word' id='word_1_301' title='bbox 3294 1432 3349 1477; x_wconf 93' lang='lat' dir='ltr'><strong>et</strong></span> <span class='ocrx_word' id='word_1_302' title='bbox 3373 1438 3531 1478; x_wconf 89' lang='lat' dir='ltr'><strong>caus-</strong></span> 
     </span>
    </p>
   </div>
   <div class='ocr_carea' id='block_1_44' title="bbox 1934 1510 3529 1575">
    <p class='ocr_par' dir='ltr' id='par_1_44' title="bbox 1934 1510 3529 1575">
     <span class='ocr_line' id='line_1_44' title="bbox 1934 1510 3529 1575; baseline -0.003 -7"><span class='ocrx_word' id='word_1_303' title='bbox 1934 1529 2050 1568; x_wconf 89' lang='lat' dir='ltr'><strong>sam</strong></span> <span class='ocrx_word' id='word_1_304' title='bbox 2112 1515 2358 1569; x_wconf 89' lang='lat' dir='ltr'><strong>eamdem</strong></span> <span class='ocrx_word' id='word_1_305' title='bbox 2425 1521 2643 1570; x_wconf 89' lang='lat' dir='ltr'><strong>secutus</strong></span> <span class='ocrx_word' id='word_1_306' title='bbox 2706 1521 2789 1569; x_wconf 89' lang='lat' dir='ltr'><strong>est</strong></span> <span class='ocrx_word' id='word_1_307' title='bbox 2848 1512 3117 1569; x_wconf 90' lang='lat' dir='ltr'><strong>Dominus</strong></span> <span class='ocrx_word' id='word_1_308' title='bbox 3171 1514 3225 1566; x_wconf 92' lang='lat' dir='ltr'><strong>in</strong></span> <span class='ocrx_word' id='word_1_309' title='bbox 3283 1510 3529 1575; x_wconf 87' lang='lat' dir='ltr'><strong>Sabbati,</strong></span> 
     </span>
    </p>
   </div>
   <div class='ocr_carea' id='block_1_45' title="bbox 1932 1600 3531 1671">
    <p class='ocr_par' dir='ltr' id='par_1_45' title="bbox 1932 1600 3531 1671">
     <span class='ocr_line' id='line_1_45' title="bbox 1932 1600 3531 1671; baseline -0.003 -15"><span class='ocrx_word' id='word_1_310' title='bbox 1932 1602 2035 1658; x_wconf 88' lang='lat' dir='ltr'><strong>sita</strong></span> <span class='ocrx_word' id='word_1_311' title='bbox 2064 1603 2253 1657; x_wconf 91' lang='lat' dir='ltr'><strong>volunt</strong></span> <span class='ocrx_word' id='word_1_312' title='bbox 2306 1600 2411 1657; x_wconf 91' lang='lat' dir='ltr'><strong>dici</strong></span> <span class='ocrx_word' id='word_1_313' title='bbox 2470 1602 2538 1669; x_wconf 78' lang='lat'><strong>18,</strong></span> <span class='ocrx_word' id='word_1_314' title='bbox 2586 1600 2998 1657; x_wconf 86' lang='lat' dir='ltr'><strong>destructione:</strong></span> <span class='ocrx_word' id='word_1_315' title='bbox 3057 1602 3212 1667; x_wconf 90' lang='lat' dir='ltr'><strong>bene,</strong></span> <span class='ocrx_word' id='word_1_316' title='bbox 3272 1600 3420 1671; x_wconf 87' lang='lat' dir='ltr'><strong>quod</strong></span> <span class='ocrx_word' id='word_1_317' title='bbox 3477 1604 3531 1652; x_wconf 92' lang='lat' dir='ltr'><strong>et</strong></span> 
     </span>
    </p>
   </div>
   <div class='ocr_carea' id='block_1_46' title="bbox 1932 1687 3527 1759">
    <p class='ocr_par' dir='ltr' id='par_1_46' title="bbox 1932 1687 3527 1759">
     <span class='ocr_line' id='line_1_46' title="bbox 1932 1687 3527 1759; baseline -0.003 -14"><span class='ocrx_word' id='word_1_318' title='bbox 1932 1690 2190 1747; x_wconf 84' lang='lat' dir='ltr'><strong>affectum</strong></span> <span class='ocrx_word' id='word_1_319' title='bbox 2231 1689 2503 1746; x_wconf 87' lang='lat' dir='ltr'><strong>Creatoris</strong></span> <span class='ocrx_word' id='word_1_320' title='bbox 2548 1690 2812 1759; x_wconf 86' lang='lat' dir='ltr'><strong>expressit</strong></span> <span class='ocrx_word' id='word_1_321' title='bbox 2847 1690 2901 1743; x_wconf 91' lang='lat' dir='ltr'><strong>in</strong></span> <span class='ocrx_word' id='word_1_322' title='bbox 2957 1689 3200 1744; x_wconf 91' lang='lat' dir='ltr'><strong>Sabbato</strong></span> <span class='ocrx_word' id='word_1_323' title='bbox 3231 1703 3337 1742; x_wconf 92' lang='lat' dir='ltr'><strong>non</strong></span> <span class='ocrx_word' id='word_1_324' title='bbox 3378 1687 3527 1757; x_wconf 88' lang='lat' dir='ltr'><strong>jeju-</strong></span> 
     </span>
    </p>
   </div>
   <div class='ocr_carea' id='block_1_47' title="bbox 1937 1776 3529 1849">
    <p class='ocr_par' dir='ltr' id='par_1_47' title="bbox 1937 1776 3529 1849">
     <span class='ocr_line' id='line_1_47' title="bbox 1937 1776 3529 1849; baseline -0.003 -15"><span class='ocrx_word' id='word_1_325' title='bbox 1937 1780 2101 1834; x_wconf 84' lang='lat' dir='ltr'><strong>naudi</strong></span> <span class='ocrx_word' id='word_1_326' title='bbox 2151 1780 2378 1835; x_wconf 89' lang='lat' dir='ltr'><strong>honore.</strong></span> <span class='ocrx_word' id='word_1_327' title='bbox 2438 1778 2723 1849; x_wconf 90' lang='lat' dir='ltr'><strong>Denique,</strong></span> <span class='ocrx_word' id='word_1_328' title='bbox 2778 1784 2908 1831; x_wconf 91' lang='lat' dir='ltr'><strong>tunc</strong></span> <span class='ocrx_word' id='word_1_329' title='bbox 2960 1776 3177 1831; x_wconf 88' lang='lat' dir='ltr'><strong>demum</strong></span> <span class='ocrx_word' id='word_1_330' title='bbox 3234 1776 3529 1831; x_wconf 89' lang='lat' dir='ltr'><strong>Sabbatum</strong></span> 
     </span>
    </p>
   </div>
   <div class='ocr_carea' id='block_1_48' title="bbox 1936 1863 3532 1937">
    <p class='ocr_par' dir='ltr' id='par_1_48' title="bbox 1936 1863 3532 1937">
     <span class='ocr_line' id='line_1_48' title="bbox 1936 1863 3532 1937; baseline -0.001 -16"><span class='ocrx_word' id='word_1_331' title='bbox 1936 1868 2312 1936; x_wconf 85' lang='lat' dir='ltr'><strong>destruxisset,</strong></span> <span class='ocrx_word' id='word_1_332' title='bbox 2343 1867 2505 1922; x_wconf 89' lang='lat' dir='ltr'><strong>etiam</strong></span> <span class='ocrx_word' id='word_1_333' title='bbox 2552 1866 2727 1937; x_wconf 91' lang='lat' dir='ltr'><strong>ipsum</strong></span> <span class='ocrx_word' id='word_1_334' title='bbox 2769 1866 3073 1921; x_wconf 89' lang='lat' dir='ltr'><strong>Creatorem</strong></span> <span class='ocrx_word' id='word_1_335' title='bbox 3098 1906 3111 1931; x_wconf 94' lang='lat'><strong>,</strong></span> <span class='ocrx_word' id='word_1_336' title='bbox 3155 1865 3201 1920; x_wconf 91' lang='lat' dir='ltr'><strong>si</strong></span> <span class='ocrx_word' id='word_1_337' title='bbox 3228 1863 3532 1934; x_wconf 90' lang='lat' dir='ltr'><strong>discipulos</strong></span> 
     </span>
    </p>
   </div>
   <div class='ocr_carea' id='block_1_49' title="bbox 1936 1952 3531 2026">
    <p class='ocr_par' dir='ltr' id='par_1_49' title="bbox 1936 1952 3531 2026">
     <span class='ocr_line' id='line_1_49' title="bbox 1936 1952 3531 2026; baseline -0.003 -16"><span class='ocrx_word' id='word_1_338' title='bbox 1936 1954 2172 2011; x_wconf 85' lang='lat' dir='ltr'><strong>Sabbato</strong></span> <span class='ocrx_word' id='word_1_339' title='bbox 2196 1956 2447 2026; x_wconf 88' lang='lat' dir='ltr'><strong>jejunare</strong></span> <span class='ocrx_word' id='word_1_340' title='bbox 2479 1957 2806 2018; x_wconf 84' lang='lat' dir='ltr'><strong>mandasset,</strong></span> <span class='ocrx_word' id='word_1_341' title='bbox 2832 1952 3092 2013; x_wconf 79' lang='lat' dir='ltr'><strong>adversus</strong></span> <span class='ocrx_word' id='word_1_342' title='bbox 3112 1958 3313 2009; x_wconf 88' lang='lat' dir='ltr'><strong>statum</strong></span> <span class='ocrx_word' id='word_1_343' title='bbox 3344 1952 3531 2022; x_wconf 90' lang='lat' dir='ltr'><strong>scripti</strong></span> 
     </span>
    </p>
   </div>
   <div class='ocr_carea' id='block_1_50' title="bbox 1938 2040 3533 2114">
    <p class='ocr_par' dir='ltr' id='par_1_50' title="bbox 1938 2040 3533 2114">
     <span class='ocr_line' id='line_1_50' title="bbox 1938 2040 3533 2114; baseline -0.003 -13"><span class='ocrx_word' id='word_1_344' title='bbox 1938 2050 1993 2101; x_wconf 91' lang='lat' dir='ltr'><strong>et</strong></span> <span class='ocrx_word' id='word_1_345' title='bbox 2020 2044 2314 2101; x_wconf 90' lang='lat' dir='ltr'><strong>voluntatis</strong></span> <span class='ocrx_word' id='word_1_346' title='bbox 2336 2044 2625 2100; x_wconf 90' lang='lat' dir='ltr'><strong>Creatoris.</strong></span> <span class='ocrx_word' id='word_1_347' title='bbox 2661 2044 2769 2099; x_wconf 91' lang='lat' dir='ltr'><strong>Sed</strong></span> <span class='ocrx_word' id='word_1_348' title='bbox 2799 2043 3050 2114; x_wconf 89' lang='lat' dir='ltr'><strong>quoniam</strong></span> <span class='ocrx_word' id='word_1_349' title='bbox 3085 2041 3206 2113; x_wconf 90' lang='lat'>(36)</span> <span class='ocrx_word' id='word_1_350' title='bbox 3234 2040 3533 2112; x_wconf 89' lang='lat' dir='ltr'><strong>discipulos</strong></span> 
     </span>
    </p>
   </div>
   <div class='ocr_carea' id='block_1_51' title="bbox 1936 2130 3531 2203">
    <p class='ocr_par' dir='ltr' id='par_1_51' title="bbox 1936 2130 3531 2203">
     <span class='ocr_line' id='line_1_51' title="bbox 1936 2130 3531 2203; baseline -0.002 -16"><span class='ocrx_word' id='word_1_351' title='bbox 1936 2147 2045 2188; x_wconf 92' lang='lat' dir='ltr'><strong>non</strong></span> <span class='ocrx_word' id='word_1_352' title='bbox 2099 2142 2408 2189; x_wconf 89' lang='lat' dir='ltr'><strong>constanter</strong></span> <span class='ocrx_word' id='word_1_353' title='bbox 2462 2133 2751 2203; x_wconf 80' lang='lat' dir='ltr'><strong>tuebatur,</strong></span> <span class='ocrx_word' id='word_1_354' title='bbox 2809 2132 2902 2187; x_wconf 90' lang='lat' dir='ltr'><strong>sed</strong></span> <span class='ocrx_word' id='word_1_355' title='bbox 2956 2139 3180 2187; x_wconf 84' lang='lat' dir='ltr'><strong>excusat</strong></span> <span class='ocrx_word' id='word_1_356' title='bbox 3205 2170 3220 2200; x_wconf 93' lang='lat'><strong>,</strong></span> <span class='ocrx_word' id='word_1_357' title='bbox 3274 2130 3531 2201; x_wconf 90' lang='lat' dir='ltr'><strong>quoniam</strong></span> 
     </span>
    </p>
   </div>
   <div class='ocr_carea' id='block_1_52' title="bbox 1937 2218 3534 2294">
    <p class='ocr_par' dir='ltr' id='par_1_52' title="bbox 1937 2218 3534 2294">
     <span class='ocr_line' id='line_1_52' title="bbox 1937 2218 3534 2294; baseline -0.002 -18"><span class='ocrx_word' id='word_1_358' title='bbox 1937 2222 2225 2276; x_wconf 89' lang='lat' dir='ltr'><strong>humanam</strong></span> <span class='ocrx_word' id='word_1_359' title='bbox 2252 2221 2477 2294; x_wconf 89' lang='lat' dir='ltr'><strong>opponit</strong></span> <span class='ocrx_word' id='word_1_360' title='bbox 2505 2219 2672 2277; x_wconf 75' lang='lat'><strong>385</strong></span> <span class='ocrx_word' id='word_1_361' title='bbox 2720 2220 3091 2277; x_wconf 90' lang='lat' dir='ltr'><strong>necessitatem</strong></span> <span class='ocrx_word' id='word_1_362' title='bbox 3131 2218 3287 2290; x_wconf 90' lang='lat' dir='ltr'><strong>quasi</strong></span> <span class='ocrx_word' id='word_1_363' title='bbox 3335 2218 3534 2288; x_wconf 89' lang='lat' dir='ltr'><strong>depre-</strong></span> 
     </span>
    </p>
   </div>
   <div class='ocr_carea' id='block_1_53' title="bbox 1936 2304 3534 2385">
    <p class='ocr_par' dir='ltr' id='par_1_53' title="bbox 1936 2304 3534 2385">
     <span class='ocr_line' id='line_1_53' title="bbox 1936 2304 3534 2385; baseline -0.003 -20"><span class='ocrx_word' id='word_1_364' title='bbox 1936 2311 2185 2366; x_wconf 88' lang='lat' dir='ltr'><strong>catricem</strong></span> <span class='ocrx_word' id='word_1_365' title='bbox 2216 2312 2369 2383; x_wconf 85' lang='lat'>(37);</span> <span class='ocrx_word' id='word_1_366' title='bbox 2400 2311 2653 2383; x_wconf 91' lang='lat' dir='ltr'><strong>quoniam</strong></span> <span class='ocrx_word' id='word_1_367' title='bbox 2682 2310 2947 2385; x_wconf 87' lang='lat' dir='ltr'><strong>potiorem</strong></span> <span class='ocrx_word' id='word_1_368' title='bbox 3019 2310 3278 2365; x_wconf 86' lang='lat' dir='ltr'><strong>honorem</strong></span> <span class='ocrx_word' id='word_1_369' title='bbox 3312 2304 3534 2363; x_wconf 87' lang='lat' dir='ltr'><strong>Sabbati</strong></span> 
     </span>
    </p>
   </div>
   <div class='ocr_carea' id='block_1_54' title="bbox 1939 2395 3532 2471">
    <p class='ocr_par' dir='ltr' id='par_1_54' title="bbox 1939 2395 3532 2471">
     <span class='ocr_line' id='line_1_54' title="bbox 1939 2395 3532 2471; baseline -0.003 -16"><span class='ocrx_word' id='word_1_370' title='bbox 1939 2408 2114 2455; x_wconf 82' lang='lat' dir='ltr'><strong>servat</strong></span> <span class='ocrx_word' id='word_1_371' title='bbox 2160 2414 2269 2455; x_wconf 91' lang='lat' dir='ltr'><strong>non</strong></span> <span class='ocrx_word' id='word_1_372' title='bbox 2313 2400 2698 2470; x_wconf 86' lang='lat' dir='ltr'><strong>contristandi,</strong></span> <span class='ocrx_word' id='word_1_373' title='bbox 2747 2415 2908 2471; x_wconf 91' lang='lat' dir='ltr'><strong>quam</strong></span> <span class='ocrx_word' id='word_1_374' title='bbox 2966 2397 3229 2468; x_wconf 88' lang='lat' dir='ltr'><strong>vacandi;</strong></span> <span class='ocrx_word' id='word_1_375' title='bbox 3275 2395 3532 2466; x_wconf 88' lang='lat' dir='ltr'><strong>quoniam</strong></span> 
     </span>
    </p>
   </div>
   <div class='ocr_carea' id='block_1_55' title="bbox 1939 2484 3538 2561">
    <p class='ocr_par' dir='ltr' id='par_1_55' title="bbox 1939 2484 3538 2561">
     <span class='ocr_line' id='line_1_55' title="bbox 1939 2484 3538 2561; baseline -0.004 -17"><span class='ocrx_word' id='word_1_376' title='bbox 1939 2488 2129 2553; x_wconf 84' lang='lat' dir='ltr'><strong>David,</strong></span> <span class='ocrx_word' id='word_1_377' title='bbox 2162 2488 2488 2561; x_wconf 91' lang='lat' dir='ltr'><strong>comitesque</strong></span> <span class='ocrx_word' id='word_1_378' title='bbox 2518 2490 2654 2557; x_wconf 84' lang='lat' dir='ltr'><strong>ejus,</strong></span> <span class='ocrx_word' id='word_1_379' title='bbox 2690 2504 2810 2544; x_wconf 90' lang='lat' dir='ltr'><strong>cum</strong></span> <span class='ocrx_word' id='word_1_380' title='bbox 2864 2485 3152 2556; x_wconf 88' lang='lat' dir='ltr'><strong>discipulis</strong></span> <span class='ocrx_word' id='word_1_381' title='bbox 3198 2484 3315 2541; x_wconf 85' lang='lat' dir='ltr'><strong>suis</strong></span> <span class='ocrx_word' id='word_1_382' title='bbox 3359 2490 3538 2555; x_wconf 83' lang='lat' dir='ltr'><strong>aequat</strong></span> 
     </span>
    </p>
   </div>
   <div class='ocr_carea' id='block_1_56' title="bbox 1938 2571 3536 2649">
    <p class='ocr_par' dir='ltr' id='par_1_56' title="bbox 1938 2571 3536 2649">
     <span class='ocr_line' id='line_1_56' title="bbox 1938 2571 3536 2649; baseline -0.004 -17"><span class='ocrx_word' id='word_1_383' title='bbox 1938 2578 1992 2633; x_wconf 93' lang='lat' dir='ltr'><strong>in</strong></span> <span class='ocrx_word' id='word_1_384' title='bbox 2048 2578 2204 2649; x_wconf 85' lang='lat' dir='ltr'><strong>culpa</strong></span> <span class='ocrx_word' id='word_1_385' title='bbox 2259 2588 2311 2633; x_wconf 94' lang='lat' dir='ltr'><strong>et</strong></span> <span class='ocrx_word' id='word_1_386' title='bbox 2367 2578 2422 2632; x_wconf 92' lang='lat' dir='ltr'><strong>in</strong></span> <span class='ocrx_word' id='word_1_387' title='bbox 2479 2577 2675 2645; x_wconf 88' lang='lat' dir='ltr'><strong>venia;</strong></span> <span class='ocrx_word' id='word_1_388' title='bbox 2733 2576 2987 2645; x_wconf 90' lang='lat' dir='ltr'><strong>quoniam</strong></span> <span class='ocrx_word' id='word_1_389' title='bbox 3044 2574 3225 2646; x_wconf 90' lang='lat' dir='ltr'><strong>placet</strong></span> <span class='ocrx_word' id='word_1_390' title='bbox 3270 2572 3371 2637; x_wconf 91' lang='lat' dir='ltr'><strong>illi,</strong></span> <span class='ocrx_word' id='word_1_391' title='bbox 3406 2571 3536 2643; x_wconf 88' lang='lat' dir='ltr'><strong>quia</strong></span> 
     </span>
    </p>
   </div>
   <div class='ocr_carea' id='block_1_57' title="bbox 1941 2660 3538 2737">
    <p class='ocr_par' dir='ltr' id='par_1_57' title="bbox 1941 2660 3538 2737">
     <span class='ocr_line' id='line_1_57' title="bbox 1941 2660 3538 2737; baseline -0.005 -15"><span class='ocrx_word' id='word_1_392' title='bbox 1941 2667 2164 2722; x_wconf 90' lang='lat' dir='ltr'><strong>Creator</strong></span> <span class='ocrx_word' id='word_1_393' title='bbox 2202 2666 2461 2731; x_wconf 88' lang='lat' dir='ltr'><strong>indulsit;</strong></span> <span class='ocrx_word' id='word_1_394' title='bbox 2494 2666 2749 2737; x_wconf 89' lang='lat' dir='ltr'><strong>quoniam</strong></span> <span class='ocrx_word' id='word_1_395' title='bbox 2779 2665 2846 2720; x_wconf 91' lang='lat' dir='ltr'><strong>de</strong></span> <span class='ocrx_word' id='word_1_396' title='bbox 2876 2664 3125 2735; x_wconf 87' lang='lat' dir='ltr'><strong>exemplo</strong></span> <span class='ocrx_word' id='word_1_397' title='bbox 3154 2664 3274 2732; x_wconf 84' lang='lat' dir='ltr'><strong>ejus</strong></span> <span class='ocrx_word' id='word_1_398' title='bbox 3320 2663 3386 2727; x_wconf 77' lang='lat'><strong>19,</strong></span> <span class='ocrx_word' id='word_1_399' title='bbox 3418 2660 3538 2731; x_wconf 88' lang='lat' dir='ltr'><strong>ipse</strong></span> 
     </span>
    </p>
   </div>
   <div class='ocr_carea' id='block_1_58' title="bbox 1940 2748 3541 2822">
    <p class='ocr_par' dir='ltr' id='par_1_58' title="bbox 1940 2748 3541 2822">
     <span class='ocr_line' id='line_1_58' title="bbox 1940 2748 3541 2822; baseline -0.002 -13"><span class='ocrx_word' id='word_1_400' title='bbox 1940 2762 2046 2809; x_wconf 90' lang='lat' dir='ltr'><strong>tam</strong></span> <span class='ocrx_word' id='word_1_401' title='bbox 2078 2756 2254 2810; x_wconf 91' lang='lat' dir='ltr'><strong>bonus</strong></span> <span class='ocrx_word' id='word_1_402' title='bbox 2281 2765 2364 2811; x_wconf 88' lang='lat' dir='ltr'><strong>cst</strong></span> <span class='ocrx_word' id='word_1_403' title='bbox 2394 2771 2409 2822; x_wconf 87' lang='lat'><strong>;</strong></span> <span class='ocrx_word' id='word_1_404' title='bbox 2440 2754 2563 2811; x_wconf 86' lang='lat' dir='ltr'><strong>ideo</strong></span> <span class='ocrx_word' id='word_1_405' title='bbox 2595 2754 2803 2809; x_wconf 86' lang='lat' dir='ltr'><strong>alienus</strong></span> <span class='ocrx_word' id='word_1_406' title='bbox 2833 2764 2914 2807; x_wconf 86' lang='lat' dir='ltr'><strong>est</strong></span> <span class='ocrx_word' id='word_1_407' title='bbox 2946 2768 2978 2807; x_wconf 89' lang='lat' dir='ltr'><strong>a</strong></span> <span class='ocrx_word' id='word_1_408' title='bbox 3007 2753 3283 2807; x_wconf 90' lang='lat' dir='ltr'><strong>Creatore.</strong></span> <span class='ocrx_word' id='word_1_409' title='bbox 3318 2748 3541 2805; x_wconf 74' lang='lat' dir='ltr'><strong>Exinde</strong></span> 
     </span>
    </p>
   </div>
   <div class='ocr_carea' id='block_1_59' title="bbox 1940 2834 3536 2913">
    <p class='ocr_par' dir='ltr' id='par_1_59' title="bbox 1940 2834 3536 2913">
     <span class='ocr_line' id='line_1_59' title="bbox 1940 2834 3536 2913; baseline -0.007 -15"><span class='ocrx_word' id='word_1_410' title='bbox 1940 2842 2091 2913; x_wconf 86' lang='lat' dir='ltr'><strong>(Luc.</strong></span> <span class='ocrx_word' id='word_1_411' title='bbox 2119 2856 2197 2911; x_wconf 76' lang='lat' dir='ltr'><strong>vr,</strong></span> <span class='ocrx_word' id='word_1_412' title='bbox 2228 2843 2283 2910; x_wconf 85' lang='lat'><strong>&#39;7)</strong></span> <span class='ocrx_word' id='word_1_413' title='bbox 2302 2841 2597 2898; x_wconf 82' lang='lat' dir='ltr'><strong>observant</strong></span> <span class='ocrx_word' id='word_1_414' title='bbox 2618 2841 2907 2913; x_wconf 72' lang='lat' dir='ltr'><strong>pharisaei,</strong></span> <span class='ocrx_word' id='word_1_415' title='bbox 2935 2840 2986 2895; x_wconf 82' lang='lat' dir='ltr'><strong>si</strong></span> <span class='ocrx_word' id='word_1_416' title='bbox 3002 2838 3313 2896; x_wconf 77' lang='lat' dir='ltr'><strong>medicinas</strong></span> <span class='ocrx_word' id='word_1_417' title='bbox 3336 2834 3536 2892; x_wconf 87' lang='lat' dir='ltr'><strong>Sabba-</strong></span> 
     </span>
    </p>
   </div>
   <div class='ocr_carea' id='block_1_60' title="bbox 1941 2922 3533 3001">
    <p class='ocr_par' dir='ltr' id='par_1_60' title="bbox 1941 2922 3533 3001">
     <span class='ocr_line' id='line_1_60' title="bbox 1941 2922 3533 3001; baseline -0.006 -16"><span class='ocrx_word' id='word_1_418' title='bbox 1941 2932 2014 2986; x_wconf 83' lang='lat' dir='ltr'><strong>tis</strong></span> <span class='ocrx_word' id='word_1_419' title='bbox 2034 2936 2242 3001; x_wconf 80' lang='lat' dir='ltr'><strong>ageret,</strong></span> <span class='ocrx_word' id='word_1_420' title='bbox 2286 2936 2351 2987; x_wconf 84' lang='lat' dir='ltr'><strong>ut</strong></span> <span class='ocrx_word' id='word_1_421' title='bbox 2394 2935 2734 2987; x_wconf 84' lang='lat' dir='ltr'><strong>accusarent</strong></span> <span class='ocrx_word' id='word_1_422' title='bbox 2779 2947 2908 2986; x_wconf 87' lang='lat' dir='ltr'><strong>eum</strong></span> <span class='ocrx_word' id='word_1_423' title='bbox 2940 2948 2957 2984; x_wconf 91' lang='lat'><strong><em>:</em></strong></span> <span class='ocrx_word' id='word_1_424' title='bbox 2996 2936 3141 2984; x_wconf 85' lang='lat' dir='ltr'><strong>certe</strong></span> <span class='ocrx_word' id='word_1_425' title='bbox 3178 2942 3284 2997; x_wconf 89' lang='lat' dir='ltr'><strong>qua</strong></span> <span class='ocrx_word' id='word_1_426' title='bbox 3314 2922 3533 2980; x_wconf 78' lang='lat' dir='ltr'><strong>Sabbati</strong></span> 
     </span>
    </p>
   </div>
   <div class='ocr_carea' id='block_1_61' title="bbox 245 3012 3531 3100">
    <p class='ocr_par' dir='ltr' id='par_1_61' title="bbox 245 3012 3531 3100">
     <span class='ocr_line' id='line_1_61' title="bbox 245 3012 3531 3100; baseline -0.002 -25"><span class='ocrx_word' id='word_1_427' title='bbox 245 3033 565 3075; x_wconf 89' lang='lat' dir='ltr'><strong>concussum</strong></span> <span class='ocrx_word' id='word_1_428' title='bbox 595 3027 679 3074; x_wconf 90' lang='lat' dir='ltr'><strong>est</strong></span> <span class='ocrx_word' id='word_1_429' title='bbox 706 3019 1021 3088; x_wconf 88' lang='lat' dir='ltr'><strong>Sabbatum,</strong></span> <span class='ocrx_word' id='word_1_430' title='bbox 1057 3023 1115 3075; x_wconf 87' lang='lat' dir='ltr'><strong>ut</strong></span> <span class='ocrx_word' id='word_1_431' title='bbox 1142 3027 1196 3076; x_wconf 88' lang='lat' dir='ltr'><strong>et</strong></span> <span class='ocrx_word' id='word_1_432' title='bbox 1232 3019 1336 3075; x_wconf 88' lang='lat' dir='ltr'><strong>hoc</strong></span> <span class='ocrx_word' id='word_1_433' title='bbox 1365 3021 1419 3075; x_wconf 91' lang='lat' dir='ltr'><strong>in</strong></span> <span class='ocrx_word' id='word_1_434' title='bbox 1449 3020 1714 3076; x_wconf 78' lang='lat' dir='ltr'><strong>Christum</strong></span> <span class='ocrx_word' id='word_1_435' title='bbox 1746 3038 1831 3078; x_wconf 87' lang='lat' dir='ltr'><strong>re-</strong></span> <span class='ocrx_word' id='word_1_436' title='bbox 1863 3020 1906 3100; x_wconf 79' lang='lat' dir='ltr'><strong>c</strong></span> <span class='ocrx_word' id='word_1_437' title='bbox 1934 3020 2327 3076; x_wconf 90' lang='lat' dir='ltr'><strong>destructorem</strong></span> <span class='ocrx_word' id='word_1_438' title='bbox 2352 3060 2367 3084; x_wconf 94' lang='lat'><strong>,</strong></span> <span class='ocrx_word' id='word_1_439' title='bbox 2402 3034 2510 3075; x_wconf 92' lang='lat' dir='ltr'><strong>non</strong></span> <span class='ocrx_word' id='word_1_440' title='bbox 2535 3034 2644 3090; x_wconf 86' lang='lat' dir='ltr'><strong>qua</strong></span> <span class='ocrx_word' id='word_1_441' title='bbox 2673 3020 2797 3075; x_wconf 91' lang='lat' dir='ltr'><strong>novi</strong></span> <span class='ocrx_word' id='word_1_442' title='bbox 2847 3019 2943 3073; x_wconf 88' lang='lat' dir='ltr'><strong>Dei</strong></span> <span class='ocrx_word' id='word_1_443' title='bbox 2973 3017 3338 3091; x_wconf 89' lang='lat' dir='ltr'><strong>professorem</strong></span> <span class='ocrx_word' id='word_1_444' title='bbox 3368 3031 3384 3086; x_wconf 87' lang='lat'><strong>;</strong></span> <span class='ocrx_word' id='word_1_445' title='bbox 3421 3012 3531 3068; x_wconf 89' lang='lat' dir='ltr'><strong>for-</strong></span> 
     </span>
    </p>
   </div>
   <div class='ocr_carea' id='block_1_62' title="bbox 247 3108 1832 3175">
    <p class='ocr_par' dir='ltr' id='par_1_62' title="bbox 247 3108 1832 3175">
     <span class='ocr_line' id='line_1_62' title="bbox 247 3108 1832 3175; baseline 0.003 -13"><span class='ocrx_word' id='word_1_446' title='bbox 247 3111 611 3175; x_wconf 89' lang='lat' dir='ltr'><strong>nuntiaretnr,</strong></span> <span class='ocrx_word' id='word_1_447' title='bbox 673 3108 882 3164; x_wconf 89' lang='lat' dir='ltr'><strong>etiamsi</strong></span> <span class='ocrx_word' id='word_1_448' title='bbox 937 3110 1062 3165; x_wconf 90' lang='lat' dir='ltr'><strong>odio</strong></span> <span class='ocrx_word' id='word_1_449' title='bbox 1102 3111 1375 3166; x_wconf 87' lang='lat' dir='ltr'><strong>insecutus</strong></span> <span class='ocrx_word' id='word_1_450' title='bbox 1420 3119 1500 3165; x_wconf 92' lang='lat' dir='ltr'><strong>est</strong></span> <span class='ocrx_word' id='word_1_451' title='bbox 1546 3111 1832 3166; x_wconf 89' lang='lat' dir='ltr'><strong>solemnis-</strong></span> 
     </span>
    </p>
   </div>
   <div class='ocr_carea' id='block_1_63' title="bbox 250 3198 1832 3267">
    <p class='ocr_par' dir='ltr' id='par_1_63' title="bbox 250 3198 1832 3267">
     <span class='ocr_line' id='line_1_63' title="bbox 250 3198 1832 3267; baseline 0.003 -16"><span class='ocrx_word' id='word_1_452' title='bbox 250 3198 432 3254; x_wconf 83' lang='lat' dir='ltr'><strong>simurn</strong></span> <span class='ocrx_word' id='word_1_453' title='bbox 491 3198 806 3254; x_wconf 63' lang='lat' dir='ltr'><strong>Judaeorum</strong></span> <span class='ocrx_word' id='word_1_454' title='bbox 855 3198 1018 3267; x_wconf 90' lang='lat' dir='ltr'><strong>diem,</strong></span> <span class='ocrx_word' id='word_1_455' title='bbox 1065 3207 1125 3254; x_wconf 91' lang='lat' dir='ltr'><strong>ut</strong></span> <span class='ocrx_word' id='word_1_456' title='bbox 1172 3199 1415 3255; x_wconf 88' lang='lat' dir='ltr'><strong>Christus</strong></span> <span class='ocrx_word' id='word_1_457' title='bbox 1464 3214 1572 3255; x_wconf 91' lang='lat' dir='ltr'><strong>non</strong></span> <span class='ocrx_word' id='word_1_458' title='bbox 1613 3199 1832 3256; x_wconf 71' lang='lat' dir='ltr'><strong>Judzeo-</strong></span> 
     </span>
    </p>
   </div>
   <div class='ocr_carea' id='block_1_64' title="bbox 252 3286 1830 3360">
    <p class='ocr_par' dir='ltr' id='par_1_64' title="bbox 252 3286 1830 3360">
     <span class='ocr_line' id='line_1_64' title="bbox 252 3286 1830 3360; baseline 0.001 -18"><span class='ocrx_word' id='word_1_459' title='bbox 252 3303 382 3342; x_wconf 88' lang='lat' dir='ltr'><strong>rum.</strong></span> <span class='ocrx_word' id='word_1_460' title='bbox 438 3288 521 3343; x_wconf 92' lang='lat' dir='ltr'><strong>De</strong></span> <span class='ocrx_word' id='word_1_461' title='bbox 573 3286 701 3343; x_wconf 90' lang='lat' dir='ltr'><strong>odio</strong></span> <span class='ocrx_word' id='word_1_462' title='bbox 748 3302 965 3360; x_wconf 91' lang='lat' dir='ltr'><strong>quoque</strong></span> <span class='ocrx_word' id='word_1_463' title='bbox 1014 3288 1227 3345; x_wconf 90' lang='lat' dir='ltr'><strong>Sabbati</strong></span> <span class='ocrx_word' id='word_1_464' title='bbox 1286 3288 1597 3359; x_wconf 88' lang='lat' dir='ltr'><strong>professus,</strong></span> <span class='ocrx_word' id='word_1_465' title='bbox 1658 3290 1830 3344; x_wconf 86' lang='lat' dir='ltr'><strong>Crea-</strong></span> 
     </span>
    </p>
   </div>
   <div class='ocr_carea' id='block_1_65' title="bbox 249 3376 1831 3449">
    <p class='ocr_par' dir='ltr' id='par_1_65' title="bbox 249 3376 1831 3449">
     <span class='ocr_line' id='line_1_65' title="bbox 249 3376 1831 3449; baseline 0.001 -19"><span class='ocrx_word' id='word_1_466' title='bbox 249 3385 434 3442; x_wconf 90' lang='lat' dir='ltr'><strong>torem,</strong></span> <span class='ocrx_word' id='word_1_467' title='bbox 480 3386 540 3433; x_wconf 91' lang='lat' dir='ltr'><strong>ut</strong></span> <span class='ocrx_word' id='word_1_468' title='bbox 591 3377 834 3432; x_wconf 89' lang='lat' dir='ltr'><strong>Christus</strong></span> <span class='ocrx_word' id='word_1_469' title='bbox 891 3376 1082 3448; x_wconf 89' lang='lat' dir='ltr'><strong>ipsius,</strong></span> <span class='ocrx_word' id='word_1_470' title='bbox 1133 3377 1459 3449; x_wconf 88' lang='lat' dir='ltr'><strong>sequebatur</strong></span> <span class='ocrx_word' id='word_1_471' title='bbox 1515 3376 1831 3433; x_wconf 87' lang='lat' dir='ltr'><strong>exclaman-</strong></span> 
     </span>
    </p>
   </div>
   <div class='ocr_carea' id='block_1_66' title="bbox 252 3464 1834 3537">
    <p class='ocr_par' dir='ltr' id='par_1_66' title="bbox 252 3464 1834 3537">
     <span class='ocr_line' id='line_1_66' title="bbox 252 3464 1834 3537; baseline 0.002 -16"><span class='ocrx_word' id='word_1_472' title='bbox 252 3472 349 3520; x_wconf 87' lang='lat' dir='ltr'><strong>tem</strong></span> <span class='ocrx_word' id='word_1_473' title='bbox 378 3481 474 3521; x_wconf 90' lang='lat' dir='ltr'><strong>ore</strong></span> <span class='ocrx_word' id='word_1_474' title='bbox 502 3464 653 3521; x_wconf 72' lang='lat' dir='ltr'><strong>Isaiae</strong></span> <span class='ocrx_word' id='word_1_475' title='bbox 686 3466 744 3537; x_wconf 77' lang='grc' dir='ltr'><strong>(ι,</strong></span> <span class='ocrx_word' id='word_1_476' title='bbox 771 3467 861 3537; x_wconf 78' lang='grc'><strong>14)</strong></span> <span class='ocrx_word' id='word_1_477' title='bbox 895 3483 908 3520; x_wconf 91' lang='lat'><strong>:</strong></span> <span class='ocrx_word' id='word_1_478' title='bbox 942 3466 1267 3523; x_wconf 85' lang='lat' dir='ltr'><strong>Ncomenias</strong></span> <span class='ocrx_word' id='word_1_479' title='bbox 1295 3471 1349 3524; x_wconf 84' lang='lat' dir='ltr'><strong>et</strong></span> <span class='ocrx_word' id='word_1_480' title='bbox 1378 3466 1618 3524; x_wconf 87' lang='lat' dir='ltr'><strong>Sabbata</strong></span> <span class='ocrx_word' id='word_1_481' title='bbox 1644 3470 1834 3525; x_wconf 85' lang='lat' dir='ltr'><strong>vestra</strong></span> 
     </span>
    </p>
   </div>
   <div class='ocr_carea' id='block_1_67' title="bbox 255 3554 1838 3625">
    <p class='ocr_par' dir='ltr' id='par_1_67' title="bbox 255 3554 1838 3625">
     <span class='ocr_line' id='line_1_67' title="bbox 255 3554 1838 3625; baseline 0.003 -17"><span class='ocrx_word' id='word_1_482' title='bbox 255 3554 362 3610; x_wconf 85' lang='lat' dir='ltr'><strong>odit</strong></span> <span class='ocrx_word' id='word_1_483' title='bbox 389 3556 588 3612; x_wconf 86' lang='lat' dir='ltr'><strong>anima</strong></span> <span class='ocrx_word' id='word_1_484' title='bbox 630 3571 778 3612; x_wconf 90' lang='lat' dir='ltr'><strong>mea.</strong></span> <span class='ocrx_word' id='word_1_485' title='bbox 828 3554 937 3610; x_wconf 87' lang='lat' dir='ltr'><strong>Sed</strong></span> <span class='ocrx_word' id='word_1_486' title='bbox 984 3563 1039 3610; x_wconf 87' lang='lat' dir='ltr'><strong>et</strong></span> <span class='ocrx_word' id='word_1_487' title='bbox 1078 3555 1194 3611; x_wconf 72' lang='lat' dir='ltr'><strong>haec</strong></span> <span class='ocrx_word' id='word_1_488' title='bbox 1219 3570 1441 3625; x_wconf 89' lang='lat' dir='ltr'><strong>quoquo</strong></span> <span class='ocrx_word' id='word_1_489' title='bbox 1489 3556 1653 3613; x_wconf 91' lang='lat' dir='ltr'><strong>modo</strong></span> <span class='ocrx_word' id='word_1_490' title='bbox 1694 3556 1838 3613; x_wconf 88' lang='lat' dir='ltr'><strong>dicta</strong></span> 
     </span>
    </p>
   </div>
   <div class='ocr_carea' id='block_1_68' title="bbox 260 3642 1836 3713">
    <p class='ocr_par' dir='ltr' id='par_1_68' title="bbox 260 3642 1836 3713">
     <span class='ocr_line' id='line_1_68' title="bbox 260 3642 1836 3713; baseline 0.002 -18"><span class='ocrx_word' id='word_1_491' title='bbox 260 3643 374 3707; x_wconf 87' lang='lat' dir='ltr'><strong>sint,</strong></span> <span class='ocrx_word' id='word_1_492' title='bbox 406 3644 608 3699; x_wconf 88' lang='lat' dir='ltr'><strong>scimus</strong></span> <span class='ocrx_word' id='word_1_493' title='bbox 633 3642 992 3698; x_wconf 89' lang='lat' dir='ltr'><strong>adhibendam</strong></span> <span class='ocrx_word' id='word_1_494' title='bbox 1032 3652 1209 3699; x_wconf 89' lang='lat' dir='ltr'><strong>tamen</strong></span> <span class='ocrx_word' id='word_1_495' title='bbox 1247 3644 1302 3697; x_wconf 93' lang='lat' dir='ltr'><strong>in</strong></span> <span class='ocrx_word' id='word_1_496' title='bbox 1333 3644 1431 3698; x_wconf 90' lang='lat' dir='ltr'><strong>hac</strong></span> <span class='ocrx_word' id='word_1_497' title='bbox 1461 3643 1645 3713; x_wconf 87' lang='lat' dir='ltr'><strong>specie</strong></span> <span class='ocrx_word' id='word_1_498' title='bbox 1674 3644 1836 3700; x_wconf 89' lang='lat' dir='ltr'><strong>etiam</strong></span> 
     </span>
    </p>
   </div>
   <div class='ocr_carea' id='block_1_69' title="bbox 263 3731 1837 3804">
    <p class='ocr_par' dir='ltr' id='par_1_69' title="bbox 263 3731 1837 3804">
     <span class='ocr_line' id='line_1_69' title="bbox 263 3731 1837 3804; baseline 0.004 -23"><span class='ocrx_word' id='word_1_499' title='bbox 263 3732 528 3803; x_wconf 79' lang='lat' dir='ltr'><strong>abruptam</strong></span> <span class='ocrx_word' id='word_1_500' title='bbox 577 3731 1030 3803; x_wconf 89' lang='lat' dir='ltr'><strong>provocationem.</strong></span> <span class='ocrx_word' id='word_1_501' title='bbox 1065 3732 1222 3788; x_wconf 87' lang='lat' dir='ltr'><strong>Nunc</strong></span> <span class='ocrx_word' id='word_1_502' title='bbox 1261 3742 1314 3787; x_wconf 88' lang='lat' dir='ltr'><strong>et</strong></span> <span class='ocrx_word' id='word_1_503' title='bbox 1356 3733 1424 3787; x_wconf 90' lang='lat' dir='ltr'><strong>ad</strong></span> <span class='ocrx_word' id='word_1_504' title='bbox 1457 3733 1628 3804; x_wconf 88' lang='lat' dir='ltr'><strong>ipsam</strong></span> <span class='ocrx_word' id='word_1_505' title='bbox 1659 3740 1837 3788; x_wconf 89' lang='lat' dir='ltr'><strong>mate-</strong></span> 
     </span>
    </p>
   </div>
   <div class='ocr_carea' id='block_1_70' title="bbox 266 3818 1839 3893">
    <p class='ocr_par' dir='ltr' id='par_1_70' title="bbox 266 3818 1839 3893">
     <span class='ocr_line' id='line_1_70' title="bbox 266 3818 1839 3893; baseline 0.004 -23"><span class='ocrx_word' id='word_1_506' title='bbox 266 3818 383 3875; x_wconf 90' lang='lat' dir='ltr'><strong>riam</strong></span> <span class='ocrx_word' id='word_1_507' title='bbox 411 3822 737 3893; x_wconf 88' lang='lat' dir='ltr'><strong>disceptabo,</strong></span> <span class='ocrx_word' id='word_1_508' title='bbox 769 3821 823 3876; x_wconf 92' lang='lat' dir='ltr'><strong>in</strong></span> <span class='ocrx_word' id='word_1_509' title='bbox 854 3837 961 3893; x_wconf 90' lang='lat' dir='ltr'><strong>qua</strong></span> <span class='ocrx_word' id='word_1_510' title='bbox 987 3820 1100 3877; x_wconf 90' lang='lat' dir='ltr'><strong>visa</strong></span> <span class='ocrx_word' id='word_1_511' title='bbox 1119 3830 1203 3876; x_wconf 91' lang='lat' dir='ltr'><strong>est</strong></span> <span class='ocrx_word' id='word_1_512' title='bbox 1232 3821 1509 3878; x_wconf 88' lang='lat' dir='ltr'><strong>destruere</strong></span> <span class='ocrx_word' id='word_1_513' title='bbox 1543 3821 1839 3878; x_wconf 91' lang='lat' dir='ltr'><strong>Sabbatum</strong></span> 
     </span>
    </p>
   </div>
   <div class='ocr_carea' id='block_1_71' title="bbox 273 3907 1837 3984">
    <p class='ocr_par' dir='ltr' id='par_1_71' title="bbox 273 3907 1837 3984">
     <span class='ocr_line' id='line_1_71' title="bbox 273 3907 1837 3984; baseline 0.004 -23"><span class='ocrx_word' id='word_1_514' title='bbox 273 3907 445 3966; x_wconf 85' lang='lat' dir='ltr'><strong>Christi</strong></span> <span class='ocrx_word' id='word_1_515' title='bbox 483 3910 790 3982; x_wconf 87' lang='lat' dir='ltr'><strong>disciplina.</strong></span> <span class='ocrx_word' id='word_1_516' title='bbox 835 3910 1155 3966; x_wconf 84' lang='lat' dir='ltr'><strong>Esurierant</strong></span> <span class='ocrx_word' id='word_1_517' title='bbox 1182 3911 1433 3982; x_wconf 88' lang='lat' dir='ltr'><strong>discipuli</strong></span> <span class='ocrx_word' id='word_1_518' title='bbox 1468 3926 1574 3982; x_wconf 87' lang='lat' dir='ltr'><strong>;ea</strong></span> <span class='ocrx_word' id='word_1_519' title='bbox 1604 3912 1692 3968; x_wconf 91' lang='lat' dir='ltr'><strong>die</strong></span> <span class='ocrx_word' id='word_1_520' title='bbox 1719 3911 1837 3984; x_wconf 80' lang='lat' dir='ltr'><strong>Spi-</strong></span> 
     </span>
    </p>
   </div>
   <div class='ocr_carea' id='block_1_72' title="bbox 276 3999 1838 4068">
    <p class='ocr_par' dir='ltr' id='par_1_72' title="bbox 276 3999 1838 4068">
     <span class='ocr_line' id='line_1_72' title="bbox 276 3999 1838 4068; baseline 0.003 -17"><span class='ocrx_word' id='word_1_521' title='bbox 276 4011 350 4051; x_wconf 81' lang='lat' dir='ltr'><strong>cas</strong></span> <span class='ocrx_word' id='word_1_522' title='bbox 412 4000 688 4068; x_wconf 90' lang='lat' dir='ltr'><strong>decerptas</strong></span> <span class='ocrx_word' id='word_1_523' title='bbox 765 4000 1011 4055; x_wconf 86' lang='lat' dir='ltr'><strong>manibus</strong></span> <span class='ocrx_word' id='word_1_524' title='bbox 1086 3999 1400 4055; x_wconf 81' lang='lat' dir='ltr'><strong>effrixcrant</strong></span> <span class='ocrx_word' id='word_1_525' title='bbox 1472 4001 1516 4039; x_wconf 75' lang='grc' dir='ltr'><strong><em>Π</em></strong></span> <span class='ocrx_word' id='word_1_526' title='bbox 1580 4022 1593 4056; x_wconf 92' lang='lat'><strong>:</strong></span> <span class='ocrx_word' id='word_1_527' title='bbox 1658 4001 1838 4057; x_wconf 90' lang='lat' dir='ltr'><strong>cibum</strong></span> 
     </span>
    </p>
   </div>
   <div class='ocr_carea' id='block_1_73' title="bbox 276 4088 1841 4161">
    <p class='ocr_par' dir='ltr' id='par_1_73' title="bbox 276 4088 1841 4161">
     <span class='ocr_line' id='line_1_73' title="bbox 276 4088 1841 4161; baseline 0.004 -23"><span class='ocrx_word' id='word_1_528' title='bbox 276 4089 478 4155; x_wconf 86' lang='lat' dir='ltr'><strong>operati,</strong></span> <span class='ocrx_word' id='word_1_529' title='bbox 525 4088 695 4144; x_wconf 86' lang='lat' dir='ltr'><strong>ferias</strong></span> <span class='ocrx_word' id='word_1_530' title='bbox 724 4099 1005 4161; x_wconf 88' lang='lat' dir='ltr'><strong>ruperant.</strong></span> <span class='ocrx_word' id='word_1_531' title='bbox 1038 4089 1273 4146; x_wconf 82' lang='lat' dir='ltr'><strong>Excusat</strong></span> <span class='ocrx_word' id='word_1_532' title='bbox 1300 4090 1422 4145; x_wconf 92' lang='lat' dir='ltr'><strong>illos</strong></span> <span class='ocrx_word' id='word_1_533' title='bbox 1479 4089 1725 4146; x_wconf 90' lang='lat' dir='ltr'><strong>Christus</strong></span> <span class='ocrx_word' id='word_1_534' title='bbox 1750 4133 1764 4159; x_wconf 88' lang='lat'><strong>,</strong></span> <span class='ocrx_word' id='word_1_535' title='bbox 1788 4097 1841 4145; x_wconf 90' lang='lat' dir='ltr'><strong>et</strong></span> 
     </span>
    </p>
   </div>
   <div class='ocr_carea' id='block_1_74' title="bbox 275 4176 1838 4245">
    <p class='ocr_par' dir='ltr' id='par_1_74' title="bbox 275 4176 1838 4245">
     <span class='ocr_line' id='line_1_74' title="bbox 275 4176 1838 4245; baseline 0.004 -18"><span class='ocrx_word' id='word_1_536' title='bbox 275 4187 383 4231; x_wconf 86' lang='lat' dir='ltr'><strong>reus</strong></span> <span class='ocrx_word' id='word_1_537' title='bbox 406 4185 481 4233; x_wconf 90' lang='lat' dir='ltr'><strong>est</strong></span> <span class='ocrx_word' id='word_1_538' title='bbox 517 4176 739 4234; x_wconf 86' lang='lat' dir='ltr'><strong>Sabbati</strong></span> <span class='ocrx_word' id='word_1_539' title='bbox 770 4177 887 4233; x_wconf 63' lang='lat' dir='ltr'><strong>laesi</strong></span> <span class='ocrx_word' id='word_1_540' title='bbox 920 4194 935 4232; x_wconf 91' lang='lat'><strong>:</strong></span> <span class='ocrx_word' id='word_1_541' title='bbox 983 4188 1233 4236; x_wconf 89' lang='lat' dir='ltr'><strong>accusant</strong></span> <span class='ocrx_word' id='word_1_542' title='bbox 1270 4177 1549 4245; x_wconf 70' lang='lat' dir='ltr'><strong>Pharisaei,</strong></span> <span class='ocrx_word' id='word_1_543' title='bbox 1596 4178 1838 4234; x_wconf 86' lang='lat' dir='ltr'><strong>Marcion</strong></span> 
     </span>
    </p>
   </div>
   <div class='ocr_carea' id='block_1_75' title="bbox 1954 3106 3537 3176">
    <p class='ocr_par' dir='ltr' id='par_1_75' title="bbox 1954 3106 3537 3176">
     <span class='ocr_line' id='line_1_75' title="bbox 1954 3106 3537 3176; baseline -0.005 -13"><span class='ocrx_word' id='word_1_544' title='bbox 1954 3117 2093 3164; x_wconf 88' lang='lat' dir='ltr'><strong>tasse</strong></span> <span class='ocrx_word' id='word_1_545' title='bbox 2121 3108 2265 3165; x_wconf 91' lang='lat' dir='ltr'><strong>enim</strong></span> <span class='ocrx_word' id='word_1_546' title='bbox 2316 3109 2460 3164; x_wconf 90' lang='lat' dir='ltr'><strong>hunc</strong></span> <span class='ocrx_word' id='word_1_547' title='bbox 2494 3107 2670 3162; x_wconf 91' lang='lat' dir='ltr'><strong>solum</strong></span> <span class='ocrx_word' id='word_1_548' title='bbox 2721 3107 3002 3161; x_wconf 90' lang='lat' dir='ltr'><strong>articulum</strong></span> <span class='ocrx_word' id='word_1_549' title='bbox 3033 3106 3231 3175; x_wconf 86' lang='lat' dir='ltr'><strong>ubique</strong></span> <span class='ocrx_word' id='word_1_550' title='bbox 3270 3106 3537 3176; x_wconf 84' lang='lat' dir='ltr'><strong>ingeram,</strong></span> 
     </span>
    </p>
   </div>
   <div class='ocr_carea' id='block_1_76' title="bbox 1950 3192 3537 3265">
    <p class='ocr_par' dir='ltr' id='par_1_76' title="bbox 1950 3192 3537 3265">
     <span class='ocr_line' id='line_1_76' title="bbox 1950 3192 3537 3265; baseline -0.004 -15"><span class='ocrx_word' id='word_1_551' title='bbox 1950 3196 2114 3251; x_wconf 91' lang='lat' dir='ltr'><strong>alium</strong></span> <span class='ocrx_word' id='word_1_552' title='bbox 2175 3196 2443 3252; x_wconf 89' lang='lat' dir='ltr'><strong>Christum</strong></span> <span class='ocrx_word' id='word_1_553' title='bbox 2508 3210 2777 3264; x_wconf 85' lang='lat' dir='ltr'><strong>nusquam</strong></span> <span class='ocrx_word' id='word_1_554' title='bbox 2838 3194 3204 3265; x_wconf 77' lang='lat' dir='ltr'><strong>praedicatum.</strong></span> <span class='ocrx_word' id='word_1_555' title='bbox 3253 3192 3312 3247; x_wconf 88' lang='lat' dir='ltr'><strong>In</strong></span> <span class='ocrx_word' id='word_1_556' title='bbox 3370 3198 3537 3245; x_wconf 89' lang='lat' dir='ltr'><strong>totum</strong></span> 
     </span>
    </p>
   </div>
   <div class='ocr_carea' id='block_1_77' title="bbox 1945 3280 3536 3349">
    <p class='ocr_par' dir='ltr' id='par_1_77' title="bbox 1945 3280 3536 3349">
     <span class='ocr_line' id='line_1_77' title="bbox 1945 3280 3536 3349; baseline -0.006 -10"><span class='ocrx_word' id='word_1_557' title='bbox 1945 3293 2131 3342; x_wconf 89' lang='lat' dir='ltr'><strong>autem</strong></span> <span class='ocrx_word' id='word_1_558' title='bbox 2174 3286 2425 3341; x_wconf 84' lang='lat' dir='ltr'><strong>errabant</strong></span> <span class='ocrx_word' id='word_1_559' title='bbox 2468 3284 2519 3322; x_wconf 77' lang='grc'><strong>20</strong></span> <span class='ocrx_word' id='word_1_560' title='bbox 2574 3282 2826 3338; x_wconf 67' lang='lat' dir='ltr'><strong>Pharisaei</strong></span> <span class='ocrx_word' id='word_1_561' title='bbox 2882 3281 3027 3337; x_wconf 87' lang='lat' dir='ltr'><strong>circa</strong></span> <span class='ocrx_word' id='word_1_562' title='bbox 3075 3281 3293 3335; x_wconf 82' lang='lat' dir='ltr'><strong>Sabbati</strong></span> <span class='ocrx_word' id='word_1_563' title='bbox 3339 3280 3536 3349; x_wconf 80' lang='lat' dir='ltr'><strong>legem,</strong></span> 
     </span>
    </p>
   </div>
   <div class='ocr_carea' id='block_1_78' title="bbox 1945 3367 3538 3431">
    <p class='ocr_par' dir='ltr' id='par_1_78' title="bbox 1945 3367 3538 3431">
     <span class='ocr_line' id='line_1_78' title="bbox 1945 3367 3538 3431; baseline -0.006 -2"><span class='ocrx_word' id='word_1_564' title='bbox 1945 3389 2054 3431; x_wconf 92' lang='lat' dir='ltr'><strong>non</strong></span> <span class='ocrx_word' id='word_1_565' title='bbox 2105 3374 2592 3429; x_wconf 86' lang='lat' dir='ltr'><strong>animadvertentes</strong></span> <span class='ocrx_word' id='word_1_566' title='bbox 2637 3370 3076 3427; x_wconf 88' lang='lat' dir='ltr'><strong>conditionaliter</strong></span> <span class='ocrx_word' id='word_1_567' title='bbox 3110 3383 3231 3423; x_wconf 87' lang='lat' dir='ltr'><strong>eam</strong></span> <span class='ocrx_word' id='word_1_568' title='bbox 3287 3367 3538 3422; x_wconf 87' lang='lat' dir='ltr'><strong>indicen—</strong></span> 
     </span>
    </p>
   </div>
   <div class='ocr_carea' id='block_1_79' title="bbox 1946 3455 3535 3534">
    <p class='ocr_par' dir='ltr' id='par_1_79' title="bbox 1946 3455 3535 3534">
     <span class='ocr_line' id='line_1_79' title="bbox 1946 3455 3535 3534; baseline -0.007 -16"><span class='ocrx_word' id='word_1_569' title='bbox 1946 3471 2052 3519; x_wconf 88' lang='lat' dir='ltr'><strong>tem</strong></span> <span class='ocrx_word' id='word_1_570' title='bbox 2082 3462 2251 3519; x_wconf 89' lang='lat' dir='ltr'><strong>ferias</strong></span> <span class='ocrx_word' id='word_1_571' title='bbox 2288 3477 2518 3534; x_wconf 89' lang='lat' dir='ltr'><strong>operum</strong></span> <span class='ocrx_word' id='word_1_572' title='bbox 2561 3461 2661 3517; x_wconf 91' lang='lat' dir='ltr'><strong>sub</strong></span> <span class='ocrx_word' id='word_1_573' title='bbox 2710 3467 2854 3516; x_wconf 91' lang='lat' dir='ltr'><strong>certa</strong></span> <span class='ocrx_word' id='word_1_574' title='bbox 2902 3460 3085 3528; x_wconf 89' lang='lat' dir='ltr'><strong>specie</strong></span> <span class='ocrx_word' id='word_1_575' title='bbox 3138 3472 3346 3513; x_wconf 88' lang='lat' dir='ltr'><strong>eorum.</strong></span> <span class='ocrx_word' id='word_1_576' title='bbox 3397 3455 3535 3508; x_wconf 89' lang='lat' dir='ltr'><strong>Nam</strong></span> 
     </span>
    </p>
   </div>
   <div class='ocr_carea' id='block_1_80' title="bbox 1945 3544 3539 3621">
    <p class='ocr_par' dir='ltr' id='par_1_80' title="bbox 1945 3544 3539 3621">
     <span class='ocr_line' id='line_1_80' title="bbox 1945 3544 3539 3621; baseline -0.005 -13"><span class='ocrx_word' id='word_1_577' title='bbox 1945 3568 2068 3608; x_wconf 88' lang='lat' dir='ltr'><strong>cum</strong></span> <span class='ocrx_word' id='word_1_578' title='bbox 2099 3556 2167 3607; x_wconf 89' lang='lat' dir='ltr'><strong>de</strong></span> <span class='ocrx_word' id='word_1_579' title='bbox 2214 3552 2302 3606; x_wconf 91' lang='lat' dir='ltr'><strong>die</strong></span> <span class='ocrx_word' id='word_1_580' title='bbox 2351 3551 2568 3607; x_wconf 90' lang='lat' dir='ltr'><strong>Sabbati</strong></span> <span class='ocrx_word' id='word_1_581' title='bbox 2606 3549 2737 3604; x_wconf 90' lang='lat' dir='ltr'><strong>dicit</strong></span> <span class='ocrx_word' id='word_1_582' title='bbox 2779 3548 2980 3621; x_wconf 73' lang='lat' dir='ltr'><strong>(Exod.</strong></span> <span class='ocrx_word' id='word_1_583' title='bbox 3033 3563 3133 3611; x_wconf 86' lang='lat' dir='ltr'><strong>xx,</strong></span> <span class='ocrx_word' id='word_1_584' title='bbox 3174 3548 3309 3612; x_wconf 76' lang='lat'><strong>10):</strong></span> <span class='ocrx_word' id='word_1_585' title='bbox 3364 3544 3539 3600; x_wconf 83' lang='lat' dir='ltr'><strong>Omne</strong></span> 
     </span>
    </p>
   </div>
   <div class='ocr_carea' id='block_1_81' title="bbox 1944 3635 3541 3717">
    <p class='ocr_par' dir='ltr' id='par_1_81' title="bbox 1944 3635 3541 3717">
     <span class='ocr_line' id='line_1_81' title="bbox 1944 3635 3541 3717; baseline -0.008 -18"><span class='ocrx_word' id='word_1_586' title='bbox 1944 3659 2083 3717; x_wconf 82' lang='lat' dir='ltr'><strong>Opus</strong></span> <span class='ocrx_word' id='word_1_587' title='bbox 2114 3646 2281 3698; x_wconf 86' lang='lat' dir='ltr'><strong>tuum</strong></span> <span class='ocrx_word' id='word_1_588' title='bbox 2316 3656 2432 3695; x_wconf 89' lang='lat' dir='ltr'><strong>non</strong></span> <span class='ocrx_word' id='word_1_589' title='bbox 2459 3640 2633 3711; x_wconf 78' lang='lat' dir='ltr'><strong>facies</strong></span> <span class='ocrx_word' id='word_1_590' title='bbox 2668 3639 2734 3693; x_wconf 86' lang='lat' dir='ltr'><strong>in</strong></span> <span class='ocrx_word' id='word_1_591' title='bbox 2772 3654 2839 3695; x_wconf 88' lang='lat' dir='ltr'><strong>ea</strong></span> <span class='ocrx_word' id='word_1_592' title='bbox 2882 3636 3034 3709; x_wconf 89' lang='lat'><strong>(38);</strong></span> <span class='ocrx_word' id='word_1_593' title='bbox 3068 3635 3313 3698; x_wconf 89' lang='lat' dir='ltr'><strong>dicendo,</strong></span> <span class='ocrx_word' id='word_1_594' title='bbox 3351 3636 3541 3696; x_wconf 87' lang='lat' dir='ltr'><strong>tuum,</strong></span> 
     </span>
    </p>
   </div>
   <div class='ocr_carea' id='block_1_82' title="bbox 1944 3719 3530 3801">
    <p class='ocr_par' dir='ltr' id='par_1_82' title="bbox 1944 3719 3530 3801">
     <span class='ocr_line' id='line_1_82' title="bbox 1944 3719 3530 3801; baseline -0.008 -14"><span class='ocrx_word' id='word_1_595' title='bbox 1944 3733 2012 3787; x_wconf 88' lang='lat' dir='ltr'><strong>de</strong></span> <span class='ocrx_word' id='word_1_596' title='bbox 2042 3732 2274 3786; x_wconf 87' lang='lat' dir='ltr'><strong>humano</strong></span> <span class='ocrx_word' id='word_1_597' title='bbox 2304 3744 2469 3801; x_wconf 89' lang='lat' dir='ltr'><strong>opere</strong></span> <span class='ocrx_word' id='word_1_598' title='bbox 2497 3726 2724 3791; x_wconf 84' lang='lat' dir='ltr'><strong>definiit,</strong></span> <span class='ocrx_word' id='word_1_599' title='bbox 2754 3726 2903 3799; x_wconf 88' lang='lat' dir='ltr'><strong>quod</strong></span> <span class='ocrx_word' id='word_1_600' title='bbox 2932 3725 3158 3798; x_wconf 90' lang='lat' dir='ltr'><strong>quisque</strong></span> <span class='ocrx_word' id='word_1_601' title='bbox 3188 3739 3251 3779; x_wconf 85' lang='lat' dir='ltr'><strong>ex</strong></span> <span class='ocrx_word' id='word_1_602' title='bbox 3281 3719 3530 3787; x_wconf 86' lang='lat' dir='ltr'><strong>artificio,</strong></span> 
     </span>
    </p>
   </div>
   <div class='ocr_carea' id='block_1_83' title="bbox 1944 3810 3539 3895">
    <p class='ocr_par' dir='ltr' id='par_1_83' title="bbox 1944 3810 3539 3895">
     <span class='ocr_line' id='line_1_83' title="bbox 1944 3810 3539 3895; baseline -0.009 -16"><span class='ocrx_word' id='word_1_603' title='bbox 1944 3822 2027 3879; x_wconf 86' lang='lat' dir='ltr'><strong>vel</strong></span> <span class='ocrx_word' id='word_1_604' title='bbox 2072 3820 2296 3895; x_wconf 79' lang='lat' dir='ltr'><strong>negotio</strong></span> <span class='ocrx_word' id='word_1_605' title='bbox 2340 3833 2440 3873; x_wconf 92' lang='lat' dir='ltr'><strong>suo</strong></span> <span class='ocrx_word' id='word_1_606' title='bbox 2495 3816 2815 3889; x_wconf 88' lang='lat' dir='ltr'><strong>exequitur,</strong></span> <span class='ocrx_word' id='word_1_607' title='bbox 2854 3830 2967 3872; x_wconf 91' lang='lat' dir='ltr'><strong>non</strong></span> <span class='ocrx_word' id='word_1_608' title='bbox 3011 3814 3080 3869; x_wconf 92' lang='lat' dir='ltr'><strong>de</strong></span> <span class='ocrx_word' id='word_1_609' title='bbox 3128 3812 3334 3868; x_wconf 91' lang='lat' dir='ltr'><strong>divino.</strong></span> <span class='ocrx_word' id='word_1_610' title='bbox 3384 3810 3539 3882; x_wconf 90' lang='lat' dir='ltr'><strong>Opus</strong></span> 
     </span>
    </p>
   </div>
   <div class='ocr_carea' id='block_1_84' title="bbox 1947 3899 3535 3972">
    <p class='ocr_par' dir='ltr' id='par_1_84' title="bbox 1947 3899 3535 3972">
     <span class='ocr_line' id='line_1_84' title="bbox 1947 3899 3535 3972; baseline -0.007 -8"><span class='ocrx_word' id='word_1_611' title='bbox 1947 3918 2124 3966; x_wconf 90' lang='lat' dir='ltr'><strong>autem</strong></span> <span class='ocrx_word' id='word_1_612' title='bbox 2167 3908 2356 3964; x_wconf 90' lang='lat' dir='ltr'><strong>salutis</strong></span> <span class='ocrx_word' id='word_1_613' title='bbox 2399 3915 2454 3962; x_wconf 89' lang='lat' dir='ltr'><strong>et</strong></span> <span class='ocrx_word' id='word_1_614' title='bbox 2501 3905 2920 3972; x_wconf 89' lang='lat' dir='ltr'><strong>incolumitatis,</strong></span> <span class='ocrx_word' id='word_1_615' title='bbox 2971 3919 3079 3959; x_wconf 91' lang='lat' dir='ltr'><strong>non</strong></span> <span class='ocrx_word' id='word_1_616' title='bbox 3131 3912 3212 3958; x_wconf 90' lang='lat' dir='ltr'><strong>est</strong></span> <span class='ocrx_word' id='word_1_617' title='bbox 3262 3899 3535 3963; x_wconf 82' lang='lat' dir='ltr'><strong>hominis,</strong></span> 
     </span>
    </p>
   </div>
   <div class='ocr_carea' id='block_1_85' title="bbox 1949 3988 3543 4069">
    <p class='ocr_par' dir='ltr' id='par_1_85' title="bbox 1949 3988 3543 4069">
     <span class='ocr_line' id='line_1_85' title="bbox 1949 3988 3543 4069; baseline -0.008 -15"><span class='ocrx_word' id='word_1_618' title='bbox 1949 4000 2050 4054; x_wconf 90' lang='lat' dir='ltr'><strong>sed</strong></span> <span class='ocrx_word' id='word_1_619' title='bbox 2090 3998 2188 4054; x_wconf 92' lang='lat' dir='ltr'><strong>Dei</strong></span> <span class='ocrx_word' id='word_1_620' title='bbox 2236 3996 2533 4069; x_wconf 87' lang='lat' dir='ltr'><strong>proprium.</strong></span> <span class='ocrx_word' id='word_1_621' title='bbox 2566 3994 2719 4052; x_wconf 89' lang='lat' dir='ltr'><strong>Sicut</strong></span> <span class='ocrx_word' id='word_1_622' title='bbox 2765 4004 2818 4050; x_wconf 90' lang='lat' dir='ltr'><strong>et</strong></span> <span class='ocrx_word' id='word_1_623' title='bbox 2858 4008 3046 4049; x_wconf 90' lang='lat' dir='ltr'><strong>rursus</strong></span> <span class='ocrx_word' id='word_1_624' title='bbox 3094 3991 3150 4046; x_wconf 88' lang='lat' dir='ltr'><strong>in</strong></span> <span class='ocrx_word' id='word_1_625' title='bbox 3213 3990 3332 4064; x_wconf 77' lang='lat' dir='ltr'><strong>lege</strong></span> <span class='ocrx_word' id='word_1_626' title='bbox 3374 4007 3387 4043; x_wconf 88' lang='lat'><strong>:</strong></span> <span class='ocrx_word' id='word_1_627' title='bbox 3421 3988 3543 4047; x_wconf 81' lang='lat' dir='ltr'><strong>Non</strong></span> 
     </span>
    </p>
   </div>
   <div class='ocr_carea' id='block_1_86' title="bbox 1893 4078 3543 4159">
    <p class='ocr_par' dir='ltr' id='par_1_86' title="bbox 1893 4078 3543 4159">
     <span class='ocr_line' id='line_1_86' title="bbox 1893 4078 3543 4159; baseline -0.008 -15"><span class='ocrx_word' id='word_1_628' title='bbox 1893 4121 1902 4127; x_wconf 91' lang='lat'><strong>-</strong></span> <span class='ocrx_word' id='word_1_629' title='bbox 1944 4090 2137 4159; x_wconf 82' lang='lat' dir='ltr'><strong>facies,</strong></span> <span class='ocrx_word' id='word_1_630' title='bbox 2171 4085 2341 4157; x_wconf 90' lang='lat' dir='ltr'><strong>inquit</strong></span> <span class='ocrx_word' id='word_1_631' title='bbox 2361 4083 2566 4155; x_wconf 74' lang='lat' dir='ltr'><strong>(Exod.</strong></span> <span class='ocrx_word' id='word_1_632' title='bbox 2598 4099 2694 4148; x_wconf 87' lang='lat' dir='ltr'><strong>xu,</strong></span> <span class='ocrx_word' id='word_1_633' title='bbox 2723 4083 2831 4153; x_wconf 84' lang='grc'>16),</span> <span class='ocrx_word' id='word_1_634' title='bbox 2854 4098 3020 4139; x_wconf 87' lang='lat' dir='ltr'><strong>omne</strong></span> <span class='ocrx_word' id='word_1_635' title='bbox 3049 4097 3184 4153; x_wconf 85' lang='lat' dir='ltr'><strong>opus</strong></span> <span class='ocrx_word' id='word_1_636' title='bbox 3216 4083 3280 4137; x_wconf 88' lang='lat' dir='ltr'><strong>in</strong></span> <span class='ocrx_word' id='word_1_637' title='bbox 3310 4095 3396 4146; x_wconf 90' lang='lat' dir='ltr'><strong>ea,</strong></span> <span class='ocrx_word' id='word_1_638' title='bbox 3426 4078 3543 4133; x_wconf 90' lang='lat' dir='ltr'><strong>nisi</strong></span> 
     </span>
    </p>
   </div>
   <div class='ocr_carea' id='block_1_87' title="bbox 1951 4167 3547 4249">
    <p class='ocr_par' dir='ltr' id='par_1_87' title="bbox 1951 4167 3547 4249">
     <span class='ocr_line' id='line_1_87' title="bbox 1951 4167 3547 4249; baseline -0.008 -17"><span class='ocrx_word' id='word_1_639' title='bbox 1951 4174 2094 4249; x_wconf 86' lang='lat' dir='ltr'><strong>quod</strong></span> <span class='ocrx_word' id='word_1_640' title='bbox 2121 4174 2221 4244; x_wconf 83' lang='lat' dir='ltr'><strong>ﬁet</strong></span> <span class='ocrx_word' id='word_1_641' title='bbox 2258 4174 2416 4230; x_wconf 86' lang='lat' dir='ltr'><strong>omni</strong></span> <span class='ocrx_word' id='word_1_642' title='bbox 2441 4174 2653 4228; x_wconf 60' lang='lat' dir='ltr'><strong>animos</strong></span> <span class='ocrx_word' id='word_1_643' title='bbox 2682 4173 2797 4241; x_wconf 86' lang='lat'>(39)</span> <span class='ocrx_word' id='word_1_644' title='bbox 2839 4170 2893 4225; x_wconf 92' lang='lat' dir='ltr'><strong>id</strong></span> <span class='ocrx_word' id='word_1_645' title='bbox 2923 4177 3009 4227; x_wconf 90' lang='lat' dir='ltr'><strong>est</strong></span> <span class='ocrx_word' id='word_1_646' title='bbox 3036 4169 3091 4225; x_wconf 92' lang='lat' dir='ltr'><strong>in</strong></span> <span class='ocrx_word' id='word_1_647' title='bbox 3119 4183 3314 4226; x_wconf 89' lang='lat' dir='ltr'><strong>caussa</strong></span> <span class='ocrx_word' id='word_1_648' title='bbox 3351 4167 3547 4222; x_wconf 64' lang='lat' dir='ltr'><strong>animae</strong></span> 
     </span>
    </p>
   </div>
   <div class='ocr_carea' id='block_1_88' title="bbox 1609 4301 2147 4366">
    <p class='ocr_par' dir='ltr' id='par_1_88' title="bbox 1609 4301 2147 4366">
     <span class='ocr_line' id='line_1_88' title="bbox 1609 4301 2147 4366; baseline -0.006 -5"><span class='ocrx_word' id='word_1_649' title='bbox 1609 4301 1800 4365; x_wconf 71' lang='lat' dir='ltr'><strong>Varia:</strong></span> <span class='ocrx_word' id='word_1_650' title='bbox 1835 4304 2147 4366; x_wconf 89' lang='lat' dir='ltr'><strong>lectiones.</strong></span> 
     </span>
    </p>
   </div>
   <div class='ocr_carea' id='block_1_89' title="bbox 343 4405 3543 4490">
    <p class='ocr_par' dir='ltr' id='par_1_89' title="bbox 343 4405 3543 4490">
     <span class='ocr_line' id='line_1_89' title="bbox 343 4405 3543 4490; baseline -0.004 -18"><span class='ocrx_word' id='word_1_651' title='bbox 343 4414 525 4490; x_wconf 71' lang='lat' dir='ltr'><strong>‘fOeto</strong></span> <span class='ocrx_word' id='word_1_652' title='bbox 546 4418 715 4476; x_wconf 79' lang='lat' dir='ltr'><strong>Seml.</strong></span> <span class='ocrx_word' id='word_1_653' title='bbox 754 4416 975 4490; x_wconf 85' lang='lat' dir='ltr'><strong>Oberth.</strong></span> <span class='ocrx_word' id='word_1_654' title='bbox 1007 4418 1055 4457; x_wconf 74' lang='grc' dir='ltr'><strong><em>ιτ</em></strong></span> <span class='ocrx_word' id='word_1_655' title='bbox 1075 4416 1391 4475; x_wconf 81' lang='lat' dir='ltr'><strong>Efflixerant</strong></span> <span class='ocrx_word' id='word_1_656' title='bbox 1413 4419 1530 4490; x_wconf 83' lang='lat' dir='ltr'><strong>Rig.</strong></span> <span class='ocrx_word' id='word_1_657' title='bbox 1565 4417 1736 4475; x_wconf 85' lang='lat' dir='ltr'><strong>Seml.</strong></span> <span class='ocrx_word' id='word_1_658' title='bbox 1767 4418 1953 4474; x_wconf 82' lang='lat' dir='ltr'><strong>Venet.</strong></span> <span class='ocrx_word' id='word_1_659' title='bbox 1992 4412 2209 4474; x_wconf 89' lang='lat' dir='ltr'><strong>Oberth.</strong></span> <span class='ocrx_word' id='word_1_660' title='bbox 2233 4410 2535 4478; x_wconf 82' lang='lat' dir='ltr'><strong>eftixerant,</strong></span> <span class='ocrx_word' id='word_1_661' title='bbox 2558 4408 2741 4466; x_wconf 85' lang='lat' dir='ltr'><strong>Paris.</strong></span> <span class='ocrx_word' id='word_1_662' title='bbox 2768 4408 2815 4447; x_wconf 75' lang='grc' dir='ltr'><strong>ιθ</strong></span> <span class='ocrx_word' id='word_1_663' title='bbox 2833 4407 2969 4465; x_wconf 92' lang='lat' dir='ltr'><strong>Diei.</strong></span> <span class='ocrx_word' id='word_1_664' title='bbox 3006 4408 3053 4447; x_wconf 73' lang='grc' dir='ltr'><strong>ιθ</strong></span> <span class='ocrx_word' id='word_1_665' title='bbox 3081 4409 3151 4464; x_wconf 92' lang='lat' dir='ltr'><strong>Et</strong></span> <span class='ocrx_word' id='word_1_666' title='bbox 3171 4409 3348 4465; x_wconf 85' lang='lat' dir='ltr'><strong>inser.</strong></span> <span class='ocrx_word' id='word_1_667' title='bbox 3370 4405 3543 4463; x_wconf 85' lang='lat' dir='ltr'><strong>Seml.</strong></span> 
     </span>
    </p>
   </div>
   <div class='ocr_carea' id='block_1_90' title="bbox 280 4482 810 4548">
    <p class='ocr_par' dir='ltr' id='par_1_90' title="bbox 280 4482 810 4548">
     <span class='ocr_line' id='line_1_90' title="bbox 280 4482 810 4548; baseline 0.004 -7"><span class='ocrx_word' id='word_1_668' title='bbox 280 4482 326 4523; x_wconf 79' lang='grc' dir='ltr'>³ο</span> <span class='ocrx_word' id='word_1_669' title='bbox 344 4486 595 4545; x_wconf 81' lang='lat' dir='ltr'><strong>Errabant</strong></span> <span class='ocrx_word' id='word_1_670' title='bbox 634 4489 810 4548; x_wconf 78' lang='lat' dir='ltr'><strong>Seml.</strong></span> 
     </span>
    </p>
   </div>
   <div class='ocr_carea' id='block_1_91' title="bbox 1655 4558 2157 4624">
    <p class='ocr_par' dir='ltr' id='par_1_91' title="bbox 1655 4558 2157 4624">
     <span class='ocr_line' id='line_1_91' title="bbox 1655 4558 2157 4624; baseline -0.006 -1"><span class='ocrx_word' id='word_1_671' title='bbox 1655 4558 2157 4624; x_wconf 89' lang='lat' dir='ltr'><strong>Commentarius.</strong></span> 
     </span>
    </p>
   </div>
   <div class='ocr_carea' id='block_1_92' title="bbox 275 4742 387 4800">
    <p class='ocr_par' dir='ltr' id='par_1_92' title="bbox 275 4742 387 4800">
     <span class='ocr_line' id='line_1_92' title="bbox 275 4742 387 4800; baseline 0.018 -2"><span class='ocrx_word' id='word_1_672' title='bbox 275 4742 387 4800; x_wconf 75' lang='lat' dir='ltr'><strong>Rm.</strong></span> 
     </span>
    </p>
   </div>
   <div class='ocr_carea' id='block_1_93' title="bbox 338 4815 1846 4888">
    <p class='ocr_par' dir='ltr' id='par_1_93' title="bbox 338 4815 1846 4888">
     <span class='ocr_line' id='line_1_93' title="bbox 338 4815 1846 4888; baseline -0.001 -16"><span class='ocrx_word' id='word_1_673' title='bbox 338 4817 441 4888; x_wconf 88' lang='lat'>(36)</span> <span class='ocrx_word' id='word_1_674' title='bbox 467 4818 783 4888; x_wconf 79' lang='lat' dir='ltr'><strong>Discipulos</strong></span> <span class='ocrx_word' id='word_1_675' title='bbox 797 4833 916 4876; x_wconf 84' lang='lat' dir='ltr'><strong>non</strong></span> <span class='ocrx_word' id='word_1_676' title='bbox 936 4821 1265 4874; x_wconf 83' lang='lat' dir='ltr'><strong>constanter</strong></span> <span class='ocrx_word' id='word_1_677' title='bbox 1286 4817 1572 4875; x_wconf 78' lang='lat' dir='ltr'><strong>tuebatur.</strong></span> <span class='ocrx_word' id='word_1_678' title='bbox 1592 4816 1713 4873; x_wconf 90' lang='lat' dir='ltr'><strong>Non</strong></span> <span class='ocrx_word' id='word_1_679' title='bbox 1734 4815 1846 4871; x_wconf 91' lang='lat' dir='ltr'><strong>for-</strong></span> 
     </span>
    </p>
   </div>
   <div class='ocr_carea' id='block_1_94' title="bbox 270 4886 1840 4960">
    <p class='ocr_par' dir='ltr' id='par_1_94' title="bbox 270 4886 1840 4960">
     <span class='ocr_line' id='line_1_94' title="bbox 270 4886 1840 4960; baseline 0.003 -21"><span class='ocrx_word' id='word_1_680' title='bbox 270 4886 400 4960; x_wconf 82' lang='lat' dir='ltr'><strong>titer,</strong></span> <span class='ocrx_word' id='word_1_681' title='bbox 422 4886 881 4960; x_wconf 82' lang='lat' dir='ltr'><strong>quemadmodum</strong></span> <span class='ocrx_word' id='word_1_682' title='bbox 932 4888 1131 4944; x_wconf 86' lang='lat' dir='ltr'><strong>Fabius</strong></span> <span class='ocrx_word' id='word_1_683' title='bbox 1156 4889 1379 4958; x_wconf 88' lang='lat' dir='ltr'><strong>Quintil.</strong></span> <span class='ocrx_word' id='word_1_684' title='bbox 1431 4892 1619 4946; x_wconf 86' lang='lat' dir='ltr'><strong>Instit.</strong></span> <span class='ocrx_word' id='word_1_685' title='bbox 1644 4888 1750 4960; x_wconf 82' lang='lat' dir='ltr'><strong>lib.</strong></span> <span class='ocrx_word' id='word_1_686' title='bbox 1781 4904 1840 4958; x_wconf 91' lang='lat' dir='ltr'><strong>v,</strong></span> 
     </span>
    </p>
   </div>
   <div class='ocr_carea' id='block_1_95' title="bbox 265 4957 1847 5041">
    <p class='ocr_par' dir='ltr' id='par_1_95' title="bbox 265 4957 1847 5041">
     <span class='ocr_line' id='line_1_95' title="bbox 265 4957 1847 5041; baseline 0.001 -29"><span class='ocrx_word' id='word_1_687' title='bbox 265 4957 391 5041; x_wconf 75' lang='lat' dir='ltr'><strong>dixit</strong></span> <span class='ocrx_word' id='word_1_688' title='bbox 420 4957 491 5013; x_wconf 69' lang='grc' dir='ltr'><strong>ε’·</strong></span> <span class='ocrx_word' id='word_1_689' title='bbox 528 4961 651 5015; x_wconf 85' lang='lat' dir='ltr'><strong>Jam</strong></span> <span class='ocrx_word' id='word_1_690' title='bbox 679 4959 967 5041; x_wconf 44' lang='lat' dir='ltr'><strong>n_e_bal.are_</strong></span> <span class='ocrx_word' id='word_1_691' title='bbox 990 4957 1233 5041; x_wconf 87' lang='lat' dir='ltr'><strong>quidem,</strong></span> <span class='ocrx_word' id='word_1_692' title='bbox 1264 4968 1359 5041; x_wconf 78' lang='lat' dir='ltr'><strong>aut</strong></span> <span class='ocrx_word' id='word_1_693' title='bbox 1388 4960 1598 5041; x_wconf 80' lang='lat' dir='ltr'><strong>hinnire</strong></span> <span class='ocrx_word' id='word_1_694' title='bbox 1634 4959 1847 5015; x_wconf 89' lang='lat' dir='ltr'><strong>fortiter</strong></span> 
     </span>
    </p>
   </div>
   <div class='ocr_carea' id='block_1_96' title="bbox 260 5030 1842 5155">
    <p class='ocr_par' dir='ltr' id='par_1_96' title="bbox 260 5030 1842 5155">
     <span class='ocr_line' id='line_1_96' title="bbox 260 5030 1842 5155; baseline -0.001 -73"><span class='ocrx_word' id='word_1_695' title='bbox 260 5030 591 5155; x_wconf 59' lang='lat' dir='ltr'><strong>giceremus,</strong></span> <span class='ocrx_word' id='word_1_696' title='bbox 670 5030 773 5086; x_wconf 92' lang='lat' dir='ltr'><strong>nisi</strong></span> <span class='ocrx_word' id='word_1_697' title='bbox 851 5030 1058 5101; x_wconf 90' lang='lat' dir='ltr'><strong>judicio</strong></span> <span class='ocrx_word' id='word_1_698' title='bbox 1112 5033 1394 5088; x_wconf 86' lang='lat' dir='ltr'><strong>vetustatis</strong></span> <span class='ocrx_word' id='word_1_699' title='bbox 1436 5031 1749 5086; x_wconf 85' lang='lat' dir='ltr'><strong>niteremur.</strong></span> <span class='ocrx_word' id='word_1_700' title='bbox 1819 5051 1842 5081; x_wconf 71' lang='grc' dir='ltr'><strong><em>ι</em></strong></span> 
     </span>
     <span class='ocr_line' id='line_1_97' title="bbox 308 5114 811 5155; baseline 0.002 0"><span class='ocrx_word' id='word_1_701' title='bbox 308 5116 381 5155; x_wconf 77' lang='lat' dir='ltr'><strong>te.</strong></span> <span class='ocrx_word' id='word_1_702' title='bbox 804 5114 811 5119; x_wconf 85' lang='lat'><strong><em>&#39;</em></strong></span> 
     </span>
    </p>
   </div>
   <div class='ocr_carea' id='block_1_97' title="bbox 308 5114 811 5157">
    <p class='ocr_par' dir='ltr' id='par_1_97' title="bbox 308 5114 811 5157">
     <span class='ocr_line' id='line_1_98' title="bbox 308 5114 811 5157; baseline -0.002 0"><span class='ocrx_word' id='word_1_703' title='bbox 308 5116 381 5157; x_wconf 78' lang='lat' dir='ltr'><strong>IG.</strong></span> <span class='ocrx_word' id='word_1_704' title='bbox 804 5114 811 5119; x_wconf 83' lang='grc'><strong>’</strong></span> 
     </span>
    </p>
   </div>
   <div class='ocr_carea' id='block_1_98' title="bbox 321 5173 1849 5253">
    <p class='ocr_par' dir='ltr' id='par_1_98' title="bbox 321 5173 1849 5253">
     <span class='ocr_line' id='line_1_99' title="bbox 321 5173 1849 5253; baseline 0.001 -25"><span class='ocrx_word' id='word_1_705' title='bbox 321 5174 439 5253; x_wconf 74' lang='lat'>(37)</span> <span class='ocrx_word' id='word_1_706' title='bbox 467 5176 788 5253; x_wconf 45' lang='lat' dir='ltr'><strong>[lagonam</strong></span> <span class='ocrx_word' id='word_1_707' title='bbox 804 5173 1035 5253; x_wconf 79' lang='lat' dir='ltr'><strong>opponit</strong></span> <span class='ocrx_word' id='word_1_708' title='bbox 1055 5174 1465 5253; x_wconf 71' lang='lat' dir='ltr'><strong>necessitatem,</strong></span> <span class='ocrx_word' id='word_1_709' title='bbox 1483 5174 1849 5253; x_wconf 60' lang='lat' dir='ltr'><strong>quasidepre-</strong></span> 
     </span>
    </p>
   </div>
   <div class='ocr_carea' id='block_1_99' title="bbox 255 5244 1847 5317">
    <p class='ocr_par' dir='ltr' id='par_1_99' title="bbox 255 5244 1847 5317">
     <span class='ocr_line' id='line_1_100' title="bbox 255 5244 1847 5317; baseline 0 -20"><span class='ocrx_word' id='word_1_710' title='bbox 255 5244 545 5317; x_wconf 59' lang='lat' dir='ltr'><strong>catt-iectu.</strong></span> <span class='ocrx_word' id='word_1_711' title='bbox 580 5244 884 5317; x_wconf 78' lang='lat' dir='ltr'><strong>Excusatio</strong></span> <span class='ocrx_word' id='word_1_712' title='bbox 911 5260 1072 5315; x_wconf 89' lang='lat' dir='ltr'><strong>quam</strong></span> <span class='ocrx_word' id='word_1_713' title='bbox 1102 5246 1320 5317; x_wconf 88' lang='lat' dir='ltr'><strong>populis</strong></span> <span class='ocrx_word' id='word_1_714' title='bbox 1337 5244 1569 5300; x_wconf 76' lang='lat' dir='ltr'><strong>ostendit</strong></span> <span class='ocrx_word' id='word_1_715' title='bbox 1602 5244 1847 5317; x_wconf 82' lang='lat' dir='ltr'><strong>Christus</strong></span> 
     </span>
    </p>
   </div>
   <div class='ocr_carea' id='block_1_100' title="bbox 255 5314 1846 5386">
    <p class='ocr_par' dir='ltr' id='par_1_100' title="bbox 255 5314 1846 5386">
     <span class='ocr_line' id='line_1_101' title="bbox 255 5314 1846 5386; baseline -0.002 -16"><span class='ocrx_word' id='word_1_716' title='bbox 255 5314 541 5372; x_wconf 85' lang='lat' dir='ltr'><strong>Sabbatum</strong></span> <span class='ocrx_word' id='word_1_717' title='bbox 610 5331 718 5370; x_wconf 89' lang='lat' dir='ltr'><strong>non</strong></span> <span class='ocrx_word' id='word_1_718' title='bbox 775 5314 1130 5385; x_wconf 60' lang='lat' dir='ltr'><strong>destruebat;</strong></span> <span class='ocrx_word' id='word_1_719' title='bbox 1180 5314 1516 5386; x_wconf 64' lang='lat' dir='ltr'><strong>praesentior</strong></span> <span class='ocrx_word' id='word_1_720' title='bbox 1572 5324 1689 5369; x_wconf 80' lang='lat' dir='ltr'><strong>erat</strong></span> <span class='ocrx_word' id='word_1_721' title='bbox 1740 5315 1846 5386; x_wconf 89' lang='lat' dir='ltr'><strong>cibi</strong></span> 
     </span>
    </p>
   </div>
   <div class='ocr_carea' id='block_1_101' title="bbox 252 5385 1845 5460">
    <p class='ocr_par' dir='ltr' id='par_1_101' title="bbox 252 5385 1845 5460">
     <span class='ocr_line' id='line_1_102' title="bbox 252 5385 1845 5460; baseline -0.003 -18"><span class='ocrx_word' id='word_1_722' title='bbox 252 5390 546 5460; x_wconf 68' lang='lat' dir='ltr'><strong>necessitas</strong></span> <span class='ocrx_word' id='word_1_723' title='bbox 568 5427 581 5451; x_wconf 92' lang='lat'><strong>,</strong></span> <span class='ocrx_word' id='word_1_724' title='bbox 612 5403 775 5460; x_wconf 83' lang='lat' dir='ltr'><strong>quam</strong></span> <span class='ocrx_word' id='word_1_725' title='bbox 820 5396 880 5460; x_wconf 83' lang='lat' dir='ltr'><strong>ut</strong></span> <span class='ocrx_word' id='word_1_726' title='bbox 908 5385 1213 5460; x_wconf 81' lang='lat' dir='ltr'><strong>colligendi</strong></span> <span class='ocrx_word' id='word_1_727' title='bbox 1233 5397 1451 5460; x_wconf 16' lang='lat' dir='ltr'><strong>tempus»</strong></span> <span class='ocrx_word' id='word_1_728' title='bbox 1482 5388 1533 5460; x_wconf 86' lang='lat' dir='ltr'><strong>in</strong></span> <span class='ocrx_word' id='word_1_729' title='bbox 1564 5385 1845 5460; x_wconf 81' lang='lat' dir='ltr'><strong>aliuddif-</strong></span> 
     </span>
    </p>
   </div>
   <div class='ocr_carea' id='block_1_102' title="bbox 248 5456 1847 5584">
    <p class='ocr_par' dir='ltr' id='par_1_102' title="bbox 248 5456 1847 5584">
     <span class='ocr_line' id='line_1_103' title="bbox 248 5456 1847 5584; baseline -0.001 -72"><span class='ocrx_word' id='word_1_730' title='bbox 248 5456 527 5584; x_wconf 46' lang='lat' dir='ltr'><strong>ferrqtulr‘;</strong></span> <span class='ocrx_word' id='word_1_731' title='bbox 550 5456 796 5584; x_wconf 44' lang='lat' dir='ltr'><strong>germisit</strong></span> <span class='ocrx_word' id='word_1_732' title='bbox 814 5458 1020 5530; x_wconf 90' lang='lat' dir='ltr'><strong>itaque,</strong></span> <span class='ocrx_word' id='word_1_733' title='bbox 1040 5456 1145 5515; x_wconf 74' lang='lat' dir='ltr'><strong>nec</strong></span> <span class='ocrx_word' id='word_1_734' title='bbox 1161 5456 1659 5513; x_wconf 36' lang='lat' dir='ltr'><strong>tamen’Sabbatum</strong></span> <span class='ocrx_word' id='word_1_735' title='bbox 1681 5458 1847 5512; x_wconf 86' lang='lat' dir='ltr'><strong>abro-</strong></span> 
     </span>
     <span class='ocr_line' id='line_1_104' title="bbox 248 5544 661 5584; baseline 0 0"><span class='ocrx_word' id='word_1_736' title='bbox 248 5544 371 5584; x_wconf 76' lang='lat' dir='ltr'><strong>m</strong></span> <span class='ocrx_word' id='word_1_737' title='bbox 399 5571 415 5583; x_wconf 93' lang='lat'><strong>.</strong></span> <span class='ocrx_word' id='word_1_738' title='bbox 604 5544 661 5584; x_wconf 68' lang='grc' dir='ltr'><strong>ιι.</strong></span> 
     </span>
    </p>
   </div>
   <div class='ocr_carea' id='block_1_103' title="bbox 375 5532 661 5587">
    <p class='ocr_par' dir='ltr' id='par_1_103' title="bbox 375 5532 661 5587">
     <span class='ocr_line' id='line_1_105' title="bbox 375 5532 661 5587; baseline -0.003 -2"><span class='ocrx_word' id='word_1_739' title='bbox 375 5540 415 5585; x_wconf 90' lang='lat' dir='ltr'><strong>t.</strong></span> <span class='ocrx_word' id='word_1_740' title='bbox 448 5532 527 5587; x_wconf 71' lang='lat' dir='ltr'><strong>La</strong></span> <span class='ocrx_word' id='word_1_741' title='bbox 560 5532 661 5584; x_wconf 79' lang='lat' dir='ltr'><strong>Pn.</strong></span> 
     </span>
    </p>
   </div>
   <div class='ocr_carea' id='block_1_104' title="bbox 245 5544 1849 5675">
    <p class='ocr_par' dir='ltr' id='par_1_104' title="bbox 245 5544 1849 5675">
     <span class='ocr_line' id='line_1_106' title="bbox 245 5544 1849 5675; baseline -0.001 -19"><span class='ocrx_word' id='word_1_742' title='bbox 245 5544 439 5671; x_wconf 49' lang='grc' dir='ltr'><strong>βῖἆὲ)</strong></span> <span class='ocrx_word' id='word_1_743' title='bbox 448 5544 816 5675; x_wconf 84' lang='lat' dir='ltr'><strong>opus</strong></span> <span class='ocrx_word' id='word_1_744' title='bbox 846 5604 1008 5658; x_wconf 84' lang='lat' dir='ltr'><strong>tuum</strong></span> <span class='ocrx_word' id='word_1_745' title='bbox 1028 5616 1145 5657; x_wconf 82' lang='lat' dir='ltr'><strong>non</strong></span> <span class='ocrx_word' id='word_1_746' title='bbox 1171 5600 1349 5672; x_wconf 85' lang='lat' dir='ltr'><strong>facies</strong></span> <span class='ocrx_word' id='word_1_747' title='bbox 1369 5599 1433 5655; x_wconf 85' lang='lat' dir='ltr'><strong>in</strong></span> <span class='ocrx_word' id='word_1_748' title='bbox 1448 5611 1533 5657; x_wconf 88' lang='lat' dir='ltr'><strong>ea.</strong></span> <span class='ocrx_word' id='word_1_749' title='bbox 1566 5598 1703 5654; x_wconf 89' lang='lat' dir='ltr'><strong>Cum</strong></span> <span class='ocrx_word' id='word_1_750' title='bbox 1722 5613 1849 5654; x_wconf 86' lang='lat' dir='ltr'><strong>nus-</strong></span> 
     </span>
    </p>
   </div>
   <div class='ocr_carea' id='block_1_105' title="bbox 338 4666 1832 4771">
    <p class='ocr_par' dir='ltr' id='par_1_105' title="bbox 338 4673 1832 4771">
     <span class='ocr_line' id='line_1_107' title="bbox 338 4673 1832 4771; baseline -0.001 -42"><span class='ocrx_word' id='word_1_751' title='bbox 338 4673 438 4771; x_wconf 59' lang='lat'>£35)</span> <span class='ocrx_word' id='word_1_752' title='bbox 466 4677 680 4750; x_wconf 80' lang='lat' dir='ltr'><strong>Scripti</strong></span> <span class='ocrx_word' id='word_1_753' title='bbox 698 4679 756 4733; x_wconf 86' lang='lat' dir='ltr'><strong>et</strong></span> <span class='ocrx_word' id='word_1_754' title='bbox 791 4676 1123 4734; x_wconf 74' lang='lat' dir='ltr'><strong>voluntatis.</strong></span> <span class='ocrx_word' id='word_1_755' title='bbox 1156 4675 1471 4749; x_wconf 82' lang='grc' dir='ltr'><strong>Γραμμάτων</strong></span> <span class='ocrx_word' id='word_1_756' title='bbox 1500 4675 1582 4729; x_wconf 77' lang='grc' dir='ltr'><strong>καὶ</strong></span> <span class='ocrx_word' id='word_1_757' title='bbox 1609 4675 1832 4735; x_wconf 77' lang='grc' dir='ltr'><strong>διανοίας.</strong></span> 
     </span>
    </p>
   </div>
   <div class='ocr_carea' id='block_1_106' title="bbox 1944 4666 2614 4771">
    <p class='ocr_par' dir='ltr' id='par_1_106' title="bbox 1954 4666 2614 4771">
     <span class='ocr_line' id='line_1_108' title="bbox 1954 4666 2614 4771; baseline -0.003 2"><span class='ocrx_word' id='word_1_758' title='bbox 1954 4688 2121 4744; x_wconf 63' lang='lat' dir='ltr'><strong>quam</strong></span> <span class='ocrx_word' id='word_1_759' title='bbox 2171 4666 2614 4771; x_wconf 57' lang='grc' dir='ltr'><strong>ἐξεοίὲηξεςετίῑε</strong></span> 
     </span>
    </p>
   </div>
   <div class='ocr_carea' id='block_1_107' title="bbox 2664 4658 3547 4737">
    <p class='ocr_par' dir='ltr' id='par_1_107' title="bbox 2664 4658 3547 4737">
     <span class='ocr_line' id='line_1_109' title="bbox 2664 4658 3547 4737; baseline -0.009 -17"><span class='ocrx_word' id='word_1_760' title='bbox 2664 4661 3001 4737; x_wconf 77' lang='lat' dir='ltr'><strong>potuerimus</strong></span> <span class='ocrx_word' id='word_1_761' title='bbox 3045 4660 3102 4737; x_wconf 81' lang='lat' dir='ltr'><strong>in</strong></span> <span class='ocrx_word' id='word_1_762' title='bbox 3142 4660 3275 4737; x_wconf 79' lang='lat' dir='ltr'><strong>lege</strong></span> <span class='ocrx_word' id='word_1_763' title='bbox 3328 4658 3547 4737; x_wconf 76' lang='lat' dir='ltr'><strong>Moysis,</strong></span> 
     </span>
    </p>
   </div>
   <div class='ocr_carea' id='block_1_108' title="bbox 1998 4728 3549 4812">
    <p class='ocr_par' dir='ltr' id='par_1_108' title="bbox 1998 4728 3549 4812">
     <span class='ocr_line' id='line_1_110' title="bbox 1998 4728 3549 4812; baseline -0.009 -17"><span class='ocrx_word' id='word_1_764' title='bbox 1998 4760 2117 4798; x_wconf 79' lang='lat' dir='ltr'><strong>nam</strong></span> <span class='ocrx_word' id='word_1_765' title='bbox 2171 4743 2258 4797; x_wconf 89' lang='lat' dir='ltr'><strong>hic</strong></span> <span class='ocrx_word' id='word_1_766' title='bbox 2294 4728 2491 4812; x_wconf 71' lang='lat' dir='ltr'><strong>allegat</strong></span> <span class='ocrx_word' id='word_1_767' title='bbox 2515 4784 2529 4809; x_wconf 89' lang='lat'><strong>,</strong></span> <span class='ocrx_word' id='word_1_768' title='bbox 2561 4728 2803 4812; x_wconf 73' lang='lat' dir='ltr'><strong>suspicor</strong></span> <span class='ocrx_word' id='word_1_769' title='bbox 2858 4732 2987 4812; x_wconf 80' lang='lat' dir='ltr'><strong>olim</strong></span> <span class='ocrx_word' id='word_1_770' title='bbox 3043 4732 3103 4812; x_wconf 33' lang='lat' dir='ltr'><strong>id.</strong></span> <span class='ocrx_word' id='word_1_771' title='bbox 3142 4728 3341 4812; x_wconf 75' lang='lat' dir='ltr'><strong>lectum</strong></span> <span class='ocrx_word' id='word_1_772' title='bbox 3381 4728 3549 4812; x_wconf 78' lang='lat' dir='ltr'><strong>fuisse</strong></span> 
     </span>
    </p>
   </div>
   <div class='ocr_carea' id='block_1_109' title="bbox 2001 4804 3550 4885">
    <p class='ocr_par' dir='ltr' id='par_1_109' title="bbox 2001 4804 3550 4885">
     <span class='ocr_line' id='line_1_111' title="bbox 2001 4804 3550 4885; baseline -0.01 -15"><span class='ocrx_word' id='word_1_773' title='bbox 2001 4814 2125 4870; x_wconf 85' lang='lat' dir='ltr'><strong>xodi</strong></span> <span class='ocrx_word' id='word_1_774' title='bbox 2153 4828 2318 4880; x_wconf 80' lang='lat' dir='ltr'><strong>xxxi,</strong></span> <span class='ocrx_word' id='word_1_775' title='bbox 2353 4804 2446 4885; x_wconf 66' lang='lat' dir='ltr'><strong>ubi</strong></span> <span class='ocrx_word' id='word_1_776' title='bbox 2474 4804 2632 4885; x_wconf 82' lang='lat' dir='ltr'><strong>hodie</strong></span> <span class='ocrx_word' id='word_1_777' title='bbox 2655 4804 2853 4885; x_wconf 79' lang='lat' dir='ltr'><strong>legitur</strong></span> <span class='ocrx_word' id='word_1_778' title='bbox 2886 4805 3247 4885; x_wconf 30' lang='lat' dir='ltr'><strong>:_0mnis‘qui</strong></span> <span class='ocrx_word' id='word_1_779' title='bbox 3284 4804 3464 4885; x_wconf 72' lang='lat' dir='ltr'><strong>faciet</strong></span> <span class='ocrx_word' id='word_1_780' title='bbox 3486 4804 3550 4885; x_wconf 68' lang='lat' dir='ltr'><strong>in</strong></span> 
     </span>
    </p>
   </div>
   <div class='ocr_carea' id='block_1_110' title="bbox 1958 4875 3546 4958">
    <p class='ocr_par' dir='ltr' id='par_1_110' title="bbox 1958 4875 3546 4958">
     <span class='ocr_line' id='line_1_112' title="bbox 1958 4875 3546 4958; baseline -0.01 -14"><span class='ocrx_word' id='word_1_781' title='bbox 1958 4904 2018 4944; x_wconf 93' lang='lat' dir='ltr'><strong>eo</strong></span> <span class='ocrx_word' id='word_1_782' title='bbox 2047 4902 2207 4958; x_wconf 76' lang='lat' dir='ltr'><strong>opus.</strong></span> <span class='ocrx_word' id='word_1_783' title='bbox 2241 4875 2443 4958; x_wconf 70' lang='lat' dir='ltr'><strong>peribit</strong></span> <span class='ocrx_word' id='word_1_784' title='bbox 2492 4875 2839 4958; x_wconf 34' lang='lat' dir='ltr'><strong>animajilja</strong></span> <span class='ocrx_word' id='word_1_785' title='bbox 2886 4878 2952 4934; x_wconf 88' lang='lat' dir='ltr'><strong>de</strong></span> <span class='ocrx_word' id='word_1_786' title='bbox 2999 4875 3182 4958; x_wconf 71' lang='lat' dir='ltr'><strong>inedia</strong></span> <span class='ocrx_word' id='word_1_787' title='bbox 3207 4875 3420 4958; x_wconf 28' lang='lat' dir='ltr'><strong>populi.</strong></span> <span class='ocrx_word' id='word_1_788' title='bbox 3435 4875 3546 4944; x_wconf 87' lang='lat' dir='ltr'><strong>sui,</strong></span> 
     </span>
    </p>
   </div>
   <div class='ocr_carea' id='block_1_111' title="bbox 1956 4947 3537 5027">
    <p class='ocr_par' dir='ltr' id='par_1_111' title="bbox 1956 4947 3537 5027">
     <span class='ocr_line' id='line_1_113' title="bbox 1956 4947 3537 5027; baseline -0.006 -15"><span class='ocrx_word' id='word_1_789' title='bbox 1956 4968 2047 5012; x_wconf 87' lang='lat' dir='ltr'><strong>aut</strong></span> <span class='ocrx_word' id='word_1_790' title='bbox 2075 4947 2253 5027; x_wconf 75' lang='lat' dir='ltr'><strong>potius</strong></span> <span class='ocrx_word' id='word_1_791' title='bbox 2284 4955 2409 5009; x_wconf 87' lang='lat' dir='ltr'><strong>ch.</strong></span> <span class='ocrx_word' id='word_1_792' title='bbox 2442 4968 2610 5027; x_wconf 76' lang='lat' dir='ltr'><strong>xxnr,</strong></span> <span class='ocrx_word' id='word_1_793' title='bbox 2646 4950 2749 5027; x_wconf 79' lang='lat' dir='ltr'><strong>ubi</strong></span> <span class='ocrx_word' id='word_1_794' title='bbox 2766 4947 3215 5027; x_wconf 70' lang='lat' dir='ltr'><strong>frequentissime</strong></span> <span class='ocrx_word' id='word_1_795' title='bbox 3233 4947 3537 5027; x_wconf 74' lang='lat' dir='ltr'><strong>reperitur:</strong></span> 
     </span>
    </p>
   </div>
   <div class='ocr_carea' id='block_1_112' title="bbox 1963 5017 3549 5101">
    <p class='ocr_par' dir='ltr' id='par_1_112' title="bbox 1963 5017 3549 5101">
     <span class='ocr_line' id='line_1_114' title="bbox 1963 5017 3549 5101; baseline -0.011 -14"><span class='ocrx_word' id='word_1_796' title='bbox 1963 5017 2110 5101; x_wconf 68' lang='lat' dir='ltr'><strong>Opus</strong></span> <span class='ocrx_word' id='word_1_797' title='bbox 2127 5028 2327 5083; x_wconf 80' lang='lat' dir='ltr'><strong>servile</strong></span> <span class='ocrx_word' id='word_1_798' title='bbox 2354 5024 2706 5101; x_wconf 73' lang='lat' dir='ltr'><strong>nonfacietis</strong></span> <span class='ocrx_word' id='word_1_799' title='bbox 2730 5017 2910 5101; x_wconf 68' lang='lat' dir='ltr'><strong>ineo;</strong></span> <span class='ocrx_word' id='word_1_800' title='bbox 2933 5028 3003 5101; x_wconf 74' lang='lat' dir='ltr'><strong>et,</strong></span> <span class='ocrx_word' id='word_1_801' title='bbox 3041 5019 3233 5101; x_wconf 64' lang='lat' dir='ltr'><strong>omnis</strong></span> <span class='ocrx_word' id='word_1_802' title='bbox 3255 5020 3355 5092; x_wconf 86' lang='lat' dir='ltr'><strong>qui</strong></span> <span class='ocrx_word' id='word_1_803' title='bbox 3372 5017 3549 5101; x_wconf 62' lang='grc' dir='ltr'><strong>[ςισὶᾳὲ</strong></span> 
     </span>
    </p>
   </div>
   <div class='ocr_carea' id='block_1_113' title="bbox 1957 5089 3544 5172">
    <p class='ocr_par' dir='ltr' id='par_1_113' title="bbox 1957 5089 3544 5172">
     <span class='ocr_line' id='line_1_115' title="bbox 1957 5089 3544 5172; baseline -0.009 -16"><span class='ocrx_word' id='word_1_804' title='bbox 1957 5089 2021 5156; x_wconf 72' lang='lat' dir='ltr'><strong>in</strong></span> <span class='ocrx_word' id='word_1_805' title='bbox 2050 5116 2109 5172; x_wconf 88' lang='lat' dir='ltr'><strong>eo</strong></span> <span class='ocrx_word' id='word_1_806' title='bbox 2137 5114 2295 5170; x_wconf 79' lang='lat' dir='ltr'><strong>Opus,</strong></span> <span class='ocrx_word' id='word_1_807' title='bbox 2326 5089 2531 5172; x_wconf 79' lang='lat' dir='ltr'><strong>peribit</strong></span> <span class='ocrx_word' id='word_1_808' title='bbox 2562 5097 2759 5172; x_wconf 78' lang='lat' dir='ltr'><strong>anima</strong></span> <span class='ocrx_word' id='word_1_809' title='bbox 2787 5093 2891 5172; x_wconf 68' lang='lat' dir='ltr'><strong>illa</strong></span> <span class='ocrx_word' id='word_1_810' title='bbox 2923 5089 2989 5146; x_wconf 88' lang='lat' dir='ltr'><strong>de</strong></span> <span class='ocrx_word' id='word_1_811' title='bbox 3012 5089 3544 5172; x_wconf 9' lang='lat' dir='ltr'><strong>inediorpopulisui,</strong></span> 
     </span>
    </p>
   </div>
   <div class='ocr_carea' id='block_1_114' title="bbox 1958 5163 3546 5230">
    <p class='ocr_par' dir='ltr' id='par_1_114' title="bbox 1958 5163 3546 5230">
     <span class='ocr_line' id='line_1_116' title="bbox 1958 5163 3546 5230; baseline -0.007 -6"><span class='ocrx_word' id='word_1_812' title='bbox 1958 5163 2191 5224; x_wconf 77' lang='lat' dir='ltr'><strong>maxime</strong></span> <span class='ocrx_word' id='word_1_813' title='bbox 2218 5163 2340 5224; x_wconf 81' lang='lat' dir='ltr'><strong>cuni</strong></span> <span class='ocrx_word' id='word_1_814' title='bbox 2371 5166 2623 5221; x_wconf 89' lang='lat' dir='ltr'><strong>eumdem</strong></span> <span class='ocrx_word' id='word_1_815' title='bbox 2651 5167 2794 5219; x_wconf 86' lang='lat' dir='ltr'><strong>hunc</strong></span> <span class='ocrx_word' id='word_1_816' title='bbox 2817 5164 2988 5218; x_wconf 90' lang='lat' dir='ltr'><strong>locum</strong></span> <span class='ocrx_word' id='word_1_817' title='bbox 3018 5163 3142 5218; x_wconf 82' lang='lat' dir='ltr'><strong>citet</strong></span> <span class='ocrx_word' id='word_1_818' title='bbox 3162 5163 3326 5217; x_wconf 81' lang='lat' dir='ltr'><strong>etiam</strong></span> <span class='ocrx_word' id='word_1_819' title='bbox 3357 5174 3546 5230; x_wconf 86' lang='lat' dir='ltr'><strong>supra,</strong></span> 
     </span>
    </p>
   </div>
   <div class='ocr_carea' id='block_1_115' title="bbox 1957 5234 3546 5307">
    <p class='ocr_par' dir='ltr' id='par_1_115' title="bbox 1957 5234 3546 5307">
     <span class='ocr_line' id='line_1_117' title="bbox 1957 5234 3546 5307; baseline -0.008 -11"><span class='ocrx_word' id='word_1_820' title='bbox 1957 5242 2055 5296; x_wconf 88' lang='lat' dir='ltr'><strong>lib.</strong></span> <span class='ocrx_word' id='word_1_821' title='bbox 2089 5242 2214 5297; x_wconf 85' lang='lat' dir='ltr'><strong>adv.</strong></span> <span class='ocrx_word' id='word_1_822' title='bbox 2244 5238 2481 5302; x_wconf 76' lang='lat' dir='ltr'><strong>Iudaeos,</strong></span> <span class='ocrx_word' id='word_1_823' title='bbox 2506 5252 2629 5307; x_wconf 86' lang='lat' dir='ltr'><strong>cap.</strong></span> <span class='ocrx_word' id='word_1_824' title='bbox 2661 5237 2711 5291; x_wconf 76' lang='grc'>4.</span> <span class='ocrx_word' id='word_1_825' title='bbox 2736 5234 2876 5290; x_wconf 68' lang='lat' dir='ltr'><strong>Pam.</strong></span> <span class='ocrx_word' id='word_1_826' title='bbox 2907 5264 2981 5274; x_wconf 95' lang='lat'><strong>—</strong></span> <span class='ocrx_word' id='word_1_827' title='bbox 3008 5235 3208 5307; x_wconf 51' lang='lat' dir='ltr'><strong>Fogsan</strong></span> <span class='ocrx_word' id='word_1_828' title='bbox 3250 5238 3415 5307; x_wconf 80' lang='lat' dir='ltr'><strong>tuum</strong></span> <span class='ocrx_word' id='word_1_829' title='bbox 3449 5247 3546 5307; x_wconf 73' lang='lat' dir='ltr'><strong>pro</strong></span> 
     </span>
    </p>
   </div>
   <div class='ocr_carea' id='block_1_116' title="bbox 1961 5299 3547 5382">
    <p class='ocr_par' dir='ltr' id='par_1_116' title="bbox 1961 5299 3547 5382">
     <span class='ocr_line' id='line_1_118' title="bbox 1961 5299 3547 5382; baseline -0.011 -12"><span class='ocrx_word' id='word_1_830' title='bbox 1961 5319 2048 5382; x_wconf 87' lang='lat' dir='ltr'><strong>tu,</strong></span> <span class='ocrx_word' id='word_1_831' title='bbox 2080 5323 2133 5367; x_wconf 92' lang='lat' dir='ltr'><strong>et</strong></span> <span class='ocrx_word' id='word_1_832' title='bbox 2164 5313 2216 5365; x_wconf 92' lang='lat' dir='ltr'><strong>in</strong></span> <span class='ocrx_word' id='word_1_833' title='bbox 2245 5326 2423 5381; x_wconf 69' lang='lat' dir='ltr'><strong>graeco</strong></span> <span class='ocrx_word' id='word_1_834' title='bbox 2454 5299 2555 5382; x_wconf 58' lang='lat' dir='ltr'><strong>eos</strong></span> <span class='ocrx_word' id='word_1_835' title='bbox 2576 5299 2671 5382; x_wconf 76' lang='lat' dir='ltr'><strong>pro</strong></span> <span class='ocrx_word' id='word_1_836' title='bbox 2710 5307 2768 5360; x_wconf 85' lang='grc' dir='ltr'><strong>σύ</strong></span> <span class='ocrx_word' id='word_1_837' title='bbox 2789 5348 2806 5371; x_wconf 87' lang='grc'><strong><em>,</em></strong></span> <span class='ocrx_word' id='word_1_838' title='bbox 2843 5299 3547 5382; x_wconf 56' lang='lat' dir='ltr'><strong>legeratjertullianus&#39;ad</strong></span> 
     </span>
    </p>
   </div>
   <div class='ocr_carea' id='block_1_117' title="bbox 1960 5376 3547 5444">
    <p class='ocr_par' dir='ltr' id='par_1_117' title="bbox 1960 5376 3547 5444">
     <span class='ocr_line' id='line_1_119' title="bbox 1960 5376 3547 5444; baseline -0.008 -8"><span class='ocrx_word' id='word_1_839' title='bbox 1960 5401 2010 5438; x_wconf 93' lang='lat' dir='ltr'><strong>v.</strong></span> <span class='ocrx_word' id='word_1_840' title='bbox 2037 5376 2113 5440; x_wconf 79' lang='grc'><strong>’10</strong></span> <span class='ocrx_word' id='word_1_841' title='bbox 2140 5399 2188 5439; x_wconf 93' lang='lat' dir='ltr'><strong>c.</strong></span> <span class='ocrx_word' id='word_1_842' title='bbox 2219 5376 2304 5438; x_wconf 60' lang='lat' dir='ltr'><strong>x&#39;x</strong></span> <span class='ocrx_word' id='word_1_843' title='bbox 2340 5381 2513 5437; x_wconf 89' lang='lat' dir='ltr'><strong>Exod.</strong></span> <span class='ocrx_word' id='word_1_844' title='bbox 2544 5376 2597 5433; x_wconf 87' lang='lat' dir='ltr'><strong>in</strong></span> <span class='ocrx_word' id='word_1_845' title='bbox 2625 5380 2768 5433; x_wconf 88' lang='lat' dir='ltr'><strong>hunc</strong></span> <span class='ocrx_word' id='word_1_846' title='bbox 2794 5376 3162 5432; x_wconf 82' lang='lat' dir='ltr'><strong>modumzNon</strong></span> <span class='ocrx_word' id='word_1_847' title='bbox 3188 5377 3359 5444; x_wconf 79' lang='lat' dir='ltr'><strong>facies</strong></span> <span class='ocrx_word' id='word_1_848' title='bbox 3381 5385 3547 5444; x_wconf 78' lang='lat' dir='ltr'><strong>omne</strong></span> 
     </span>
    </p>
   </div>
   <div class='ocr_carea' id='block_1_118' title="bbox 1958 5440 3545 5529">
    <p class='ocr_par' dir='ltr' id='par_1_118' title="bbox 1958 5440 3545 5529">
     <span class='ocr_line' id='line_1_120' title="bbox 1958 5440 3545 5529; baseline -0.013 -16"><span class='ocrx_word' id='word_1_849' title='bbox 1958 5472 2096 5529; x_wconf 83' lang='lat' dir='ltr'><strong>opus</strong></span> <span class='ocrx_word' id='word_1_850' title='bbox 2126 5457 2186 5529; x_wconf 64' lang='lat' dir='ltr'><strong>in</strong></span> <span class='ocrx_word' id='word_1_851' title='bbox 2215 5470 2275 5511; x_wconf 91' lang='lat' dir='ltr'><strong>eo</strong></span> <span class='ocrx_word' id='word_1_852' title='bbox 2300 5450 2601 5529; x_wconf 54' lang='grc' dir='ltr'><strong>τῦφε-ἱᾨῦ</strong></span> <span class='ocrx_word' id='word_1_853' title='bbox 2622 5450 2847 5529; x_wconf 52' lang='lat' dir='ltr'><strong>fotum;</strong></span> <span class='ocrx_word' id='word_1_854' title='bbox 2895 5447 2941 5502; x_wconf 73' lang='grc' dir='ltr'>ἐν</span> <span class='ocrx_word' id='word_1_855' title='bbox 2970 5447 3091 5519; x_wconf 71' lang='grc' dir='ltr'><strong>αὐτῇ</strong></span> <span class='ocrx_word' id='word_1_856' title='bbox 3120 5440 3215 5499; x_wconf 63' lang='lat' dir='ltr'><strong>xciv</strong></span> <span class='ocrx_word' id='word_1_857' title='bbox 3259 5446 3395 5515; x_wconf 70' lang='grc' dir='ltr'><strong>ἐργον</strong></span> <span class='ocrx_word' id='word_1_858' title='bbox 3424 5440 3545 5493; x_wconf 83' lang='grc' dir='ltr'><strong>ΣΟΥ</strong></span> 
     </span>
    </p>
   </div>
   <div class='ocr_carea' id='block_1_119' title="bbox 1961 5522 3413 5597">
    <p class='ocr_par' dir='ltr' id='par_1_119' title="bbox 1961 5522 3413 5597">
     <span class='ocr_line' id='line_1_121' title="bbox 1961 5522 3413 5597; baseline -0.005 -15"><span class='ocrx_word' id='word_1_859' title='bbox 1961 5522 2082 5597; x_wconf 80' lang='lat' dir='ltr'><strong>(pro</strong></span> <span class='ocrx_word' id='word_1_860' title='bbox 2120 5526 2180 5580; x_wconf 70' lang='lat' dir='ltr'><strong>ob</strong></span> <span class='ocrx_word' id='word_1_861' title='bbox 2209 5525 2353 5597; x_wconf 84' lang='lat' dir='ltr'><strong>utin</strong></span> <span class='ocrx_word' id='word_1_862' title='bbox 2388 5522 2582 5597; x_wconf 67' lang='lat' dir='ltr'><strong>LXX).</strong></span> <span class='ocrx_word' id='word_1_863' title='bbox 2619 5522 2781 5597; x_wconf 83' lang='lat' dir='ltr'><strong>Eon._</strong></span> <span class='ocrx_word' id='word_1_864' title='bbox 2902 5592 2911 5597; x_wconf 88' lang='lat'>_</span> <span class='ocrx_word' id='word_1_865' title='bbox 3075 5586 3096 5597; x_wconf 83' lang='lat'>_</span> <span class='ocrx_word' id='word_1_866' title='bbox 3190 5585 3220 5597; x_wconf 27' lang='lat' dir='ltr'><strong>ﬂ</strong></span> <span class='ocrx_word' id='word_1_867' title='bbox 3401 5580 3413 5591; x_wconf 46' lang='grc' dir='ltr'><strong>ο</strong></span> 
     </span>
    </p>
   </div>
   <div class='ocr_carea' id='block_1_120' title="bbox 2029 5582 3545 5669">
    <p class='ocr_par' dir='ltr' id='par_1_120' title="bbox 2029 5582 3545 5669">
     <span class='ocr_line' id='line_1_122' title="bbox 2029 5582 3545 5669; baseline -0.009 -18"><span class='ocrx_word' id='word_1_868' title='bbox 2029 5598 2143 5669; x_wconf 88' lang='lat'>(39)</span> <span class='ocrx_word' id='word_1_869' title='bbox 2172 5596 2293 5653; x_wconf 79' lang='lat' dir='ltr'><strong>Nisi</strong></span> <span class='ocrx_word' id='word_1_870' title='bbox 2323 5595 2469 5668; x_wconf 86' lang='lat' dir='ltr'><strong>quod</strong></span> <span class='ocrx_word' id='word_1_871' title='bbox 2496 5582 2596 5663; x_wconf 79' lang='lat' dir='ltr'><strong>ﬁet</strong></span> <span class='ocrx_word' id='word_1_872' title='bbox 2623 5594 2783 5651; x_wconf 83' lang='lat' dir='ltr'><strong>omni</strong></span> <span class='ocrx_word' id='word_1_873' title='bbox 2810 5592 3039 5648; x_wconf 67' lang='lat' dir='ltr'><strong>animae.</strong></span> <span class='ocrx_word' id='word_1_874' title='bbox 3073 5585 3296 5660; x_wconf 88' lang='lat' dir='ltr'><strong>Legitur</strong></span> <span class='ocrx_word' id='word_1_875' title='bbox 3324 5582 3545 5654; x_wconf 89' lang='lat' dir='ltr'><strong>quidem</strong></span> 
     </span>
    </p>
   </div>
  </div>
