3980 6144
421 315 527 375 415

1131 316 1571 378 TERTULLIANI
1608 316 1875 379 OPEBUM
1914 316 2081 379 PARS
2119 318 2185 379 lI.
2222 345 2293 363 —
2331 316 2558 377 SERIES
2594 316 2636 386 Ι,
2675 314 3019 376 POLEMICA.

3605 312 3706 373 416

422 442 747 510 liberandae;
778 443 902 515 quia
930 459 1068 513 opus
1114 443 1215 498 Dei
1245 444 1406 501 etiam
1448 461 1542 515 per
1584 444 1859 502 hominem
1889 443 2007 501 ﬁeri
2039 433 2086 511 Α
2119 462 2225 513 ma,
2256 461 2321 501 ex
2354 443 2603 508 lenitate,
2639 458 2705 499 ex
2736 442 3126 511 misericordia,
3154 457 3221 497 ex
3248 440 3298 479 26
3330 438 3703 512 praedicatione

421 538 599 600 potest
643 530 696 585 in
744 531 968 586 salutem
998 533 1042 569 ²¹
1096 532 1313 599 anima),
1366 550 1396 588 a
1449 533 1565 589 Deo
1612 541 1809 599 tamen,
1865 534 2010 605 quod

423 620 658 674 facturus
696 619 870 675 fuerat
899 629 951 675 et
989 621 1233 678 Christus
1272 624 1432 677 homo
1458 663 1472 689 ,
1505 622 1632 693 quia
1662 630 1719 677 et
1752 625 1917 678 Deus.
1951 624 2009 677 In

422 709 564 763 hunc
592 723 723 780 ergo
776 725 993 764 sensum
1050 710 1182 781 legis
1223 711 1478 767 inducere
1528 712 1715 769 volens
1760 710 1880 768 illos
1910 728 2009 783 per

424 811 623 850 manus
654 796 903 855 arefactae
951 799 1339 855 restitutionem
1366 844 1379 871 ,
1413 800 1707 873 interrogat
1739 820 1752 855 :
1783 803 2010 858 Licetne

424 885 671 941 Sabbatis
709 885 1058 958 benefacere,
1085 889 1320 946 annon?
1346 891 1602 946 animam
1642 889 1899 955 liberare,
1932 906 2010 945 an

417 974 651 1044 perdere
673 974 700 1028 Ρ
726 975 795 1030 Ut
815 975 866 1029 id
887 978 1068 1046 eperis
1090 978 1408 1048 promittens
1437 978 1506 1043 22,
1531 979 1672 1049 quod
1705 994 1801 1047 pro
1831 978 2011 1034 anima

421 1060 663 1117 facturus
688 1073 854 1133 esset,
903 1065 1220 1120 admoneret
1256 1080 1382 1135 eos,
1429 1082 1551 1139 quae
1596 1081 1762 1137 Opera
1789 1067 2009 1122 Sabbati

418 1149 507 1204 lex
536 1152 869 1222 prohiberet,
904 1154 1138 1209 humana
1159 1153 1400 1224 scilicet;
1434 1166 1487 1209 et
1517 1170 1636 1221 quae
1670 1156 2008 1227 praeciperet,

420 1237 605 1293 divina
633 1239 863 1309 scilicet,
892 1258 1012 1312 qum
1059 1241 1249 1297 tierent
1296 1242 1489 1297 anima:
1518 1243 1666 1298 omni
1698 1262 1713 1311 ;
1746 1242 2010 1298 Dominus

421 1326 635 1380 Sabbati
666 1328 841 1383 dictus
865 1371 879 1394 ,
929 1331 1054 1400 quia
1085 1330 1409 1394 Sabbatum,
1446 1340 1502 1384 ut
1531 1346 1643 1386 rem
1672 1348 1821 1387 suam
1849 1375 1865 1402 ,
1896 1343 2012 1388 tue-

421 1412 601 1469 batur.
662 1414 820 1482 Quod
873 1419 1032 1471 etiam
1090 1418 1135 1473 si
1195 1418 1575 1484 destruxisset,
1634 1420 1848 1489 merito,
1901 1436 2010 1492 qua

419 1504 682 1560 Dominus
720 1507 891 1581 magis
938 1508 1026 1564 ille
1074 1508 1165 1579 qui
1195 1508 1442 1565 instituit.
1491 1510 1596 1565 Sed
1647 1526 1753 1565 non
1787 1511 2007 1566 omnino

422 1592 712 1661 destruxit,
768 1612 876 1666 qua
933 1597 1219 1666 Dominus;
1280 1608 1337 1653 ut
1394 1596 1521 1651 hinc
1573 1598 1686 1666 jam
1740 1613 2006 1668 apparere

421 1682 611 1749 possit,
637 1699 706 1739 ne
736 1693 844 1738 tum
879 1684 1093 1754 quidem
1140 1685 1192 1739 in
1235 1701 1371 1741 arete
1410 1684 1819 1741 circumlatione
1863 1687 2010 1756 apud

420 1769 854 1837 Hierichuntem,
916 1773 1205 1828 Sabbatum
1268 1789 1302 1827 a
1349 1775 1604 1829 Creatore
1658 1775 2007 1831 destructum.

421 1858 557 1912 Nam
587 1870 641 1914 et
668 1859 800 1913 illud
836 1876 974 1930 opus
1012 1860 1112 1916 Dei
1143 1872 1257 1918 erat
1281 1908 1294 1933 ,
1325 1863 1469 1934 quod
1508 1862 1624 1934 ipse
1657 1873 2009 1936 praceperat,

423 1955 475 2001 et
504 1948 646 2016 quod
693 1956 915 2018 prOpter
958 1951 1168 2006 animas
1211 1951 1552 2023 disposuerat
1580 1954 1855 2010 hominum
1884 1971 2012 2011 suo-

425 2051 566 2098 rum,
591 2035 645 2090 in
674 2036 981 2095 discrimine
1010 2039 1141 2095 belli
1159 2041 1498 2097 constitutas.
1532 2042 1639 2097 Sed
1669 2050 1723 2098 et
1752 2043 1797 2098 si
1826 2043 2011 2099 odium

427 2122 621 2178 alicubi
676 2125 1037 2182 Sabbatorum
1093 2129 1367 2199 professus
1406 2138 1507 2196 est,
1547 2136 1731 2188 vestra
1777 2130 2015 2187 Sabbata

420 2212 652 2268 dicendo
679 2214 810 2283 (Isa.
844 2230 882 2284 ι,
935 2217 1046 2287 13),
1080 2218 1359 2273 hominum
1405 2219 1454 2257 ²³
1498 2234 1561 2274 ea
1600 2221 1862 2289 deputans
1902 2237 2013 2277 non

420 2316 535 2364 sua,
568 2318 688 2373 quae
715 2304 833 2359 sine
866 2305 962 2360 Dei
1013 2306 1205 2361 timore.
1260 2306 1500 2363 celebrat
1557 2310 1786 2379 populus
1824 2310 2014 2380 plenus

420 2389 644 2457 delictis,
678 2391 836 2447 labiis
862 2394 1037 2450 Deum
1058 2395 1289 2467 diligens
1317 2394 1493 2452 386
1520 2412 1629 2452 non
1656 2397 1822 2452 corde
1849 2414 1865 2465 ;
1898 2398 2014 2454 suis

422 2478 691 2545 Sabbatis,
730 2480 784 2535 id
835 2490 946 2551 est,
989 2498 1345 2554 quaecumque
1400 2484 1687 2554 disciplina
1728 2486 1846 2555 ejus
1874 2502 2012 2559 age-

421 2577 625 2635 rentur,
656 2569 822 2624 alium
851 2579 1041 2625 statum
1075 2572 1229 2639 fecit,
1264 2588 1385 2643 quae
1420 2589 1519 2643 per
1546 2576 1798 2629 eumdem
1830 2583 2015 2645 postea

423 2657 721 2727 propheten
759 2658 887 2728 (Isa.
937 2674 1097 2732 Lvm,
1151 2663 1237 2729 13)
1268 2676 1412 2727 vera,
1445 2672 1497 2715 et
1548 2662 1795 2730 delicata,
1825 2673 1878 2718 et
1906 2678 2014 2719 non

424 2743 750 2815 profananda
806 2750 1134 2818 pronuntiat.
1193 2750 1270 2805 Ita
1328 2765 1428 2806 nec
1484 2750 1731 2807 Christus
1792 2752 2015 2808 omnino

423 2834 712 2890 Sabbatum
747 2836 1022 2902 rescindit,
1055 2839 1212 2905 cujus
1250 2839 1427 2910 legem
1456 2838 1627 2894 tenuit
1661 2850 1715 2896 et
1754 2855 1922 2911 supra
1955 2841 2011 2895 in

422 2937 582 2977 causa
612 2922 997 2994 discipulorum
1049 2941 1147 2995 pro
1196 2928 1377 2981 anima
1424 2935 1716 2997 Operatus;
1767 2930 2011 2984 esurien-

2117 549 2335 606 quoque
2384 531 2675 587 Creatoris.
2724 531 2861 586 Nam
2893 539 2950 585 et
2989 530 3077 586 hic
3120 527 3372 599 specialis
3422 527 3702 583 medicina:

2117 621 2453 695 prOphetiam
2484 629 2857 692 reprmsentat.
2889 620 3230 675 Invalescunt
3257 632 3448 671 manus
3473 615 3702 671 dissolu-

2117 719 2206 779 tae,
2238 712 2374 767 sicut
2411 718 2464 767 et
2490 726 2668 783 genua
2694 709 2951 765 dissoluta
2982 709 3037 764 in
3066 706 3382 780 paralytico.

2699 850 2929 908 CAPUT
2965 850 3117 907 XIII.

2189 977 2346 1032 Certe
2399 975 2747 1048 Evangelizat
2793 975 2922 1030 Sion
2973 984 3027 1029 et
3079 972 3376 1029 Jerusalem
3423 987 3611 1044 pacem
3646 981 3700 1028 et

2115 1067 2257 1121 bona
2304 1066 2533 1122 omnia:
2595 1073 2738 1121 certe
2794 1064 3039 1118 ascendit
3066 1062 3121 1117 in
3177 1070 3434 1126 montem,
3492 1070 3547 1117 et
3600 1060 3710 1117 illic

2114 1161 2390 1225 pernoctat
2437 1154 2492 1208 in
2541 1154 2820 1221 oratione;
2865 1158 2917 1208 et
2963 1151 3149 1223 utique
3199 1152 3415 1206 auditur
3467 1166 3500 1205 a
3529 1152 3707 1206 Patre.

2114 1243 2315 1297 Evolve
2367 1241 2533 1313 igitur
2590 1242 2917 1313 prophetas,
2977 1249 3031 1295 et
3085 1239 3333 1295 ordinem
3390 1248 3561 1294 totum
3614 1253 3708 1293 re-

2114 1346 2421 1403 cognosce:
2452 1332 2519 1385 In
2564 1333 2815 1386 montem
2853 1329 3160 1396 excelsum,
3201 1326 3374 1398 inquit
3400 1325 3565 1382 Isaias
3591 1326 3705 1395 (40)

2112 1419 2227 1487 (χι,
2258 1419 2331 1488 9),
2364 1416 2618 1480 ascende,
2641 1417 2739 1487 qui
2767 1416 3118 1486 euangelizas
3154 1415 3305 1479 Sion,
3337 1413 3547 1471 extolle
3574 1428 3710 1467 cum

2114 1506 2297 1576 vigore
2328 1521 2512 1562 vocem
2542 1510 2724 1569 tuam,
2750 1506 2845 1576 qui
2864 1504 3213 1576 evangelizas
3237 1504 3573 1559 Ierusalem.
3598 1499 3710 1556 Ad-

2120 1595 2224 1649 huc
2252 1597 2312 1649 in
2344 1595 2545 1664 vigore.
2574 1593 3038 1666 Obstupescebant
3058 1594 3121 1651 in
3140 1593 3399 1651 doctrina
3418 1592 3559 1662 ejus,
3586 1595 3711 1647 erat

2119 1683 2275 1739 enim
2290 1682 2654 1754 docens,tanq
2664 1698 2800 1738 nam
2812 1684 3089 1740 virtutem
3108 1681 3313 1738 habens
3326 1682 3478 1749 (Luc.
3502 1680 3707 1746 [v.32).

2116 1769 2183 1825 Et
2214 1785 2400 1825 rursus
2423 1771 2555 1839 (Isa.
2586 1785 2683 1839 an,
2713 1772 2769 1840 6)
2803 1772 3144 1842 :Propterea
3166 1771 3454 1840 cognoscet
3469 1766 3712 1840 populus

2117 1873 2323 1914 nomen
2351 1875 2539 1915 meum
2570 1859 2633 1913 in
2660 1859 2768 1915 illa
2790 1859 2899 1914 die.
2921 1857 3081 1927 Quod
3103 1872 3316 1921 nomen,
3351 1855 3455 1911 nisi
3482 1853 3715 1910 Christi?

2117 1946 2275 2016 Quod
2306 1964 2398 2019 ego
2428 1963 2555 2003 sum
2586 1948 2703 2017 ipse
2724 1948 2820 2019 qui
2852 1947 3115 2018 loquebar
3144 1944 3215 1999 Ἦ.
3245 1945 3397 2000 Tunc
3422 1942 3564 1998 enim
3599 1942 3716 2012 ipse

2117 2045 2231 2092 erat
2283 2036 2376 2106 qui
2441 2036 2491 2089 in
2553 2034 2824 2105 prOphetis
2888 2034 3239 2105 loquebatur,
3299 2032 3511 2097 Sermo,
3545 2030 3715 2087 Filius

2120 2124 2433 2181 Creatoris:
2475 2146 2499 2176 α
2531 2124 2760 2190 Adsum,
2801 2123 2929 2179 dum
2977 2124 3109 2178 hora
3156 2131 3257 2188 est,
3310 2122 3365 2176 in
3414 2121 3711 2189 montibus,

2120 2222 2179 2269 ut
2250 2212 2624 2283 evangelizans
2686 2212 3015 2269 auditionem
3092 2212 3275 2282 pacis,
3331 2210 3712 2284 evangelizans

2119 2305 2278 2359 bona.
2316 2321 2339 2351 ι
2389 2303 2521 2357 Item
2575 2302 2753 2357 Naum
2788 2302 2831 2373 (ι
2856 2343 2870 2368 ,
2922 2300 3008 2372 15)
3050 2316 3115 2355 ex
3153 2296 3325 2356 387
3373 2297 3657 2355 duodecim
3695 2316 3710 2351 :

2128 2393 2401 2460 Quoniam
2422 2408 2542 2447 ecce
2562 2392 2772 2449 veloces
2788 2392 2951 2462 pedes
2972 2392 3035 2445 in
3058 2394 3249 2446 monte
3266 2389 3714 2460 euangelizantis

2115 2497 2335 2552 pacem.
2366 2480 2444 2535 De
2483 2497 2613 2536 voce
2661 2490 2842 2535 autem
2880 2487 3161 2535 nocturna:
3204 2478 3463 2534 orationis
3504 2477 3574 2533 ad
3606 2478 3713 2531 Pa-

2120 2578 2278 2636 trem,
2313 2568 2592 2624 manifeste
2626 2569 2866 2624 Psalmus
2896 2571 3041 2638 (xxx,
3076 2569 3131 2639 2)
3162 2586 3174 2625 :
3206 2571 3349 2624 Deus
3378 2584 3553 2632 meus,
3588 2568 3717 2621 cla-

2119 2658 2280 2716 mabo
2304 2674 2409 2730 per
2439 2658 2607 2723 diem,
2626 2664 2679 2714 et
2700 2659 3001 2723 exaudies;
3031 2663 3088 2714 et
3110 2662 3293 2724 nocte,
3317 2661 3372 2713 et
3401 2673 3518 2712 non
3538 2658 3600 2710 in
3624 2672 3718 2710 va-

2122 2748 2368 2802 nitatem
2395 2747 2570 2813 mihi;
2595 2757 2646 2802 et
2674 2746 2826 2817 alibi,
2847 2747 2916 2800 de
2948 2747 3063 2801 loco
3090 2755 3142 2802 et
3165 2759 3296 2801 voce
3319 2744 3528 2799 eadem.
3554 2744 3715 2797 Psal-

2120 2852 2245 2892 mus
2276 2839 2384 2907 (ιιι,
2417 2838 2475 2909 4)
2508 2855 2521 2890 :
2566 2839 2694 2894 Voce
2715 2849 2840 2893 mea
2869 2837 2941 2891 ad
2971 2838 3273 2892 Dominum
3303 2835 3637 2898 exclamavi,
3657 2838 3718 2889 et

2122 2926 2417 2982 exaudivit
2444 2943 2534 2982 me
2567 2926 2632 2983 de
2660 2930 2852 2984 monte
2888 2930 3084 2981 sancto
3113 2941 3233 2981 suo.
3268 2924 3451 2978 Habes
3476 2922 3717 2979 nominis

423 3011 567 3065 tibus
594 3010 739 3065 enim
768 3012 1021 3069 solatium
1065 3015 1172 3070 cibi
1218 3015 1477 3082 indulsit;
1509 3023 1563 3071 et
1607 3034 1750 3073 nunc
1789 3034 2007 3073 manum
2043 3016 2087 3095 ε
2118 3014 2672 3085 repraesentationem,
2723 3015 2891 3069 habes
2937 3026 3112 3069 actum
3169 3014 3219 3051 28
3264 3010 3711 3084 evangelizautis,

422 3098 630 3153 aridam
658 3116 875 3174 curans,
928 3102 1082 3158 factis
1128 3105 1327 3177 ubique
1375 3104 1636 3176 ingerens
1678 3107 1901 3175 (Matth.
1951 3124 2009 3175 v,

424 3190 514 3258 17)
546 3205 558 3241 :
594 3190 714 3246 Non
762 3194 889 3248 veni
936 3192 1228 3249 dissolvere
1277 3196 1471 3265 legem,
1513 3196 1606 3251 sed
1659 3197 2013 3267 adimplere;

421 3290 521 3331 nec
563 3276 611 3314 2⁸⁸
639 3276 876 3334 Marcion
906 3279 1005 3333 hac
1037 3296 1169 3335 voce
1198 3296 1261 3336 os
1290 3280 1341 3335 ei
1371 3281 1654 3336 obstruxit.
1687 3283 2013 3354 Adirnplevit

423 3366 564 3420 enim
597 3373 653 3420 et
682 3366 769 3421 hic
816 3368 1014 3441 legem,
1058 3370 1190 3423 dum
1220 3369 1582 3424 conditionem
1630 3370 2013 3440 interpretatur

422 3454 573 3521 ejus,
632 3455 761 3510 dum
819 3471 1042 3528 Operum
1092 3456 1457 3512 differentiam
1516 3458 1822 3530 illuminat,
1883 3460 2013 3514 dum

424 3540 550 3597 facit
586 3559 707 3614 qua:
740 3546 823 3599 lex
864 3542 930 3600 de
985 3546 1203 3601 Sabbati
1254 3546 1401 3602 feriis
1427 3547 1639 3619 excipit,
1671 3547 1801 3605 dum
1833 3548 2012 3619 ipsum

425 3630 644 3685 Sabbati
683 3632 829 3686 diem
879 3634 1250 3690 benedictione
1279 3636 1451 3691 Patris
1494 3650 1528 3690 a
1554 3635 1847 3705 primordio
1881 3653 2011 3691 san-

422 3726 591 3785 ctum,
646 3719 1020 3775 benefactione
1058 3738 1155 3776 sua
1212 3721 1380 3776 efﬁcit
1426 3724 1790 3792 sanctiorem;
1821 3726 1877 3778 in
1904 3741 2013 3796 quo

424 3804 628 3859 scilicet
655 3806 832 3863 divina
886 3809 1138 3880 praesidia
1164 3811 1524 3879 ministrabat,
1571 3812 1723 3883 quod
1752 3813 2010 3869 adversa-

426 3892 534 3947 rius
562 3894 611 3931 2⁵
639 3893 758 3950 aliis
785 3895 975 3953 diebus
1003 3898 1347 3968 praestitisset
1372 3940 1385 3968 ,
1420 3915 1489 3954 ne
1519 3900 1812 3956 Sabbatum
1844 3903 2011 3959 Crea-

426 3980 555 4035 toris
584 3993 815 4050 ornaret,
864 3999 932 4038 ne
961 4000 1125 4055 Opera
1152 3986 1334 4041 debita
1374 3988 1611 4043 Sabbato
1650 3989 1919 4045 redderet.
1952 3992 2010 4047 In

422 4084 533 4141 quo
559 4069 666 4136 die,
702 4071 747 4125 si
779 4080 830 4126 et
875 4073 1099 4129 Elisaeus
1147 4077 1435 4147 prophetes
1463 4076 1812 4134 Sunamitidis
1842 4079 2011 4136 filium

421 4167 693 4214 mortuum
726 4162 954 4217 restituit
987 4163 1037 4218 in
1061 4164 1223 4219 vitam
1263 4167 1359 4233 (IV
1402 4169 1529 4239 Reg.
1562 4182 1642 4233 1v,
1678 4170 1788 4240 23),
1838 4170 2008 4236 vides,

424 4246 707 4313 Pbarissee,
743 4259 905 4322 tuque
933 4251 1168 4307 Marcion
1192 4297 1207 4322 ,
1251 4253 1379 4309 olim
1411 4255 1682 4321 Cratoris
1719 4273 1836 4313 esse
1863 4259 2004 4314 Sab-

2118 3103 2290 3157 habes
2328 3103 2504 3159 locum
2550 3102 2785 3167 montis,
2818 3112 2870 3158 et
2916 3112 3131 3173 tempus
3176 3102 3367 3169 noctis,
3419 3109 3474 3157 et
3519 3117 3716 3157 sonum

2118 3192 2289 3259 vocis,
2319 3202 2373 3247 et
2411 3192 2655 3253 auditum
2702 3191 2876 3248 Patris
2929 3191 2977 3229 29
3008 3211 3023 3260 ;
3077 3191 3246 3246 habes
3273 3189 3545 3247 Christum
3577 3206 3717 3261 pro-

2119 3281 2417 3352 phetarum.
2480 3282 2589 3336 Cur
2634 3289 2809 3335 autem
2855 3278 3141 3336 duodecim
3197 3278 3476 3349 apostolos
3522 3278 3719 3350 elegit,

2120 3382 2173 3426 et
2211 3386 2320 3425 non
2372 3370 2538 3425 alium
2586 3370 2878 3440 quemlibet
2922 3368 3251 3424 numerum?
3281 3368 3374 3422 Nae
3422 3376 3475 3423 et
3515 3384 3583 3423 ex
3614 3369 3725 3424 hoc

2119 3476 2301 3514 meum
2342 3459 2612 3515 Christum
2657 3458 2997 3530 interpretari
3046 3473 3284 3529 possem,
3345 3473 3451 3512 non
3504 3464 3721 3511 tantum

2117 3549 2344 3607 vocibus
2391 3550 2807 3621 prephetarum,
2867 3547 2964 3603 sed
3022 3555 3077 3602 et
3132 3545 3473 3618 argumentis
3528 3561 3722 3600 rerum

2118 3638 2511 3712 praedicatum?
2566 3638 2739 3706 Hujus
2802 3636 2945 3692 enim
3019 3635 3228 3691 numeri
3295 3634 3500 3707 ﬁguras
3572 3637 3723 3704 apud

2121 3730 2427 3784 Creatorem
2480 3726 2827 3797 deprehendo
2886 3743 2900 3777 :
2961 3725 3264 3781 Duodecim
3319 3727 3507 3795 fontes
3564 3724 3725 3779 Elim

2116 3819 2305 3887 (Num.
2357 3817 2605 3885 xxxm);
2639 3822 2736 3869 et:
2786 3808 3083 3871 Duodecim
3128 3829 3374 3883 gemmas
3414 3814 3476 3866 in
3514 3813 3725 3868 tunica

2117 3905 2455 3961 sacerdotali
2496 3904 2733 3960 Aaronis
2774 3904 2969 3972 (Exod.
3005 3902 3248 3973 xxvm);
3279 3910 3368 3967 et,
3410 3900 3724 3955 Duodecim

2121 3993 2330 4065 lapides
2357 3993 2424 4048 ab
2455 3994 2584 4049 Iesu
2621 3993 2688 4048 de
2725 3992 2969 4049 Iordane
2998 3993 3200 4048 electos
3233 3992 3439 4060 (Iosue.
3463 3990 3544 4059 tv)
3576 3996 3628 4044 et
3658 3989 3719 4043 in

2116 4097 2295 4137 arcam
2332 4080 2636 4136 testamenti
2684 4080 2953 4135 conditos.
3004 4079 3252 4134 Totidem
3302 4078 3446 4134 enim
3476 4077 3721 4147 apostoli

2121 4169 2608 4241 portendebantur;
2655 4170 2883 4240 proinde
2914 4176 2972 4223 ut
3016 4168 3196 4224 fontes
3222 4178 3277 4223 et
3322 4182 3526 4231 amnes,
3562 4167 3723 4237 riga-

2120 4259 2225 4313 turi
2253 4259 2461 4314 aridum
2510 4267 2653 4315 retro
2693 4267 2747 4313 et
2797 4259 3070 4313 desertum
3127 4273 3159 4311 a
3195 4257 3245 4295 3°
3277 4256 3474 4311 notitia
3524 4254 3722 4310 orbem

746 4301 902 4322 ην-
933 4301 1207 4322 -__----_,
1416 4301 1681 4321 ww"..-
1721 4301 1835 4313 ww
1863 4301 1969 4314 νην
2121 4301 2225 4313 .....
2253 4301 2461 4314 ...........
2512 4301 2652 4315 ,νυν
2694 4301 2747 4313 υ.
2798 4301 3070 4313 ..-...........
3128 4301 3159 4311 ..
3277 4301 3474 4311 ..νη-.-
3527 4301 3722 4310 -.-ν--

420 4335 559 4390 batis
603 4338 938 4405 benefacere,
997 4342 1231 4398 animam
1279 4344 1527 4414 liberare,
1578 4361 1688 4401 non
1734 4349 2002 4418 perdere;
2039 4301 2084 4378 υ
2113 4349 2430 4414 nationum;
2474 4348 2611 4402 sicut
2650 4356 2702 4402 et
2730 4363 2829 4417 per
2860 4346 3053 4401 Isaiam
3083 4347 3266 4418 (XLIII,
3300 4347 3443 4412 20):
3494 4346 3727 4399 Ponam

419 4422 554 4478 nihil
584 4424 856 4484 Christum
887 4430 1012 4487 novi
1049 4431 1317 4501 intulisse,
1363 4434 1509 4503 quod
1548 4450 1660 4491 non
1689 4436 1758 4490 sit
1786 4452 1851 4492 ex
1884 4436 2004 4492 for-

2113 4440 2177 4493 in
2210 4442 2364 4493 terra
2386 4439 2658 4509 inaquosa
2677 4438 2941 4506 ﬂumina,
2967 4435 3199 4506 proinde
3225 4443 3283 4490 ut
3303 4447 3555 4506 gemmae,
3589 4431 3721 4488 illu-

1792 4565 1982 4629 Variaa
2012 4570 2322 4630 lectiones.

489 4687 535 4724 ²¹
569 4687 751 4743 Salute
773 4692 904 4746 Par.
947 4696 1116 4749 Fran.
1149 4694 1198 4732 ²²
1228 4694 1549 4753 Permittens
1576 4695 1693 4754 cod.
1736 4699 1937 4756 Wouw.
1978 4699 2028 4738 2³
2057 4700 2341 4755 Hominem
2383 4700 2568 4755 Venet.
2602 4697 2651 4736 ²¹ι
2673 4697 2730 4754 Si
2780 4699 2950 4755 Seml.
2984 4699 3033 4736 2⁵
3089 4696 3426 4754 Adversariis
3454 4698 3627 4753 Fran.
3669 4696 3729 4735 ²⁶

416 4757 483 4812 Ει
512 4761 683 4816 Fran.
717 4761 765 4800 τι
795 4761 1010 4834 Loquor
1043 4765 1261 4822 Oberth.
1294 4766 1343 4804 2⁸
1369 4767 1591 4825 Factum
1624 4769 1882 4827 Ciaccon.
1911 4770 1959 4808 29
1986 4770 2140 4826 Pacis
2169 4772 2290 4841 Rig.
2331 4771 2511 4827 Venet.
2546 4769 2595 4809 ³ο
2624 4771 2677 4827 V.
2707 4770 2804 4826 Dei
2819 4774 3110 4842 praeterm.
3134 4770 3337 4840 conjic.
3371 4767 3510 4825 Edd.

1795 4902 2294 4967 Commentarius.

415 5020 555 5107 apud
602 5022 797 5079 LXX:
856 5024 989 5107 Πξςὴν
1018 5027 1114 5081 ὅσοι
1140 5030 1636 5107 τξοιηθήσεταιᾷπᾶσῇ
1689 5033 1823 5107 ψυχῇ
1840 5051 1855 5104 ;
1908 5033 2005 5089 sed

419 5102 774 5177 praeterquam
807 5099 1008 5177 optime
1036 5099 1169 5177 verti
1198 5111 1381 5177 posset
1413 5099 1721 5177 :AEgcce'ptis
1752 5099 1823 5160 iis
1845 5099 2003 5177 qua:-

417 5180 653 5238 cumque
681 5167 826 5235 ﬁant
852 5167 923 5222 ab
941 5172 1097 5225 omni
1116 5167 1494 5238 anima,lectio
1516 5167 1775 5229 Hebraica
1806 5167 2006 5231 diserte

416 5235 709 5313 significat,
730 5253 795 5293 ea
841 5243 1070 5296 tantum
1125 5258 1252 5313 qute
1291 5235 1720 5301 manducantur
1754 5246 1821 5301 ab
1851 5249 2009 5303 omni

417 5312 665 5384 vivente,
687 5310 853 5364 ferme
880 5321 933 5364 ut
962 5310 1415 5384 vertit—Vulgalus
1454 5326 1657 5370 noster.
1693 5317 1835 5371 Enn.

493 5381 608 5457 (49)
640 5382 703 5457 I_n
725 5386 970 5457 montem
991 5381 1487 5457 excelsuniinquit
1515 5389 1710 5456 Isaias,
1732 5398 1833 5443 etc.
1859 5389 2009 5444 Hanc

420 5453 756 5521 prephetiam
810 5453 964 5507 Isaiae
1022 5470 1095 5509 χι,
1125 5455 1311 5509 eodem
1369 5453 1529 5512 modo
1585 5462 1653 5513 de
1699 5453 1921 5515 Christo
1953 5460 2007 5515 in

420 5537 599 5599 monte
646 5532 831 5578 orante
885 5523 1264 5599 interpretatur
1320 5527 1378 5582 B.
1431 5529 1778 5599 Ambrosius,
1816 5531 1853 5587 l.
1884 5549 1916 5587 ν
1948 5534 2010 5588 in

418 5595 645 5663 Lucam,
668 5613 788 5667 cap.
821 5599 872 5650 ti.
910 5598 1048 5654 I’AM.

2182 5033 2292 5105 (41)
2334 5034 2471 5105 Item
2521 5033 2702 5090 Naum
2731 5050 2803 5090 ex
2840 5033 3155 5105 duodecim,
3208 5040 3310 5105 etc.
3343 5033 3553 5104 Nempe
3581 5047 3729 5104 pro-

2112 5103 2309 5178 phetis.
2338 5103 2631 5178 Reperitur
2657 5105 2800 5178 enim
2827 5105 3001 5159 Naum
3028 5104 3051 5159 Ι
3079 5105 3223 5176 quod
3252 5103 3398 5169 citat,
3435 5103 3729 5174 Quoniam

2114 5176 2239 5234 ecce
2260 5177 2470 5233 veloces
2487 5178 2648 5249 pedes
2668 5176 2730 5232 in
2745 5177 3472 5249 monteevangelizantium
3485 5192 3723 5249 pacem,

2114 5246 2498 5330 praeterquam
2533 5248 2675 5317 quod
2707 5248 2880 5330 apud
2931 5246 3113 5330 μω(
3147 5250 3358 5329 legatur
3401 5246 3728 5328 ἔπῖτὰρρη,

2115 5318 2169 5399 i_d
2200 5326 2283 5399 est
2336 5318 2510 5391 super
2558 5318 2796 5375 montes.
2843 5319 2946 5374 Sed
3000 5334 3108 5399 non
3168 5318 3382 5399 mirum,
3421 5333 3567 5399 cum
3593 5318 3734 5399 ipse

2114 5393 2177 5446 B.
2214 5389 2571 5461 Hieronymus
2608 5398 2891 5461 prepterea
2921 5389 3126 5445 scribat
3162 5408 3193 5446 a
3219 5407 3278 5445 se
3307 5390 3393 5445 hic
3420 5390 3573 5446 LXX
3614 5389 3732 5444 in-

2118 5470 2381 5541 terpretes
2408 5448 2666 5541 differre,
2698 5448 2845 5541 quod
2874 5469 2927 5517 et
2959 5462 3078 5541 ipsa
3131 5461 3365 5541 capitula
3413 5462 3556 5532 apud
3617 5477 3730 5517 eos

2118 5532 2585 5605 interpretationis
2613 5531 2867 5589 varietate
2892 5531 3114 5589 confusa
3151 5534 3278 5588 sint.
3312 5533 3454 5590 Plut.
