4018 6192
250 258 352 317 417

1461 249 1587 310 LIB.
1632 249 1696 309 ιν
1738 250 1895 312 ADV.
1933 255 2331 318 MARCIONEM.

3434 274 3540 336 418

247 381 497 439 minaturi
551 395 757 437 sacram
830 378 1089 435 Ecclesim
1163 384 1392 444 vestem,
1454 393 1611 448 quam
1670 378 1845 434 induit
1873 369 1919 448 Α
1948 384 2338 440 benedictionis
2376 386 2424 422 ³⁵
2472 385 2762 441 dedicavit.
2812 392 3103 448 Eructavit
3152 398 3323 463 enim,
3370 398 3542 469 inquit

249 469 488 524 Christus
540 466 782 540 pontifex
848 467 1049 537 Patris;
1094 466 1321 537 proinde
1376 475 1439 520 ut
1495 473 1548 520 et
1610 464 1840 538 lapides,

1946 472 2115 538 (Psal.
2153 490 2303 544 xuv,
2340 476 2403 540 1),
2438 492 2531 532 cor
2559 493 2747 531 meum
2779 495 3086 538 sermonem
3116 487 3418 556 optimum.
3445 489 3541 544 llic

245 557 395 648 391m
448 555 576 648 ﬁde,
615 572 755 625 quos
783 556 850 648 de
902 555 1117 613 lavacro
1171 554 1421 648 Iordanis
1474 555 1631 648 Jesus
1684 572 1845 648 verus
1952 560 2056 614 erit
2110 577 2290 617 sermo
2344 563 2580 632 Optimus
2620 565 3007 623 benedictionis
3061 554 3287 640 scilicet,
3336 576 3427 648 qui
3488 586 3542 632 et

247 644 430 719 elegit,
458 654 512 699 et
549 644 604 697 in
645 645 943 699 sacrarium
978 642 1285 700 testamenti
1322 642 1406 699 sui
1445 643 1668 716 recepit.
1700 642 1842 711 Quid

246 736 343 790 tale
387 733 458 790 de
506 731 721 789 numeri
763 730 1076 788 defensione
1122 731 1380 804 competit
1425 730 1636 787 Christo
1692 733 1839 787 Mar-

245 822 454 879 cionis?
482 823 602 878 Non
647 828 828 892 potest
874 819 1195 892 simpliciter
1233 820 1433 877 factum
1471 821 1541 875 ab
1581 820 1678 876 illo
1707 819 1842 891 quid

243 908 430 976 videri,
463 911 609 979 quod
649 915 827 979 potest
862 907 1031 966 videri
1070 924 1175 965 non
1215 908 1533 979 simpliciter
1570 908 1768 966 factum
1808 921 1842 962 a

241 1013 377 1052 meo.
419 995 564 1066 Ejus
600 995 704 1051 erit
741 1011 848 1061 res,
890 996 1033 1067 apud
1066 1012 1226 1069 quem
1268 997 1537 1053 invenitur
1573 996 1647 1052 rei
1686 1012 1834 1068 prte-

241 1096 510 1160 paratura.
553 1086 721 1141 Mutat
766 1095 819 1142 et
863 1087 1021 1142 Petro
1068 1102 1264 1144 nomen
1312 1087 1380 1141 de
1427 1086 1671 1153 Simone;
1713 1088 1840 1160 quia

238 1186 288 1232 et
323 1176 555 1232 Creator
575 1175 828 1243 Abrahae,
862 1182 917 1230 et
949 1176 1119 1247 Saraa,
1146 1183 1199 1231 et
1244 1179 1438 1232 Auseae
1481 1176 1702 1231 nomina
1749 1192 1835 1232 re-

239 1264 508 1332 formavit,
538 1264 685 1320 hunc
739 1264 988 1321 vocando
1045 1265 1231 1320 Jesum
1286 1265 1420 1336 (42),
1451 1264 1557 1319 illis
1611 1264 1841 1335 syllabas

237 1353 566 1425 adjiciendo.
597 1354 703 1409 Sed
734 1363 787 1409 et
813 1370 907 1410 cur
934 1355 1193 1409 Petrum?
1223 1352 1279 1410 Si
1310 1353 1379 1409 ob
1410 1354 1656 1427 vigorem
1687 1352 1835 1420 fidei,

236 1445 418 1500 multm
448 1442 688 1499 materiae
718 1443 1010 1515 solidasque
1029 1459 1227 1499 nomen
1258 1444 1325 1500 de
1343 1459 1443 1499 suo
1472 1443 1840 1501 accommoda-

236 1540 371 1588 rent.
401 1530 491 1586 Au
532 1532 660 1603 quia
688 1540 741 1587 et
778 1543 933 1603 petra
973 1540 1027 1589 et
1072 1531 1213 1605 lapis
1251 1531 1529 1589 Christus?
1563 1531 1835 1602 Siquidem

236 1631 289 1677 et
334 1620 575 1692 legimus
622 1621 751 1687 (lsa.
799 1636 919 1685 VIII,
973 1623 1068 1687 14;
1121 1621 1143 1675 l
1193 1623 1346 1677 Petr.
1388 1635 1447 1686 ιι,
1496 1624 1550 1685 8)
1597 1620 1834 1693 positum

235 1724 359 1764 eum
384 1711 450 1763 in
482 1708 725 1780 lapidem
754 1708 1110 1779 offendiculi,
1132 1715 1188 1766 et
1217 1710 1281 1764 in
1302 1714 1524 1782 petram
1552 1710 1830 1765 scandali.

238 1794 447 1852 Omitto
475 1806 684 1852 castera.
716 1797 903 1869 Itaque
932 1796 1206 1854 affectavit
1233 1796 1515 1853 carissimo
1544 1796 1841 1869 discipulo-

246 1900 369 1940 rum
388 1885 458 1940 de
477 1883 657 1956 ﬁguris
681 1885 795 1941 suis
817 1886 1163 1957 peculiariter
1188 1900 1385 1942 nomen
1408 1883 1831 1950 communicare,

246 1986 382 2046 puto
420 1975 670 2046 proprius
707 1977 753 2015 ³1
796 1992 955 2047 quam
1001 1976 1069 2032 de
1107 1992 1216 2033 non
1253 1974 1368 2033 suis
1410 1993 1425 2030 :
1481 1977 1835 2032 Conveniunt

236 2081 271 2118 a
321 2066 475 2135 Tyro,
504 2069 561 2120 et
607 2082 683 2121 ea:
736 2067 867 2122 aliis
919 2065 1237 2137 regionibus
1292 2063 1603 2121 multitudo
1659 2066 1834 2120 etiam

236 2155 652 2208 transmarina.
674 2152 788 2208 Hoc
809 2153 859 2191 ³³
880 2153 1156 2224 spectabat
1181 2153 1427 2207 Psalmus
1450 2154 1706 2221 (Lxxxvr,
1736 2150 1793 2223 4)
1818 2168 1831 2207 :

232 2244 298 2297 Et
326 2258 453 2299 ecce
481 2242 772 2316 Allophyli
799 2247 856 2298 et
901 2246 1089 2315 Tyrus,
1120 2248 1174 2300 et
1207 2243 1445 2315 populus
1485 2244 1830 2314 rEthiopum,

232 2332 326 2386 isti
360 2333 611 2401 fuerunt
636 2332 779 2387 illic.
815 2331 990 2387 Mater
1015 2332 1159 2388 Sion
1184 2328 1356 2388 388
1389 2334 1533 2388 dicet
1562 2332 1744 2401 homo,
1777 2333 1834 2386 et

233 2420 387 2477 homo
416 2421 617 2493 factus
648 2426 732 2477 est
761 2422 824 2476 in
851 2422 954 2477 illa
986 2421 1262 2491 (quoniam
1300 2422 1444 2478 Deus
1482 2422 1645 2477 homo
1675 2427 1833 2475 natus

231 2511 350 2581 est),
372 2515 429 2565 et
456 2512 761 2580 aediﬁcavit
784 2528 907 2568 eam
927 2512 1221 2569 voluntate
1248 2512 1435 2566 Patris
1465 2531 1483 2566 :
1516 2518 1574 2566 ut
1600 2508 1738 2565 scias
1764 2508 1833 2564 ad

233 2614 353 2655 eum
384 2608 516 2656 tunc
542 2599 779 2673 gentiles
815 2602 1156 2669 convenisse,
1184 2599 1311 2671 quia
1339 2601 1483 2655 Deus
1521 2600 1683 2655 homo
1716 2606 1833 2653 erat

234 2698 402 2757 natus,
430 2689 796 2746 aediﬁcatum
839 2688 1138 2745 Ecclesiam
1190 2704 1258 2744 ex
1303 2688 1579 2745 voluntate
1629 2686 1826 2756 Patris,

234 2793 295 2833 ex
320 2777 620 2851 all0phylis
647 2792 884 2850 quoque.
922 2778 1011 2834 Sic
1038 2785 1092 2833 et
1118 2776 1288 2832 Isaias
1316 2778 1496 2847 (xux,
1530 2778 1615 2844 12)
1647 2797 1660 2834 :
1697 2779 1831 2833 Ecce

235 2869 324 2921 isti
356 2869 601 2926 veniunt
638 2866 707 2922 de
757 2867 1078 2939 longinquo,
1108 2867 1207 2922 isti
1248 2870 1441 2923 autem
1488 2865 1727 2921 veniunt
1764 2864 1831 2918 ab

1950 648 2076 707 novi
2105 665 2324 724 quoque
2370 652 2699 709 Testamenti
2738 654 2976 713 initiator
3004 660 3311 732 agnoscitur
3340 664 3407 718 de
3438 681 3537 720 ve-

1950 737 2053 792 teri
2081 738 2131 776 35
2160 742 2431 813 exemplo.
2462 740 2600 809 Quid
2649 758 2783 816 ergo
2828 745 3022 801 mirum
3072 758 3154 804 est
3182 750 3250 816 37,
3284 751 3330 805 si
3377 760 3433 807 et
3470 754 3539 807 ab

1948 825 2234 883 affectibus
2290 829 2561 886 Creatoris
2618 832 2896 903 ingressus
2947 843 3030 890 est
3088 853 3181 906 per
3228 837 3542 911 hujusmodi

1947 915 2262 984 dictionem,
2297 935 2514 991 semper
2543 922 2837 991 mendicos,
2873 931 2924 977 et
2955 940 3233 997 pauperes,
3274 936 3326 983 et
3355 928 3538 983 humi-

1946 1004 2024 1060 les
2071 1023 2133 1062 ac
2174 1008 2382 1074 viduas,
2415 1018 2469 1063 et
2513 1010 2753 1082 pupillos
2800 1028 2974 1082 usque
3020 1014 3309 1087 diligentis,
3341 1032 3540 1074 conso-

1947 1093 2129 1164 lantis,
2158 1097 2463 1163 asserentis,
2496 1098 2857 1156 vindicantis?
2886 1114 2944 1157 ut
2973 1103 3110 1159 hanc
3136 1104 3333 1160 Christi
3382 1106 3540 1178 quasi

1946 1182 2203 1251 privatam
2244 1184 2653 1258 benignitatem,
2686 1187 2915 1243 rivulum
2960 1191 3151 1246 credas
3196 1193 3262 1247 de
3300 1192 3540 1250 fontibus

1947 1270 2259 1327 Salvatoris.
2317 1275 2520 1330 Revera
2578 1292 2683 1348 quo
2743 1276 2972 1348 dirigam
3029 1280 3227 1349 nescio,
3284 1280 3339 1336 in
3400 1290 3541 1339 tanta

1948 1358 2246 1431 frequentia
2289 1361 2556 1432 ejusmodi
2592 1379 2803 1432 vocum,
2848 1375 3094 1439 tanquam
3142 1368 3195 1422 in
3239 1370 3413 1441 sylva,
3453 1373 3538 1428 vel

1948 1447 2003 1502 in
2054 1458 2225 1519 prato,
2256 1450 2339 1505 vel
2394 1451 2446 1504 in
2504 1467 2728 1507 nemore
2782 1468 3090 1524 pomorum,
3121 1455 3320 1525 passim
3378 1467 3541 1527 prout

1948 1534 2153 1603 incidit,
2176 1552 2262 1592 res
2283 1541 2508 1609 petenda
2528 1548 2623 1595 est.
2644 1541 2901 1596 Inclamat
2920 1541 3161 1597 Psalmus
3189 1544 3409 1613 (Lxxxr,
3434 1549 3493 1616 3)
3520 1565 3535 1601 :

1946 1626 2203 1682 Judicate
2224 1627 2341 1698 (44)
2356 1630 2575 1699 pupillo
2596 1633 2650 1683 et
2674 1631 2944 1696 mendico,
2959 1635 3016 1688 et
3032 1631 3305 1689 humilem
3326 1639 3381 1689 et
3397 1652 3539 1707 pau-

1943 1732 2135 1788 perem
2147 1719 2303 1788 justo
2326 1721 2591 1774 tractate.
2615 1717 2863 1775 Liberata
2887 1736 3215 1792 pauperem,
3241 1728 3295 1779 et
3320 1724 3537 1781 mendi-

1944 1820 2077 1860 cum
2094 1804 2159 1862 de
2178 1822 2350 1860 manu
2367 1808 2683 1876 peccatoris
2697 1809 2899 1862 eruite.
2918 1809 3046 1862 Item
3060 1809 3302 1864 Psalmus
3321 1821 3538 1881 septua-

1944 1891 2178 1964 gesimus
2200 1892 2404 1962 primus
2427 1910 2440 1946 :
2466 1893 2995 1965 Justitiajudicabit
3016 1897 3296 1952 mendicos
3312 1900 3537 1970 populi,

1945 1984 2003 2034 et
2026 1982 2198 2050 faciet
2219 1980 2399 2036 salvos
2416 1981 2565 2050 ﬁlios
2590 1998 2926 2054 pauperum.
2952 1983 3020 2037 Et
3040 1982 3094 2037 in
3114 1984 3456 2055 sequentibus
3473 1988 3540 2041 de

1944 2066 2159 2123 Christo
2182 2086 2195 2122 :
2225 2070 2426 2126 Omnes
2444 2071 2706 2126 nationes
2719 2071 2965 2128 servient
2982 2073 3054 2129 ei.
3067 2072 3234 2128 David
3249 2084 3425 2129 autem
3443 2075 3540 2130 uni

1943 2155 2093 2227 genti
2125 2155 2357 2225 judaicas
2392 2157 2621 2228 praefuit,
2656 2174 2723 2214 ne
2766 2159 2886 2231 quis
2932 2160 2987 2215 in
3025 2160 3193 2216 David
3232 2169 3376 2232 putet
3418 2164 3536 2220 dic-

1943 2255 2077 2312 tum,
2108 2246 2235 2319 quia
2276 2257 2330 2303 et
2367 2247 2458 2303 ille
2497 2258 2812 2320 susceperat
2849 2251 3080 2307 humiles
3113 2260 3166 2307 et
3203 2254 3534 2311 necessitati-

1942 2334 2050 2391 bus
2066 2334 2388 2391 laborantes.
2419 2337 2573 2405 Quod
2600 2337 2923 2395 liberaverit
2939 2340 3003 2409 38,
3024 2338 3221 2413 inquit,
3241 2359 3277 2398 a
3295 2342 3535 2416 dynasta

1940 2424 2287 2493 mendicum,
2308 2430 2505 2498 parcet
2523 2422 2699 2482 389
2716 2427 2967 2485 mendico
2987 2433 3044 2485 et
3056 2433 3318 2502 pauperi,
3332 2436 3387 2490 et
3408 2450 3479 2488 an
3488 2436 3535 2489 i-

1938 2529 2062 2568 mas
2071 2530 2390 2586 pauperum
2415 2515 2599 2571 salvas
2625 2516 2819 2586 faciet.
2843 2518 2930 2572 Ex
2947 2533 3128 2574 usura
3156 2523 3215 2579 et
3244 2521 3531 2591 injustitia

1941 2601 2179 2659 redimet
2199 2618 2393 2660 eorum
2414 2604 2657 2675 animas,
2676 2608 2731 2659 et
2759 2602 3097 2661 honoratum
3114 2623 3321 2663 nomen
3341 2624 3533 2667 eorum

1940 2691 2004 2745 in
2024 2697 2322 2763 conspectu
2344 2694 2521 2764 ipsius
2550 2693 2971 2765 39.1tem(Psal.
2995 2708 3075 2760 ιχ,
3103 2699 3168 2749 18
3193 2698 3305 2766 ,19)
3336 2715 3349 2751 :
3375 2700 3536 2756 Aver-

1942 2784 2142 2835 tantur
2164 2786 2484 2851 peccatores
2528 2784 2591 2837 in
2631 2783 2864 2853 inferos,
2896 2798 3084 2840 omnes
3120 2786 3385 2842 nationes
3412 2804 3534 2861 qua:

1941 2868 2041 2922 Dei
2068 2867 2496 2936 obliviscuntur,
2528 2872 2798 2942 quoniam
2827 2887 2943 2927 non
2972 2872 3034 2927 in
3067 2873 3242 2941 ﬁnem
3272 2873 3538 2933 oblivioni

235 2958 491 3028 aquilone
511 2960 570 3014 et
599 2958 774 3028 mari,
797 2957 902 3011 alii
930 2961 1119 3013 autem
1138 2955 1204 3011 de
1234 2959 1388 3011 terra
1407 2957 1731 3011 Persarum.
1754 2953 1832 3007 De
1860 2956 1904 3035 ε
1938 2953 2231 3010 habebitur
2249 2957 2539 3014 mendicus
2562 2978 2580 3013 :
2602 2960 2910 3016 tolerantia
2923 2976 3240 3032 pauperum
3260 2979 3374 3020 non
3390 2966 3538 3037 peri-

234 3046 422 3117 quibus
447 3054 502 3101 et
531 3062 725 3101 rursus
762 3046 925 3113 (Ibid.
956 3047 1047 3115 18)
1080 3062 1093 3099 :
1140 3045 1351 3102 Attolle
1381 3060 1485 3117 per
1520 3043 1825 3100 circuitum

237 3136 416 3191 oculos
444 3139 595 3199 tuos,
621 3140 678 3192 et
696 3136 839 3203 vide,
864 3150 1056 3192 omnes
1077 3134 1399 3206 congregati
1417 3138 1578 3191 sunt.
1602 3134 1679 3188 De
1707 3131 1829 3204 qui-

239 3223 338 3278 bus
371 3236 421 3280 et
456 3224 602 3279 infra
644 3225 805 3293 (Ibid.
846 3227 938 3295 2t)
971 3243 986 3279 :
1030 3227 1179 3283 Vides
1209 3226 1258 3264 33
1287 3226 1507 3296 ignotos
1543 3229 1597 3282 et
1626 3227 1827 3281 extra-

234 3331 361 3372 neos
390 3335 408 3370 :
440 3318 497 3372 et
529 3315 680 3372 dices
717 3315 874 3372 cordi
913 3320 1009 3373 tuo
1037 3335 1056 3370 :
1094 3316 1227 3384 Quis
1256 3319 1394 3371 istos
1428 3315 1623 3386 genuit
1653 3312 1829 3369 mihi?

233 3407 420 3471 Porro,
454 3404 551 3460 hos
582 3404 707 3475 quis
736 3404 880 3461 mihi
907 3404 1203 3461 educavit?
1230 3407 1309 3460 At
1332 3404 1392 3460 hi
1418 3403 1560 3460 mihi
1586 3403 1682 3459 ubi
1705 3404 1830 3474 fue-

239 3495 410 3549 runt?
440 3493 539 3549 Hic
582 3493 831 3550 Christus
865 3510 976 3550 non
1020 3496 1442 3567 prophetarum?
1472 3495 1538 3548 Et
1571 3492 1693 3566 quis
1727 3491 1830 3548 erit

235 3580 469 3637 Christus
510 3581 964 3649 Marcionilarum,
1014 3582 1061 3637 si
1115 3582 1439 3653 perversitas
1486 3579 1684 3653 placet,
1736 3579 1829 3652 qui

239 3684 337 3726 non
367 3669 527 3727 fuerit
556 3670 984 3741 PrOphetarum?

811 3808 1041 3866 CAPUT
1076 3809 1232 3867 XIV.

308 3932 475 3990 Venio
528 3948 675 3989 nunc
729 3932 796 3988 ad
853 3931 1160 3990 ordinarias
1213 3931 1510 3989 sententias
1557 3932 1699 4003 ejus,
1730 3948 1830 4005 per

250 4033 368 4088 quas
394 4022 778 4093 proprietatem
811 4022 1073 4079 doctrinae
1102 4037 1216 4078 suae
1253 4020 1461 4077 inducit
1497 4021 1565 4076 ad
1593 4020 1830 4078 edictum

252 4109 324 4174 (ut
361 4108 430 4164 ita
478 4109 728 4182 dixerim)
766 4111 967 4167 Christi
1007 4129 1022 4165 :
1065 4113 1226 4169 Beati
1260 4110 1508 4167 mendici
1544 4109 1645 4182 (sic
1682 4111 1827 4168 enim

253 4195 405 4268 exigit
457 4200 831 4271 interpretatio
878 4200 995 4270 (43)
1044 4198 1290 4257 vocabuli
1336 4198 1484 4271 quod
1528 4198 1585 4254 in
1632 4199 1827 4256 Graeco

253 4287 365 4354 est),
392 4291 652 4359 quoniam
679 4290 915 4346 illorum
945 4293 1029 4347 est
1058 4304 1295 4360 regnum
1324 4290 1592 4345 caelorum
1613 4286 1682 4344 ³³.
1710 4288 1825 4344 Jam

1939 3042 2020 3098 bit
2042 3045 2104 3097 in
2121 3044 2315 3113 ﬁnem.
2339 3045 2468 3099 ltem
2489 3046 2663 3116 (Psal.
2683 3063 2821 3112 cxu,
2840 3050 2890 3112 ὅ,
2917 3050 2972 3118 6)
3004 3066 3018 3103 :
3059 3052 3188 3119 Quis
3214 3054 3362 3110 sicut
3391 3058 3534 3111 Deus

1936 3138 2147 3202 noster,
2160 3136 2257 3206 qui
2276 3134 2497 3189 habitat
2518 3135 2581 3189 in
2599 3138 2855 3206 excelsis,
2868 3144 2926 3196 et
2953 3139 3196 3196 humilia
3208 3148 3534 3214 prospectat

1936 3223 2001 3277 in
2012 3222 2146 3279 caelo
2158 3226 2214 3279 et
2226 3223 2289 3277 in
2307 3220 2500 3279 terra?
2526 3223 2631 3290 Qui
2647 3226 2889 3281 suscitat
2909 3226 3238 3282 mendicum
3258 3229 3324 3284 de
3353 3234 3531 3296 terra,

1937 3316 1991 3367 et
2018 3311 2084 3368 de
2100 3315 2346 3368 stercore
2375 3312 2601 3367 exultat
2624 3316 3063 3387 pauperem,uti
3084 3314 3273 3372 sedere
3292 3332 3424 3372 eum
3444 3320 3516 3388 fu-

1938 3402 2054 3455 ciat
2073 3416 2201 3456 cum
2226 3399 2574 3473 principibus
2586 3402 2796 3473 populi,
2815 3402 2999 3474 utique
3020 3402 3074 3456 in
3091 3418 3264 3475 regno
3293 3419 3412 3462 suo.
3444 3404 3534 3462 Sic

1935 3500 1988 3546 et
2007 3497 2151 3545 retro
2167 3489 2222 3543 in
2250 3488 2458 3544 Basiliis
2485 3488 2619 3561 (45),
2647 3491 2801 3545 Anna
2828 3501 2999 3547 mater
3027 3491 3310 3564 Samuelis,
3343 3494 3534 3565 spiritu

1936 3578 2166 3650 gloriam
2194 3577 2311 3634 Deo
2341 3577 2575 3634 reddens
2605 3596 2618 3635 :
2659 3580 2783 3649 Qui,
2812 3579 2987 3651 inquit
3017 3581 3063 3649 (Ι
3096 3584 3223 3654 Reg.
3256 3599 3316 3652 ιι,
3346 3585 3400 3653 8)
3431 3599 3531 3639 ea:-

1936 3669 2084 3724 citat
2110 3682 2415 3740 pauperem
2453 3664 2523 3722 de
2556 3669 2733 3733 terra,
2764 3673 2818 3725 et
2854 3668 3197 3738 mendicum,
3228 3673 3320 3727 uti
3345 3671 3535 3729 sedere

1937 3774 2067 3814 eum
2110 3758 2293 3827 faciat
2328 3771 2460 3813 cum
2500 3754 2755 3825 dynastis
2787 3757 3007 3829 populi,
3037 3756 3226 3829 utique
3270 3759 3325 3815 in
3363 3774 3534 3830 regno

1937 3859 2037 3900 suo
2065 3845 2116 3883 4°
2144 3862 2160 3900 :
2193 3850 2247 3903 et
2275 3846 2341 3901 in
2378 3844 2597 3902 thronis
2634 3846 2849 3917 gloriae,
2882 3844 3068 3918 utique
3106 3846 3399 3927 regalibus.
3432 3848 3535 3904 Per

1936 3934 2124 3990 Isaiam
2172 3948 2303 3991 vero
2349 3934 2454 4003 (In,
2488 3935 2602 4004 13),
2632 3933 2909 4009 quomodo
2953 3934 3223 3991 invehitur
3267 3936 3323 3992 in
3367 3954 3534 3995 vexa-

1938 4029 2083 4078 tores
2118 4021 2454 4093 egenorum?
2495 4021 2587 4080 Vos
2615 4026 2811 4080 autem
2839 4023 2913 4079 ad
2948 4023 3084 4096 quid
3114 4024 3420 4083 incenditis
3448 4028 3535 4082 vi-

1937 4125 2106 4166 neam
2134 4126 2342 4180 meam,
2366 4113 2423 4167 et
2442 4112 2648 4181 rapina
2675 4111 2924 4167 mendici
2942 4113 3006 4167 in
3026 4112 3278 4170 domibus
3298 4116 3538 4171 vestris?

1941 4201 2052 4257 Cur
2069 4215 2160 4257 vos
2184 4197 2391 4255 lwditis
2405 4198 2687 4270 populum
2707 4215 2921 4273 meum,
2942 4206 3000 4257 et
3017 4202 3225 4271 faciem
3242 4201 3534 4259 mendico—
3569 4230 3591 4252 .

1938 4305 2074 4347 rum
2103 4285 2496 4358 confunditis?
2513 4296 2567 4341 et
2588 4303 2772 4343 rursus
2798 4288 2880 4359 (ι,
2905 4289 2960 4359 1)
2992 4306 3007 4344 :
3052 4290 3135 4346 Va:
3153 4291 3249 4363 qui
3276 4291 3533 4353 scribunt

257 4368 349 4427 hoc
376 4374 543 4445 ipsum
585 4377 734 4449 quod
768 4393 801 4432 a
838 4375 1304 4434 benedictionibus
1341 4374 1530 4446 coepit,
1559 4374 1828 4431 Creatoris
1862 4342 1907 4420 θ
1940 4373 2777 4451 nequitiam;scribentesenim
2796 4342 3535 4449 scﬁbuntneduam,vita1i-

259 4468 347 4524 est.
372 4465 459 4535 qui
487 4466 740 4524 universa
767 4472 927 4538 prout
965 4464 1155 4533 edidit,
1188 4465 1334 4521 nulla
1364 4464 1471 4519 alia
1500 4478 1635 4520 voce
1663 4480 1829 4536 quam

1942 4471 2022 4525 tes
2034 4464 2259 4537 judicia
2279 4462 2689 4531 mendicorum,
2701 4468 2757 4522 et
2776 4464 3314 4537 diripientesjudica
3322 4472 3382 4524 ta
3397 4485 3539 4542 pau-

1594 4589 1787 4653 Varite
1840 4594 2152 4655 lectiones.

320 4717 359 4758 31
386 4721 637 4795 Pr0prius
661 4726 781 4795 Rig.
806 4726 990 4785 Venet.
1026 4725 1194 4783 Seml.
1220 4724 1268 4763 ³³
1296 4723 1410 4781 Hos
1436 4723 1692 4783 Ciaccon.
1720 4723 1770 4763 33
1800 4722 2154 4795 VidensLat.
2185 4721 2323 4795 Jun.
2352 4722 2399 4761 ³4
2419 4720 2519 4795 Dei
2541 4720 2710 4780 Seml.
2749 4719 2971 4795 Obcrthi.
2994 4721 3051 4795 r35
3068 4719 3540 4795 Benedictionibus

261 4790 362 4863 Rig.
403 4790 581 4853 Venet.
616 4795 666 4835 3°

260 4865 432 4922 Omitt.
463 4867 635 4925 Seml.

740 4793 906 4853 cteris
926 4798 1061 4854 Jun.
1086 4795 1133 4836 37
1161 4797 1260 4852 Est
1289 4796 1477 4857 omitt.
1513 4797 1686 4855 Seml.
1718 4794 2053 4853 “Liberavit
2079 4795 2158 4852 al.
2189 4794 2238 4834 39
2260 4793 2455 4851 Coram
2487 4794 2607 4866 ipso
2628 4797 2806 4851 Fran.
2838 4794 2891 4835 ἰο
2917 4794 3117 4866 Utique
3145 4793 3201 4850 in
3234 4808 3402 4866 regno
3440 4808 3540 4851 suo

1633 4937 2132 5005 Commentarius.

250 5052 417 5178 E532)
447 5057 611 5113 Hunc
671 5053 919 5115 vocando
968 5055 1180 5115 Iesum.
1229 5054 1374 5113 Idem
1414 5062 1498 5113 est
1534 5070 1600 5113 ac
1637 5055 1829 5114 Josue.

309 5196 418 5268 (43)
458 5199 617 5272 Beati
656 5199 923 5267 mendici,
958 5203 1038 5257 sic
1082 5201 1235 5259 enim
1279 5200 1458 5272 exigit
1500 5201 1841 5272 interpreta-

247 5268 333 5353 tio,
346 5278 456 5352 etc.
474 5269 769 5353 Grmceest
789 5272 952 5353 Lucae
970 5288 1029 5353 vi
1050 5273 1254 5353 πςτῳχοὶ,
1270 5268 1420 5353 quod
1441 5268 1839 5353 proprie—men-

243 5338 704 5414 dicosgsigniﬁcat,
726 5343 881 5413 juxta
901 5344 1027 5398 illud
1050 5338 1423 5413 Aristophanis
1441 5338 1498 5397 in
1520 5338 1675 5399 Pluto
1695 5363 1839 5397 πτω-

239 5417 323 5484 χᾳῦ
354 5411 710 5479 vita'vivere,
732 5411 828 5470 est
869 5414 1003 5469 nihil
1058 5411 1365 5484 habentem,
1394 5414 1587 5484 πένητος
1634 5425 1839 5480 autem,

239 5483 292 5536 id
347 5491 449 5553 est,
510 5484 790 5557 pauperis,
846 5501 1004 5557 parce
1056 5486 1138 5543 uti
1200 5483 1503 5542 laboribus
1529 5485 1839 5557 intendere;

239 5502 292 5536 ια
347 5502 449 5553 εει,
510 5502 790 5557 pauperis,
885 5502 1004 5543 arce
1056 5502 1138 5543 uu
1200 5502 1478 5542 laDOI'lDllS
1529 5502 1839 5557 intendere;

237 5568 404 5627 supra
433 5566 638 5627 tamen,
667 5557 713 5614 ι.
741 5556 808 5616 de
830 5502 973 5618 fdol.
1002 5574 1052 5617 c.
1090 5561 1173 5628 t2,
1202 5558 1409 5618 Felices
1436 5572 1633 5630 egenos
1663 5565 1843 5614 trans-

1945 5056 2084 5114 tulit.
2118 5055 2255 5112 Pu.

2015 5129 2128 5200 (44)
2179 5127 2464 5200 [nclamat
2509 5125 3234 5200 Psalmus,i.ludicate,etc.
3279 5126 3425 5200 Istud
3472 5143 3541 5184 ex

1945 5198 2088 5257 Psal.
2119 5215 2285 5256 Lxxxr
2316 5198 2371 5254 in
2401 5200 2504 5256 hoc
2528 5198 2773 5272 variata
2797 5199 3032 5271 Vulgata
3063 5198 3193 5272 edit.
3225 5199 3367 5272 quod
3398 5200 3543 5271 legat

1948 5274 2107 5328 Iuste
2139 5275 2400 5336 tractate,
2422 5286 2523 5341 pro
2551 5285 2659 5342 quo
2689 5269 2777 5326 alii
2807 5266 2996 5327 omnes
3024 5287 3091 5328 ex
3121 5266 3315 5328 Grae'co
3340 5266 3544 5323 δικαῖώ-

1948 5361 2086 5410 σατε,
2105 5344 2360 5413 justi/ica
2368 5346 2439 5397 te.
2473 5343 2617 5413 ΡΔΠ.

2020 5362 2086 5410 τε,
2140 5362 2439 5413 usu/icore.
2474 5362 2617 5397 rut.

2020 5362 2133 5483 (45)
2169 5414 2415 5490 ᾗαδίίἱίδ.
2446 5412 2503 5490 Id
2544 5419 2651 5490 est1L
2676 5411 2826 5467 libris
2865 5413 3098 5490 BegumJ
3126 5409 3327 5490 quibps
3367 5408 3541 5490 adnu-

1953 5454 2132 5542 méiii'
2169 5454 2392 5540 ﬂgiti?
2414 5454 2765 5554 eiiamugduos.
2798 5454 3324 5554 primgsj..ga‘muelis
3369 5478 3543 5537 dictos

1954 5557 2024 5614 ab
2052 5555 2317 5624 Hebraeis,
2348 5561 2511 5626 atque
2536 5552 2663 5609 inde
2692 5569 2724 5609 a
2751 5551 3192 5611 Protestantibus.
3222 5551 3361 5607 Enn.
