4018 6192
439 340 548 401 419

1150 333 1591 397 TERTULLIANI
1631 336 1895 398 OPERUM
1933 334 2100 396 PARS
2136 334 2203 396 II.
2244 367 2315 379 —
2352 332 2578 395 SERIES
2614 334 2658 398 Ι,
2698 330 3038 392 POLEMICA.

3626 335 3737 396 420

436 483 637 541 perum
656 465 855 536 populi
872 479 1002 518 mei.
1028 461 1158 529 Quae
1176 463 1377 533 judicia
1399 463 1612 534 pupillis
1633 479 1849 537 quoque
1876 472 1926 519 et
1955 464 2033 519 vi-
2063 451 2108 530 Α
2140 467 2299 522 Beati
2325 462 2589 529 mendici,
2622 461 2890 533 quoniam
2922 459 3151 514 illorum
3178 461 3265 514 est
3295 474 3536 531 regnum
3563 463 3735 520 caelo-

438 554 561 608 duis
613 552 800 623 exigit,
840 559 901 606 ut
936 557 989 605 et
1034 550 1398 621 ipsis’egenis
1442 550 1631 607 solatia
1659 550 1746 604 41?
1784 552 2037 609 Judicate

436 643 673 716 pupillo,
697 644 753 695 et
766 642 922 711 juste
956 642 1204 695 tractata
1224 640 1467 706 viduam,
1493 644 1549 697 et
1570 642 1755 696 venite
1773 642 2036 697 concilie-

441 749 594 797 mur,
646 731 781 787 dicit
819 730 1091 787 Dominus
1143 727 1257 799 (46)
1302 731 1428 797 (lsa.
1475 744 1515 799 ι,
1566 732 1674 799 17).
1718 728 1814 785 Cui
1861 737 2038 785 tantus

440 819 673 876 affectus
714 820 773 872 in
816 833 1031 874 omnem
1071 817 1426 874 conditionem
1468 817 1781 874 humilitatis
1817 817 2037 874 Creato-

440 910 520 963 ris
568 917 669 975 est,
701 909 819 977 ejus
855 907 957 964 erit
996 913 1050 962 et
1090 923 1310 977 regnum
1350 908 1491 977 quod
1536 923 1566 960 a
1602 906 1814 963 Christo
1843 922 2033 978 repro-

439 997 696 1066 mittitur;
730 996 794 1049 ad
843 999 998 1066 cujus
1055 995 1306 1051 affectum
1350 998 1461 1065 jam
1516 997 1717 1051 dudum
1767 995 2039 1068 pertinent

440 1087 498 1156 ii,
541 1087 741 1158 quibus
782 1085 1201 1158 repromittitur.
1232 1086 1369 1140 Nam
1412 1085 1512 1141 etsi
1564 1093 1719 1157 putas
1765 1085 2038 1143 Creatoris

438 1175 657 1247 quidem
709 1184 951 1230 terrenas
998 1173 1386 1244 promissiones
1433 1173 1621 1239 fuisse,
1670 1172 1867 1230 Christi
1912 1189 2037 1230 vero

441 1266 723 1328 caelestes;
759 1263 896 1317 bene
932 1261 1077 1332 quod
1123 1262 1318 1317 caelum
1357 1261 1556 1317 nullius
1605 1261 1829 1319 alterius
1867 1278 2039 1335 usque

441 1352 617 1406 adhuc
653 1350 754 1406 Dei
792 1360 1036 1421 apparet,
1067 1350 1170 1404 nisi
1214 1351 1374 1419 cujus
1403 1358 1457 1406 et
1494 1356 1676 1406 terra:
1714 1351 1851 1406 bene
1892 1353 2037 1423 quod

439 1440 659 1496 Creator
700 1438 782 1495 vel
832 1438 1044 1493 minora
1090 1438 1357 1509 promisit,
1386 1446 1444 1494 ut
1490 1438 1696 1495 facilius
1746 1438 1824 1493 illi
1872 1447 1925 1495 et
1971 1441 2038 1496 de

440 1526 739 1597 majoribus
789 1525 1022 1590 credam,
1056 1541 1216 1597 quam
1263 1526 1356 1597 qui
1397 1542 1667 1598 nunquam
1704 1529 1772 1582 de
1808 1526 2036 1583 minori-

440 1614 542 1670 bus
597 1614 747 1687 prius
801 1614 964 1670 ﬁdem
1007 1614 1337 1671 liberalitatis
1388 1631 1503 1670 suae
1556 1616 1752 1672 struxit
1801 1634 1814 1669 :
1872 1618 2031 1672 Beati

439 1704 772 1771 esurientes,
804 1703 1075 1774 quoniam
1110 1704 1219 1774 ipsi
1248 1703 1298 1740 ¹ι²
1334 1702 1774 1759 saturabuntur.
1806 1703 2028 1760 Possem

439 1791 581 1846 hunc
620 1791 835 1846 titulum
877 1791 931 1844 in
966 1790 1295 1860 superiorem
1338 1791 1713 1861 transmisisse,
1749 1792 1893 1863 quod
1923 1808 2029 1849 non
2066 1757 2110 1835 Β

443 1880 533 1934 alii
581 1881 709 1935 sunt
747 1878 1071 1946 esurientes,
1100 1894 1262 1950 quam
1302 1894 1564 1950 pauperes
1608 1888 1662 1935 et
1700 1882 1955 1951 mendici,
1985 1883 2032 1937 si

440 1985 549 2025 non
594 1978 647 2023 et
690 1969 830 2024 hanc
884 1969 1298 2039 promissionem
1349 1970 1576 2025 Creator
1628 1970 1931 2044 Specialitcr
1977 1972 2032 2028 in

440 2056 721 2129 Evangelii
777 2056 982 2113 scilicet
1032 2056 1119 2112 sui
1175 2059 1634 2129 praestructionem
1684 2060 2027 2120 destinasset.

440 2145 717 2217 Siquidem
748 2162 844 2217 per
883 2145 1095 2217 Isaiam,
1124 2148 1193 2203 de
1223 2151 1304 2202 eis
1341 2163 1481 2219 quos
1514 2157 1807 2206 vocaturus
1836 2161 1976 2207 esset
2000 2166 2033 2206 a

439 2250 653 2290 summo
701 2246 880 2305 terrae,
914 2235 1102 2303 utique
1148 2236 1394 2292 nationes
1438 2241 1644 2304 :Ecce,
1670 2238 1847 2310 inquit
1898 2240 2033 2312 (Isa.

439 2341 496 2391 v,
529 2324 641 2397 26),
671 2326 959 2393 uelociter,
993 2328 1050 2382 et
1082 2324 1277 2382 leviter
1307 2328 1611 2384 advenient
1640 2326 1711 2383 4³.
1740 2327 2030 2400 Velociter,

441 2429 551 2487 qua
577 2415 629 2451 44
660 2422 1013 2485 properantes
1060 2414 1159 2468 sub
1206 2414 1412 2470 finibus
1460 2423 1790 2486 temporum;
1826 2416 2032 2485 leviter,

441 2517 547 2573 qua
573 2501 623 2540 4⁵
653 2503 772 2557 sine
802 2502 1057 2557 oneribus
1085 2498 1262 2558 890
1291 2501 1532 2571 pristinae
1562 2503 1723 2576 legis.
1756 2505 1878 2561 Non
1907 2521 2034 2561 esu-

440 2592 620 2661 rient,
636 2606 814 2662 neque
827 2592 1026 2648 sitient
1049 2610 1066 2644 :
1091 2605 1224 2663 ergo
1245 2590 1656 2660 saturabuntur;
1680 2592 1826 2664 quod
1845 2593 2033 2664 utique

439 2676 545 2732 nisi
590 2678 948 2736 esurientibus
985 2688 1040 2734 et
1085 2678 1390 2734 sitientibus
1437 2694 1546 2735 non
1587 2680 1933 2749 promittitur.
1968 2682 2032 2737 Et

438 2781 627 2821 rursus
676 2784 691 2822 :
742 2771 900 2834 Ecce,
939 2767 1113 2838 inquit
1159 2768 1287 2835 (Isa.
1320 2783 1451 2839 va,
1494 2769 1607 2838 15),
1638 2772 1736 2840 qui
1777 2773 2033 2827 serviunt

437 2854 604 2920 mihi,
633 2856 1081 2921 saturabuntur;
1111 2872 1204 2911 vos
1231 2860 1427 2910 autem
1460 2857 1757 2925 esurietis‘;
1779 2873 1901 2915 ecce
1930 2861 2032 2931 qui

438 2943 696 2998 serviunt
716 2943 877 3009 mihi,
899 2942 1085 2997 bibent
1101 2962 1120 3011 ;
1135 2957 1227 2997 vos
1252 2947 1449 2999 autem
1468 2944 1696 3001 sitietis.
1713 2945 2030 3002 Videbimus

2141 571 2291 611 rum.
2335 583 2406 594 -—
2450 553 2577 620 (lsa.
2610 564 2721 618 in,
2756 548 2808 619 1)
2856 566 2870 602 :
2926 547 3073 603 Misit
3117 561 3210 602 me
3255 563 3457 605 curare
3501 549 3737 608 obtritos

2141 643 2322 699 corde.
2343 671 2414 683 —
2436 640 2686 710 (Luc.v1,
2711 638 2800 707 21)
2831 654 2844 691 :
2870 637 3033 691 Beati
3051 636 3148 707 qui
3166 638 3737 709 esuriunt,quoniam

2139 729 2252 800 ipsi
2270 728 2314 765 51
2341 726 2778 784 saturabuntur.
2809 755 2878 764 —
2906 724 3036 792 (Isa.
3058 738 3172 792 LXI,
3197 725 3251 793 1)
3278 740 3289 779 :
3316 724 3595 783 Advocare
3619 728 3741 783 lano

2140 822 2373 888 quentes
2402 818 2538 887 (47).
2571 845 2640 855 -
2678 814 2837 885 (Luc.
2869 829 2951 879 v1,
2982 812 3075 883 21)
3108 829 3122 867 :
3154 815 3317 870 Beati
3355 817 3451 888 qui
3474 816 3736 888 plorant,

2142 908 2414 978 quoniam
2434 904 2719 961 ridebunt.
2747 933 2819 943 ——
2840 904 2973 972 (Isa.
2998 917 3112 967 LXI,
3130 903 3183 973 3)
3210 921 3222 957 :
3251 906 3396 960 Dare
3417 904 3739 976 lugentibus

2143 996 2330 1053 Sionis
2348 995 2608 1067 gloriam,
2633 998 2689 1049 et
2705 993 2754 1030 ⁵²
2774 1009 2873 1065 pro
2894 992 3082 1049 cinere
3101 993 3387 1065 unguenti
3397 994 3741 1065 jucundita-

2145 1086 2280 1151 tem,
2310 1085 2367 1137 et
2402 1082 2599 1153 gloriae
2640 1081 2899 1138 habitum
2932 1096 3036 1152 pro
3074 1081 3286 1153 spiritu
3326 1079 3501 1137 tcedii.
3534 1080 3662 1136 Haec
3692 1080 3739 1135 si

2144 1170 2326 1226 statim
2379 1169 2644 1226 admissus
2695 1168 2945 1225 Christus
3017 1167 3437 1236 administravit;
3476 1175 3567 1225 aut
3619 1167 3739 1239 ipse

2143 1268 2248 1330 est,
2279 1259 2374 1330 qui
2429 1274 2490 1316 se
2541 1258 2610 1314 ad
2663 1259 2778 1315 haec
2830 1266 3117 1315 venturum
3166 1255 3510 1329 praedicavit;
3553 1264 3648 1312 aut
3693 1260 3740 1313 si

2145 1349 2384 1405 nondum
2432 1351 2579 1405 venit
2622 1350 2715 1422 qui
2765 1346 3096 1422 praedicavit,
3127 1346 3370 1414 ridicule,
3401 1345 3497 1403 sed
3542 1360 3737 1403 neces.

2142 1438 2281 1493 sarie
2324 1436 2568 1503 dixerim,
2603 1436 2831 1493 fortasse
2872 1435 3206 1493 mandaverit
3249 1434 3461 1491 Christo
3506 1434 3741 1491 Marcio-

2141 1527 2228 1581 nis
2260 1543 2274 1580 :
2298 1527 2458 1582 Beati
2478 1528 2659 1594 eritis,
2682 1542 2813 1583 cum
2830 1540 2925 1582 vos
2949 1524 3073 1585 odio
3094 1523 3369 1583 habebunt
3391 1524 3661 1589 homines,
3686 1528 3744 1580 et

2142 1614 2581 1688 exprobrabant,
2606 1620 2662 1673 et
2680 1615 2916 1688 ejicient
2942 1631 3147 1673 nomen
3175 1617 3453 1686 vestrum,
3471 1614 3623 1670 velut
3651 1630 3744 1670 ne-

2140 1719 2312 1775 quam
2341 1704 2410 1769 53,
2432 1708 2664 1776 propter
2691 1705 2885 1774 ﬁlium
2916 1702 3167 1761 hominis
3198 1705 3354 1773 (Luc.
3379 1718 3456 1770 vr,
3479 1701 3591 1774 22).
3616 1702 3745 1759 Haec
3772 1735 3779 1739 -

2141 1792 2584 1862 pronuntiatione
2626 1791 2741 1848 sine
2787 1791 2953 1848 dubio
2992 1794 3056 1847 ad
3096 1790 3440 1848 tolerantiam
3487 1791 3744 1847 exhorta-

2142 1890 2244 1935 tur.
2269 1879 2409 1948 Quid
2442 1879 2626 1936 minus
2657 1879 2884 1937 Creator
2909 1896 3008 1953 per
3034 1879 3226 1936 Isaiam
3256 1880 3354 1951 (LI,
3383 1880 3443 1951 '7)
3477 1897 3491 1934 :
3521 1880 3598 1937 Nc
3623 1896 3744 1936 me-

2144 1970 2375 2025 tueritis
2395 1968 2775 2042 ignominiam
2797 1969 2868 2025 ab
2888 1967 3227 2035 hominibus,
3246 1973 3301 2024 et
3319 1970 3425 2024 nul
3432 1968 3744 2038 liﬁcatione

2141 2072 2340 2113 eorum
2368 2075 2441 2115 ne
2468 2057 3001 2126 minuaminirQuae
3031 2056 3367 2128 ignominia?
3393 2072 3516 2128 quae
3540 2054 3755 2126 nulliiis

2139 2146 2300 2211 catio,
2334 2161 2456 2217 quae
2512 2146 2748 2202 futura?
2812 2157 2925 2202 erat
2983 2154 3207 2218 propter
3258 2144 3425 2201 ﬁlium
3479 2144 3737 2201 hominis.

2140 2233 2316 2303 Quem
2364 2234 2565 2291 istum?
2600 2233 2705 2302 Qui
2753 2243 2837 2291 est
2881 2235 3179 2291 secundum
3225 2235 3550 2291 Creatorem.
3587 2233 3744 2290 Unde

2141 2323 2529 2395 probabimus?
2556 2323 2781 2380 Excidio
2830 2325 2884 2379 in
2923 2323 3101 2395 ipsum
3139 2339 3352 2396 quoque
3392 2321 3554 2381 39]
3594 2338 3740 2393 prae-

2141 2412 2337 2482 dicato,
2369 2411 2511 2469 sicut
2548 2429 2643 2484 per
2674 2412 2870 2468 Isaiam
2912 2412 3033 2486 (ut,
3062 2413 3121 2485 '7)
3150 2412 3217 2469 ad
3258 2420 3506 2469 auctores
3553 2412 3663 2467 odii
3692 2411 3744 2449 ⁵4

2141 2499 2360 2555 Judaeos
2384 2516 2398 2553 :
2420 2502 2656 2573 Propter
2679 2517 2771 2558 vos
2787 2501 3216 2574 blasphematur
3236 2518 3441 2559 nomen
3464 2517 3655 2557 meum
3677 2502 3745 2555 in

2141 2590 2489 2646 nationibus.
2512 2590 2579 2643 Et
2602 2588 2729 2643 alibi
2759 2606 2772 2644 :
2801 2591 3029 2647 Sancite
3048 2589 3097 2628 ⁵⁵
3116 2605 3245 2646 eum
3266 2591 3365 2662 qui
3382 2590 3738 2645 circumscri-

2142 2677 2223 2734 bit
2252 2680 2509 2735 animam
2528 2694 2713 2743 suam,
2738 2678 2838 2752 qui
2852 2684 3281 2753 aspernamento
3303 2678 3539 2735 habetur
3564 2694 3599 2732 a
3626 2693 3742 2731 na-

2144 2767 2414 2838 tionibus,
2446 2768 2703 2837 famulis,
2727 2772 2782 2823 et
2811 2766 3260 2839 magistratibus.
3294 2766 3352 2823 Si
3380 2766 3524 2823 enim
3552 2766 3744 2822 odium

2142 2856 2198 2911 in
2227 2857 2373 2911 illum
2407 2855 2574 2912 ﬁlium
2612 2856 2847 2911 hominis
2887 2857 3282 2927 praedicabatur
3319 2857 3411 2928 qui
3445 2855 3741 2913 secundum

2138 2946 2440 3002 Creatorem
2481 2953 2587 3016 est,
2614 2945 2968 3019 Evangelium
3007 2954 3186 3002 autem
3230 2961 3430 3002 nomen
3473 2944 3743 3000 Christia-

437 3039 492 3085 et
527 3030 797 3087 contraria
843 3030 963 3100 ista,
995 3047 1062 3085 an
1111 3030 1326 3088 Christo
1363 3033 1853 3104 prmministrentur
1893 3053 1906 3089 :
1951 3037 2036 3090 in-
2070 3037 2113 3116 ο
2141 3049 2354 3103 norum,
2386 3033 2572 3104 utique
2622 3050 2653 3088 a
2708 3034 2924 3090 Christo
2981 3034 3293 3100 deductum,
3324 3034 3451 3090 odio
3499 3032 3741 3088 futurum

438 3118 595 3174 terim
650 3118 796 3191 quod
857 3119 1225 3176 esurientibus
1288 3121 1625 3177 saturitatem
1682 3123 2031 3193 repromittit,

436 3206 536 3262 Dei
563 3199 822 3264 creatoris
849 3217 952 3265 est.
975 3210 1134 3265 Beati
1160 3209 1471 3282 plorantes,
1494 3213 1631 3284 quia
1659 3212 1710 3251 ¹ι⁶
1742 3214 2030 3271 ridebunt.

434 3295 671 3353 Decurre
709 3297 1027 3353 sententiam
1064 3300 1213 3353 Isaiae
1250 3301 1404 3369 (va,
1441 3299 1530 3372 13)
1562 3317 1575 3354 :
1621 3303 1754 3359 Ecce
1783 3304 1886 3374 qui
1910 3319 2035 3359 ser—

434 3387 599 3442 uiunt
622 3388 787 3457 mihi,
812 3387 1152 3445 exultabant
1174 3389 1240 3443 in
1250 3388 1625 3459 jucunditate
1645 3389 1715 3457 4⁷,
1734 3408 1827 3448 vos
1841 3396 2035 3449 autem

433 3476 888 3547 confundemini.
930 3480 1067 3533 Ecce
1096 3479 1199 3549 qui
1236 3479 1493 3533 serviunt
1518 3479 1664 3535 mihi
1691 3481 2039 3539 oblectaban-

436 3564 538 3619 tur
565 3563 634 3632 4³,
666 3580 758 3620 vos
788 3568 983 3621 autem
1018 3564 1333 3622 clamabitis
1358 3582 1482 3638 prae
1518 3566 1706 3624 dolore
1734 3568 1936 3626 cordis.
1968 3570 2043 3625 Et

433 3651 549 3707 haec
603 3652 875 3709 contraria
921 3654 1063 3725 apud
1118 3653 1389 3709 Christum
1471 3671 1821 3728 recognesce.
1877 3659 2036 3714 Certe

432 3741 728 3798 oblectatio
741 3750 793 3796 et
810 3741 1098 3798 exsultatio
1130 3741 1180 3796 in
1199 3744 1532 3813 jucunditate
1553 3744 1658 3801 illis
1684 3747 2033 3822 promittitur,

431 3832 604 3905 quiin
636 3832 852 3888 diversa
887 3830 1195 3887 conditione
1225 3840 1367 3897 sunt,
1402 3833 1624 3901 incestis,
1669 3843 1723 3890 et
1768 3836 2030 3904 tristibus,

431 3930 484 3978 et
509 3920 703 3986 anxiis,
735 3918 941 3975 scilicet
978 3920 1137 3974 etiam
1183 3920 1325 3975 Psal.
1352 3936 1502 3976 cxxv
1530 3940 1544 3977 :
1586 3924 1694 3992 Qui
1721 3926 2030 3997 seminant,

430 4009 624 4081 inquit,
648 4011 712 4064 in
746 4008 1028 4082 lacrymis,
1056 4009 1119 4064 in
1149 4010 1506 4067 exultatione
1531 4011 1582 4049 ‘9
1608 4016 1843 4071 metent.
1867 4015 2031 4072 Porro

430 4107 539 4153 tam
580 4099 940 4154 exultantibus
981 4106 1034 4154 et
1070 4100 1466 4170 jucunditatem
1509 4101 1845 4172 capientibus
1889 4104 2031 4161 risus

431 4186 655 4257 accedit,
690 4202 850 4258 quam
894 4186 1250 4243 mcerentibus
1292 4196 1348 4243 et
1390 4187 1693 4246 dolentibus
1741 4190 1918 4249 ﬂetus.
1950 4193 2030 4250 Ita

368 4278 391 4303 '
428 4275 671 4343 Creator,
700 4274 956 4332 materias
994 4276 1136 4332 risus
1176 4283 1230 4331 et
1266 4276 1426 4333 ﬂetus
1468 4278 1788 4348 praedicans,
1824 4280 2027 4338 risuros

429 4364 704 4436 plorantes
730 4364 878 4435 prior
914 4363 1078 4420 dixit.
1128 4364 1303 4436 Igitur
1356 4365 1451 4436 qui
1478 4382 1513 4422 a
1560 4367 1610 4407 ⁵ο
1653 4368 2023 4428 consolatione

429 4468 751 4525 pauperum,
798 4460 852 4510 et
898 4452 1205 4521 humilium,
1256 4463 1311 4510 et
1373 4455 1744 4524 esurientium,
1786 4467 1840 4513 et
1893 4458 2029 4516 ﬂen-

426 4540 563 4597 tium
620 4557 846 4598 exorsus
905 4553 1009 4608 est,
1067 4543 1247 4600 statim
1305 4559 1366 4600 se
1425 4544 1578 4600 illum
1633 4555 2026 4618 repraesentare

427 4630 665 4704 gestivit,
697 4646 853 4702 quem
900 4631 1360 4689 demonstraverat
1389 4648 1483 4704 per
1520 4634 1711 4689 lsaiam
1750 4639 1886 4706 (mu,
1919 4638 1973 4708 1)
2007 4656 2020 4697 :

427 4720 674 4791 Spiritus
702 4720 929 4775 Domini
964 4736 1133 4792 super
1159 4737 1270 4787 me,
1297 4725 1534 4794 propter
1560 4724 1702 4795 quod
1730 4728 1906 4782 unxit
1932 4743 2024 4784 me

423 4810 497 4868 ad
534 4808 1039 4881 euangelizandum
1076 4810 1438 4885 pauperibus.
1478 4841 1550 4855 —
1589 4812 1741 4886 (Luc.
1773 4831 1853 4883 vr,
1884 4817 2017 4887 20):

2141 3133 2471 3182 contestatur
2511 3131 2735 3195 propter
2784 3121 2950 3179 ﬁlium
2989 3123 3243 3195 hominis,
3279 3123 3423 3194 quod
3460 3130 3543 3179 est
3573 3121 3740 3178 Chri-

2143 3225 2278 3282 stus,
2311 3229 2433 3268 eum
2473 3212 2640 3269 ﬁlium
2690 3212 2925 3267 hominis
2966 3212 3022 3267 in
3060 3227 3252 3268 caussa
3288 3213 3397 3267 odii
3440 3212 3738 3277 constituit,

2139 3301 2234 3375 qui
2263 3309 2376 3357 erat
2403 3301 2702 3357 secundum
2731 3299 3066 3383 Creatorem,
3097 3301 3151 3356 in
3178 3316 3340 3372 quem
3377 3299 3563 3356 odium
3590 3315 3739 3370 prae-

2142 3391 2441 3449 dicabatur.
2486 3392 2557 3445 Et
2609 3389 2816 3462 utique,
2876 3389 2922 3445 si
2974 3389 3214 3446 nondum
3268 3389 3567 3455 venissent,
3626 3403 3741 3445 non

2142 3480 2408 3551 potuisset
2453 3477 2691 3534 nominis
2735 3477 2938 3545 odium,
2981 3478 3127 3550 quod
3170 3478 3354 3551 agitur
3388 3477 3569 3543 hodie,
3604 3492 3738 3547 per-

2143 3584 2333 3625 sonam
2395 3566 2631 3623 nominis
2687 3566 3062 3623 antecessisse.
3100 3567 3234 3622 Nam
3290 3575 3348 3622 et
3401 3566 3643 3621 sancitur
3687 3565 3741 3603 ⁵6

2141 3673 2309 3729 penes
2350 3672 2473 3726 nos,
2505 3665 2559 3711 et
2596 3656 2825 3710 animam
2873 3671 3027 3711 suam
3073 3653 3481 3724 circumscribit,
3512 3658 3742 3725 propter

2143 3760 2242 3801 nos
2267 3761 2385 3801 eam
2416 3760 2652 3815 ponens,
2685 3754 2740 3799 et
2775 3753 3190 3816 aspernamento
3226 3743 3453 3801 habetur
3480 3758 3512 3797 a
3540 3742 3740 3797 Natio-

2140 3832 2324 3888 nibus.
2356 3832 2423 3888 Et
2467 3832 2560 3903 qui
2614 3840 2771 3887 natus
2809 3840 2910 3898 est,
2942 3833 3061 3903 ipes
3112 3833 3215 3888 erit
3271 3830 3417 3888 ﬁlius
3470 3830 3739 3895 hominis,

2140 3929 2361 3992 propter
2386 3936 2541 3993 quem
2571 3928 2625 3976 et
2649 3935 2849 3977 nomen
2877 3923 3124 3976 nostrum
3151 3928 3452 3978 recusatur.

2740 4061 2969 4119 CAPUT
3006 4060 3125 4120 XV.

2210 4187 2529 4247 Secundum
2567 4186 2705 4257 hwc,
2734 4187 2908 4260 inquit
2951 4190 3100 4259 (Luc.
3131 4190 3236 4261 γι),
3266 4190 3549 4261 faciebant
3587 4193 3739 4253 Pro-

2135 4279 2323 4353 phetis
2345 4283 2542 4352 patres
2570 4293 2788 4337 eorum.
2819 4275 2866 4332 Ο
2892 4276 3161 4335 Christum
3188 4280 3552 4351 versipellem,
3586 4298 3741 4340 nunc

2140 4366 2551 4433 destructorem,
2583 4382 2728 4424 nunc
2774 4372 3101 4424 assertorem
3152 4368 3565 4440 prophetarum!
3612 4371 3737 4427 De-

2138 4457 2376 4515 struebat
2421 4466 2481 4515 ut
2530 4457 2777 4526 aemulus,
2810 4466 3129 4515 convertens
3169 4457 3468 4530 discipulos
3505 4474 3737 4528 eorum;

2138 4547 2245 4603 sibi
2283 4548 2564 4604 asserebat
2600 4556 2660 4602 ut
2691 4546 2914 4617 amicus,
2939 4545 3206 4618 sugillans
3247 4548 3599 4605 insectatores
3630 4563 3739 4605 eo-

2135 4653 2274 4693 rum.
2305 4638 2489 4701 Porro,
2522 4635 2574 4690 in
2621 4643 2881 4707 quantum
2925 4649 3036 4690 non
3064 4635 3111 4674 ⁵⁷
3150 4636 3491 4707 congruisset
3533 4635 3733 4694 Chris-

2133 4738 2191 4782 to
2224 4724 2511 4783 Marcionis
2551 4723 2781 4781 assertio
2818 4725 3222 4798 prOphetarum,
3251 4724 3319 4782 ad
3355 4740 3590 4799 quorum
3626 4742 3737 4782 ve-

2130 4827 2282 4873 nerat
2337 4804 2797 4887 destructionem:
2832 4816 2887 4872 in
2944 4825 3148 4874 tantum
3207 4817 3459 4893 congruit
3510 4817 3737 4875 Christo

1790 4940 1982 5005 Variae
2033 4945 2344 5007 lectiones.

493 5049 742 5125 “Solatii
770 5052 893 5124 Rig.
924 5054 1138 5110 Pamel.
1172 5055 1355 5113 Venet.
1374 5055 1425 5093 42
1454 5056 1559 5125 Ipsi
1589 5059 1772 5114 omitt.
1806 5060 1975 5117 Seml.
2007 5059 2058 5097 ’⁸³
2079 5058 2539 5117 Etomitt.Seml.
2560 5058 2612 5096 ⁴⁴

2640 5057 2780 5130 Quia
2804 5056 2968 5118 Seml.
2988 5056 3047 5130 ξε
3065 5055 3203 5127 Quia
3222 5060 3391 5117 Seml.
3416 5060 3466 5100 46
3493 5058 3602 5129 Qui
3640 5062 3740 5119 Ve-

422 5128 544 5204 net.
565 5122 1078 5204 flpblectabuntu:
1111 5125 1345 5204 Oberch
1363 5127 1414 5204 ’{8
1441 5122 1787 5204 E'xultahunt
1806 5130 1861 5204 in
1885 5129 2224 5204 jucunditate
2252 5129 2536 5204 Obertli._49
2564 5122 2776 5204 Gaudio
2798 5131 2879 5189 al.
2899 5130 2950 5204 ἕο
2974 5122 3115 5197 Quia
3132 5131 3310 5204 Bhen.
3334 5133 3379 5170 51
3397 5122 3739 5204 Ipsi'omitt.

426 5196 597 5252 Seml.
630 5195 679 5232 ⁵2
715 5195 782 5250 Ει
810 5195 998 5251 omitt.
1030 5200 1204 5253 Fran.
1226 5199 1277 5237 53
1293 5199 1490 5254 Malum
1520 5201 1798 5257 Pamel.“
1828 5195 1952 5258 Odii
1979 5202 2168 5258 omitt.
2193 5203 2362 5260 Seml.
2394 5202 2445 5241 ⁵⁵
2466 5201 2813 5262 Sanctiﬁcate
2829 5201 2949 5262 cod.
2980 5195 3101 5257 Lat.
3128 5202 3179 5242 ⁵6
3205 5195 3584 5261 Sanctiﬁcatur
3602 5207 3742 5264 cod.

421 5268 545 5324 Lat.
578 5265 625 5304 5"
654 5267 773 5322 Non
795 5266 946 5326 deest
972 5271 1038 5325 in
1065 5268 1144 5325 al.

1821 5360 2319 5428 Commentarius.

493 5474 606 5543 (46)
638 5475 709 5529 Et
735 5475 924 5531 venite
950 5472 1338 5545 conciliemur,
1361 5473 1504 5545 dicit
1529 5440 1819 5534 Dominus.
1850 5476 2015 5534 Vide-

2194 5478 2309 5555 (47)
2350 5478 2625 5555 Αάυοοανθ
2669 5480 3021 5555 languentes.
3053 5478 3334 5555 Advocare
3379 5494 3479 5555 pro
3525 5494 3734 5539 conso-

423 5551 510 5627 t_ur
549 5545 767 5627 legisse,
797 5545 1197 5627 διαλλαχρῶιίεχς
1228 5544 1350 5627 nam
1387 5544 1480 5627 alii
1525 5552 1763 5620 vertunt,
1797 5549 2049 5623 discep-.
2124 5544 2334 5627 lari,e_t
2366 5554 2696 5627 advocatum
2748 5544 3359 5627 a'gere_langnentium,
3381 5544 3548 5626 quem
3607 5556 3733 5627 ipse

423 5619 629 5682 temus,
655 5617 901 5689 legentes
927 5616 1279 5689 διαλεχθῶμεν.
1306 5616 1388 5675 Ls
1418 5617 1513 5678 Pu.

2121 5626 2279 5682 vocat
2300 5622 2461 5691 intra,
2493 5622 2890 5683 advocatorem.
2924 5622 3110 5682 Rneﬁ.
