4018 6192
224 349 306 406 421

1410 348 1538 408 LIB.
1579 349 1645 410 IV
1683 349 1836 411 ADV.
1880 351 2286 413 MARCIONEM.

3394 363 3499 424 422

223 473 472 528 Creatoris
527 469 802 542 sugillatio
866 473 920 527 in
979 474 1326 530 insectatores
1385 477 1796 546 prorihetarum,
1833 467 1878 546 Α
1912 479 2054 535 tione
2091 479 2324 534 fulcitur.
2361 481 2526 553 Atqui
2557 483 2606 518 θο
2634 496 2912 550 Opponens
2961 487 3307 557 aSperitatem
3333 487 3502 542 Crea-

221 580 332 635 quos
359 564 412 616 in
445 563 702 618 omnibus
725 562 1082 632 adimplebat',
1113 566 1198 618 vel
1231 565 1352 633 quin
1375 567 1549 639 magis
1579 569 1794 623 Creato-

217 652 278 706 ris
304 661 380 706 est
425 651 622 706 delicta
667 659 880 720 patrum
929 649 1054 706 filiis
1103 654 1452 724 exprobrare,
1484 670 1646 727 quam
1677 657 1794 725 ejus

217 743 316 812 Dei,
346 742 438 814 qui
471 757 571 796 nec
595 742 814 811 propria
843 743 1103 812 cujusque
1130 743 1375 814 castigat.
1410 745 1517 799 Sed
1548 761 1653 800 non
1686 755 1794 802 sta-

215 831 312 898 tim,
345 829 548 900 inquis,
573 829 873 900 PrOphetas
895 831 1143 886 tuebatur
1159 832 1202 886 si
1225 831 1560 902 iniquitatem
1576 834 1794 890 Judmo-

210 935 311 976 rum
331 917 652 973 afﬁrmatum
683 917 916 986 volebat,
939 919 1082 990 quod
1105 936 1207 976 nec
1228 936 1350 975 cum
1373 923 1654 992 prOphetis
1683 923 1796 977 suis

211 1009 286 1080 pie
313 1007 575 1080 egissent.
609 1008 810 1078 Atquin
839 1009 986 1062 nulla
1017 1008 1104 1063 hic
1131 1008 1392 1076 iniquitas
1424 1011 1795 1083 exprobranda

210 1105 306 1152 erat
321 1096 547 1158 Iudaeis,
573 1095 856 1150 laudandis
875 1097 1057 1167 potius
1073 1100 1124 1151 et
1147 1097 1458 1167 probandis,
1484 1100 1528 1153 si
1551 1115 1644 1154 eos
1665 1100 1797 1174 figu-

207 1193 460 1248 raverunt,
497 1184 563 1237 ad
595 1198 826 1254 quorum
856 1183 1278 1241 destructionem
1314 1195 1435 1257 post
1465 1193 1672 1244 tantum
1693 1188 1792 1244 aevi

206 1276 334 1330 Deus
387 1271 633 1343 Optimus
681 1279 859 1327 motus
922 1283 1028 1328 est.
1084 1273 1192 1328 Sed
1239 1281 1369 1344 puto
1416 1275 1530 1345 jam
1587 1286 1639 1331 et
1683 1291 1794 1331 non

207 1361 429 1432 optimus
468 1362 584 1430 jam
615 1359 816 1432 aliquid
847 1369 900 1416 et
930 1377 1052 1416 cum
1102 1363 1357 1418 Creatore
1385 1372 1626 1420 moratus
1653 1365 1790 1436 (48),

205 1466 290 1506 nec
317 1451 372 1505 in
412 1459 588 1504 totum
637 1449 856 1520 Epicuri
887 1451 1028 1505 Deus
1079 1449 1207 1520 (49).
1255 1452 1395 1508 Ecce
1423 1451 1568 1506 enim
1597 1453 1788 1508 demu-

205 1549 268 1595 tat
307 1539 362 1592 in
393 1538 858 1607 maledictionem,
905 1547 960 1593 et
1006 1540 1238 1595 ostendit
1277 1556 1402 1596 eum
1443 1556 1503 1594 se
1550 1556 1672 1597 esse
1703 1541 1794 1614 qui

203 1629 334 1684 novit
361 1625 572 1683 offendi
604 1634 658 1682 et
707 1627 866 1682 irasci
900 1645 913 1685 :
955 1627 1040 1684 Va:
1069 1629 1210 1683 enim
1251 1629 1401 1684 dicit.
1445 1629 1551 1684 Sed
1594 1628 1652 1684 ﬁt
1689 1645 1792 1686 no-

202 1717 276 1771 bis
331 1718 554 1788 quaestio
603 1716 672 1770 de
726 1715 882 1772 verbi
945 1715 1103 1772 istius
1156 1715 1430 1788 qualitate,
1471 1718 1624 1788 quasi
1683 1733 1791 1774 non

203 1819 304 1863 tam
359 1806 741 1862 maledictionis
779 1805 870 1874 sit,
915 1823 1076 1878 quam
1124 1807 1530 1865 admonitionis.
1561 1809 1626 1862 Et
1663 1810 1792 1879 quid

209 1910 414 1952 caussae
458 1895 688 1962 interest,
740 1895 958 1966 quando
1004 1903 1056 1949 et
1082 1895 1377 1951 admonitio
1421 1912 1528 1951 non
1575 1897 1646 1952 sit
1675 1898 1794 1954 sine

219 1985 402 2040 aculeo
419 1983 856 2050 comminationis,
881 1981 1052 2039 392
1075 1984 1310 2040 maxime
1331 2000 1429 2054 per
1459 1986 1544 2040 Vae
1564 1985 1796 2041 amarior

209 2072 388 2128 facta?
437 2073 500 2127 Et
549 2071 842 2128 admonitio
901 2081 1078 2127 autem
1135 2079 1187 2126 et
1253 2072 1620 2142 comminatio,
1679 2074 1797 2143 ejus

202 2169 355 2218 erunt
399 2161 494 2231 qui
545 2160 688 2216 norit
735 2159 913 2218 irasci.
966 2160 1139 2217 Nemo
1187 2161 1330 2216 enim
1378 2161 1711 2234 admonebit,
1743 2172 1797 2218 et

197 2265 350 2306 nemo
389 2249 810 2304 comminabitur
855 2265 924 2305 ne
967 2250 1094 2320 quid
1144 2249 1322 2319 faciat,
1353 2249 1456 2305 nisi
1507 2251 1636 2321 quid
1676 2250 1792 2306 fac-

199 2349 301 2393 tum
359 2337 658 2393 vindicabit
705 2359 718 2394 :
781 2353 938 2393 nemo
989 2337 1289 2405 vindicarit,
1338 2337 1439 2392 nisi
1502 2339 1594 2410 qui
1651 2340 1796 2394 norit

199 2427 374 2482 irasci.
428 2426 540 2481 Alii
569 2435 866 2498 agnoscunt
921 2427 1138 2497 quidem
1173 2427 1396 2482 verbum
1444 2427 1793 2483 maledictio-

194 2515 288 2580 nis,
321 2516 426 2572 sed
469 2517 658 2572 volunt
695 2517 965 2571 Christum
1011 2515 1088 2570 sic
1144 2517 1228 2572 Va:
1255 2515 1651 2586 pronuntiasse,
1687 2531 1794 2572 non

195 2605 336 2674 quasi
380 2621 450 2659 ex
517 2603 785 2658 sententia
837 2619 940 2659 sua
987 2604 1234 2674 pr0prie,
1285 2605 1382 2660 sed
1417 2603 1560 2676 quod
1620 2605 1703 2660 Vae
1765 2621 1794 2658 a

198 2691 446 2747 Creatore
487 2691 580 2760 sit,
629 2701 682 2745 et
731 2691 962 2748 voluerit
990 2690 1094 2744 illis
1133 2691 1476 2761 asperitatem
1525 2692 1794 2746 Creatoris

199 2794 488 2850 opponere,
519 2795 630 2850 quo
661 2796 808 2834 suam
839 2795 1003 2850 supra
1033 2779 1088 2832 in
1117 2779 1586 2834 benedictionibus
1617 2779 1794 2836 suffe-

199 2869 412 2924 rentiam
481 2869 889 2923 commendaret
955 2871 1098 2938 (50);
1161 2868 1315 2938 quasi
1382 2883 1491 2923 non
1546 2869 1789 2925 Creatori

199 2965 478 3028 competat,
508 2973 614 3027 qua
643 2959 932 3025 utrumque
963 2956 1264 3026 praestanti,
1298 2964 1350 3011 et
1379 2956 1584 3011 bonum
1625 2957 1794 3011 Deum

205 3053 254 3100 et
277 3045 546 3113 judicem;
581 3051 640 3098 ut
684 3044 810 3116 quia
859 3045 1189 3114 prmmiserat
1226 3046 1280 3099 in
1328 3045 1796 3100 benedictionibus

203 3133 603 3206 benignitatem,
643 3133 934 3202 subjiceret
989 3136 1147 3189 etiam
1212 3133 1266 3187 in
1331 3133 1796 3189 maledictionibus

1909 569 2057 638 toris,
2091 569 2388 623 timendum
2451 587 2572 624 eum
2625 571 2960 627 continuavit
3021 577 3114 628 :si
3182 577 3496 648 timendum,

1901 657 2076 728 magis
2139 657 2325 728 utique
2381 657 2788 713 obaudiendum
2853 676 3016 730 quam
3080 663 3500 736 negligendum;

1902 756 1955 801 et
1983 745 2166 814 incipit
2211 748 2322 815 jam
2374 747 2616 802 Christus
2666 748 2953 805 Marcionis
2999 750 3240 805 Creatori
3285 753 3495 809 docere.

1903 835 2071 898 Tunc,
2108 837 2151 888 si
2211 837 2295 891 Va:
2323 836 2594 892 Creatoris
2639 847 2742 904 est,
2773 841 2919 908 quod
2967 838 3020 892 in
3050 838 3243 894 divites
3273 850 3496 909 spectat,

1902 939 2036 994 ergo
2063 924 2308 980 Christus
2357 941 2462 978 non
2494 932 2574 979 est
2603 925 2859 982 divitibus
2907 926 3173 996 offensus,
3209 929 3304 982 sed
3333 930 3499 984 Crea-

1904 1019 2016 1078 tor;
2049 1021 2102 1066 et
2149 1020 2290 1068 ratas
2331 1013 2492 1066 habet
2540 1013 2787 1067 Christus
2842 1013 3066 1069 divitum
3114 1032 3354 1086 caussas,
3405 1034 3496 1071 su-

1903 1101 2144 1168 perbiam
2173 1101 2311 1164 dico,
2365 1109 2418 1156 et
2463 1101 2712 1172 gloriam,
2761 1110 2814 1158 et
2863 1103 3044 1158 saeculi
3095 1105 3290 1170 studia,
3319 1117 3372 1161 et
3403 1106 3501 1161 Dei

1901 1188 2185 1252 incuriam,
2237 1205 2332 1259 per
2380 1205 2499 1259 quae
2557 1192 2640 1246 Vae
2686 1201 2958 1246 merentur
3000 1208 3031 1246 a
3069 1192 3340 1249 Creatore.
3395 1195 3504 1248 Sed

1901 1277 2171 1348 quomodo
2229 1292 2336 1331 non
2399 1279 2644 1346 ejusdem
2681 1279 2750 1331 sit
2799 1280 2990 1334 divites
3049 1283 3361 1352 reprobare,
3413 1283 3504 1354 qui

1901 1379 2063 1434 supra
2114 1365 2388 1420 mendicos
2455 1367 2733 1436 probarit?
2785 1367 3127 1425 Nemonon
3179 1371 3502 1427 contrarium

1899 1453 2017 1521 ejus
2064 1453 2210 1522 quod
2262 1453 2574 1524 probaverit
2621 1457 2894 1525 reprobat.
2935 1457 3120 1527 Itaque
3179 1459 3223 1513 si
3261 1459 3500 1514 Creatori

1897 1542 2240 1613 deputabitur
2283 1542 2589 1598 maledictio
2638 1543 2690 1596 in
2722 1544 2931 1610 divites,
2961 1546 3208 1613 ejusdem
3239 1546 3501 1604 defende-

1902 1639 1988 1684 tur
2036 1631 2340 1686 benedictio
2398 1633 2452 1684 in
2511 1631 2815 1702 mendicos,
2857 1645 2912 1688 et
2971 1641 3138 1689 totum
3192 1635 3302 1704 jam
3361 1650 3502 1706 Opus

1902 1717 2123 1788 Christi,
2153 1719 2427 1774 Creatoris
2480 1727 2582 1774 est.
2634 1718 2690 1774 Si
2719 1719 2833 1776 Deo
2879 1720 3163 1776 Marcionis
3202 1724 3504 1780 ascribetur

1900 1806 2206 1863 benedictio
2261 1807 2314 1862 in
2345 1806 2644 1872 mendicos,
2677 1808 2922 1876 ejusdem
2965 1809 3268 1879 imponetur
3299 1821 3352 1865 et
3390 1830 3501 1866 ma-

1899 1895 2114 1950 ledictio
2168 1895 2222 1948 in
2253 1895 2474 1962 divites;
2509 1903 2562 1949 et
2621 1894 2723 1948 erit
2769 1912 2864 1964 par
2906 1896 3016 1965 jam
3065 1898 3347 1966 Creatoris,
3395 1909 3500 1955 tam

1898 1983 2075 2038 bonus
2123 1997 2280 2052 quam
2330 1991 2380 2038 et
2405 1983 2602 2052 jadex;
2651 1997 2754 2037 nec
2798 1985 2898 2037 erit
2927 1984 3035 2052 jam
3085 1984 3383 2040 discrimini
3421 1987 3504 2042 lo-

1899 2087 2016 2138 cus,
2068 2086 2178 2142 quo
2255 2073 2363 2126 duo
2425 2071 2524 2124 Dei
2574 2069 2734 2142 fiunt;
2799 2071 3114 2144 sublatoque
3171 2073 3505 2146 discrimine,

1901 2159 2166 2228 supererit
2213 2175 2382 2213 unum
2431 2159 2598 2214 Deum
2649 2159 2940 2215 renuntiari
2973 2161 3302 2217 Creatorem.
3335 2164 3510 2236 Igitur

1910 2249 2016 2314 Vae,
2061 2246 2104 2300 si
2153 2254 2206 2302 et
2234 2262 2338 2304 vox
2386 2247 2775 2303 maledictionis
2824 2259 2922 2316 est,
2955 2250 3036 2304 vel
3067 2250 3297 2320 alicujus
3323 2261 3506 2308 auste-

1901 2335 2060 2390 rioris
2090 2335 2509 2402 inclamationis,
2542 2344 2596 2390 et
2621 2353 2652 2390 a
2682 2337 2894 2392 Christo
2924 2337 3180 2410 dirigitur
3210 2339 3265 2394 in
3293 2340 3506 2407 divites,

1899 2423 2071 2479 debeo
2127 2425 2434 2480 Creatorem
2512 2423 2742 2482 divitum
2809 2440 3028 2497 quoque
3109 2436 3510 2498 aspernatorem

1899 2513 2150 2584 probare,
2200 2511 2375 2570 393
2431 2513 2653 2583 probavi
2691 2513 3065 2570 mendicorum
3105 2516 3508 2584 advocatorem,

1901 2610 1958 2656 ut
2013 2602 2289 2658 Christum
2357 2603 2409 2656 in
2475 2603 2573 2658 hac
2627 2617 2850 2674 quoque
2918 2603 3183 2659 sententia
3239 2603 3507 2660 Creatoris

1902 2691 2201 2762 ostendam,
2245 2693 2622 2760 locupletantis
2669 2691 2887 2763 quidem
2935 2691 2981 2729 δι
3035 2693 3382 2748 Salomonem
3412 2693 3508 2763 (III

1901 2779 2027 2850 Reg.
2059 2780 2165 2850 ut),
2215 2781 2313 2833 sed
2343 2783 2472 2850 quia
2500 2779 2568 2850 62,
2621 2779 2889 2849 permissa
2917 2781 3020 2835 sibi
3050 2779 3289 2851 optione,
3320 2781 3508 2836 maluit

1900 2880 1963 2920 ea
1993 2867 2268 2936 postulare
2314 2883 2434 2938 quae
2465 2867 2668 2922 sciebat
2711 2867 2827 2923 Deo
2857 2875 3031 2940 grata,
3067 2868 3412 2939 sapientiam,
3455 2879 3509 2923 et

1904 2963 2174 3010 meruerat
2203 2955 2366 3010 etiam
2404 2955 2614 3010 divitias
2663 2958 2940 3029 consequi,
2993 2973 3128 3029 quas
3173 2973 3280 3012 non
3331 2959 3508 3029 magis

1906 3043 2070 3098 voluit
2105 3061 2115 3098 :
2150 3059 2470 3114 quamquam
2517 3053 2570 3098 et
2597 3043 2815 3100 divitias
2847 3055 3120 3116 prmstare,
3154 3061 3262 3101 non
3309 3047 3505 3103 incon-

1902 3145 2103 3202 gruens
2145 3130 2255 3184 Deo
2285 3129 2373 3196 sit,
2409 3145 2502 3196 per
2532 3145 2666 3201 quas
2703 3138 2754 3184 et
2784 3131 2980 3187 divites
3011 3133 3206 3189 solatio
3229 3133 3505 3205 juvantur,

205 3223 552 3288 severitatem,
637 3221 1046 3292 amplitudinem
1139 3221 1437 3292 disciplinae
1523 3221 1800 3293 utriusque
1833 3210 1874 3287 Β
1907 3226 1959 3275 et
1987 3219 2152 3273 multa
2183 3217 2308 3272 inde
2355 3232 2522 3288 opera
2563 3217 2788 3286 justitiae
2827 3225 2878 3274 et
2921 3219 3230 3276 dilectionis
3280 3223 3510 3277 admini-

204 3308 546 3376 instruendaa,
617 3319 726 3365 tam
818 3311 884 3364 ad
950 3310 1380 3366 benedictionem
1469 3311 1797 3378 sectandam,

203 3414 362 3468 quam
417 3399 484 3452 ad
523 3398 954 3454 maledictionem
1013 3399 1440 3469 praecavendum.
1471 3399 1606 3454 Nam
1647 3409 1700 3454 et
1729 3399 1800 3454 ita

199 3489 528 3554 praemiserat
589 3489 774 3556 (Deut.
809 3503 946 3558 xxx,
984 3487 1074 3558 19)
1104 3505 1114 3540 :
1147 3491 1284 3544 Ecce
1327 3490 1489 3560 posui
1525 3491 1661 3544 ante
1709 3504 1799 3543 vos

201 3573 636 3632 benedictionem
686 3579 738 3632 et
776 3577 1258 3633 maledictio-nem.
1321 3575 1478 3645 Quod
1528 3574 1684 3631 etiam
1745 3577 1799 3630 in

204 3661 331 3716 hanc
383 3663 666 3734 Evangelii
721 3664 1136 3735 dispositionem
1199 3664 1571 3734 portendebat.
1641 3663 1798 3719 Alio-

206 3751 346 3818 quin,
377 3751 551 3822 qualis
597 3761 679 3807 est
725 3753 832 3820 ille,
865 3751 978 3823 qui,
1013 3761 1072 3807 ut
1115 3767 1270 3808 suam
1309 3753 1606 3808 insinuaret
1643 3751 1802 3806 boni-

211 3843 386 3906 tatem,
435 3839 708 3896 Creatoris
759 3840 1019 3911 Opposuit
1064 3840 1411 3911 asperitatem
1455 3839 1540 3892 58?
1585 3838 1800 3894 Infirma

211 3927 592 3985 commendatio
647 3937 728 3984 est
769 3929 910 3999 (51),
952 3945 1074 4000 quae
1103 3929 1172 3984 de
1226 3929 1443 3984 alterius
1469 3929 1519 3968 59
1557 3927 1798 3984 destruc-

1907 3314 2163 3362 strantur.
2211 3305 2317 3362 Sed
2365 3305 2662 3361 accidentia
2715 3305 2847 3361 vitia
2877 3306 3094 3374 divitiis,
3131 3308 3219 3361 illa
3249 3309 3302 3361 in
3333 3309 3512 3364 Evan-

1905 3395 2042 3466 gelio
2072 3409 2304 3466 quoque.
2351 3395 2434 3449 Vw
2479 3392 2771 3456 divit-ibus,
2813 3393 3124 3449 adscribunt
3158 3411 3170 3448 :
3213 3396 3506 3463 Quoniam,

1907 3482 2099 3553 inquit,
2133 3481 2421 3552 recepistis
2442 3481 2873 3538 advocationem
2895 3485 3139 3539 vestram
3170 3481 3306 3554 (52),
3331 3481 3512 3554 utique

1905 3587 1967 3626 ex
2001 3571 2220 3636 divitiis,
2275 3569 2341 3625 de
2371 3570 2544 3642 gloria
2594 3585 2798 3637 earum,
2834 3579 2890 3625 et
2935 3571 3286 3627 smcularibus
3323 3570 3513 3628 fructi-

1906 3659 2024 3714 bus.
2059 3661 2244 3729 Itaque
2273 3657 2327 3711 in
2355 3657 2786 3713 Deuteronomio
2807 3657 2952 3729 (VIII,
2987 3659 3082 3728 12)
3102 3658 3316 3730 Moyses
3349 3675 3362 3712 :
3413 3661 3508 3727 Ne,

1905 3746 2099 3818 inquit,
2131 3762 2262 3802 cum
2282 3745 2738 3814 manducaveris,
2764 3750 2820 3801 et
2837 3745 3090 3816 repletus
3117 3747 3322 3816 fueris,
3346 3750 3401 3803 et
3420 3745 3513 3802 do-

1905 3853 2026 3892 mos
2053 3853 2288 3907 magnas
2337 3835 2705 3904 (edi/icaveris
2757 3835 2892 3905 (53),
2921 3834 3216 3906 pecoribus
3255 3839 3312 3890 et
3343 3835 3515 3892 bubus

1910 3927 2022 3982 tuis
2040 3924 2401 3994 multiﬁcatis
2417 3921 2488 3990 63,
2511 3927 2566 3980 et
2583 3923 2827 3995 pecunia
2849 3928 2906 3981 et
2926 3939 3092 3992 auro,
3111 3925 3406 3982 excitetur
3423 3939 3518 3982 cor

1583 4053 1776 4118 Variae
1816 4055 2133 4115 lectiones.

279 4165 324 4242 δέ
347 4169 444 4224 Dei
473 4170 752 4242 prwmitt.
781 4170 950 4242 Seml.
973 4171 1070 4228 Dei
1091 4170 1314 4230 alterius
1335 4171 1512 4228 Rhcn.
1544 4169 1593 4209 ⁵9
1613 4171 1692 4227 De
1721 4169 1946 4227 alterius
1965 4165 2340 4227 omitt.alii.6°
2359 4164 2562 4238 Atquin
2591 4165 2760 4225 Seml.
2783 4163 3086 4234 61Quidam
3105 4165 3516 4224 omitt.Pamet.

213 4233 260 4272 ⁸⁵³
283 4237 382 4307 Qui
413 4233 546 4298 Jun.
579 4242 630 4281 6³
648 4241 1010 4314 Multiplicatis
1028 4242 1244 4301 Pamel.

1607 4331 2108 4396 Commentarius.

281 4445 392 4520 (48)
423 4448 546 4504 Iam
577 4447 800 4520 aliquid
820 4451 878 4504 et
909 4463 1040 4520 cum
1075 4449 1657 4520 Creatoremoratus.
1687 4446 1808 4500 Ali-

209 4515 647 4591 quid__mora_tum
673 4515 810 4574 'dicit
853 4518 1454 4591 moribusquibusdam
1493 4517 1801 4591 praeditum,

207 4588 456 4666 qualibus
501 4589 751 4666 Creator,
783 4605 1000 4666 nempe
1055 4588 1659 4666 odib,_benevolentia,
1701 4588 1803 4654 ira,

209 4659 594 4730 misericordia,
621 4659 848 4730 justitia,
880 4659 1343 4718 clementia.'ch.

277 4733 387 4794 (49)
425 4733 535 4787 Nec
583 4733 857 4804 intutum
879 4735 1109 4804 Epicuri
1155 4735 1316 4790 Deus.
1353 4733 1604 4804 Stupens,
1639 4731 1806 4800 iners,

209 4797 602 4876 ἆλειτιύργητος.
677 4803 806 4876 Bis.
879 4797 949 4843 —'
1007 4805 1175 4859 Deum
1234 4819 1420 4860 secure
1453 4797 1686 4871 'vivere,
1758 4797 1811 4856 et

209 4875 326 4944 sine
377 4876 488 4929 ullo
529 4875 750 4944 negotio
796 4889 1032 4944 curaque
1059 4891 1240 4930 rerum
1296 4877 1669 4940 humanarum,
1703 4880 1812 4928 sta-

210 4943 434 4998 tuebant
469 4943 746 5014 Epicurei,
771 4955 824 5000 et
854 4943 1064 5002 somnia
1085 4945 1209 5000 ideo
1241 4946 1578 5015 rejiciebant,
1611 4961 1678 5000 ne
1701 4946 1812 5001 Deo

207 5017 860 5088 negotiumifacesserent.
906 5018 1053 5074 Vana
1086 5018 1149 5071 in
1171 5021 1358 5074 totum
1381 5019 1618 5088 somnia,
1643 5016 1814 5088 inquit

203 5083 463 5162 Tertull_.,
495 5087 590 5144 lib.
625 5089 690 5144 de
747 5089 971 5162 Anima,
1007 5103 1132 5162 cap.
1160 5091 1254 5162 46,
1299 5083 1616 5162 Epicureus
1647 5083 1811 5159 judi-

201 5163 373 5230 cavit,
401 5159 648 5216 liberans
671 5177 706 5230 α
725 5160 966 5230 negotiis
984 5159 1369 5216 divinitatem.
1402 5159 1684 5230 Tantisper
1703 5173 1816 5213 mo-

199 5227 510 5284 deratiores
549 5231 624 5283 ait
683 5227 896 5284 Stoicos
952 5231 1271 5286 Plutarchus
1327 5232 1394 5286 de
1433 5227 1607 5285 animi
1655 5239 1812 5285 tran-

195 5301 351 5374 quill.
389 5301 706 5374 ἀπράχμονας
737 5295 859 5354 εἶναι
885 5303 998 5362 τοὺς
1028 5303 1210 5374 σοφούς
1263 5301 1488 5356 ἐκκλίνειν
1518 5301 1817 5374 γὰρᾼῖδῗκα-

195 5372 376 5446 ﬁﬁatrrv.
426 5392 462 5446 γα
503 5371 858 5446 Sapientesia
886 5371 1118 5446 negotiis
1173 5389 1382 5438 vacare,
1424 5371 1548 5446 nam
1577 5371 1816 5446 ofﬁcium

193 5443 368 5498 etiam
401 5443 696 5500 declinant.
739 5463 766 5492 υ
799 5445 881 5500 De
921 5443 1185 5500 ambobus
1218 5444 1461 5500 meminit
1493 5445 1718 5512 Seneca,
1751 5445 1816 5502 de

205 5513 334 5570 Vita
358 5515 547 5571 beata.
579 5515 660 5570 LE
693 5516 790 5570 PR.

269 5591 399 5658 (50)
433 5586 850 5658 Sir/Terentiam
877 5586 1312 5646 commendaret.
1333 5585 1662 5644 Sufferentia
1681 5587 1822 5658 sub-

197 5657 754 5730 stantivum’nomen,
805 5673 902 5732 pro
933 5660 1209 5734 patientia,
1255 5675 1416 5733 quam
1470 5669 1526 5716 et
1571 5657 1818 5730 benigni-

1841 4463 1886 4542 D
1921 4440 2892 4542 ‘a‘f’éi‘.“lf’éi’i‘fiﬁf‘i‘fsfﬁiﬁf‘:

1991 4515 2106 4586 (5t)
2133 4507 2804 4586 Inﬁrmacommendatio
2827 4513 2927 4566 est.
2948 4507 3084 4564 Huic
3103 4507 3225 4586 loco
3239 4508 3310 4586 ob
3331 4517 3514 4586 trans-

1917 4578 2286 4658 positionern_
2334 4581 2630 4658 dictionum
2679 4581 3011 4658 Adepravato
3101 4578 3324 4658 mederi
3371 4583 3518 4638 licuit

1915 4649 1980 4712 ex
2005 4654 2290 4712 Gorziensi
2327 4654 2636 4720 collatione,
2665 4649 2900 4722 inﬁrma
2944 4649 3376 4716 commendatio,
3411 4661 3514 4706 etc.

1921 4728 2109 4783 RHEN.

1988 4799 2109 4870 (52)
2135 4799 2434 4867 Quoniam,
2456 4797 2662 4870 inquit,
2678 4795 2967 4870 recepistis
2988 4791 3416 4870 advocationem
3435 4809 3518 4847 ve-

1918 4865 2120 4928 stram.
2154 4865 2214 4924 Id
2247 4879 2330 4924 est
2357 4865 2813 4924 consoiationem.’
2851 4865 3199 4935 Prosequitur
3227 4879 3356 4920 vero
3390 4879 3517 4919 ver-

1919 4941 1990 4996 ba
2017 4943 2176 4996 Lucae
2223 4956 2296 5004 vr,
2331 4940 2384 4994 in
2412 4941 2516 4994 hoc
2560 4938 2834 5002 differens,

1921 5013 2124 5081 ἀπεχετε
2169 5011 2326 5067 vertit
2369 5011 2682 5082 recepistis,
2730 5019 2840 5064 tum
2889 5007 2992 5082 hic
3027 5015 3138 5082 tum
3171 5007 3330 5076 paulo
3361 5018 3516 5082 post,

1921 5078 2114 5156 pro-eo
2164 5081 2310 5156 quod
2349 5078 2800 5156 abit—habuistis,
2845 5078 2998 5156 quasi
3041 5078 3522 5156 volensexplicare

1921 5149 2374 5226 significationem
2429 5154 2594 5218 illam,
2627 5171 2732 5226 qua
2758 5149 3283 5226 significataliunde
3309 5153 3524 5226 accipe-

1921 5221 2000 5293 re:
2035 5228 2181 5284 velut
2228 5241 2450 5280 censum
2491 5233 2546 5281 et
2575 5221 2833 5280 reditum'
2855 5239 2926 5278 ex
2950 5221 3111 5289 arvis,
3143 5221 3286 5293 quod
3321 5221 3524 5293 optime

1922 5300 2012 5354 hic
2039 5299 2309 5362 convenit,
2363 5305 2414 5352 et
2440 5299 2632 5353 eodem
2662 5297 2823 5352 modo
2851 5295 3074 5350 vertitur
3101 5310 3134 5348 a
3161 5293 3394 5363 Vulgato
3433 5293 3521 5346 in—

1925 5377 2176 5442 terprete.
2202 5368 2426 5442 (Matth,
2467 5368 2570 5442 vr),
2598 5367 2916 5442 mercedem
2958 5368 3519 5442 suamjcccpcrunt.

1925 5434 2024 5498 Sic.
2073 5434 2234 5498 etiam
2280 5439 2444 5498 vertit
2488 5434 2739 5512 Svriacus
2797 5438 3088 5512 interpres.
3114 5434 3296 5512 _Haud
3355 5434 3524 5512 multo

1923 5513 2094 5593 aliter,
2145 5513 2242 5593 sed
2283 5507 2886 5593 magisuconvenienter
2931 5507 3052 5564 voci
3105 5507 3526 5593 Crfecm,‘_vertit

1925 5576 2192 5656 interpres
2219 5576 2410 5638 Irenaii
2435 5581 2532 5638 lib.
2563 5597 2776 5656 ur,cap,
2807 5581 2894 5645 14,
2923 5577 3272 5656 percepistis.
3313 5576 3450 5629 PAN.

1998 5645 2118 5728 (53)
2153 5659 2349 5714 Demos
2369 5669 2606 5725 magnas
2627 5645 3020 5722 rediﬁcaveris,
3055 5645 3160 5706 etc.
3191 5645 3416 5704 Grmcus
3436 5659 3526 5703 co-

2907 4936 3014 4991 uod
3059 4949 3244 4992 vocem
3275 4937 3518 4991 Graecam
3603 4949 3618 4968 '
