  <div class='ocr_page' id='page_1' title='image "/cluster/home/n/w/nwhite01/storage/ocr_20150623/2/hvd.32044096580329/217.png"; bbox 0 0 4018 6192; ppageno 0'>
   <div class='ocr_carea' id='block_1_1' title="bbox 440 327 547 387">
    <p class='ocr_par' dir='ltr' id='par_1_1' title="bbox 440 327 547 387">
     <span class='ocr_line' id='line_1_1' title="bbox 440 327 547 387; baseline -0.028 0"><span class='ocrx_word' id='word_1_1' title='bbox 440 327 547 387; x_wconf 70' lang='grc'>423</span> 
     </span>
    </p>
   </div>
   <div class='ocr_carea' id='block_1_2' title="bbox 1135 310 3025 387">
    <p class='ocr_par' dir='ltr' id='par_1_2' title="bbox 1135 310 3025 387">
     <span class='ocr_line' id='line_1_2' title="bbox 1135 310 3025 387; baseline -0.004 -12"><span class='ocrx_word' id='word_1_2' title='bbox 1135 313 1574 376; x_wconf 81' lang='lat' dir='ltr'>&#39;I‘EllTULLlANI</span> <span class='ocrx_word' id='word_1_3' title='bbox 1613 311 1875 372; x_wconf 79' lang='lat' dir='ltr'>OPERUM</span> <span class='ocrx_word' id='word_1_4' title='bbox 1911 310 2079 371; x_wconf 79' lang='lat' dir='ltr'>PARS</span> <span class='ocrx_word' id='word_1_5' title='bbox 2118 312 2184 372; x_wconf 91' lang='lat' dir='ltr'>lI.</span> <span class='ocrx_word' id='word_1_6' title='bbox 2226 342 2295 387; x_wconf 62' lang='grc' dir='ltr'>-έ-</span> <span class='ocrx_word' id='word_1_7' title='bbox 2333 310 2557 371; x_wconf 83' lang='lat' dir='ltr'>SERIES</span> <span class='ocrx_word' id='word_1_8' title='bbox 2593 311 2636 379; x_wconf 90' lang='grc' dir='ltr'>Ι,</span> <span class='ocrx_word' id='word_1_9' title='bbox 2678 310 3025 372; x_wconf 81' lang='lat' dir='ltr'>POLEMICA.</span> 
     </span>
    </p>
   </div>
   <div class='ocr_carea' id='block_1_3' title="bbox 3619 312 3724 385">
    <p class='ocr_par' dir='ltr' id='par_1_3' title="bbox 3619 312 3724 385">
     <span class='ocr_line' id='line_1_3' title="bbox 3619 312 3724 385; baseline 0.01 -15"><span class='ocrx_word' id='word_1_10' title='bbox 3619 312 3724 385; x_wconf 66' lang='lat' dir='ltr'>tu</span> 
     </span>
    </p>
   </div>
   <div class='ocr_carea' id='block_1_4' title="bbox 445 429 3730 519">
    <p class='ocr_par' dir='ltr' id='par_1_4' title="bbox 445 429 3730 519">
     <span class='ocr_line' id='line_1_4' title="bbox 445 429 3730 519; baseline -0.005 -10"><span class='ocrx_word' id='word_1_11' title='bbox 445 454 701 519; x_wconf 84' lang='lat' dir='ltr'>tuum,ct</span> <span class='ocrx_word' id='word_1_12' title='bbox 723 444 1062 503; x_wconf 70' lang='lat' dir='ltr'>obliviscaris</span> <span class='ocrx_word' id='word_1_13' title='bbox 1076 446 1301 501; x_wconf 82' lang='lat' dir='ltr'>Domini</span> <span class='ocrx_word' id='word_1_14' title='bbox 1318 440 2027 511; x_wconf 82' lang='lat' dir='ltr'>Deitui.Q~.:emadmodum</span> <span class='ocrx_word' id='word_1_15' title='bbox 2060 429 2106 507; x_wconf 73' lang='grc' dir='ltr'><strong>Α</strong></span> <span class='ocrx_word' id='word_1_16' title='bbox 2138 438 2270 493; x_wconf 81' lang='lat' dir='ltr'>bunt</span> <span class='ocrx_word' id='word_1_17' title='bbox 2298 437 2402 506; x_wconf 83' lang='lat' dir='ltr'>illa,</span> <span class='ocrx_word' id='word_1_18' title='bbox 2438 454 2560 509; x_wconf 67' lang='lat' dir='ltr'>qute</span> <span class='ocrx_word' id='word_1_19' title='bbox 2590 454 2752 508; x_wconf 77' lang='lat' dir='ltr'>supra</span> <span class='ocrx_word' id='word_1_20' title='bbox 2798 437 3261 494; x_wconf 72' lang='lat' dir='ltr'>benedictionibus</span> <span class='ocrx_word' id='word_1_21' title='bbox 3306 436 3555 509; x_wconf 84' lang='lat' dir='ltr'>opposita</span> <span class='ocrx_word' id='word_1_22' title='bbox 3601 446 3730 493; x_wconf 84' lang='lat' dir='ltr'>sunt</span> 
     </span>
    </p>
   </div>
   <div class='ocr_carea' id='block_1_5' title="bbox 443 530 2030 605">
    <p class='ocr_par' dir='ltr' id='par_1_5' title="bbox 443 530 2030 605">
     <span class='ocr_line' id='line_1_5' title="bbox 443 530 2030 605; baseline -0.007 -10"><span class='ocrx_word' id='word_1_23' title='bbox 443 551 495 595; x_wconf 88' lang='lat' dir='ltr'>et</span> <span class='ocrx_word' id='word_1_24' title='bbox 523 537 801 593; x_wconf 85' lang='lat' dir='ltr'>Ezechiam</span> <span class='ocrx_word' id='word_1_25' title='bbox 832 550 1010 605; x_wconf 79' lang='lat' dir='ltr'>regem</span> <span class='ocrx_word' id='word_1_26' title='bbox 1040 534 1300 590; x_wconf 78' lang='lat' dir='ltr'>thesauris</span> <span class='ocrx_word' id='word_1_27' title='bbox 1330 533 1594 601; x_wconf 86' lang='lat' dir='ltr'>inﬂatum,</span> <span class='ocrx_word' id='word_1_28' title='bbox 1628 543 1679 588; x_wconf 90' lang='lat' dir='ltr'>et</span> <span class='ocrx_word' id='word_1_29' title='bbox 1711 531 1778 586; x_wconf 90' lang='lat' dir='ltr'>de</span> <span class='ocrx_word' id='word_1_30' title='bbox 1815 530 1894 585; x_wconf 90' lang='lat' dir='ltr'>eis</span> <span class='ocrx_word' id='word_1_31' title='bbox 1932 544 2030 599; x_wconf 85' lang='lat' dir='ltr'>po-</span> 
     </span>
    </p>
   </div>
   <div class='ocr_carea' id='block_1_6' title="bbox 445 618 2033 697">
    <p class='ocr_par' dir='ltr' id='par_1_6' title="bbox 445 618 2033 697">
     <span class='ocr_line' id='line_1_6' title="bbox 445 618 2033 697; baseline -0.006 -15"><span class='ocrx_word' id='word_1_32' title='bbox 445 629 548 683; x_wconf 89' lang='lat' dir='ltr'>tius</span> <span class='ocrx_word' id='word_1_33' title='bbox 584 642 743 697; x_wconf 87' lang='lat' dir='ltr'>quam</span> <span class='ocrx_word' id='word_1_34' title='bbox 774 625 840 679; x_wconf 90' lang='lat' dir='ltr'>de</span> <span class='ocrx_word' id='word_1_35' title='bbox 869 624 983 679; x_wconf 85' lang='lat' dir='ltr'>Deo</span> <span class='ocrx_word' id='word_1_36' title='bbox 1013 622 1301 695; x_wconf 77' lang='lat' dir='ltr'>gloriatum</span> <span class='ocrx_word' id='word_1_37' title='bbox 1324 623 1462 691; x_wconf 89' lang='lat' dir='ltr'>apud</span> <span class='ocrx_word' id='word_1_38' title='bbox 1495 620 1618 675; x_wconf 89' lang='lat' dir='ltr'>illos</span> <span class='ocrx_word' id='word_1_39' title='bbox 1645 620 1733 691; x_wconf 86' lang='lat' dir='ltr'>qui</span> <span class='ocrx_word' id='word_1_40' title='bbox 1765 635 1830 673; x_wconf 85' lang='lat' dir='ltr'>ex</span> <span class='ocrx_word' id='word_1_41' title='bbox 1860 618 2033 673; x_wconf 72' lang='lat' dir='ltr'>Persi-</span> 
     </span>
    </p>
   </div>
   <div class='ocr_carea' id='block_1_7' title="bbox 439 710 2031 785">
    <p class='ocr_par' dir='ltr' id='par_1_7' title="bbox 439 710 2031 785">
     <span class='ocr_line' id='line_1_7' title="bbox 439 710 2031 785; baseline -0.004 -13"><span class='ocrx_word' id='word_1_42' title='bbox 439 716 505 772; x_wconf 87' lang='lat' dir='ltr'>de</span> <span class='ocrx_word' id='word_1_43' title='bbox 536 714 886 784; x_wconf 85' lang='lat' dir='ltr'>advenerant,</span> <span class='ocrx_word' id='word_1_44' title='bbox 937 712 1106 769; x_wconf 80' lang='lat' dir='ltr'>insilit</span> <span class='ocrx_word' id='word_1_45' title='bbox 1154 726 1250 785; x_wconf 85' lang='lat' dir='ltr'>per</span> <span class='ocrx_word' id='word_1_46' title='bbox 1279 710 1470 766; x_wconf 83' lang='lat' dir='ltr'>Isaiam</span> <span class='ocrx_word' id='word_1_47' title='bbox 1502 710 1729 779; x_wconf 63' lang='grc' dir='ltr'>(χχχιχ,</span> <span class='ocrx_word' id='word_1_48' title='bbox 1758 710 1813 778; x_wconf 87' lang='grc'>6)</span> <span class='ocrx_word' id='word_1_49' title='bbox 1848 724 1861 761; x_wconf 91' lang='lat'><strong>:</strong></span> <span class='ocrx_word' id='word_1_50' title='bbox 1897 710 2031 765; x_wconf 87' lang='lat' dir='ltr'>Ecce</span> 
     </span>
    </p>
   </div>
   <div class='ocr_carea' id='block_1_8' title="bbox 438 797 2031 872">
    <p class='ocr_par' dir='ltr' id='par_1_8' title="bbox 438 797 2031 872">
     <span class='ocr_line' id='line_1_8' title="bbox 438 797 2031 872; baseline -0.006 -11"><span class='ocrx_word' id='word_1_51' title='bbox 438 805 553 861; x_wconf 88' lang='lat' dir='ltr'>dies</span> <span class='ocrx_word' id='word_1_52' title='bbox 575 804 831 870; x_wconf 88' lang='lat' dir='ltr'>veniunt,</span> <span class='ocrx_word' id='word_1_53' title='bbox 857 805 914 859; x_wconf 88' lang='lat' dir='ltr'>et</span> <span class='ocrx_word' id='word_1_54' title='bbox 951 803 1291 872; x_wconf 83' lang='lat' dir='ltr'>auferentur</span> <span class='ocrx_word' id='word_1_55' title='bbox 1310 800 1505 857; x_wconf 81' lang='lat' dir='ltr'>omnia</span> <span class='ocrx_word' id='word_1_56' title='bbox 1525 815 1650 870; x_wconf 73' lang='lat' dir='ltr'>quae</span> <span class='ocrx_word' id='word_1_57' title='bbox 1668 800 1731 854; x_wconf 90' lang='lat' dir='ltr'>in</span> <span class='ocrx_word' id='word_1_58' title='bbox 1750 797 1908 854; x_wconf 87' lang='lat' dir='ltr'>domo</span> <span class='ocrx_word' id='word_1_59' title='bbox 1933 802 2031 852; x_wconf 86' lang='lat' dir='ltr'>tua</span> 
     </span>
    </p>
   </div>
   <div class='ocr_carea' id='block_1_9' title="bbox 436 886 2029 964">
    <p class='ocr_par' dir='ltr' id='par_1_9' title="bbox 436 886 2029 964">
     <span class='ocr_line' id='line_1_9' title="bbox 436 886 2029 964; baseline -0.007 -14"><span class='ocrx_word' id='word_1_60' title='bbox 436 899 599 959; x_wconf 84' lang='lat' dir='ltr'>sunt;</span> <span class='ocrx_word' id='word_1_61' title='bbox 629 898 685 947; x_wconf 91' lang='lat' dir='ltr'>et</span> <span class='ocrx_word' id='word_1_62' title='bbox 699 909 822 964; x_wconf 78' lang='lat' dir='ltr'>quae</span> <span class='ocrx_word' id='word_1_63' title='bbox 832 896 1025 964; x_wconf 88' lang='lat' dir='ltr'>patres</span> <span class='ocrx_word' id='word_1_64' title='bbox 1046 893 1133 946; x_wconf 88' lang='lat' dir='ltr'>tui</span> <span class='ocrx_word' id='word_1_65' title='bbox 1151 890 1571 959; x_wconf 85' lang='lat' dir='ltr'>congesserunt,</span> <span class='ocrx_word' id='word_1_66' title='bbox 1603 887 1663 941; x_wconf 88' lang='lat' dir='ltr'>in</span> <span class='ocrx_word' id='word_1_67' title='bbox 1694 886 2029 957; x_wconf 82' lang='lat' dir='ltr'>Babylonem</span> 
     </span>
    </p>
   </div>
   <div class='ocr_carea' id='block_1_10' title="bbox 440 973 2030 1052">
    <p class='ocr_par' dir='ltr' id='par_1_10' title="bbox 440 973 2030 1052">
     <span class='ocr_line' id='line_1_10' title="bbox 440 973 2030 1052; baseline -0.008 -14"><span class='ocrx_word' id='word_1_68' title='bbox 440 984 879 1052; x_wconf 74' lang='lat' dir='ltr'>transferentur.</span> <span class='ocrx_word' id='word_1_69' title='bbox 925 980 1015 1034; x_wconf 79' lang='lat' dir='ltr'>Sic</span> <span class='ocrx_word' id='word_1_70' title='bbox 1045 986 1096 1033; x_wconf 89' lang='lat' dir='ltr'>et</span> <span class='ocrx_word' id='word_1_71' title='bbox 1126 994 1221 1047; x_wconf 89' lang='lat' dir='ltr'>per</span> <span class='ocrx_word' id='word_1_72' title='bbox 1245 975 1529 1032; x_wconf 87' lang='lat' dir='ltr'>Jeremiam</span> <span class='ocrx_word' id='word_1_73' title='bbox 1560 976 1667 1047; x_wconf 78' lang='lat' dir='ltr'>(rx,</span> <span class='ocrx_word' id='word_1_74' title='bbox 1697 973 1790 1044; x_wconf 91' lang='lat'><strong>22)</strong></span> <span class='ocrx_word' id='word_1_75' title='bbox 1817 987 2030 1046; x_wconf 89' lang='lat' dir='ltr'>quoque</span> 
     </span>
    </p>
   </div>
   <div class='ocr_carea' id='block_1_11' title="bbox 437 1063 2031 1141">
    <p class='ocr_par' dir='ltr' id='par_1_11' title="bbox 437 1063 2031 1141">
     <span class='ocr_line' id='line_1_11' title="bbox 437 1063 2031 1141; baseline -0.006 -15"><span class='ocrx_word' id='word_1_76' title='bbox 437 1070 599 1127; x_wconf 86' lang='lat' dir='ltr'>edicit</span> <span class='ocrx_word' id='word_1_77' title='bbox 642 1071 690 1107; x_wconf 60' lang='lat' dir='ltr'>Si</span> <span class='ocrx_word' id='word_1_78' title='bbox 725 1087 739 1123; x_wconf 90' lang='lat'><strong>:</strong></span> <span class='ocrx_word' id='word_1_79' title='bbox 776 1070 852 1126; x_wconf 89' lang='lat' dir='ltr'>Nc</span> <span class='ocrx_word' id='word_1_80' title='bbox 872 1069 1149 1141; x_wconf 78' lang='lat' dir='ltr'>glorietur</span> <span class='ocrx_word' id='word_1_81' title='bbox 1193 1066 1344 1122; x_wconf 88' lang='lat' dir='ltr'>dives</span> <span class='ocrx_word' id='word_1_82' title='bbox 1365 1066 1428 1120; x_wconf 89' lang='lat' dir='ltr'>in</span> <span class='ocrx_word' id='word_1_83' title='bbox 1458 1064 1673 1120; x_wconf 87' lang='lat' dir='ltr'>divitiis</span> <span class='ocrx_word' id='word_1_84' title='bbox 1691 1063 1839 1131; x_wconf 87' lang='lat' dir='ltr'>suis;</span> <span class='ocrx_word' id='word_1_85' title='bbox 1861 1068 1914 1119; x_wconf 89' lang='lat' dir='ltr'>et</span> <span class='ocrx_word' id='word_1_86' title='bbox 1930 1063 2031 1134; x_wconf 89' lang='lat' dir='ltr'>qui</span> 
     </span>
    </p>
   </div>
   <div class='ocr_carea' id='block_1_12' title="bbox 435 1149 2033 1231">
    <p class='ocr_par' dir='ltr' id='par_1_12' title="bbox 435 1149 2033 1231">
     <span class='ocr_line' id='line_1_12' title="bbox 435 1149 2033 1231; baseline -0.007 -15"><span class='ocrx_word' id='word_1_87' title='bbox 435 1160 738 1231; x_wconf 82' lang='lat' dir='ltr'>gloriatur,</span> <span class='ocrx_word' id='word_1_88' title='bbox 772 1158 987 1214; x_wconf 79' lang='lat' dir='ltr'>scilicet</span> <span class='ocrx_word' id='word_1_89' title='bbox 1025 1159 1090 1214; x_wconf 90' lang='lat' dir='ltr'>in</span> <span class='ocrx_word' id='word_1_90' title='bbox 1120 1159 1225 1213; x_wconf 90' lang='lat' dir='ltr'>Deo</span> <span class='ocrx_word' id='word_1_91' title='bbox 1253 1155 1552 1226; x_wconf 83' lang='lat' dir='ltr'>glorietur.</span> <span class='ocrx_word' id='word_1_92' title='bbox 1586 1152 1675 1207; x_wconf 88' lang='lat' dir='ltr'>Sic</span> <span class='ocrx_word' id='word_1_93' title='bbox 1711 1158 1766 1207; x_wconf 88' lang='lat' dir='ltr'>et</span> <span class='ocrx_word' id='word_1_94' title='bbox 1802 1151 1857 1206; x_wconf 90' lang='lat' dir='ltr'>in</span> <span class='ocrx_word' id='word_1_95' title='bbox 1896 1149 2033 1205; x_wconf 83' lang='lat' dir='ltr'>ﬁlias</span> 
     </span>
    </p>
   </div>
   <div class='ocr_carea' id='block_1_13' title="bbox 439 1238 2033 1315">
    <p class='ocr_par' dir='ltr' id='par_1_13' title="bbox 439 1238 2033 1315">
     <span class='ocr_line' id='line_1_13' title="bbox 439 1238 2033 1315; baseline -0.006 -12"><span class='ocrx_word' id='word_1_96' title='bbox 439 1247 620 1303; x_wconf 88' lang='lat' dir='ltr'>Sionis</span> <span class='ocrx_word' id='word_1_97' title='bbox 650 1246 922 1302; x_wconf 80' lang='lat' dir='ltr'>invehitur</span> <span class='ocrx_word' id='word_1_98' title='bbox 965 1261 1060 1315; x_wconf 88' lang='lat' dir='ltr'>per</span> <span class='ocrx_word' id='word_1_99' title='bbox 1096 1244 1290 1300; x_wconf 87' lang='lat' dir='ltr'>Isaiam</span> <span class='ocrx_word' id='word_1_100' title='bbox 1320 1242 1424 1313; x_wconf 90' lang='grc' dir='ltr'>(ιιι,</span> <span class='ocrx_word' id='word_1_101' title='bbox 1481 1241 1593 1311; x_wconf 71' lang='lat' dir='ltr'>ib),</span> <span class='ocrx_word' id='word_1_102' title='bbox 1634 1242 1779 1296; x_wconf 88' lang='lat' dir='ltr'>cultu</span> <span class='ocrx_word' id='word_1_103' title='bbox 1816 1249 1869 1295; x_wconf 90' lang='lat' dir='ltr'>et</span> <span class='ocrx_word' id='word_1_104' title='bbox 1897 1238 2033 1295; x_wconf 88' lang='lat' dir='ltr'>divi-</span> 
     </span>
    </p>
   </div>
   <div class='ocr_carea' id='block_1_14' title="bbox 438 1328 2031 1400">
    <p class='ocr_par' dir='ltr' id='par_1_14' title="bbox 438 1328 2031 1400">
     <span class='ocr_line' id='line_1_14' title="bbox 438 1328 2031 1400; baseline -0.005 -10"><span class='ocrx_word' id='word_1_105' title='bbox 438 1337 634 1392; x_wconf 88' lang='lat' dir='ltr'>tiarum</span> <span class='ocrx_word' id='word_1_106' title='bbox 724 1334 1050 1389; x_wconf 84' lang='lat' dir='ltr'>abundantia</span> <span class='ocrx_word' id='word_1_107' title='bbox 1112 1331 1347 1400; x_wconf 81' lang='lat' dir='ltr'>inflatas;</span> <span class='ocrx_word' id='word_1_108' title='bbox 1415 1328 1902 1387; x_wconf 87' lang='lat' dir='ltr'>comminabundus</span> <span class='ocrx_word' id='word_1_109' title='bbox 1975 1336 2031 1383; x_wconf 91' lang='lat' dir='ltr'>et</span> 
     </span>
    </p>
   </div>
   <div class='ocr_carea' id='block_1_15' title="bbox 438 1418 2031 1494">
    <p class='ocr_par' dir='ltr' id='par_1_15' title="bbox 438 1418 2031 1494">
     <span class='ocr_line' id='line_1_15' title="bbox 438 1418 2031 1494; baseline -0.005 -14"><span class='ocrx_word' id='word_1_110' title='bbox 438 1425 563 1481; x_wconf 88' lang='lat' dir='ltr'>alibi</span> <span class='ocrx_word' id='word_1_111' title='bbox 619 1425 748 1494; x_wconf 89' lang='lat' dir='ltr'>(Isa.</span> <span class='ocrx_word' id='word_1_112' title='bbox 797 1439 855 1488; x_wconf 81' lang='grc' dir='ltr'>ν,</span> <span class='ocrx_word' id='word_1_113' title='bbox 890 1423 978 1493; x_wconf 84' lang='grc'>14)</span> <span class='ocrx_word' id='word_1_114' title='bbox 1010 1421 1281 1476; x_wconf 85' lang='lat' dir='ltr'>nubilibus</span> <span class='ocrx_word' id='word_1_115' title='bbox 1328 1427 1382 1475; x_wconf 89' lang='lat' dir='ltr'>et</span> <span class='ocrx_word' id='word_1_116' title='bbox 1435 1418 1724 1492; x_wconf 87' lang='lat' dir='ltr'>superbis:</span> <span class='ocrx_word' id='word_1_117' title='bbox 1757 1418 2031 1474; x_wconf 86' lang='lat' dir='ltr'>Dilatavit</span> 
     </span>
    </p>
   </div>
   <div class='ocr_carea' id='block_1_16' title="bbox 438 1507 2029 1582">
    <p class='ocr_par' dir='ltr' id='par_1_16' title="bbox 438 1507 2029 1582">
     <span class='ocr_line' id='line_1_16' title="bbox 438 1507 2029 1582; baseline -0.006 -13"><span class='ocrx_word' id='word_1_118' title='bbox 438 1530 600 1571; x_wconf 88' lang='lat' dir='ltr'>orcus</span> <span class='ocrx_word' id='word_1_119' title='bbox 621 1516 876 1570; x_wconf 89' lang='lat' dir='ltr'>animam</span> <span class='ocrx_word' id='word_1_120' title='bbox 895 1528 1076 1577; x_wconf 85' lang='lat' dir='ltr'>suam,</span> <span class='ocrx_word' id='word_1_121' title='bbox 1102 1516 1159 1568; x_wconf 77' lang='lat' dir='ltr'>et</span> <span class='ocrx_word' id='word_1_122' title='bbox 1188 1509 1420 1582; x_wconf 84' lang='lat' dir='ltr'>aperuit</span> <span class='ocrx_word' id='word_1_123' title='bbox 1441 1527 1499 1567; x_wconf 90' lang='lat' dir='ltr'>os</span> <span class='ocrx_word' id='word_1_124' title='bbox 1520 1525 1713 1574; x_wconf 88' lang='lat' dir='ltr'>suum,</span> <span class='ocrx_word' id='word_1_125' title='bbox 1734 1511 1790 1564; x_wconf 91' lang='lat' dir='ltr'>et</span> <span class='ocrx_word' id='word_1_126' title='bbox 1811 1507 2029 1564; x_wconf 85' lang='lat' dir='ltr'>descen-</span> 
     </span>
    </p>
   </div>
   <div class='ocr_carea' id='block_1_17' title="bbox 390 1594 2029 1673">
    <p class='ocr_par' dir='ltr' id='par_1_17' title="bbox 390 1594 2029 1673">
     <span class='ocr_line' id='line_1_17' title="bbox 390 1594 2029 1673; baseline -0.006 -14"><span class='ocrx_word' id='word_1_127' title='bbox 390 1628 393 1633; x_wconf 89' lang='grc'>·</span> <span class='ocrx_word' id='word_1_128' title='bbox 437 1602 864 1673; x_wconf 81' lang='lat' dir='ltr'>dentinclytiet</span> <span class='ocrx_word' id='word_1_129' title='bbox 898 1601 1092 1671; x_wconf 82' lang='lat' dir='ltr'>magni</span> <span class='ocrx_word' id='word_1_130' title='bbox 1129 1604 1184 1657; x_wconf 89' lang='lat' dir='ltr'>et</span> <span class='ocrx_word' id='word_1_131' title='bbox 1214 1600 1411 1655; x_wconf 86' lang='lat' dir='ltr'>divites</span> <span class='ocrx_word' id='word_1_132' title='bbox 1439 1597 1563 1665; x_wconf 88' lang='lat' dir='ltr'>(hoc</span> <span class='ocrx_word' id='word_1_133' title='bbox 1591 1595 1692 1651; x_wconf 90' lang='lat' dir='ltr'>erit</span> <span class='ocrx_word' id='word_1_134' title='bbox 1720 1594 1917 1649; x_wconf 86' lang='lat' dir='ltr'>Christi</span> <span class='ocrx_word' id='word_1_135' title='bbox 1947 1610 2029 1649; x_wconf 71' lang='lat' dir='ltr'>vae</span> 
     </span>
    </p>
   </div>
   <div class='ocr_carea' id='block_1_18' title="bbox 438 1683 2029 1762">
    <p class='ocr_par' dir='ltr' id='par_1_18' title="bbox 438 1683 2029 1762">
     <span class='ocr_line' id='line_1_18' title="bbox 438 1683 2029 1762; baseline -0.006 -16"><span class='ocrx_word' id='word_1_136' title='bbox 438 1708 601 1762; x_wconf 86' lang='lat' dir='ltr'>super</span> <span class='ocrx_word' id='word_1_137' title='bbox 640 1690 891 1755; x_wconf 88' lang='lat' dir='ltr'>divites):</span> <span class='ocrx_word' id='word_1_138' title='bbox 934 1694 989 1745; x_wconf 88' lang='lat' dir='ltr'>et</span> <span class='ocrx_word' id='word_1_139' title='bbox 1012 1688 1412 1743; x_wconf 84' lang='lat' dir='ltr'>humiliabitur</span> <span class='ocrx_word' id='word_1_140' title='bbox 1431 1685 1623 1751; x_wconf 88' lang='lat' dir='ltr'>homo;</span> <span class='ocrx_word' id='word_1_141' title='bbox 1661 1683 1844 1755; x_wconf 83' lang='lat' dir='ltr'>utique</span> <span class='ocrx_word' id='word_1_142' title='bbox 1874 1683 2029 1738; x_wconf 87' lang='lat' dir='ltr'>exal—</span> 
     </span>
    </p>
   </div>
   <div class='ocr_carea' id='block_1_19' title="bbox 438 1771 2028 1843">
    <p class='ocr_par' dir='ltr' id='par_1_19' title="bbox 438 1771 2028 1843">
     <span class='ocr_line' id='line_1_19' title="bbox 438 1771 2028 1843; baseline -0.004 -10"><span class='ocrx_word' id='word_1_143' title='bbox 438 1789 578 1835; x_wconf 89' lang='lat' dir='ltr'>tatus</span> <span class='ocrx_word' id='word_1_144' title='bbox 620 1778 817 1834; x_wconf 86' lang='lat' dir='ltr'>divitiis</span> <span class='ocrx_word' id='word_1_145' title='bbox 848 1795 861 1830; x_wconf 93' lang='lat'>:</span> <span class='ocrx_word' id='word_1_146' title='bbox 895 1782 951 1831; x_wconf 90' lang='lat' dir='ltr'>et</span> <span class='ocrx_word' id='word_1_147' title='bbox 992 1774 1423 1832; x_wconf 88' lang='lat' dir='ltr'>inhonorabitur</span> <span class='ocrx_word' id='word_1_148' title='bbox 1480 1773 1529 1811; x_wconf 73' lang='lat'><strong>55</strong></span> <span class='ocrx_word' id='word_1_149' title='bbox 1558 1773 1679 1842; x_wconf 89' lang='lat' dir='ltr'>vir;</span> <span class='ocrx_word' id='word_1_150' title='bbox 1734 1771 1919 1843; x_wconf 87' lang='lat' dir='ltr'>utique</span> <span class='ocrx_word' id='word_1_151' title='bbox 1956 1772 2028 1827; x_wconf 90' lang='lat' dir='ltr'>ob</span> 
     </span>
    </p>
   </div>
   <div class='ocr_carea' id='block_1_20' title="bbox 437 1859 2026 1933">
    <p class='ocr_par' dir='ltr' id='par_1_20' title="bbox 437 1859 2026 1933">
     <span class='ocr_line' id='line_1_20' title="bbox 437 1859 2026 1933; baseline -0.006 -9"><span class='ocrx_word' id='word_1_152' title='bbox 437 1868 789 1924; x_wconf 86' lang='lat' dir='ltr'>substantiam</span> <span class='ocrx_word' id='word_1_153' title='bbox 834 1863 1179 1920; x_wconf 86' lang='lat' dir='ltr'>honorabilis.</span> <span class='ocrx_word' id='word_1_154' title='bbox 1230 1863 1309 1917; x_wconf 89' lang='lat' dir='ltr'>De</span> <span class='ocrx_word' id='word_1_155' title='bbox 1354 1861 1549 1933; x_wconf 90' lang='lat' dir='ltr'>quibus</span> <span class='ocrx_word' id='word_1_156' title='bbox 1587 1870 1640 1917; x_wconf 90' lang='lat' dir='ltr'>et</span> <span class='ocrx_word' id='word_1_157' title='bbox 1677 1876 1867 1916; x_wconf 86' lang='lat' dir='ltr'>rursus</span> <span class='ocrx_word' id='word_1_158' title='bbox 1895 1859 2026 1931; x_wconf 89' lang='lat' dir='ltr'>(Isa.</span> 
     </span>
    </p>
   </div>
   <div class='ocr_carea' id='block_1_21' title="bbox 440 1949 2029 2024">
    <p class='ocr_par' dir='ltr' id='par_1_21' title="bbox 440 1949 2029 2024">
     <span class='ocr_line' id='line_1_21' title="bbox 440 1949 2029 2024; baseline -0.004 -12"><span class='ocrx_word' id='word_1_159' title='bbox 440 1973 502 2021; x_wconf 75' lang='grc' dir='ltr'>χ,</span> <span class='ocrx_word' id='word_1_160' title='bbox 533 1954 626 2024; x_wconf 83' lang='grc'>23)</span> <span class='ocrx_word' id='word_1_161' title='bbox 656 1972 667 2011; x_wconf 91' lang='lat'>:</span> <span class='ocrx_word' id='word_1_162' title='bbox 702 1957 837 2010; x_wconf 84' lang='lat' dir='ltr'>Ecce</span> <span class='ocrx_word' id='word_1_163' title='bbox 860 1954 1128 2009; x_wconf 85' lang='lat' dir='ltr'>Dominus</span> <span class='ocrx_word' id='word_1_164' title='bbox 1148 1953 1436 2008; x_wconf 88' lang='lat' dir='ltr'>virtut-um</span> <span class='ocrx_word' id='word_1_165' title='bbox 1453 1951 1812 2009; x_wconf 80' lang='lat' dir='ltr'>conturbabit</span> <span class='ocrx_word' id='word_1_166' title='bbox 1827 1949 2029 2021; x_wconf 87' lang='lat' dir='ltr'>glorio-</span> 
     </span>
    </p>
   </div>
   <div class='ocr_carea' id='block_1_22' title="bbox 436 2041 2029 2105">
    <p class='ocr_par' dir='ltr' id='par_1_22' title="bbox 436 2041 2029 2105">
     <span class='ocr_line' id='line_1_22' title="bbox 436 2041 2029 2105; baseline -0.004 -5"><span class='ocrx_word' id='word_1_167' title='bbox 436 2061 524 2100; x_wconf 87' lang='lat' dir='ltr'>sos</span> <span class='ocrx_word' id='word_1_168' title='bbox 553 2060 682 2099; x_wconf 88' lang='lat' dir='ltr'>cum</span> <span class='ocrx_word' id='word_1_169' title='bbox 726 2042 998 2104; x_wconf 84' lang='lat' dir='ltr'>valentia,</span> <span class='ocrx_word' id='word_1_170' title='bbox 1030 2046 1085 2098; x_wconf 91' lang='lat' dir='ltr'>et</span> <span class='ocrx_word' id='word_1_171' title='bbox 1105 2041 1245 2097; x_wconf 87' lang='lat' dir='ltr'>elati</span> <span class='ocrx_word' id='word_1_172' title='bbox 1263 2042 1743 2105; x_wconf 88' lang='lat' dir='ltr'>comminuentur,</span> <span class='ocrx_word' id='word_1_173' title='bbox 1777 2044 1830 2094; x_wconf 90' lang='lat' dir='ltr'>et</span> <span class='ocrx_word' id='word_1_174' title='bbox 1858 2043 2029 2095; x_wconf 86' lang='lat' dir='ltr'>ruent</span> 
     </span>
    </p>
   </div>
   <div class='ocr_carea' id='block_1_23' title="bbox 436 2126 2028 2203">
    <p class='ocr_par' dir='ltr' id='par_1_23' title="bbox 436 2126 2028 2203">
     <span class='ocr_line' id='line_1_23' title="bbox 436 2126 2028 2203; baseline -0.004 -15"><span class='ocrx_word' id='word_1_175' title='bbox 436 2132 620 2203; x_wconf 88' lang='lat' dir='ltr'>gladio</span> <span class='ocrx_word' id='word_1_176' title='bbox 675 2131 939 2187; x_wconf 81' lang='lat' dir='ltr'>sublimes</span> <span class='ocrx_word' id='word_1_177' title='bbox 1007 2149 1023 2185; x_wconf 91' lang='lat'><em>:</em></span> <span class='ocrx_word' id='word_1_178' title='bbox 1065 2130 1156 2202; x_wconf 89' lang='lat' dir='ltr'>qui</span> <span class='ocrx_word' id='word_1_179' title='bbox 1193 2127 1369 2202; x_wconf 86' lang='lat' dir='ltr'>magis</span> <span class='ocrx_word' id='word_1_180' title='bbox 1402 2132 1579 2200; x_wconf 88' lang='lat' dir='ltr'>quam</span> <span class='ocrx_word' id='word_1_181' title='bbox 1616 2126 1857 2185; x_wconf 86' lang='lat' dir='ltr'>divites?</span> <span class='ocrx_word' id='word_1_182' title='bbox 1892 2127 2028 2192; x_wconf 85' lang='lat' dir='ltr'>Quia</span> 
     </span>
    </p>
   </div>
   <div class='ocr_carea' id='block_1_24' title="bbox 436 2208 2030 2291">
    <p class='ocr_par' dir='ltr' id='par_1_24' title="bbox 436 2208 2030 2291">
     <span class='ocr_line' id='line_1_24' title="bbox 436 2208 2030 2291; baseline -0.003 -15"><span class='ocrx_word' id='word_1_183' title='bbox 436 2208 753 2291; x_wconf 84' lang='lat' dir='ltr'>receperunt</span> <span class='ocrx_word' id='word_1_184' title='bbox 792 2218 843 2257; x_wconf 77' lang='grc'>66</span> <span class='ocrx_word' id='word_1_185' title='bbox 872 2218 1075 2274; x_wconf 84' lang='lat' dir='ltr'>scilicet</span> <span class='ocrx_word' id='word_1_186' title='bbox 1120 2217 1528 2273; x_wconf 81' lang='lat' dir='ltr'>advocationem</span> <span class='ocrx_word' id='word_1_187' title='bbox 1566 2233 1717 2272; x_wconf 89' lang='lat' dir='ltr'>suam</span> <span class='ocrx_word' id='word_1_188' title='bbox 1749 2215 1885 2286; x_wconf 77' lang='grc'>(54),</span> <span class='ocrx_word' id='word_1_189' title='bbox 1918 2215 2030 2290; x_wconf 83' lang='lat' dir='ltr'>glo-</span> 
     </span>
    </p>
   </div>
   <div class='ocr_carea' id='block_1_25' title="bbox 438 2302 2029 2374">
    <p class='ocr_par' dir='ltr' id='par_1_25' title="bbox 438 2302 2029 2374">
     <span class='ocr_line' id='line_1_25' title="bbox 438 2302 2029 2374; baseline -0.005 -10"><span class='ocrx_word' id='word_1_190' title='bbox 438 2309 573 2365; x_wconf 86' lang='lat' dir='ltr'>riam</span> <span class='ocrx_word' id='word_1_191' title='bbox 601 2316 654 2363; x_wconf 92' lang='lat' dir='ltr'>et</span> <span class='ocrx_word' id='word_1_192' title='bbox 682 2306 958 2374; x_wconf 89' lang='lat' dir='ltr'>honorem,</span> <span class='ocrx_word' id='word_1_193' title='bbox 988 2305 1370 2362; x_wconf 83' lang='lat' dir='ltr'>sublimitatem</span> <span class='ocrx_word' id='word_1_194' title='bbox 1400 2321 1466 2359; x_wconf 85' lang='lat' dir='ltr'>ex</span> <span class='ocrx_word' id='word_1_195' title='bbox 1494 2305 1698 2361; x_wconf 85' lang='lat' dir='ltr'>divitiis</span> <span class='ocrx_word' id='word_1_196' title='bbox 1726 2304 1795 2358; x_wconf 75' lang='grc' dir='ltr'>στ.</span> <span class='ocrx_word' id='word_1_197' title='bbox 1830 2304 1879 2359; x_wconf 85' lang='grc' dir='ltr'><strong>Α</strong></span> <span class='ocrx_word' id='word_1_198' title='bbox 1908 2302 2029 2373; x_wconf 89' lang='lat' dir='ltr'>qui-</span> 
     </span>
    </p>
   </div>
   <div class='ocr_carea' id='block_1_26' title="bbox 436 2391 2031 2466">
    <p class='ocr_par' dir='ltr' id='par_1_26' title="bbox 436 2391 2031 2466">
     <span class='ocr_line' id='line_1_26' title="bbox 436 2391 2031 2466; baseline -0.006 -11"><span class='ocrx_word' id='word_1_199' title='bbox 436 2399 540 2455; x_wconf 88' lang='lat' dir='ltr'>bus</span> <span class='ocrx_word' id='word_1_200' title='bbox 588 2406 833 2453; x_wconf 82' lang='lat' dir='ltr'>avertcns</span> <span class='ocrx_word' id='word_1_201' title='bbox 860 2410 959 2451; x_wconf 90' lang='lat' dir='ltr'>nos</span> <span class='ocrx_word' id='word_1_202' title='bbox 1004 2406 1056 2450; x_wconf 91' lang='lat' dir='ltr'>et</span> <span class='ocrx_word' id='word_1_203' title='bbox 1092 2394 1149 2449; x_wconf 92' lang='lat' dir='ltr'>in</span> <span class='ocrx_word' id='word_1_204' title='bbox 1196 2394 1409 2450; x_wconf 87' lang='lat' dir='ltr'>Psalmo</span> <span class='ocrx_word' id='word_1_205' title='bbox 1455 2391 1863 2466; x_wconf 85' lang='lat' dir='ltr'>quadragesimo</span> <span class='ocrx_word' id='word_1_206' title='bbox 1890 2401 2031 2447; x_wconf 88' lang='lat' dir='ltr'>octa-</span> 
     </span>
    </p>
   </div>
   <div class='ocr_carea' id='block_1_27' title="bbox 436 2483 2032 2555">
    <p class='ocr_par' dir='ltr' id='par_1_27' title="bbox 436 2483 2032 2555">
     <span class='ocr_line' id='line_1_27' title="bbox 436 2483 2032 2555; baseline -0.006 -11"><span class='ocrx_word' id='word_1_207' title='bbox 436 2503 506 2544; x_wconf 88' lang='lat' dir='ltr'>vo</span> <span class='ocrx_word' id='word_1_208' title='bbox 539 2502 555 2545; x_wconf 88' lang='lat'><strong>:</strong></span> <span class='ocrx_word' id='word_1_209' title='bbox 587 2488 662 2544; x_wconf 90' lang='lat' dir='ltr'>Ne</span> <span class='ocrx_word' id='word_1_210' title='bbox 698 2486 981 2550; x_wconf 81' lang='lat' dir='ltr'>timueris,</span> <span class='ocrx_word' id='word_1_211' title='bbox 1020 2483 1216 2555; x_wconf 87' lang='lat' dir='ltr'>inquit,</span> <span class='ocrx_word' id='word_1_212' title='bbox 1243 2499 1370 2540; x_wconf 89' lang='lat' dir='ltr'>cum</span> <span class='ocrx_word' id='word_1_213' title='bbox 1397 2483 1549 2540; x_wconf 86' lang='lat' dir='ltr'>dives</span> <span class='ocrx_word' id='word_1_214' title='bbox 1602 2485 1794 2552; x_wconf 85' lang='lat' dir='ltr'>factus</span> <span class='ocrx_word' id='word_1_215' title='bbox 1850 2483 2032 2552; x_wconf 77' lang='lat' dir='ltr'>fuerit</span> 
     </span>
    </p>
   </div>
   <div class='ocr_carea' id='block_1_28' title="bbox 438 2570 2030 2643">
    <p class='ocr_par' dir='ltr' id='par_1_28' title="bbox 438 2570 2030 2643">
     <span class='ocr_line' id='line_1_28' title="bbox 438 2570 2030 2643; baseline -0.005 -10"><span class='ocrx_word' id='word_1_216' title='bbox 438 2577 620 2640; x_wconf 88' lang='lat' dir='ltr'>homo,</span> <span class='ocrx_word' id='word_1_217' title='bbox 647 2579 701 2631; x_wconf 87' lang='lat' dir='ltr'>et</span> <span class='ocrx_word' id='word_1_218' title='bbox 731 2591 860 2631; x_wconf 86' lang='lat' dir='ltr'>cum</span> <span class='ocrx_word' id='word_1_219' title='bbox 889 2572 1193 2629; x_wconf 80' lang='lat' dir='ltr'>abundabit</span> <span class='ocrx_word' id='word_1_220' title='bbox 1213 2571 1396 2641; x_wconf 86' lang='lat' dir='ltr'>gloria</span> <span class='ocrx_word' id='word_1_221' title='bbox 1425 2571 1575 2643; x_wconf 85' lang='lat' dir='ltr'>ejus;</span> <span class='ocrx_word' id='word_1_222' title='bbox 1598 2570 1869 2642; x_wconf 90' lang='lat' dir='ltr'>quoniam</span> <span class='ocrx_word' id='word_1_223' title='bbox 1900 2585 2030 2625; x_wconf 91' lang='lat' dir='ltr'>cum</span> 
     </span>
    </p>
   </div>
   <div class='ocr_carea' id='block_1_29' title="bbox 437 2659 2029 2729">
    <p class='ocr_par' dir='ltr' id='par_1_29' title="bbox 437 2659 2029 2729">
     <span class='ocr_line' id='line_1_29' title="bbox 437 2659 2029 2729; baseline -0.002 -10"><span class='ocrx_word' id='word_1_224' title='bbox 437 2665 737 2729; x_wconf 88' lang='lat' dir='ltr'>morietur,</span> <span class='ocrx_word' id='word_1_225' title='bbox 778 2679 893 2722; x_wconf 88' lang='lat' dir='ltr'>non</span> <span class='ocrx_word' id='word_1_226' title='bbox 918 2662 1079 2718; x_wconf 87' lang='lat' dir='ltr'>tollet</span> <span class='ocrx_word' id='word_1_227' title='bbox 1106 2661 1425 2727; x_wconf 87' lang='lat' dir='ltr'>omnia,nec</span> <span class='ocrx_word' id='word_1_228' title='bbox 1444 2659 1740 2717; x_wconf 85' lang='lat' dir='ltr'>descendet</span> <span class='ocrx_word' id='word_1_229' title='bbox 1769 2676 1899 2715; x_wconf 87' lang='lat' dir='ltr'>cum</span> <span class='ocrx_word' id='word_1_230' title='bbox 1930 2661 2029 2716; x_wconf 89' lang='lat' dir='ltr'>illo</span> 
     </span>
    </p>
   </div>
   <div class='ocr_carea' id='block_1_30' title="bbox 435 2747 2033 2822">
    <p class='ocr_par' dir='ltr' id='par_1_30' title="bbox 435 2747 2033 2822">
     <span class='ocr_line' id='line_1_30' title="bbox 435 2747 2033 2822; baseline -0.002 -16"><span class='ocrx_word' id='word_1_231' title='bbox 435 2751 615 2822; x_wconf 86' lang='lat' dir='ltr'>gloria</span> <span class='ocrx_word' id='word_1_232' title='bbox 635 2768 757 2806; x_wconf 86' lang='lat' dir='ltr'>sua.</span> <span class='ocrx_word' id='word_1_233' title='bbox 785 2751 918 2804; x_wconf 90' lang='lat' dir='ltr'>Item</span> <span class='ocrx_word' id='word_1_234' title='bbox 947 2750 1002 2804; x_wconf 92' lang='lat' dir='ltr'>in</span> <span class='ocrx_word' id='word_1_235' title='bbox 1020 2747 1358 2820; x_wconf 81' lang='lat' dir='ltr'>sexagesimo</span> <span class='ocrx_word' id='word_1_236' title='bbox 1391 2747 1562 2819; x_wconf 89' lang='lat' dir='ltr'>primo</span> <span class='ocrx_word' id='word_1_237' title='bbox 1594 2764 1608 2801; x_wconf 87' lang='lat'><strong>:</strong></span> <span class='ocrx_word' id='word_1_238' title='bbox 1642 2748 1720 2804; x_wconf 89' lang='lat' dir='ltr'>Ne</span> <span class='ocrx_word' id='word_1_239' title='bbox 1749 2747 2033 2805; x_wconf 83' lang='lat' dir='ltr'>desidera-</span> 
     </span>
    </p>
   </div>
   <div class='ocr_carea' id='block_1_31' title="bbox 430 2834 2029 2907">
    <p class='ocr_par' dir='ltr' id='par_1_31' title="bbox 430 2834 2029 2907">
     <span class='ocr_line' id='line_1_31' title="bbox 430 2834 2029 2907; baseline -0.004 -9"><span class='ocrx_word' id='word_1_240' title='bbox 430 2842 624 2898; x_wconf 86' lang='lat' dir='ltr'>veritis</span> <span class='ocrx_word' id='word_1_241' title='bbox 643 2840 888 2906; x_wconf 87' lang='lat' dir='ltr'>divitias;</span> <span class='ocrx_word' id='word_1_242' title='bbox 906 2842 962 2895; x_wconf 90' lang='lat' dir='ltr'>et</span> <span class='ocrx_word' id='word_1_243' title='bbox 981 2840 1032 2893; x_wconf 86' lang='lat' dir='ltr'>si</span> <span class='ocrx_word' id='word_1_244' title='bbox 1048 2838 1321 2901; x_wconf 85' lang='lat' dir='ltr'>relucent,</span> <span class='ocrx_word' id='word_1_245' title='bbox 1346 2854 1420 2894; x_wconf 92' lang='lat' dir='ltr'>ne</span> <span class='ocrx_word' id='word_1_246' title='bbox 1446 2836 1828 2907; x_wconf 55' lang='lat' dir='ltr'>adjeceritisi38</span> <span class='ocrx_word' id='word_1_247' title='bbox 1852 2834 2029 2892; x_wconf 70' lang='lat'>894</span> 
     </span>
    </p>
   </div>
   <div class='ocr_carea' id='block_1_32' title="bbox 436 2924 2030 2996">
    <p class='ocr_par' dir='ltr' id='par_1_32' title="bbox 436 2924 2030 2996">
     <span class='ocr_line' id='line_1_32' title="bbox 436 2924 2030 2996; baseline -0.001 -12"><span class='ocrx_word' id='word_1_248' title='bbox 436 2945 549 2984; x_wconf 89' lang='lat' dir='ltr'>cor.</span> <span class='ocrx_word' id='word_1_249' title='bbox 584 2928 659 2981; x_wconf 83' lang='lat' dir='ltr'>Idi</span> <span class='ocrx_word' id='word_1_250' title='bbox 669 2943 823 2996; x_wconf 63' lang='lat' dir='ltr'>psum</span> <span class='ocrx_word' id='word_1_251' title='bbox 852 2934 1126 2996; x_wconf 83' lang='lat' dir='ltr'>postremo</span> <span class='ocrx_word' id='word_1_252' title='bbox 1176 2924 1403 2980; x_wconf 84' lang='lat' dir='ltr'>verbum</span> <span class='ocrx_word' id='word_1_253' title='bbox 1432 2941 1535 2991; x_wconf 79' lang='lat' dir='ltr'>vce,</span> <span class='ocrx_word' id='word_1_254' title='bbox 1566 2925 1693 2980; x_wconf 89' lang='lat' dir='ltr'>olim</span> <span class='ocrx_word' id='word_1_255' title='bbox 1736 2940 1831 2994; x_wconf 82' lang='lat' dir='ltr'>per</span> <span class='ocrx_word' id='word_1_256' title='bbox 1859 2928 2030 2982; x_wconf 85' lang='lat' dir='ltr'>Amos</span> 
     </span>
    </p>
   </div>
   <div class='ocr_carea' id='block_1_33' title="bbox 438 3012 2113 3104">
    <p class='ocr_par' dir='ltr' id='par_1_33' title="bbox 438 3012 2113 3104">
     <span class='ocr_line' id='line_1_33' title="bbox 438 3012 2113 3104; baseline 0.001 -36"><span class='ocrx_word' id='word_1_257' title='bbox 438 3014 495 3068; x_wconf 90' lang='lat' dir='ltr'>in</span> <span class='ocrx_word' id='word_1_258' title='bbox 524 3014 720 3071; x_wconf 86' lang='lat' dir='ltr'>divites</span> <span class='ocrx_word' id='word_1_259' title='bbox 750 3012 1034 3068; x_wconf 85' lang='lat' dir='ltr'>afﬂuentes</span> <span class='ocrx_word' id='word_1_260' title='bbox 1054 3012 1261 3069; x_wconf 87' lang='lat' dir='ltr'>deliciis</span> <span class='ocrx_word' id='word_1_261' title='bbox 1284 3012 1622 3069; x_wconf 88' lang='lat' dir='ltr'>destinatur:</span> <span class='ocrx_word' id='word_1_262' title='bbox 1668 3016 1751 3072; x_wconf 78' lang='lat' dir='ltr'>Vae</span> <span class='ocrx_word' id='word_1_263' title='bbox 1768 3014 1837 3085; x_wconf 75' lang='lat'>59,</span> <span class='ocrx_word' id='word_1_264' title='bbox 1869 3013 2040 3086; x_wconf 89' lang='lat' dir='ltr'>inquit</span> <span class='ocrx_word' id='word_1_265' title='bbox 2070 3025 2113 3104; x_wconf 72' lang='grc' dir='ltr'><strong>ο</strong></span> 
     </span>
    </p>
   </div>
   <div class='ocr_carea' id='block_1_34' title="bbox 440 3102 2033 3173">
    <p class='ocr_par' dir='ltr' id='par_1_34' title="bbox 440 3102 2033 3173">
     <span class='ocr_line' id='line_1_34' title="bbox 440 3102 2033 3173; baseline 0.002 -16"><span class='ocrx_word' id='word_1_266' title='bbox 440 3103 650 3172; x_wconf 84' lang='lat' dir='ltr'>(Amos.</span> <span class='ocrx_word' id='word_1_267' title='bbox 679 3117 757 3166; x_wconf 71' lang='grc' dir='ltr'>γι,</span> <span class='ocrx_word' id='word_1_268' title='bbox 786 3103 897 3172; x_wconf 81' lang='grc'>45),</span> <span class='ocrx_word' id='word_1_269' title='bbox 929 3103 1025 3173; x_wconf 87' lang='lat' dir='ltr'>qui</span> <span class='ocrx_word' id='word_1_270' title='bbox 1050 3102 1346 3158; x_wconf 85' lang='lat' dir='ltr'>dormiunt</span> <span class='ocrx_word' id='word_1_271' title='bbox 1382 3105 1445 3159; x_wconf 90' lang='lat' dir='ltr'>in</span> <span class='ocrx_word' id='word_1_272' title='bbox 1479 3104 1639 3161; x_wconf 89' lang='lat' dir='ltr'>lectis</span> <span class='ocrx_word' id='word_1_273' title='bbox 1668 3104 1944 3170; x_wconf 86' lang='lat' dir='ltr'>eburneis,</span> <span class='ocrx_word' id='word_1_274' title='bbox 1977 3110 2033 3161; x_wconf 89' lang='lat' dir='ltr'>et</span> 
     </span>
    </p>
   </div>
   <div class='ocr_carea' id='block_1_35' title="bbox 443 3188 2034 3264">
    <p class='ocr_par' dir='ltr' id='par_1_35' title="bbox 443 3188 2034 3264">
     <span class='ocr_line' id='line_1_35' title="bbox 443 3188 2034 3264; baseline 0.001 -18"><span class='ocrx_word' id='word_1_275' title='bbox 443 3190 664 3247; x_wconf 87' lang='lat' dir='ltr'>deliciis</span> <span class='ocrx_word' id='word_1_276' title='bbox 691 3191 884 3259; x_wconf 87' lang='lat' dir='ltr'>ﬂuunt</span> <span class='ocrx_word' id='word_1_277' title='bbox 932 3192 994 3245; x_wconf 88' lang='lat' dir='ltr'>in</span> <span class='ocrx_word' id='word_1_278' title='bbox 1025 3188 1205 3246; x_wconf 88' lang='lat' dir='ltr'>thoris</span> <span class='ocrx_word' id='word_1_279' title='bbox 1235 3192 1388 3257; x_wconf 88' lang='lat' dir='ltr'>suis;</span> <span class='ocrx_word' id='word_1_280' title='bbox 1417 3193 1517 3264; x_wconf 86' lang='lat' dir='ltr'>qui</span> <span class='ocrx_word' id='word_1_281' title='bbox 1542 3192 1719 3248; x_wconf 90' lang='lat' dir='ltr'>edunt</span> <span class='ocrx_word' id='word_1_282' title='bbox 1749 3193 1930 3251; x_wconf 74' lang='lat' dir='ltr'>hwdos</span> <span class='ocrx_word' id='word_1_283' title='bbox 1969 3194 2034 3249; x_wconf 91' lang='lat' dir='ltr'>de</span> 
     </span>
    </p>
   </div>
   <div class='ocr_carea' id='block_1_36' title="bbox 440 3278 2034 3353">
    <p class='ocr_par' dir='ltr' id='par_1_36' title="bbox 440 3278 2034 3353">
     <span class='ocr_line' id='line_1_36' title="bbox 440 3278 2034 3353; baseline 0.003 -20"><span class='ocrx_word' id='word_1_284' title='bbox 440 3278 695 3350; x_wconf 81' lang='lat' dir='ltr'>gregibus</span> <span class='ocrx_word' id='word_1_285' title='bbox 740 3294 1069 3350; x_wconf 85' lang='lat' dir='ltr'>caprarum,</span> <span class='ocrx_word' id='word_1_286' title='bbox 1122 3283 1180 3334; x_wconf 88' lang='lat' dir='ltr'>et</span> <span class='ocrx_word' id='word_1_287' title='bbox 1216 3279 1420 3338; x_wconf 82' lang='lat' dir='ltr'>vitulos</span> <span class='ocrx_word' id='word_1_288' title='bbox 1468 3279 1537 3336; x_wconf 90' lang='lat' dir='ltr'>de</span> <span class='ocrx_word' id='word_1_289' title='bbox 1578 3281 1835 3353; x_wconf 85' lang='lat' dir='ltr'>gregibus</span> <span class='ocrx_word' id='word_1_290' title='bbox 1872 3283 2034 3339; x_wconf 88' lang='lat' dir='ltr'>boum</span> 
     </span>
    </p>
   </div>
   <div class='ocr_carea' id='block_1_37' title="bbox 443 3366 2035 3439">
    <p class='ocr_par' dir='ltr' id='par_1_37' title="bbox 443 3366 2035 3439">
     <span class='ocr_line' id='line_1_37' title="bbox 443 3366 2035 3439; baseline 0.003 -18"><span class='ocrx_word' id='word_1_291' title='bbox 443 3366 748 3431; x_wconf 88' lang='lat' dir='ltr'>lactantes,</span> <span class='ocrx_word' id='word_1_292' title='bbox 771 3367 1180 3438; x_wconf 85' lang='lat' dir='ltr'>complodentes</span> <span class='ocrx_word' id='word_1_293' title='bbox 1197 3367 1270 3422; x_wconf 92' lang='lat' dir='ltr'>ad</span> <span class='ocrx_word' id='word_1_294' title='bbox 1284 3384 1489 3425; x_wconf 89' lang='lat' dir='ltr'>sonum</span> <span class='ocrx_word' id='word_1_295' title='bbox 1512 3385 1872 3439; x_wconf 84' lang='lat' dir='ltr'>organorum.</span> <span class='ocrx_word' id='word_1_296' title='bbox 1901 3371 2035 3425; x_wconf 91' lang='lat' dir='ltr'>Tan-</span> 
     </span>
    </p>
   </div>
   <div class='ocr_carea' id='block_1_38' title="bbox 437 3456 2033 3529">
    <p class='ocr_par' dir='ltr' id='par_1_38' title="bbox 437 3456 2033 3529">
     <span class='ocr_line' id='line_1_38' title="bbox 437 3456 2033 3529; baseline 0.002 -19"><span class='ocrx_word' id='word_1_297' title='bbox 437 3470 608 3527; x_wconf 89' lang='lat' dir='ltr'>quam</span> <span class='ocrx_word' id='word_1_298' title='bbox 624 3458 1047 3526; x_wconf 82' lang='lat' dir='ltr'>perseverantia</span> <span class='ocrx_word' id='word_1_299' title='bbox 1079 3456 1511 3527; x_wconf 84' lang='lat' dir='ltr'>deputaverunt,</span> <span class='ocrx_word' id='word_1_300' title='bbox 1536 3460 1593 3513; x_wconf 86' lang='lat' dir='ltr'>et</span> <span class='ocrx_word' id='word_1_301' title='bbox 1626 3474 1741 3515; x_wconf 86' lang='lat' dir='ltr'>non</span> <span class='ocrx_word' id='word_1_302' title='bbox 1763 3462 2033 3529; x_wconf 88' lang='lat' dir='ltr'>tanquam</span> 
     </span>
    </p>
   </div>
   <div class='ocr_carea' id='block_1_39' title="bbox 438 3543 2032 3617">
    <p class='ocr_par' dir='ltr' id='par_1_39' title="bbox 438 3543 2032 3617">
     <span class='ocr_line' id='line_1_39' title="bbox 438 3543 2032 3617; baseline 0.002 -18"><span class='ocrx_word' id='word_1_303' title='bbox 438 3545 723 3615; x_wconf 80' lang='lat' dir='ltr'>fugientia</span> <span class='ocrx_word' id='word_1_304' title='bbox 744 3562 763 3599; x_wconf 89' lang='lat'><strong><em>:</em></strong></span> <span class='ocrx_word' id='word_1_305' title='bbox 779 3545 881 3615; x_wconf 90' lang='lat' dir='ltr'>qui</span> <span class='ocrx_word' id='word_1_306' title='bbox 896 3543 1095 3599; x_wconf 88' lang='lat' dir='ltr'>bibunt</span> <span class='ocrx_word' id='word_1_307' title='bbox 1109 3545 1306 3601; x_wconf 87' lang='lat' dir='ltr'>vinum</span> <span class='ocrx_word' id='word_1_308' title='bbox 1329 3546 1635 3616; x_wconf 88' lang='lat' dir='ltr'>liquatum,</span> <span class='ocrx_word' id='word_1_309' title='bbox 1652 3550 1707 3602; x_wconf 88' lang='lat' dir='ltr'>et</span> <span class='ocrx_word' id='word_1_310' title='bbox 1723 3549 2032 3617; x_wconf 86' lang='lat' dir='ltr'>unguentis</span> 
     </span>
    </p>
   </div>
   <div class='ocr_carea' id='block_1_40' title="bbox 438 3631 2036 3705">
    <p class='ocr_par' dir='ltr' id='par_1_40' title="bbox 438 3631 2036 3705">
     <span class='ocr_line' id='line_1_40' title="bbox 438 3631 2036 3705; baseline 0.002 -17"><span class='ocrx_word' id='word_1_311' title='bbox 438 3633 731 3704; x_wconf 88' lang='lat' dir='ltr'>primariis</span> <span class='ocrx_word' id='word_1_312' title='bbox 761 3635 1084 3703; x_wconf 89' lang='lat' dir='ltr'>unguntur.</span> <span class='ocrx_word' id='word_1_313' title='bbox 1108 3631 1299 3705; x_wconf 78' lang='lat' dir='ltr'>Igitur,</span> <span class='ocrx_word' id='word_1_314' title='bbox 1321 3631 1422 3688; x_wconf 90' lang='lat' dir='ltr'>etsi</span> <span class='ocrx_word' id='word_1_315' title='bbox 1443 3633 1815 3689; x_wconf 88' lang='lat' dir='ltr'>tantummodo</span> <span class='ocrx_word' id='word_1_316' title='bbox 1843 3634 2036 3691; x_wconf 90' lang='lat' dir='ltr'>dehor-</span> 
     </span>
    </p>
   </div>
   <div class='ocr_carea' id='block_1_41' title="bbox 442 3720 2033 3787">
    <p class='ocr_par' dir='ltr' id='par_1_41' title="bbox 442 3720 2033 3787">
     <span class='ocr_line' id='line_1_41' title="bbox 442 3720 2033 3787; baseline 0.001 -11"><span class='ocrx_word' id='word_1_317' title='bbox 442 3729 646 3777; x_wconf 87' lang='lat' dir='ltr'>tantem</span> <span class='ocrx_word' id='word_1_318' title='bbox 675 3738 706 3776; x_wconf 91' lang='lat' dir='ltr'>a</span> <span class='ocrx_word' id='word_1_319' title='bbox 737 3720 936 3778; x_wconf 89' lang='lat' dir='ltr'>divitiis</span> <span class='ocrx_word' id='word_1_320' title='bbox 974 3722 1317 3776; x_wconf 87' lang='lat' dir='ltr'>ostenderem</span> <span class='ocrx_word' id='word_1_321' title='bbox 1364 3722 1691 3787; x_wconf 88' lang='lat' dir='ltr'>Creatorem,</span> <span class='ocrx_word' id='word_1_322' title='bbox 1733 3738 1841 3777; x_wconf 90' lang='lat' dir='ltr'>non</span> <span class='ocrx_word' id='word_1_323' title='bbox 1873 3724 2033 3778; x_wconf 89' lang='lat' dir='ltr'>etiam</span> 
     </span>
    </p>
   </div>
   <div class='ocr_carea' id='block_1_42' title="bbox 440 3807 2036 3881">
    <p class='ocr_par' dir='ltr' id='par_1_42' title="bbox 440 3807 2036 3881">
     <span class='ocr_line' id='line_1_42' title="bbox 440 3807 2036 3881; baseline 0.003 -20"><span class='ocrx_word' id='word_1_324' title='bbox 440 3808 900 3880; x_wconf 86' lang='lat' dir='ltr'>praedamnantem</span> <span class='ocrx_word' id='word_1_325' title='bbox 965 3808 1164 3863; x_wconf 90' lang='lat' dir='ltr'>divites</span> <span class='ocrx_word' id='word_1_326' title='bbox 1219 3807 1381 3863; x_wconf 87' lang='lat' dir='ltr'>etiam</span> <span class='ocrx_word' id='word_1_327' title='bbox 1435 3809 1602 3865; x_wconf 88' lang='lat' dir='ltr'>verbo</span> <span class='ocrx_word' id='word_1_328' title='bbox 1659 3808 1778 3879; x_wconf 92' lang='lat' dir='ltr'>ipso</span> <span class='ocrx_word' id='word_1_329' title='bbox 1833 3826 1940 3881; x_wconf 88' lang='lat' dir='ltr'>quo</span> <span class='ocrx_word' id='word_1_330' title='bbox 1980 3818 2036 3865; x_wconf 90' lang='lat' dir='ltr'>et</span> 
     </span>
    </p>
   </div>
   <div class='ocr_carea' id='block_1_43' title="bbox 437 3896 2033 3968">
    <p class='ocr_par' dir='ltr' id='par_1_43' title="bbox 437 3896 2033 3968">
     <span class='ocr_line' id='line_1_43' title="bbox 437 3896 2033 3968; baseline 0 -15"><span class='ocrx_word' id='word_1_331' title='bbox 437 3897 703 3968; x_wconf 85' lang='lat' dir='ltr'>Christus,</span> <span class='ocrx_word' id='word_1_332' title='bbox 738 3912 898 3952; x_wconf 86' lang='lat' dir='ltr'>nemo</span> <span class='ocrx_word' id='word_1_333' title='bbox 943 3896 1214 3953; x_wconf 87' lang='lat' dir='ltr'>dubitaret</span> <span class='ocrx_word' id='word_1_334' title='bbox 1242 3897 1309 3952; x_wconf 90' lang='lat' dir='ltr'>ab</span> <span class='ocrx_word' id='word_1_335' title='bbox 1337 3896 1525 3951; x_wconf 90' lang='lat' dir='ltr'>eodem</span> <span class='ocrx_word' id='word_1_336' title='bbox 1557 3897 1820 3967; x_wconf 89' lang='lat' dir='ltr'>adjectam</span> <span class='ocrx_word' id='word_1_337' title='bbox 1851 3897 1904 3951; x_wconf 91' lang='lat' dir='ltr'>in</span> <span class='ocrx_word' id='word_1_338' title='bbox 1943 3898 2033 3953; x_wconf 85' lang='lat' dir='ltr'>di—</span> 
     </span>
    </p>
   </div>
   <div class='ocr_carea' id='block_1_44' title="bbox 437 3983 2032 4057">
    <p class='ocr_par' dir='ltr' id='par_1_44' title="bbox 437 3983 2032 4057">
     <span class='ocr_line' id='line_1_44' title="bbox 437 3983 2032 4057; baseline 0.001 -17"><span class='ocrx_word' id='word_1_339' title='bbox 437 3984 574 4041; x_wconf 84' lang='lat' dir='ltr'>vites</span> <span class='ocrx_word' id='word_1_340' title='bbox 604 3984 1075 4040; x_wconf 89' lang='lat' dir='ltr'>comminationem</span> <span class='ocrx_word' id='word_1_341' title='bbox 1107 3983 1157 4021; x_wconf 85' lang='grc' dir='ltr'>’⁷ο</span> <span class='ocrx_word' id='word_1_342' title='bbox 1199 4000 1298 4056; x_wconf 89' lang='lat' dir='ltr'>per</span> <span class='ocrx_word' id='word_1_343' title='bbox 1328 4001 1411 4041; x_wconf 73' lang='lat' dir='ltr'>vae</span> <span class='ocrx_word' id='word_1_344' title='bbox 1439 3984 1660 4051; x_wconf 88' lang='lat' dir='ltr'>Christi,</span> <span class='ocrx_word' id='word_1_345' title='bbox 1691 4001 1723 4039; x_wconf 90' lang='lat' dir='ltr'>a</span> <span class='ocrx_word' id='word_1_346' title='bbox 1748 3999 1854 4057; x_wconf 92' lang='lat' dir='ltr'>quo</span> <span class='ocrx_word' id='word_1_347' title='bbox 1885 3985 2032 4057; x_wconf 86' lang='lat' dir='ltr'>ipsa-</span> 
     </span>
    </p>
   </div>
   <div class='ocr_carea' id='block_1_45' title="bbox 437 4072 2036 4145">
    <p class='ocr_par' dir='ltr' id='par_1_45' title="bbox 437 4072 2036 4145">
     <span class='ocr_line' id='line_1_45' title="bbox 437 4072 2036 4145; baseline 0 -16"><span class='ocrx_word' id='word_1_348' title='bbox 437 4089 560 4129; x_wconf 89' lang='lat' dir='ltr'>rum</span> <span class='ocrx_word' id='word_1_349' title='bbox 589 4078 956 4141; x_wconf 84' lang='lat' dir='ltr'>materiarum,</span> <span class='ocrx_word' id='word_1_350' title='bbox 989 4073 1044 4128; x_wconf 90' lang='lat' dir='ltr'>id</span> <span class='ocrx_word' id='word_1_351' title='bbox 1094 4081 1176 4129; x_wconf 88' lang='lat' dir='ltr'>est</span> <span class='ocrx_word' id='word_1_352' title='bbox 1202 4072 1531 4143; x_wconf 87' lang='lat' dir='ltr'>divitiarum,</span> <span class='ocrx_word' id='word_1_353' title='bbox 1562 4073 1864 4131; x_wconf 87' lang='lat' dir='ltr'>dehortatio</span> <span class='ocrx_word' id='word_1_354' title='bbox 1896 4090 2036 4145; x_wconf 70' lang='lat' dir='ltr'>pra:-</span> 
     </span>
    </p>
   </div>
   <div class='ocr_carea' id='block_1_46' title="bbox 2137 527 3727 600">
    <p class='ocr_par' dir='ltr' id='par_1_46' title="bbox 2137 527 3727 600">
     <span class='ocr_line' id='line_1_46' title="bbox 2137 527 3727 600; baseline -0.001 -18"><span class='ocrx_word' id='word_1_355' title='bbox 2137 527 2279 599; x_wconf 90' lang='lat' dir='ltr'>apud</span> <span class='ocrx_word' id='word_1_356' title='bbox 2307 530 2613 584; x_wconf 84' lang='lat' dir='ltr'>Creatorem</span> <span class='ocrx_word' id='word_1_357' title='bbox 2655 545 2668 584; x_wconf 89' lang='lat'><strong>:</strong></span> <span class='ocrx_word' id='word_1_358' title='bbox 2713 530 2845 582; x_wconf 87' lang='lat' dir='ltr'>Ecce</span> <span class='ocrx_word' id='word_1_359' title='bbox 2873 529 2969 600; x_wconf 86' lang='lat' dir='ltr'>qui</span> <span class='ocrx_word' id='word_1_360' title='bbox 3005 527 3150 584; x_wconf 88' lang='lat' dir='ltr'>mihi</span> <span class='ocrx_word' id='word_1_361' title='bbox 3174 528 3457 595; x_wconf 88' lang='lat' dir='ltr'>serviunt,</span> <span class='ocrx_word' id='word_1_362' title='bbox 3506 530 3727 583; x_wconf 88' lang='lat' dir='ltr'>satura-</span> 
     </span>
    </p>
   </div>
   <div class='ocr_carea' id='block_1_47' title="bbox 2136 614 3727 686">
    <p class='ocr_par' dir='ltr' id='par_1_47' title="bbox 2136 614 3727 686">
     <span class='ocr_line' id='line_1_47' title="bbox 2136 614 3727 686; baseline -0.003 -14"><span class='ocrx_word' id='word_1_363' title='bbox 2136 617 2381 684; x_wconf 82' lang='lat' dir='ltr'>buntur;</span> <span class='ocrx_word' id='word_1_364' title='bbox 2411 633 2502 671; x_wconf 91' lang='lat' dir='ltr'>vos</span> <span class='ocrx_word' id='word_1_365' title='bbox 2532 621 2721 673; x_wconf 86' lang='lat' dir='ltr'>autem</span> <span class='ocrx_word' id='word_1_366' title='bbox 2766 617 3030 672; x_wconf 87' lang='lat' dir='ltr'>esurietis</span> <span class='ocrx_word' id='word_1_367' title='bbox 3053 618 3164 683; x_wconf 87' lang='lat' dir='ltr'>(Isa</span> <span class='ocrx_word' id='word_1_368' title='bbox 3209 632 3340 681; x_wconf 82' lang='lat' dir='ltr'>va,</span> <span class='ocrx_word' id='word_1_369' title='bbox 3378 616 3502 683; x_wconf 79' lang='lat' dir='ltr'>l2);</span> <span class='ocrx_word' id='word_1_370' title='bbox 3540 614 3727 686; x_wconf 88' lang='lat' dir='ltr'>utique</span> 
     </span>
    </p>
   </div>
   <div class='ocr_carea' id='block_1_48' title="bbox 2136 704 3730 776">
    <p class='ocr_par' dir='ltr' id='par_1_48' title="bbox 2136 704 3730 776">
     <span class='ocr_line' id='line_1_48' title="bbox 2136 704 3730 776; baseline -0.001 -17"><span class='ocrx_word' id='word_1_371' title='bbox 2136 705 2262 775; x_wconf 85' lang='lat' dir='ltr'>quia</span> <span class='ocrx_word' id='word_1_372' title='bbox 2290 706 2541 762; x_wconf 87' lang='lat' dir='ltr'>saturati</span> <span class='ocrx_word' id='word_1_373' title='bbox 2551 707 2704 762; x_wconf 88' lang='lat' dir='ltr'>estis.</span> <span class='ocrx_word' id='word_1_374' title='bbox 2720 705 2789 758; x_wconf 89' lang='lat' dir='ltr'>Et</span> <span class='ocrx_word' id='word_1_375' title='bbox 2813 722 2825 758; x_wconf 89' lang='lat'><strong>:</strong></span> <span class='ocrx_word' id='word_1_376' title='bbox 2844 707 2977 761; x_wconf 87' lang='lat' dir='ltr'>Ecce</span> <span class='ocrx_word' id='word_1_377' title='bbox 2997 707 3095 776; x_wconf 89' lang='lat' dir='ltr'>qui</span> <span class='ocrx_word' id='word_1_378' title='bbox 3107 706 3536 769; x_wconf 85' lang='lat' dir='ltr'>mihiserviunt,</span> <span class='ocrx_word' id='word_1_379' title='bbox 3551 704 3730 759; x_wconf 79' lang='lat' dir='ltr'>oblec-</span> 
     </span>
    </p>
   </div>
   <div class='ocr_carea' id='block_1_49' title="bbox 2141 791 3731 865">
    <p class='ocr_par' dir='ltr' id='par_1_49' title="bbox 2141 791 3731 865">
     <span class='ocr_line' id='line_1_49' title="bbox 2141 791 3731 865; baseline -0.003 -16"><span class='ocrx_word' id='word_1_380' title='bbox 2141 795 2444 860; x_wconf 80' lang='lat' dir='ltr'>tabantur;</span> <span class='ocrx_word' id='word_1_381' title='bbox 2487 810 2578 849; x_wconf 90' lang='lat' dir='ltr'>vos</span> <span class='ocrx_word' id='word_1_382' title='bbox 2623 798 2823 850; x_wconf 89' lang='lat' dir='ltr'>autem</span> <span class='ocrx_word' id='word_1_383' title='bbox 2851 794 3310 865; x_wconf 81' lang='lat' dir='ltr'>confundemini;</span> <span class='ocrx_word' id='word_1_384' title='bbox 3332 792 3516 864; x_wconf 89' lang='lat' dir='ltr'>utique</span> <span class='ocrx_word' id='word_1_385' title='bbox 3541 791 3731 864; x_wconf 85' lang='lat' dir='ltr'>plora-</span> 
     </span>
    </p>
   </div>
   <div class='ocr_carea' id='block_1_50' title="bbox 2139 880 3728 954">
    <p class='ocr_par' dir='ltr' id='par_1_50' title="bbox 2139 880 3728 954">
     <span class='ocr_line' id='line_1_50' title="bbox 2139 880 3728 954; baseline -0.001 -18"><span class='ocrx_word' id='word_1_386' title='bbox 2139 881 2244 936; x_wconf 92' lang='lat' dir='ltr'>turi</span> <span class='ocrx_word' id='word_1_387' title='bbox 2301 881 2395 954; x_wconf 90' lang='lat' dir='ltr'>qui</span> <span class='ocrx_word' id='word_1_388' title='bbox 2423 899 2577 938; x_wconf 90' lang='lat' dir='ltr'>nunc</span> <span class='ocrx_word' id='word_1_389' title='bbox 2601 882 2822 940; x_wconf 77' lang='lat' dir='ltr'>ridetis;</span> <span class='ocrx_word' id='word_1_390' title='bbox 2845 881 2995 938; x_wconf 88' lang='lat' dir='ltr'>Sicut</span> <span class='ocrx_word' id='word_1_391' title='bbox 3025 883 3168 937; x_wconf 90' lang='lat' dir='ltr'>enim</span> <span class='ocrx_word' id='word_1_392' title='bbox 3195 881 3249 935; x_wconf 90' lang='lat' dir='ltr'>in</span> <span class='ocrx_word' id='word_1_393' title='bbox 3278 880 3493 937; x_wconf 88' lang='lat' dir='ltr'>Psalmo</span> <span class='ocrx_word' id='word_1_394' title='bbox 3523 880 3728 952; x_wconf 82' lang='lat' dir='ltr'>(cxxv,</span> 
     </span>
    </p>
   </div>
   <div class='ocr_carea' id='block_1_51' title="bbox 2137 969 3734 1045">
    <p class='ocr_par' dir='ltr' id='par_1_51' title="bbox 2137 969 3734 1045">
     <span class='ocr_line' id='line_1_51' title="bbox 2137 969 3734 1045; baseline -0.003 -18"><span class='ocrx_word' id='word_1_395' title='bbox 2137 972 2208 1038; x_wconf 87' lang='lat'>6),</span> <span class='ocrx_word' id='word_1_396' title='bbox 2243 974 2339 1045; x_wconf 91' lang='lat' dir='ltr'>qui</span> <span class='ocrx_word' id='word_1_397' title='bbox 2355 973 2644 1028; x_wconf 86' lang='lat' dir='ltr'>seminant</span> <span class='ocrx_word' id='word_1_398' title='bbox 2663 973 2726 1028; x_wconf 90' lang='lat' dir='ltr'>in</span> <span class='ocrx_word' id='word_1_399' title='bbox 2748 973 3029 1044; x_wconf 84' lang='lat' dir='ltr'>lacrymis,</span> <span class='ocrx_word' id='word_1_400' title='bbox 3054 974 3118 1027; x_wconf 87' lang='lat' dir='ltr'>in</span> <span class='ocrx_word' id='word_1_401' title='bbox 3134 971 3343 1027; x_wconf 74' lang='lat' dir='ltr'>laetitia</span> <span class='ocrx_word' id='word_1_402' title='bbox 3362 974 3577 1027; x_wconf 86' lang='lat' dir='ltr'>metent</span> <span class='ocrx_word' id='word_1_403' title='bbox 3608 990 3625 1024; x_wconf 89' lang='lat'><strong><em>:</em></strong></span> <span class='ocrx_word' id='word_1_404' title='bbox 3658 969 3734 1024; x_wconf 88' lang='lat' dir='ltr'>ita</span> 
     </span>
    </p>
   </div>
   <div class='ocr_carea' id='block_1_52' title="bbox 2137 1055 3727 1134">
    <p class='ocr_par' dir='ltr' id='par_1_52' title="bbox 2137 1055 3727 1134">
     <span class='ocr_line' id='line_1_52' title="bbox 2137 1055 3727 1134; baseline 0 -23"><span class='ocrx_word' id='word_1_405' title='bbox 2137 1057 2192 1112; x_wconf 90' lang='lat' dir='ltr'>in</span> <span class='ocrx_word' id='word_1_406' title='bbox 2221 1059 2531 1134; x_wconf 83' lang='lat' dir='ltr'>Evangelio,</span> <span class='ocrx_word' id='word_1_407' title='bbox 2564 1061 2657 1130; x_wconf 88' lang='lat' dir='ltr'>qui</span> <span class='ocrx_word' id='word_1_408' title='bbox 2689 1059 2743 1113; x_wconf 90' lang='lat' dir='ltr'>in</span> <span class='ocrx_word' id='word_1_409' title='bbox 2770 1059 2884 1114; x_wconf 88' lang='lat' dir='ltr'>risu</span> <span class='ocrx_word' id='word_1_410' title='bbox 2913 1059 3198 1122; x_wconf 88' lang='lat' dir='ltr'>seminant,</span> <span class='ocrx_word' id='word_1_411' title='bbox 3222 1057 3425 1114; x_wconf 89' lang='lat' dir='ltr'>scilicet</span> <span class='ocrx_word' id='word_1_412' title='bbox 3453 1057 3635 1113; x_wconf 66' lang='lat' dir='ltr'>lmtitia</span> <span class='ocrx_word' id='word_1_413' title='bbox 3655 1055 3727 1123; x_wconf 71' lang='lat'>71,</span> 
     </span>
    </p>
   </div>
   <div class='ocr_carea' id='block_1_53' title="bbox 2138 1146 3729 1219">
    <p class='ocr_par' dir='ltr' id='par_1_53' title="bbox 2138 1146 3729 1219">
     <span class='ocr_line' id='line_1_53' title="bbox 2138 1146 3729 1219; baseline -0.001 -17"><span class='ocrx_word' id='word_1_414' title='bbox 2138 1147 2194 1202; x_wconf 94' lang='lat' dir='ltr'>in</span> <span class='ocrx_word' id='word_1_415' title='bbox 2222 1148 2468 1219; x_wconf 84' lang='lat' dir='ltr'>lacrymis</span> <span class='ocrx_word' id='word_1_416' title='bbox 2511 1156 2727 1206; x_wconf 89' lang='lat' dir='ltr'>metent.</span> <span class='ocrx_word' id='word_1_417' title='bbox 2759 1149 2885 1205; x_wconf 67' lang='lat' dir='ltr'>Haec</span> <span class='ocrx_word' id='word_1_418' title='bbox 2929 1149 3059 1204; x_wconf 87' lang='lat' dir='ltr'>olim</span> <span class='ocrx_word' id='word_1_419' title='bbox 3088 1147 3305 1205; x_wconf 88' lang='lat' dir='ltr'>Creator</span> <span class='ocrx_word' id='word_1_420' title='bbox 3336 1146 3495 1204; x_wconf 87' lang='lat' dir='ltr'>simul</span> <span class='ocrx_word' id='word_1_421' title='bbox 3525 1147 3729 1218; x_wconf 86' lang='lat' dir='ltr'>posuit,</span> 
     </span>
    </p>
   </div>
   <div class='ocr_carea' id='block_1_54' title="bbox 2136 1234 3729 1311">
    <p class='ocr_par' dir='ltr' id='par_1_54' title="bbox 2136 1234 3729 1311">
     <span class='ocr_line' id='line_1_54' title="bbox 2136 1234 3729 1311; baseline -0.002 -17"><span class='ocrx_word' id='word_1_422' title='bbox 2136 1237 2384 1294; x_wconf 91' lang='lat' dir='ltr'>Christus</span> <span class='ocrx_word' id='word_1_423' title='bbox 2435 1239 2772 1295; x_wconf 89' lang='lat' dir='ltr'>solummodo</span> <span class='ocrx_word' id='word_1_424' title='bbox 2826 1238 3236 1311; x_wconf 78' lang='lat' dir='ltr'>distinguendo,</span> <span class='ocrx_word' id='word_1_425' title='bbox 3284 1252 3393 1293; x_wconf 92' lang='lat' dir='ltr'>non</span> <span class='ocrx_word' id='word_1_426' title='bbox 3446 1234 3729 1302; x_wconf 88' lang='lat' dir='ltr'>mutando,</span> 
     </span>
    </p>
   </div>
   <div class='ocr_carea' id='block_1_55' title="bbox 2139 1325 3731 1395">
    <p class='ocr_par' dir='ltr' id='par_1_55' title="bbox 2139 1325 3731 1395">
     <span class='ocr_line' id='line_1_55' title="bbox 2139 1325 3731 1395; baseline -0.001 -13"><span class='ocrx_word' id='word_1_427' title='bbox 2139 1329 2416 1385; x_wconf 88' lang='lat' dir='ltr'>renovavit</span> <span class='ocrx_word' id='word_1_428' title='bbox 2447 1346 2460 1382; x_wconf 89' lang='lat'><strong>:</strong></span> <span class='ocrx_word' id='word_1_429' title='bbox 2504 1329 2611 1395; x_wconf 75' lang='lat' dir='ltr'>Vae,</span> <span class='ocrx_word' id='word_1_430' title='bbox 2648 1346 2780 1386; x_wconf 88' lang='lat' dir='ltr'>cum</span> <span class='ocrx_word' id='word_1_431' title='bbox 2811 1331 2958 1386; x_wconf 86' lang='lat' dir='ltr'>vobis</span> <span class='ocrx_word' id='word_1_432' title='bbox 3003 1328 3393 1385; x_wconf 70' lang='lat' dir='ltr'>benedixerint</span> <span class='ocrx_word' id='word_1_433' title='bbox 3427 1325 3679 1385; x_wconf 86' lang='lat' dir='ltr'>homines</span> <span class='ocrx_word' id='word_1_434' title='bbox 3710 1346 3731 1381; x_wconf 90' lang='lat'><strong><em>:</em></strong></span> 
     </span>
    </p>
   </div>
   <div class='ocr_carea' id='block_1_56' title="bbox 2133 1415 3734 1489">
    <p class='ocr_par' dir='ltr' id='par_1_56' title="bbox 2133 1415 3734 1489">
     <span class='ocr_line' id='line_1_56' title="bbox 2133 1415 3734 1489; baseline -0.002 -16"><span class='ocrx_word' id='word_1_435' title='bbox 2133 1416 2446 1473; x_wconf 89' lang='lat' dir='ltr'>secundum</span> <span class='ocrx_word' id='word_1_436' title='bbox 2475 1417 2593 1473; x_wconf 65' lang='lat' dir='ltr'>haec</span> <span class='ocrx_word' id='word_1_437' title='bbox 2619 1416 2909 1487; x_wconf 82' lang='lat' dir='ltr'>faciebant</span> <span class='ocrx_word' id='word_1_438' title='bbox 2937 1421 2995 1472; x_wconf 88' lang='lat' dir='ltr'>et</span> <span class='ocrx_word' id='word_1_439' title='bbox 3018 1415 3508 1489; x_wconf 83' lang='lat' dir='ltr'>pseudoprophetis</span> <span class='ocrx_word' id='word_1_440' title='bbox 3533 1418 3734 1487; x_wconf 85' lang='lat' dir='ltr'>patres</span> 
     </span>
    </p>
   </div>
   <div class='ocr_carea' id='block_1_57' title="bbox 2134 1503 3737 1577">
    <p class='ocr_par' dir='ltr' id='par_1_57' title="bbox 2134 1503 3737 1577">
     <span class='ocr_line' id='line_1_57' title="bbox 2134 1503 3737 1577; baseline -0.004 -16"><span class='ocrx_word' id='word_1_441' title='bbox 2134 1506 2371 1561; x_wconf 87' lang='lat' dir='ltr'>illorum</span> <span class='ocrx_word' id='word_1_442' title='bbox 2414 1505 2565 1575; x_wconf 89' lang='lat' dir='ltr'>(Luc.</span> <span class='ocrx_word' id='word_1_443' title='bbox 2605 1520 2684 1571; x_wconf 79' lang='lat' dir='ltr'>vr,</span> <span class='ocrx_word' id='word_1_444' title='bbox 2732 1507 2839 1575; x_wconf 78' lang='lat'>23).</span> <span class='ocrx_word' id='word_1_445' title='bbox 2870 1505 3039 1577; x_wconf 72' lang='lat' dir='ltr'>Eque</span> <span class='ocrx_word' id='word_1_446' title='bbox 3085 1503 3303 1561; x_wconf 87' lang='lat' dir='ltr'>Creator</span> <span class='ocrx_word' id='word_1_447' title='bbox 3341 1503 3737 1560; x_wconf 87' lang='lat' dir='ltr'>benedictionis</span> 
     </span>
    </p>
   </div>
   <div class='ocr_carea' id='block_1_58' title="bbox 2138 1592 3734 1665">
    <p class='ocr_par' dir='ltr' id='par_1_58' title="bbox 2138 1592 3734 1665">
     <span class='ocr_line' id='line_1_58' title="bbox 2138 1592 3734 1665; baseline -0.003 -15"><span class='ocrx_word' id='word_1_448' title='bbox 2138 1601 2191 1650; x_wconf 90' lang='lat' dir='ltr'>et</span> <span class='ocrx_word' id='word_1_449' title='bbox 2228 1593 2398 1649; x_wconf 88' lang='lat' dir='ltr'>laudis</span> <span class='ocrx_word' id='word_1_450' title='bbox 2464 1595 2714 1650; x_wconf 77' lang='lat' dir='ltr'>humanae</span> <span class='ocrx_word' id='word_1_451' title='bbox 2777 1602 3073 1651; x_wconf 80' lang='lat' dir='ltr'>sectatores</span> <span class='ocrx_word' id='word_1_452' title='bbox 3136 1595 3341 1650; x_wconf 84' lang='lat' dir='ltr'>incusat</span> <span class='ocrx_word' id='word_1_453' title='bbox 3377 1609 3472 1665; x_wconf 90' lang='lat' dir='ltr'>per</span> <span class='ocrx_word' id='word_1_454' title='bbox 3538 1592 3734 1647; x_wconf 78' lang='lat' dir='ltr'>Isaiam</span> 
     </span>
    </p>
   </div>
   <div class='ocr_carea' id='block_1_59' title="bbox 2141 1681 3737 1758">
    <p class='ocr_par' dir='ltr' id='par_1_59' title="bbox 2141 1681 3737 1758">
     <span class='ocr_line' id='line_1_59' title="bbox 2141 1681 3737 1758; baseline 0.001 -21"><span class='ocrx_word' id='word_1_455' title='bbox 2141 1684 2243 1753; x_wconf 89' lang='grc' dir='ltr'>(ιιι,</span> <span class='ocrx_word' id='word_1_456' title='bbox 2269 1684 2357 1755; x_wconf 87' lang='grc'>12)</span> <span class='ocrx_word' id='word_1_457' title='bbox 2389 1698 2401 1738; x_wconf 93' lang='lat'><strong>:</strong></span> <span class='ocrx_word' id='word_1_458' title='bbox 2432 1685 2676 1756; x_wconf 88' lang='lat' dir='ltr'>Populus</span> <span class='ocrx_word' id='word_1_459' title='bbox 2697 1700 2876 1754; x_wconf 88' lang='lat' dir='ltr'>meus,</span> <span class='ocrx_word' id='word_1_460' title='bbox 2894 1686 2990 1758; x_wconf 89' lang='lat' dir='ltr'>qui</span> <span class='ocrx_word' id='word_1_461' title='bbox 3017 1701 3111 1741; x_wconf 87' lang='lat' dir='ltr'>vos</span> <span class='ocrx_word' id='word_1_462' title='bbox 3130 1685 3315 1741; x_wconf 91' lang='lat' dir='ltr'>beatos</span> <span class='ocrx_word' id='word_1_463' title='bbox 3336 1682 3552 1750; x_wconf 87' lang='lat' dir='ltr'>dicunt,</span> <span class='ocrx_word' id='word_1_464' title='bbox 3575 1681 3737 1738; x_wconf 87' lang='lat' dir='ltr'>sedu-</span> 
     </span>
    </p>
   </div>
   <div class='ocr_carea' id='block_1_60' title="bbox 2139 1770 3737 1846">
    <p class='ocr_par' dir='ltr' id='par_1_60' title="bbox 2139 1770 3737 1846">
     <span class='ocr_line' id='line_1_60' title="bbox 2139 1770 3737 1846; baseline -0.002 -19"><span class='ocrx_word' id='word_1_465' title='bbox 2139 1776 2283 1828; x_wconf 88' lang='lat' dir='ltr'>cunt</span> <span class='ocrx_word' id='word_1_466' title='bbox 2310 1789 2422 1841; x_wconf 84' lang='lat' dir='ltr'>vos,</span> <span class='ocrx_word' id='word_1_467' title='bbox 2441 1778 2497 1829; x_wconf 89' lang='lat' dir='ltr'>et</span> <span class='ocrx_word' id='word_1_468' title='bbox 2518 1774 2637 1831; x_wconf 88' lang='lat' dir='ltr'>vias</span> <span class='ocrx_word' id='word_1_469' title='bbox 2658 1774 2866 1846; x_wconf 88' lang='lat' dir='ltr'>pedum</span> <span class='ocrx_word' id='word_1_470' title='bbox 2890 1778 3213 1832; x_wconf 88' lang='lat' dir='ltr'>vestrorum</span> <span class='ocrx_word' id='word_1_471' title='bbox 3233 1771 3579 1828; x_wconf 87' lang='lat' dir='ltr'>disturbant.</span> <span class='ocrx_word' id='word_1_472' title='bbox 3598 1770 3737 1825; x_wconf 89' lang='lat' dir='ltr'>Pro-</span> 
     </span>
    </p>
   </div>
   <div class='ocr_carea' id='block_1_61' title="bbox 2140 1858 3733 1929">
    <p class='ocr_par' dir='ltr' id='par_1_61' title="bbox 2140 1858 3733 1929">
     <span class='ocr_line' id='line_1_61' title="bbox 2140 1858 3733 1929; baseline -0.001 -14"><span class='ocrx_word' id='word_1_473' title='bbox 2140 1862 2290 1916; x_wconf 82' lang='lat' dir='ltr'>hibet</span> <span class='ocrx_word' id='word_1_474' title='bbox 2317 1871 2371 1917; x_wconf 91' lang='lat' dir='ltr'>et</span> <span class='ocrx_word' id='word_1_475' title='bbox 2422 1861 2552 1916; x_wconf 90' lang='lat' dir='ltr'>alias</span> <span class='ocrx_word' id='word_1_476' title='bbox 2582 1860 2748 1918; x_wconf 75' lang='lat' dir='ltr'>fidere</span> <span class='ocrx_word' id='word_1_477' title='bbox 2796 1862 3016 1918; x_wconf 90' lang='lat' dir='ltr'>omnino</span> <span class='ocrx_word' id='word_1_478' title='bbox 3045 1862 3100 1916; x_wconf 89' lang='lat' dir='ltr'>in</span> <span class='ocrx_word' id='word_1_479' title='bbox 3163 1860 3456 1929; x_wconf 88' lang='lat' dir='ltr'>hominem,</span> <span class='ocrx_word' id='word_1_480' title='bbox 3487 1861 3565 1915; x_wconf 79' lang='lat' dir='ltr'>sic</span> <span class='ocrx_word' id='word_1_481' title='bbox 3592 1869 3649 1915; x_wconf 89' lang='lat' dir='ltr'>et</span> <span class='ocrx_word' id='word_1_482' title='bbox 3677 1858 3733 1914; x_wconf 92' lang='lat' dir='ltr'>in</span> 
     </span>
    </p>
   </div>
   <div class='ocr_carea' id='block_1_62' title="bbox 2137 1949 3736 2023">
    <p class='ocr_par' dir='ltr' id='par_1_62' title="bbox 2137 1949 3736 2023">
     <span class='ocr_line' id='line_1_62' title="bbox 2137 1949 3736 2023; baseline 0 -18"><span class='ocrx_word' id='word_1_483' title='bbox 2137 1951 2354 2006; x_wconf 84' lang='lat' dir='ltr'>laudem</span> <span class='ocrx_word' id='word_1_484' title='bbox 2418 1950 2676 2016; x_wconf 89' lang='lat' dir='ltr'>hominis,</span> <span class='ocrx_word' id='word_1_485' title='bbox 2708 1959 2766 2006; x_wconf 89' lang='lat' dir='ltr'>ut</span> <span class='ocrx_word' id='word_1_486' title='bbox 2795 1967 2893 2023; x_wconf 89' lang='lat' dir='ltr'>per</span> <span class='ocrx_word' id='word_1_487' title='bbox 2920 1950 3205 2007; x_wconf 82' lang='lat' dir='ltr'>Jeremiam</span> <span class='ocrx_word' id='word_1_488' title='bbox 3240 1954 3398 2021; x_wconf 76' lang='lat' dir='ltr'>(xvn,</span> <span class='ocrx_word' id='word_1_489' title='bbox 3431 1951 3483 2018; x_wconf 79' lang='grc' dir='ltr'>ὃ)</span> <span class='ocrx_word' id='word_1_490' title='bbox 3513 1965 3527 2003; x_wconf 89' lang='lat'><strong>:</strong></span> <span class='ocrx_word' id='word_1_491' title='bbox 3561 1949 3736 2005; x_wconf 79' lang='lat' dir='ltr'>Male-</span> 
     </span>
    </p>
   </div>
   <div class='ocr_carea' id='block_1_63' title="bbox 2138 2037 3734 2114">
    <p class='ocr_par' dir='ltr' id='par_1_63' title="bbox 2138 2037 3734 2114">
     <span class='ocr_line' id='line_1_63' title="bbox 2138 2037 3734 2114; baseline -0.003 -19"><span class='ocrx_word' id='word_1_492' title='bbox 2138 2040 2324 2096; x_wconf 88' lang='lat' dir='ltr'>dictus</span> <span class='ocrx_word' id='word_1_493' title='bbox 2356 2040 2537 2110; x_wconf 89' lang='lat' dir='ltr'>homo,</span> <span class='ocrx_word' id='word_1_494' title='bbox 2565 2042 2660 2114; x_wconf 89' lang='lat' dir='ltr'>qui</span> <span class='ocrx_word' id='word_1_495' title='bbox 2687 2057 2842 2113; x_wconf 85' lang='lat' dir='ltr'>spem</span> <span class='ocrx_word' id='word_1_496' title='bbox 2874 2041 3036 2098; x_wconf 89' lang='lat' dir='ltr'>habet</span> <span class='ocrx_word' id='word_1_497' title='bbox 3062 2041 3123 2095; x_wconf 90' lang='lat' dir='ltr'>in</span> <span class='ocrx_word' id='word_1_498' title='bbox 3158 2040 3400 2096; x_wconf 88' lang='lat' dir='ltr'>homine.</span> <span class='ocrx_word' id='word_1_499' title='bbox 3429 2038 3560 2092; x_wconf 91' lang='lat' dir='ltr'>Nam</span> <span class='ocrx_word' id='word_1_500' title='bbox 3593 2046 3648 2092; x_wconf 89' lang='lat' dir='ltr'>et</span> <span class='ocrx_word' id='word_1_501' title='bbox 3677 2037 3734 2090; x_wconf 89' lang='lat' dir='ltr'>in</span> 
     </span>
    </p>
   </div>
   <div class='ocr_carea' id='block_1_64' title="bbox 2139 2128 3736 2202">
    <p class='ocr_par' dir='ltr' id='par_1_64' title="bbox 2139 2128 3736 2202">
     <span class='ocr_line' id='line_1_64' title="bbox 2139 2128 3736 2202; baseline -0.001 -20"><span class='ocrx_word' id='word_1_502' title='bbox 2139 2129 2351 2185; x_wconf 88' lang='lat' dir='ltr'>Psalmo</span> <span class='ocrx_word' id='word_1_503' title='bbox 2388 2131 2686 2186; x_wconf 87' lang='lat' dir='ltr'>centesimo</span> <span class='ocrx_word' id='word_1_504' title='bbox 2724 2132 2934 2186; x_wconf 88' lang='lat' dir='ltr'>decimo</span> <span class='ocrx_word' id='word_1_505' title='bbox 2972 2128 3201 2202; x_wconf 89' lang='lat' dir='ltr'>septimo</span> <span class='ocrx_word' id='word_1_506' title='bbox 3239 2129 3314 2197; x_wconf 93' lang='lat' dir='ltr'>(v.</span> <span class='ocrx_word' id='word_1_507' title='bbox 3373 2130 3425 2192; x_wconf 86' lang='lat'>8,</span> <span class='ocrx_word' id='word_1_508' title='bbox 3484 2129 3539 2196; x_wconf 86' lang='lat'><strong>9)</strong></span> <span class='ocrx_word' id='word_1_509' title='bbox 3584 2128 3736 2182; x_wconf 88' lang='lat' dir='ltr'>:Bo-</span> 
     </span>
    </p>
   </div>
   <div class='ocr_carea' id='block_1_65' title="bbox 2138 2215 3735 2291">
    <p class='ocr_par' dir='ltr' id='par_1_65' title="bbox 2138 2215 3735 2291">
     <span class='ocr_line' id='line_1_65' title="bbox 2138 2215 3735 2291; baseline -0.002 -18"><span class='ocrx_word' id='word_1_510' title='bbox 2138 2235 2280 2275; x_wconf 89' lang='lat' dir='ltr'>num</span> <span class='ocrx_word' id='word_1_511' title='bbox 2297 2223 2382 2276; x_wconf 85' lang='lat' dir='ltr'>est</span> <span class='ocrx_word' id='word_1_512' title='bbox 2391 2220 2563 2288; x_wconf 83' lang='lat' dir='ltr'>ﬁdere</span> <span class='ocrx_word' id='word_1_513' title='bbox 2573 2222 2635 2275; x_wconf 90' lang='lat' dir='ltr'>in</span> <span class='ocrx_word' id='word_1_514' title='bbox 2646 2220 3149 2291; x_wconf 88' lang='lat' dir='ltr'>Dominum,quam</span> <span class='ocrx_word' id='word_1_515' title='bbox 3160 2218 3330 2289; x_wconf 82' lang='lat' dir='ltr'>ﬁdere</span> <span class='ocrx_word' id='word_1_516' title='bbox 3342 2218 3406 2272; x_wconf 88' lang='lat' dir='ltr'>in</span> <span class='ocrx_word' id='word_1_517' title='bbox 3422 2215 3735 2272; x_wconf 85' lang='lat' dir='ltr'>hominem.</span> 
     </span>
    </p>
   </div>
   <div class='ocr_carea' id='block_1_66' title="bbox 2137 2308 3739 2381">
    <p class='ocr_par' dir='ltr' id='par_1_66' title="bbox 2137 2308 3739 2381">
     <span class='ocr_line' id='line_1_66' title="bbox 2137 2308 3739 2381; baseline -0.001 -19"><span class='ocrx_word' id='word_1_518' title='bbox 2137 2308 2208 2362; x_wconf 91' lang='lat' dir='ltr'>Et</span> <span class='ocrx_word' id='word_1_519' title='bbox 2237 2326 2252 2363; x_wconf 90' lang='lat'><strong>:</strong></span> <span class='ocrx_word' id='word_1_520' title='bbox 2284 2310 2498 2365; x_wconf 89' lang='lat' dir='ltr'>Bonum</span> <span class='ocrx_word' id='word_1_521' title='bbox 2527 2314 2608 2366; x_wconf 89' lang='lat' dir='ltr'>est</span> <span class='ocrx_word' id='word_1_522' title='bbox 2625 2325 2856 2381; x_wconf 86' lang='lat' dir='ltr'>sperare</span> <span class='ocrx_word' id='word_1_523' title='bbox 2879 2309 2945 2364; x_wconf 92' lang='lat' dir='ltr'>in</span> <span class='ocrx_word' id='word_1_524' title='bbox 2965 2309 3288 2376; x_wconf 87' lang='lat' dir='ltr'>Dominum,</span> <span class='ocrx_word' id='word_1_525' title='bbox 3311 2322 3480 2380; x_wconf 86' lang='lat' dir='ltr'>quam</span> <span class='ocrx_word' id='word_1_526' title='bbox 3504 2319 3739 2377; x_wconf 75' lang='lat' dir='ltr'>aperare</span> 
     </span>
    </p>
   </div>
   <div class='ocr_carea' id='block_1_67' title="bbox 2138 2394 3731 2468">
    <p class='ocr_par' dir='ltr' id='par_1_67' title="bbox 2138 2394 3731 2468">
     <span class='ocr_line' id='line_1_67' title="bbox 2138 2394 3731 2468; baseline -0.003 -19"><span class='ocrx_word' id='word_1_527' title='bbox 2138 2395 2200 2449; x_wconf 87' lang='lat' dir='ltr'>in</span> <span class='ocrx_word' id='word_1_528' title='bbox 2216 2397 2526 2466; x_wconf 83' lang='lat' dir='ltr'>principes.</span> <span class='ocrx_word' id='word_1_529' title='bbox 2554 2397 2828 2465; x_wconf 92' lang='lat' dir='ltr'>Ita,totum</span> <span class='ocrx_word' id='word_1_530' title='bbox 2857 2397 3006 2468; x_wconf 88' lang='lat' dir='ltr'>quod</span> <span class='ocrx_word' id='word_1_531' title='bbox 3035 2398 3101 2451; x_wconf 88' lang='lat' dir='ltr'>ab</span> <span class='ocrx_word' id='word_1_532' title='bbox 3131 2394 3346 2450; x_wconf 87' lang='lat' dir='ltr'>homine</span> <span class='ocrx_word' id='word_1_533' title='bbox 3367 2402 3610 2463; x_wconf 84' lang='lat' dir='ltr'>captatur</span> <span class='ocrx_word' id='word_1_534' title='bbox 3629 2395 3731 2446; x_wconf 87' lang='lat' dir='ltr'>ah-</span> 
     </span>
    </p>
   </div>
   <div class='ocr_carea' id='block_1_68' title="bbox 2138 2481 3737 2551">
    <p class='ocr_par' dir='ltr' id='par_1_68' title="bbox 2138 2481 3737 2551">
     <span class='ocr_line' id='line_1_68' title="bbox 2138 2481 3737 2551; baseline -0.001 -16"><span class='ocrx_word' id='word_1_535' title='bbox 2138 2482 2274 2538; x_wconf 88' lang='lat' dir='ltr'>dixit</span> <span class='ocrx_word' id='word_1_536' title='bbox 2310 2482 2759 2550; x_wconf 87' lang='lat' dir='ltr'>Creator,nedum</span> <span class='ocrx_word' id='word_1_537' title='bbox 2799 2484 3251 2540; x_wconf 88' lang='lat' dir='ltr'>benedictionem.</span> <span class='ocrx_word' id='word_1_538' title='bbox 3284 2481 3737 2551; x_wconf 87' lang='lat' dir='ltr'>Pseudoprophe—</span> 
     </span>
    </p>
   </div>
   <div class='ocr_carea' id='block_1_69' title="bbox 2138 2571 3735 2643">
    <p class='ocr_par' dir='ltr' id='par_1_69' title="bbox 2138 2571 3735 2643">
     <span class='ocr_line' id='line_1_69' title="bbox 2138 2571 3735 2643; baseline -0.003 -15"><span class='ocrx_word' id='word_1_539' title='bbox 2138 2579 2219 2628; x_wconf 90' lang='lat' dir='ltr'>tas</span> <span class='ocrx_word' id='word_1_540' title='bbox 2244 2582 2422 2627; x_wconf 88' lang='lat' dir='ltr'>autem</span> <span class='ocrx_word' id='word_1_541' title='bbox 2448 2573 2694 2627; x_wconf 88' lang='lat' dir='ltr'>laudatos</span> <span class='ocrx_word' id='word_1_542' title='bbox 2722 2574 2834 2629; x_wconf 89' lang='lat' dir='ltr'>sive</span> <span class='ocrx_word' id='word_1_543' title='bbox 2863 2572 3177 2629; x_wconf 69' lang='lat' dir='ltr'>benedictus</span> <span class='ocrx_word' id='word_1_544' title='bbox 3196 2588 3226 2627; x_wconf 89' lang='lat' dir='ltr'>a</span> <span class='ocrx_word' id='word_1_545' title='bbox 3248 2571 3492 2643; x_wconf 91' lang='lat' dir='ltr'>patribus</span> <span class='ocrx_word' id='word_1_546' title='bbox 3517 2585 3735 2635; x_wconf 85' lang='lat' dir='ltr'>eorum,</span> 
     </span>
    </p>
   </div>
   <div class='ocr_carea' id='block_1_70' title="bbox 2143 2660 3738 2733">
    <p class='ocr_par' dir='ltr' id='par_1_70' title="bbox 2143 2660 3738 2733">
     <span class='ocr_line' id='line_1_70' title="bbox 2143 2660 3738 2733; baseline -0.002 -18"><span class='ocrx_word' id='word_1_547' title='bbox 2143 2670 2247 2715; x_wconf 90' lang='lat' dir='ltr'>tam</span> <span class='ocrx_word' id='word_1_548' title='bbox 2278 2661 2395 2729; x_wconf 81' lang='lat' dir='ltr'>ejus</span> <span class='ocrx_word' id='word_1_549' title='bbox 2424 2668 2506 2715; x_wconf 91' lang='lat' dir='ltr'>est</span> <span class='ocrx_word' id='word_1_550' title='bbox 2534 2662 2884 2732; x_wconf 88' lang='lat' dir='ltr'>exprobrare,</span> <span class='ocrx_word' id='word_1_551' title='bbox 2909 2677 3071 2733; x_wconf 87' lang='lat' dir='ltr'>quam</span> <span class='ocrx_word' id='word_1_552' title='bbox 3103 2660 3395 2733; x_wconf 86' lang='lat' dir='ltr'>prephetas</span> <span class='ocrx_word' id='word_1_553' title='bbox 3431 2667 3652 2714; x_wconf 81' lang='lat' dir='ltr'>vexatos</span> <span class='ocrx_word' id='word_1_554' title='bbox 3682 2667 3738 2713; x_wconf 89' lang='lat' dir='ltr'>et</span> 
     </span>
    </p>
   </div>
   <div class='ocr_carea' id='block_1_71' title="bbox 2142 2745 3739 2820">
    <p class='ocr_par' dir='ltr' id='par_1_71' title="bbox 2142 2745 3739 2820">
     <span class='ocr_line' id='line_1_71' title="bbox 2142 2745 3739 2820; baseline -0.002 -18"><span class='ocrx_word' id='word_1_555' title='bbox 2142 2756 2416 2805; x_wconf 88' lang='lat' dir='ltr'>recusatos</span> <span class='ocrx_word' id='word_1_556' title='bbox 2440 2767 2454 2803; x_wconf 90' lang='lat'><strong>:</strong></span> <span class='ocrx_word' id='word_1_557' title='bbox 2478 2749 2616 2804; x_wconf 90' lang='lat' dir='ltr'>sicut</span> <span class='ocrx_word' id='word_1_558' title='bbox 2643 2749 2858 2820; x_wconf 65' lang='lat' dir='ltr'>injuriae</span> <span class='ocrx_word' id='word_1_559' title='bbox 2890 2751 3270 2820; x_wconf 83' lang='lat' dir='ltr'>prepbetarum</span> <span class='ocrx_word' id='word_1_560' title='bbox 3299 2762 3409 2803; x_wconf 92' lang='lat' dir='ltr'>non</span> <span class='ocrx_word' id='word_1_561' title='bbox 3451 2745 3739 2817; x_wconf 87' lang='lat' dir='ltr'>pertinuis-</span> 
     </span>
    </p>
   </div>
   <div class='ocr_carea' id='block_1_72' title="bbox 2141 2835 3738 2909">
    <p class='ocr_par' dir='ltr' id='par_1_72' title="bbox 2141 2835 3738 2909">
     <span class='ocr_line' id='line_1_72' title="bbox 2141 2835 3738 2909; baseline -0.003 -17"><span class='ocrx_word' id='word_1_562' title='bbox 2141 2846 2262 2893; x_wconf 89' lang='lat' dir='ltr'>sent</span> <span class='ocrx_word' id='word_1_563' title='bbox 2288 2835 2461 2895; x_wconf 73' lang='lat'>895</span> <span class='ocrx_word' id='word_1_564' title='bbox 2491 2837 2557 2890; x_wconf 90' lang='lat' dir='ltr'>ad</span> <span class='ocrx_word' id='word_1_565' title='bbox 2603 2839 2771 2894; x_wconf 91' lang='lat' dir='ltr'>Deum</span> <span class='ocrx_word' id='word_1_566' title='bbox 2810 2838 3081 2909; x_wconf 86' lang='lat' dir='ltr'>ipsorum;</span> <span class='ocrx_word' id='word_1_567' title='bbox 3114 2838 3186 2892; x_wconf 87' lang='lat' dir='ltr'>ita</span> <span class='ocrx_word' id='word_1_568' title='bbox 3213 2852 3317 2892; x_wconf 92' lang='lat' dir='ltr'>nec</span> <span class='ocrx_word' id='word_1_569' title='bbox 3351 2835 3540 2909; x_wconf 66' lang='lat' dir='ltr'>gratim</span> <span class='ocrx_word' id='word_1_570' title='bbox 3569 2850 3738 2905; x_wconf 88' lang='lat' dir='ltr'>pseu-</span> 
     </span>
    </p>
   </div>
   <div class='ocr_carea' id='block_1_73' title="bbox 2137 2925 3735 3000">
    <p class='ocr_par' dir='ltr' id='par_1_73' title="bbox 2137 2925 3735 3000">
     <span class='ocr_line' id='line_1_73' title="bbox 2137 2925 3735 3000; baseline -0.002 -19"><span class='ocrx_word' id='word_1_571' title='bbox 2137 2926 2595 2998; x_wconf 87' lang='lat' dir='ltr'>d0pr0phetarum</span> <span class='ocrx_word' id='word_1_572' title='bbox 2615 2926 3029 3000; x_wconf 86' lang='lat' dir='ltr'>displicuissent,</span> <span class='ocrx_word' id='word_1_573' title='bbox 3052 2926 3155 2981; x_wconf 89' lang='lat' dir='ltr'>nisi</span> <span class='ocrx_word' id='word_1_574' title='bbox 3180 2929 3295 2983; x_wconf 91' lang='lat' dir='ltr'>Deo</span> <span class='ocrx_word' id='word_1_575' title='bbox 3324 2925 3735 2997; x_wconf 89' lang='lat' dir='ltr'>prophetarum.</span> 
     </span>
    </p>
   </div>
   <div class='ocr_carea' id='block_1_74' title="bbox 2740 3017 3156 3074">
    <p class='ocr_par' dir='ltr' id='par_1_74' title="bbox 2740 3017 3156 3074">
     <span class='ocr_line' id='line_1_74' title="bbox 2740 3017 3156 3074; baseline 0 -2"><span class='ocrx_word' id='word_1_576' title='bbox 2740 3017 2970 3074; x_wconf 87' lang='lat' dir='ltr'>CAPUT</span> <span class='ocrx_word' id='word_1_577' title='bbox 3007 3017 3156 3074; x_wconf 83' lang='lat' dir='ltr'>XVI.</span> 
     </span>
    </p>
   </div>
   <div class='ocr_carea' id='block_1_75' title="bbox 2214 3103 3737 3178">
    <p class='ocr_par' dir='ltr' id='par_1_75' title="bbox 2214 3103 3737 3178">
     <span class='ocr_line' id='line_1_75' title="bbox 2214 3103 3737 3178; baseline -0.004 -16"><span class='ocrx_word' id='word_1_578' title='bbox 2214 3106 2316 3162; x_wconf 85' lang='lat' dir='ltr'>Sed</span> <span class='ocrx_word' id='word_1_579' title='bbox 2343 3106 2488 3164; x_wconf 89' lang='lat' dir='ltr'>vobis</span> <span class='ocrx_word' id='word_1_580' title='bbox 2508 3106 2650 3171; x_wconf 88' lang='lat' dir='ltr'>dico,</span> <span class='ocrx_word' id='word_1_581' title='bbox 2684 3106 2858 3177; x_wconf 91' lang='lat' dir='ltr'>inquit</span> <span class='ocrx_word' id='word_1_582' title='bbox 2878 3108 3014 3175; x_wconf 87' lang='lat' dir='ltr'>(Luc</span> <span class='ocrx_word' id='word_1_583' title='bbox 3035 3108 3140 3176; x_wconf 68' lang='grc' dir='ltr'>γι),</span> <span class='ocrx_word' id='word_1_584' title='bbox 3165 3107 3261 3178; x_wconf 84' lang='lat' dir='ltr'>qui</span> <span class='ocrx_word' id='word_1_585' title='bbox 3280 3103 3526 3161; x_wconf 86' lang='lat' dir='ltr'>auditis:</span> <span class='ocrx_word' id='word_1_586' title='bbox 3553 3110 3737 3158; x_wconf 84' lang='lat' dir='ltr'>osten-</span> 
     </span>
    </p>
   </div>
   <div class='ocr_carea' id='block_1_76' title="bbox 2140 3192 3737 3265">
    <p class='ocr_par' dir='ltr' id='par_1_76' title="bbox 2140 3192 3737 3265">
     <span class='ocr_line' id='line_1_76' title="bbox 2140 3192 3737 3265; baseline -0.003 -17"><span class='ocrx_word' id='word_1_587' title='bbox 2140 3194 2275 3249; x_wconf 85' lang='lat' dir='ltr'>dens</span> <span class='ocrx_word' id='word_1_588' title='bbox 2305 3195 2410 3249; x_wconf 90' lang='lat' dir='ltr'>hoc</span> <span class='ocrx_word' id='word_1_589' title='bbox 2438 3194 2565 3250; x_wconf 88' lang='lat' dir='ltr'>olim</span> <span class='ocrx_word' id='word_1_590' title='bbox 2618 3194 2928 3251; x_wconf 90' lang='lat' dir='ltr'>mandatum</span> <span class='ocrx_word' id='word_1_591' title='bbox 2958 3195 3053 3265; x_wconf 90' lang='lat' dir='ltr'>(IV</span> <span class='ocrx_word' id='word_1_592' title='bbox 3084 3195 3243 3251; x_wconf 89' lang='lat' dir='ltr'>Esdr.</span> <span class='ocrx_word' id='word_1_593' title='bbox 3295 3209 3391 3258; x_wconf 77' lang='lat' dir='ltr'>xv,</span> <span class='ocrx_word' id='word_1_594' title='bbox 3426 3192 3480 3264; x_wconf 83' lang='lat' dir='ltr'>l)</span> <span class='ocrx_word' id='word_1_595' title='bbox 3515 3207 3546 3245; x_wconf 67' lang='grc' dir='ltr'>ει</span> <span class='ocrx_word' id='word_1_596' title='bbox 3576 3192 3737 3247; x_wconf 83' lang='lat' dir='ltr'>Crea-</span> 
     </span>
    </p>
   </div>
   <div class='ocr_carea' id='block_1_77' title="bbox 2140 3280 3736 3357">
    <p class='ocr_par' dir='ltr' id='par_1_77' title="bbox 2140 3280 3736 3357">
     <span class='ocr_line' id='line_1_77' title="bbox 2140 3280 3736 3357; baseline -0.003 -20"><span class='ocrx_word' id='word_1_597' title='bbox 2140 3290 2257 3339; x_wconf 87' lang='lat' dir='ltr'>tore</span> <span class='ocrx_word' id='word_1_598' title='bbox 2291 3300 2304 3338; x_wconf 91' lang='lat'><strong>:</strong></span> <span class='ocrx_word' id='word_1_599' title='bbox 2341 3285 2578 3357; x_wconf 87' lang='lat' dir='ltr'>Loquere</span> <span class='ocrx_word' id='word_1_600' title='bbox 2607 3285 2671 3338; x_wconf 90' lang='lat' dir='ltr'>in</span> <span class='ocrx_word' id='word_1_601' title='bbox 2687 3299 2853 3340; x_wconf 88' lang='lat' dir='ltr'>aures</span> <span class='ocrx_word' id='word_1_602' title='bbox 2879 3283 3263 3340; x_wconf 88' lang='lat' dir='ltr'>audientium.</span> <span class='ocrx_word' id='word_1_603' title='bbox 3285 3281 3512 3353; x_wconf 86' lang='lat' dir='ltr'>Diligite</span> <span class='ocrx_word' id='word_1_604' title='bbox 3531 3280 3736 3335; x_wconf 82' lang='lat' dir='ltr'>inimi-</span> 
     </span>
    </p>
   </div>
   <div class='ocr_carea' id='block_1_78' title="bbox 2138 3368 3734 3444">
    <p class='ocr_par' dir='ltr' id='par_1_78' title="bbox 2138 3368 3734 3444">
     <span class='ocr_line' id='line_1_78' title="bbox 2138 3368 3734 3444; baseline -0.003 -17"><span class='ocrx_word' id='word_1_605' title='bbox 2138 3386 2229 3427; x_wconf 85' lang='lat' dir='ltr'>cos</span> <span class='ocrx_word' id='word_1_606' title='bbox 2256 3374 2486 3436; x_wconf 88' lang='lat' dir='ltr'>vestros,</span> <span class='ocrx_word' id='word_1_607' title='bbox 2518 3374 2577 3428; x_wconf 88' lang='lat' dir='ltr'>et</span> <span class='ocrx_word' id='word_1_608' title='bbox 2622 3370 2932 3429; x_wconf 89' lang='lat' dir='ltr'>benedicite</span> <span class='ocrx_word' id='word_1_609' title='bbox 2959 3389 3047 3430; x_wconf 87' lang='lat' dir='ltr'>eos</span> <span class='ocrx_word' id='word_1_610' title='bbox 3075 3373 3176 3444; x_wconf 88' lang='lat' dir='ltr'>qui</span> <span class='ocrx_word' id='word_1_611' title='bbox 3200 3388 3293 3428; x_wconf 85' lang='lat' dir='ltr'>vos</span> <span class='ocrx_word' id='word_1_612' title='bbox 3320 3370 3563 3428; x_wconf 81' lang='lat' dir='ltr'>oderunt</span> <span class='ocrx_word' id='word_1_613' title='bbox 3592 3368 3734 3440; x_wconf 77' lang='lat'>(55),</span> 
     </span>
    </p>
   </div>
   <div class='ocr_carea' id='block_1_79' title="bbox 2140 3459 3737 3534">
    <p class='ocr_par' dir='ltr' id='par_1_79' title="bbox 2140 3459 3737 3534">
     <span class='ocr_line' id='line_1_79' title="bbox 2140 3459 3737 3534; baseline -0.002 -19"><span class='ocrx_word' id='word_1_614' title='bbox 2140 3463 2197 3516; x_wconf 88' lang='lat' dir='ltr'>et</span> <span class='ocrx_word' id='word_1_615' title='bbox 2223 3464 2381 3515; x_wconf 89' lang='lat' dir='ltr'>orate</span> <span class='ocrx_word' id='word_1_616' title='bbox 2410 3475 2509 3531; x_wconf 88' lang='lat' dir='ltr'>pro</span> <span class='ocrx_word' id='word_1_617' title='bbox 2531 3460 2609 3515; x_wconf 90' lang='lat' dir='ltr'>eis</span> <span class='ocrx_word' id='word_1_618' title='bbox 2638 3462 2737 3534; x_wconf 90' lang='lat' dir='ltr'>qui</span> <span class='ocrx_word' id='word_1_619' title='bbox 2754 3476 2844 3516; x_wconf 89' lang='lat' dir='ltr'>vos</span> <span class='ocrx_word' id='word_1_620' title='bbox 2863 3461 3319 3518; x_wconf 85' lang='lat' dir='ltr'>calumniantur.</span> <span class='ocrx_word' id='word_1_621' title='bbox 3351 3460 3477 3515; x_wconf 71' lang='lat' dir='ltr'>Haec</span> <span class='ocrx_word' id='word_1_622' title='bbox 3513 3459 3737 3514; x_wconf 85' lang='lat' dir='ltr'>Creator</span> 
     </span>
    </p>
   </div>
   <div class='ocr_carea' id='block_1_80' title="bbox 2139 3547 3734 3621">
    <p class='ocr_par' dir='ltr' id='par_1_80' title="bbox 2139 3547 3734 3621">
     <span class='ocr_line' id='line_1_80' title="bbox 2139 3547 3734 3621; baseline -0.001 -21"><span class='ocrx_word' id='word_1_623' title='bbox 2139 3562 2247 3601; x_wconf 91' lang='lat' dir='ltr'>una</span> <span class='ocrx_word' id='word_1_624' title='bbox 2287 3548 2716 3618; x_wconf 89' lang='lat' dir='ltr'>pronuntiatione</span> <span class='ocrx_word' id='word_1_625' title='bbox 2766 3548 2924 3605; x_wconf 90' lang='lat' dir='ltr'>clusit</span> <span class='ocrx_word' id='word_1_626' title='bbox 2980 3566 3078 3621; x_wconf 90' lang='lat' dir='ltr'>per</span> <span class='ocrx_word' id='word_1_627' title='bbox 3132 3549 3319 3605; x_wconf 87' lang='lat' dir='ltr'>Isaiam</span> <span class='ocrx_word' id='word_1_628' title='bbox 3385 3547 3557 3619; x_wconf 79' lang='lat' dir='ltr'>(LXVI,</span> <span class='ocrx_word' id='word_1_629' title='bbox 3599 3550 3655 3616; x_wconf 83' lang='grc'>5)</span> <span class='ocrx_word' id='word_1_630' title='bbox 3719 3564 3734 3599; x_wconf 88' lang='lat'><strong>:</strong></span> 
     </span>
    </p>
   </div>
   <div class='ocr_carea' id='block_1_81' title="bbox 2140 3635 3737 3711">
    <p class='ocr_par' dir='ltr' id='par_1_81' title="bbox 2140 3635 3737 3711">
     <span class='ocr_line' id='line_1_81' title="bbox 2140 3635 3737 3711; baseline -0.001 -20"><span class='ocrx_word' id='word_1_631' title='bbox 2140 3637 2339 3703; x_wconf 87' lang='lat' dir='ltr'>Dicite,</span> <span class='ocrx_word' id='word_1_632' title='bbox 2379 3639 2607 3694; x_wconf 84' lang='lat' dir='ltr'>Fratres</span> <span class='ocrx_word' id='word_1_633' title='bbox 2623 3639 2810 3694; x_wconf 86' lang='lat' dir='ltr'>nostri</span> <span class='ocrx_word' id='word_1_634' title='bbox 2835 3640 2987 3706; x_wconf 82' lang='lat' dir='ltr'>estis,</span> <span class='ocrx_word' id='word_1_635' title='bbox 3008 3640 3088 3696; x_wconf 88' lang='lat' dir='ltr'>eis</span> <span class='ocrx_word' id='word_1_636' title='bbox 3117 3638 3217 3711; x_wconf 87' lang='lat' dir='ltr'>qui</span> <span class='ocrx_word' id='word_1_637' title='bbox 3245 3654 3336 3697; x_wconf 82' lang='lat' dir='ltr'>vos</span> <span class='ocrx_word' id='word_1_638' title='bbox 3381 3636 3642 3695; x_wconf 87' lang='lat' dir='ltr'>oderunt.</span> <span class='ocrx_word' id='word_1_639' title='bbox 3678 3635 3737 3690; x_wconf 90' lang='lat' dir='ltr'>Si</span> 
     </span>
    </p>
   </div>
   <div class='ocr_carea' id='block_1_82' title="bbox 2139 3724 3738 3797">
    <p class='ocr_par' dir='ltr' id='par_1_82' title="bbox 2139 3724 3738 3797">
     <span class='ocr_line' id='line_1_82' title="bbox 2139 3724 3738 3797; baseline -0.001 -17"><span class='ocrx_word' id='word_1_640' title='bbox 2139 3724 2282 3780; x_wconf 91' lang='lat' dir='ltr'>enim</span> <span class='ocrx_word' id='word_1_641' title='bbox 2317 3724 2415 3797; x_wconf 91' lang='lat' dir='ltr'>qui</span> <span class='ocrx_word' id='word_1_642' title='bbox 2479 3725 2682 3783; x_wconf 88' lang='lat' dir='ltr'>inimici</span> <span class='ocrx_word' id='word_1_643' title='bbox 2714 3736 2840 3783; x_wconf 86' lang='lat' dir='ltr'>sunt</span> <span class='ocrx_word' id='word_1_644' title='bbox 2894 3735 2947 3784; x_wconf 87' lang='lat' dir='ltr'>et</span> <span class='ocrx_word' id='word_1_645' title='bbox 3007 3729 3258 3797; x_wconf 87' lang='lat' dir='ltr'>oderunt,</span> <span class='ocrx_word' id='word_1_646' title='bbox 3298 3735 3354 3782; x_wconf 92' lang='lat' dir='ltr'>et</span> <span class='ocrx_word' id='word_1_647' title='bbox 3389 3724 3738 3794; x_wconf 85' lang='lat' dir='ltr'>maledicunt,</span> 
     </span>
    </p>
   </div>
   <div class='ocr_carea' id='block_1_83' title="bbox 2143 3812 3738 3888">
    <p class='ocr_par' dir='ltr' id='par_1_83' title="bbox 2143 3812 3738 3888">
     <span class='ocr_line' id='line_1_83' title="bbox 2143 3812 3738 3888; baseline -0.001 -21"><span class='ocrx_word' id='word_1_648' title='bbox 2143 3821 2197 3867; x_wconf 92' lang='lat' dir='ltr'>et</span> <span class='ocrx_word' id='word_1_649' title='bbox 2249 3812 2668 3884; x_wconf 88' lang='lat' dir='ltr'>calumniantur,</span> <span class='ocrx_word' id='word_1_650' title='bbox 2725 3814 2922 3871; x_wconf 83' lang='lat' dir='ltr'>fratres</span> <span class='ocrx_word' id='word_1_651' title='bbox 2975 3813 3285 3888; x_wconf 84' lang='lat' dir='ltr'>appellandi</span> <span class='ocrx_word' id='word_1_652' title='bbox 3351 3820 3502 3880; x_wconf 88' lang='lat' dir='ltr'>sunt;</span> <span class='ocrx_word' id='word_1_653' title='bbox 3543 3813 3738 3884; x_wconf 87' lang='lat' dir='ltr'>utique</span> 
     </span>
    </p>
   </div>
   <div class='ocr_carea' id='block_1_84' title="bbox 2138 3899 3741 3976">
    <p class='ocr_par' dir='ltr' id='par_1_84' title="bbox 2138 3899 3741 3976">
     <span class='ocr_line' id='line_1_84' title="bbox 2138 3899 3741 3976; baseline -0.001 -21"><span class='ocrx_word' id='word_1_654' title='bbox 2138 3909 2193 3955; x_wconf 91' lang='lat' dir='ltr'>et</span> <span class='ocrx_word' id='word_1_655' title='bbox 2255 3901 2495 3958; x_wconf 88' lang='lat' dir='ltr'>benedici</span> <span class='ocrx_word' id='word_1_656' title='bbox 2559 3903 2823 3970; x_wconf 89' lang='lat' dir='ltr'>odientes,</span> <span class='ocrx_word' id='word_1_657' title='bbox 2891 3904 3032 3960; x_wconf 90' lang='lat' dir='ltr'>orari</span> <span class='ocrx_word' id='word_1_658' title='bbox 3094 3917 3193 3976; x_wconf 89' lang='lat' dir='ltr'>pro</span> <span class='ocrx_word' id='word_1_659' title='bbox 3256 3899 3741 3959; x_wconf 85' lang='lat' dir='ltr'>calumniatoribus</span> 
     </span>
    </p>
   </div>
   <div class='ocr_carea' id='block_1_85' title="bbox 2093 3987 3740 4064">
    <p class='ocr_par' dir='ltr' id='par_1_85' title="bbox 2093 3987 3740 4064">
     <span class='ocr_line' id='line_1_85' title="bbox 2093 3987 3740 4064; baseline -0.002 -20"><span class='ocrx_word' id='word_1_660' title='bbox 2093 3993 2097 3997; x_wconf 83' lang='lat'>&#39;</span> <span class='ocrx_word' id='word_1_661' title='bbox 2137 3989 2321 4060; x_wconf 86' lang='lat' dir='ltr'>jussit,</span> <span class='ocrx_word' id='word_1_662' title='bbox 2354 3990 2446 4062; x_wconf 90' lang='lat' dir='ltr'>qui</span> <span class='ocrx_word' id='word_1_663' title='bbox 2475 4006 2570 4048; x_wconf 89' lang='lat' dir='ltr'>eos</span> <span class='ocrx_word' id='word_1_664' title='bbox 2597 3990 2791 4048; x_wconf 88' lang='lat' dir='ltr'>fratres</span> <span class='ocrx_word' id='word_1_665' title='bbox 2848 3993 2899 4030; x_wconf 64' lang='lat'>73</span> <span class='ocrx_word' id='word_1_666' title='bbox 2927 3991 3173 4064; x_wconf 90' lang='lat' dir='ltr'>deputari</span> <span class='ocrx_word' id='word_1_667' title='bbox 3205 3988 3474 4063; x_wconf 69' lang='lat' dir='ltr'>praecepit.</span> <span class='ocrx_word' id='word_1_668' title='bbox 3516 3987 3740 4044; x_wconf 89' lang='lat' dir='ltr'>Novam</span> 
     </span>
    </p>
   </div>
   <div class='ocr_carea' id='block_1_86' title="bbox 2142 4077 3740 4153">
    <p class='ocr_par' dir='ltr' id='par_1_86' title="bbox 2142 4077 3740 4153">
     <span class='ocr_line' id='line_1_86' title="bbox 2142 4077 3740 4153; baseline -0.001 -21"><span class='ocrx_word' id='word_1_669' title='bbox 2142 4078 2299 4150; x_wconf 88' lang='lat' dir='ltr'>plane</span> <span class='ocrx_word' id='word_1_670' title='bbox 2357 4079 2666 4151; x_wconf 87' lang='lat' dir='ltr'>patientiam</span> <span class='ocrx_word' id='word_1_671' title='bbox 2694 4080 2809 4153; x_wconf 82' lang='grc'>(56)</span> <span class='ocrx_word' id='word_1_672' title='bbox 2869 4081 3023 4137; x_wconf 89' lang='lat' dir='ltr'>docet</span> <span class='ocrx_word' id='word_1_673' title='bbox 3050 4080 3316 4151; x_wconf 89' lang='lat' dir='ltr'>Christus,</span> <span class='ocrx_word' id='word_1_674' title='bbox 3358 4078 3520 4135; x_wconf 90' lang='lat' dir='ltr'>etiam</span> <span class='ocrx_word' id='word_1_675' title='bbox 3558 4077 3740 4133; x_wconf 90' lang='lat' dir='ltr'>vicem</span> 
     </span>
    </p>
   </div>
   <div class='ocr_carea' id='block_1_87' title="bbox 438 4162 3742 4272">
    <p class='ocr_par' dir='ltr' id='par_1_87' title="bbox 438 4162 3742 4272">
     <span class='ocr_line' id='line_1_87' title="bbox 438 4162 3742 4272; baseline 0.002 -55"><span class='ocrx_word' id='word_1_676' title='bbox 438 4163 761 4220; x_wconf 86' lang='lat' dir='ltr'>cucurrisset</span> <span class='ocrx_word' id='word_1_677' title='bbox 791 4162 1175 4220; x_wconf 88' lang='lat' dir='ltr'>:comminatio</span> <span class='ocrx_word' id='word_1_678' title='bbox 1201 4162 1348 4220; x_wconf 85' lang='lat' dir='ltr'>enim</span> <span class='ocrx_word' id='word_1_679' title='bbox 1367 4163 1760 4220; x_wconf 86' lang='lat' dir='ltr'>dehortationis</span> <span class='ocrx_word' id='word_1_680' title='bbox 1788 4166 2028 4221; x_wconf 86' lang='lat' dir='ltr'>accessio</span> <span class='ocrx_word' id='word_1_681' title='bbox 2062 4195 2108 4272; x_wconf 69' lang='grc' dir='ltr'><strong>Β</strong></span> <span class='ocrx_word' id='word_1_682' title='bbox 2141 4166 2350 4234; x_wconf 83' lang='lat' dir='ltr'>injuriae</span> <span class='ocrx_word' id='word_1_683' title='bbox 2414 4168 2691 4235; x_wconf 89' lang='lat' dir='ltr'>cohibens,</span> <span class='ocrx_word' id='word_1_684' title='bbox 2735 4170 3057 4242; x_wconf 86' lang='lat' dir='ltr'>permissam</span> <span class='ocrx_word' id='word_1_685' title='bbox 3118 4184 3149 4223; x_wconf 89' lang='lat' dir='ltr'>a</span> <span class='ocrx_word' id='word_1_686' title='bbox 3213 4167 3466 4223; x_wconf 86' lang='lat' dir='ltr'>Creatore</span> <span class='ocrx_word' id='word_1_687' title='bbox 3527 4166 3742 4234; x_wconf 75' lang='lat' dir='ltr'>(Exod.</span> 
     </span>
     <span class='ocr_line' id='line_1_88' title="bbox 441 4250 3737 4272; baseline 0.003 -9"><span class='ocrx_word' id='word_1_688' title='bbox 441 4258 515 4272; x_wconf 50' lang='grc' dir='ltr'>μ,</span> <span class='ocrx_word' id='word_1_689' title='bbox 595 4251 782 4272; x_wconf 40' lang='grc' dir='ltr'>,ημμ</span> <span class='ocrx_word' id='word_1_690' title='bbox 821 4269 833 4272; x_wconf 87' lang='lat'>_</span> <span class='ocrx_word' id='word_1_691' title='bbox 877 4250 965 4272; x_wconf 33' lang='grc' dir='ltr'>πμ</span> <span class='ocrx_word' id='word_1_692' title='bbox 2305 4255 2391 4272; x_wconf 75' lang='lat'>-..</span> <span class='ocrx_word' id='word_1_693' title='bbox 2524 4256 2537 4272; x_wconf 86' lang='lat'>.</span> <span class='ocrx_word' id='word_1_694' title='bbox 2738 4257 2749 4268; x_wconf 91' lang='lat'>.</span> <span class='ocrx_word' id='word_1_695' title='bbox 2869 4268 2878 4272; x_wconf 93' lang='lat'><em>_</em></span> <span class='ocrx_word' id='word_1_696' title='bbox 3178 4258 3190 4272; x_wconf 89' lang='lat'>.</span> <span class='ocrx_word' id='word_1_697' title='bbox 3263 4255 3368 4272; x_wconf 74' lang='lat'>,.....</span> <span class='ocrx_word' id='word_1_698' title='bbox 3436 4261 3476 4272; x_wconf 93' lang='lat'>_.</span> <span class='ocrx_word' id='word_1_699' title='bbox 3518 4254 3737 4272; x_wconf 51' lang='grc' dir='ltr'>,μημ</span> 
     </span>
    </p>
   </div>
   <div class='ocr_carea' id='block_1_88' title="bbox 435 4250 2026 4324">
    <p class='ocr_par' dir='ltr' id='par_1_88' title="bbox 435 4250 2026 4324">
     <span class='ocr_line' id='line_1_89' title="bbox 435 4250 2026 4324; baseline 0.003 -19"><span class='ocrx_word' id='word_1_700' title='bbox 435 4258 536 4306; x_wconf 89' lang='lat' dir='ltr'>est.</span> <span class='ocrx_word' id='word_1_701' title='bbox 595 4251 833 4324; x_wconf 80' lang='lat' dir='ltr'>Ingerit:</span> <span class='ocrx_word' id='word_1_702' title='bbox 877 4250 966 4307; x_wconf 74' lang='lat' dir='ltr'>Va:</span> <span class='ocrx_word' id='word_1_703' title='bbox 1009 4252 1182 4308; x_wconf 89' lang='lat' dir='ltr'>etiam</span> <span class='ocrx_word' id='word_1_704' title='bbox 1226 4252 1524 4320; x_wconf 85' lang='lat' dir='ltr'>saturatis,</span> <span class='ocrx_word' id='word_1_705' title='bbox 1556 4253 1691 4324; x_wconf 90' lang='lat' dir='ltr'>quia</span> <span class='ocrx_word' id='word_1_706' title='bbox 1734 4254 2026 4322; x_wconf 82' lang='lat' dir='ltr'>esuriant;</span> 
     </span>
    </p>
   </div>
   <div class='ocr_carea' id='block_1_89' title="bbox 438 4340 2034 4413">
    <p class='ocr_par' dir='ltr' id='par_1_89' title="bbox 438 4340 2034 4413">
     <span class='ocr_line' id='line_1_90' title="bbox 438 4340 2034 4413; baseline 0.002 -18"><span class='ocrx_word' id='word_1_707' title='bbox 438 4342 615 4397; x_wconf 90' lang='lat' dir='ltr'>etiam</span> <span class='ocrx_word' id='word_1_708' title='bbox 631 4340 947 4398; x_wconf 86' lang='lat' dir='ltr'>ridentibus</span> <span class='ocrx_word' id='word_1_709' title='bbox 964 4356 1138 4407; x_wconf 84' lang='lat' dir='ltr'>nunc,</span> <span class='ocrx_word' id='word_1_710' title='bbox 1161 4342 1293 4412; x_wconf 88' lang='lat' dir='ltr'>quia</span> <span class='ocrx_word' id='word_1_711' title='bbox 1316 4340 1601 4413; x_wconf 79' lang='lat' dir='ltr'>lugebant.</span> <span class='ocrx_word' id='word_1_712' title='bbox 1627 4340 1722 4396; x_wconf 88' lang='lat' dir='ltr'>His</span> <span class='ocrx_word' id='word_1_713' title='bbox 1740 4341 2034 4413; x_wconf 88' lang='lat' dir='ltr'>responde-</span> 
     </span>
    </p>
   </div>
   <div class='ocr_carea' id='block_1_90' title="bbox 2139 4254 3744 4331">
    <p class='ocr_par' dir='ltr' id='par_1_90' title="bbox 2139 4254 3744 4331">
     <span class='ocr_line' id='line_1_91' title="bbox 2139 4254 3744 4331; baseline -0.003 -21"><span class='ocrx_word' id='word_1_714' title='bbox 2139 4270 2262 4325; x_wconf 66' lang='grc' dir='ltr'>χχι,</span> <span class='ocrx_word' id='word_1_715' title='bbox 2305 4255 2395 4328; x_wconf 76' lang='grc'>24)</span> <span class='ocrx_word' id='word_1_716' title='bbox 2422 4256 2637 4314; x_wconf 86' lang='lat' dir='ltr'>oculum</span> <span class='ocrx_word' id='word_1_717' title='bbox 2667 4257 2916 4330; x_wconf 83' lang='lat' dir='ltr'>exigente</span> <span class='ocrx_word' id='word_1_718' title='bbox 2946 4273 3044 4331; x_wconf 92' lang='lat' dir='ltr'>pro</span> <span class='ocrx_word' id='word_1_719' title='bbox 3074 4258 3229 4313; x_wconf 91' lang='lat' dir='ltr'>oculo</span> <span class='ocrx_word' id='word_1_720' title='bbox 3259 4255 3395 4327; x_wconf 83' lang='lat'>(57),</span> <span class='ocrx_word' id='word_1_721' title='bbox 3428 4261 3483 4309; x_wconf 91' lang='lat' dir='ltr'>et</span> <span class='ocrx_word' id='word_1_722' title='bbox 3510 4254 3744 4307; x_wconf 88' lang='lat' dir='ltr'>dentem</span> 
     </span>
    </p>
   </div>
   <div class='ocr_carea' id='block_1_91' title="bbox 2140 4339 3745 4419">
    <p class='ocr_par' dir='ltr' id='par_1_91' title="bbox 2140 4339 3745 4419">
     <span class='ocr_line' id='line_1_92' title="bbox 2140 4339 3745 4419; baseline -0.002 -21"><span class='ocrx_word' id='word_1_723' title='bbox 2140 4357 2239 4414; x_wconf 88' lang='lat' dir='ltr'>pro</span> <span class='ocrx_word' id='word_1_724' title='bbox 2290 4343 2449 4401; x_wconf 89' lang='lat' dir='ltr'>dente</span> <span class='ocrx_word' id='word_1_725' title='bbox 2481 4362 2493 4399; x_wconf 91' lang='lat'><strong>:</strong></span> <span class='ocrx_word' id='word_1_726' title='bbox 2525 4354 2731 4414; x_wconf 88' lang='lat' dir='ltr'>contra,</span> <span class='ocrx_word' id='word_1_727' title='bbox 2766 4347 2884 4419; x_wconf 89' lang='lat' dir='ltr'>ipse</span> <span class='ocrx_word' id='word_1_728' title='bbox 2939 4347 3159 4403; x_wconf 88' lang='lat' dir='ltr'>alteram</span> <span class='ocrx_word' id='word_1_729' title='bbox 3196 4346 3427 4416; x_wconf 88' lang='lat' dir='ltr'>amplius</span> <span class='ocrx_word' id='word_1_730' title='bbox 3456 4339 3745 4397; x_wconf 89' lang='lat' dir='ltr'>maxillam</span> 
     </span>
    </p>
   </div>
   <div class='ocr_carea' id='block_1_92' title="bbox 1804 4475 2365 4543">
    <p class='ocr_par' dir='ltr' id='par_1_92' title="bbox 1804 4475 2365 4543">
     <span class='ocr_line' id='line_1_93' title="bbox 1804 4475 2365 4543; baseline 0.011 -6"><span class='ocrx_word' id='word_1_731' title='bbox 1804 4475 1998 4540; x_wconf 63' lang='lat' dir='ltr'>Varie</span> <span class='ocrx_word' id='word_1_732' title='bbox 2054 4480 2365 4543; x_wconf 90' lang='lat' dir='ltr'>lectiones.</span> 
     </span>
    </p>
   </div>
   <div class='ocr_carea' id='block_1_93' title="bbox 511 4572 3751 4715">
    <p class='ocr_par' dir='ltr' id='par_1_93' title="bbox 511 4609 3751 4715">
     <span class='ocr_line' id='line_1_94' title="bbox 511 4609 3751 4715; baseline -0 -48"><span class='ocrx_word' id='word_1_733' title='bbox 511 4610 561 4649; x_wconf 64' lang='grc' dir='ltr'>δ”</span> <span class='ocrx_word' id='word_1_734' title='bbox 598 4609 779 4667; x_wconf 88' lang='lat' dir='ltr'>Edidit</span> <span class='ocrx_word' id='word_1_735' title='bbox 808 4611 978 4668; x_wconf 89' lang='lat' dir='ltr'>Scml.</span> <span class='ocrx_word' id='word_1_736' title='bbox 1012 4610 1063 4649; x_wconf 76' lang='lat'>65</span> <span class='ocrx_word' id='word_1_737' title='bbox 1092 4609 1454 4666; x_wconf 86' lang='lat' dir='ltr'>Honorabitur</span> <span class='ocrx_word' id='word_1_738' title='bbox 1473 4609 1725 4715; x_wconf 70' lang='lat' dir='ltr'>quidam.</span> <span class='ocrx_word' id='word_1_739' title='bbox 1755 4610 1806 4650; x_wconf 73' lang='grc'>66</span> <span class='ocrx_word' id='word_1_740' title='bbox 1833 4612 2152 4682; x_wconf 83' lang='lat' dir='ltr'>Receperint</span> <span class='ocrx_word' id='word_1_741' title='bbox 2180 4613 2394 4672; x_wconf 84' lang='lat' dir='ltr'>Pamel.</span> <span class='ocrx_word' id='word_1_742' title='bbox 2426 4612 2475 4653; x_wconf 74' lang='grc'>6⁷</span> <span class='ocrx_word' id='word_1_743' title='bbox 2505 4614 2573 4669; x_wconf 90' lang='lat' dir='ltr'>Et</span> <span class='ocrx_word' id='word_1_744' title='bbox 2600 4613 2815 4670; x_wconf 80' lang='lat' dir='ltr'>divitias</span> <span class='ocrx_word' id='word_1_745' title='bbox 2842 4617 2977 4673; x_wconf 88' lang='lat' dir='ltr'>Jun.</span> <span class='ocrx_word' id='word_1_746' title='bbox 3008 4615 3057 4654; x_wconf 76' lang='grc' dir='ltr'>δε</span> <span class='ocrx_word' id='word_1_747' title='bbox 3086 4609 3751 4682; x_wconf 87' lang='lat' dir='ltr'>Desideraveris...adje-</span> 
     </span>
     <span class='ocr_line' id='line_1_95' title="bbox 511 4681 3725 4715; baseline 0 0"><span class='ocrx_word' id='word_1_748' title='bbox 511 4684 577 4715; x_wconf 59' lang='lat' dir='ltr'>nlo</span> <span class='ocrx_word' id='word_1_749' title='bbox 619 4684 763 4715; x_wconf 63' lang='grc' dir='ltr'>Ωιι...]</span> <span class='ocrx_word' id='word_1_750' title='bbox 806 4681 856 4715; x_wconf 80' lang='lat'>69</span> <span class='ocrx_word' id='word_1_751' title='bbox 886 4681 1043 4715; x_wconf 69' lang='grc' dir='ltr'>Πηῖιηη</span> <span class='ocrx_word' id='word_1_752' title='bbox 1076 4682 1184 4715; x_wconf 64' lang='lat' dir='ltr'>add</span> <span class='ocrx_word' id='word_1_753' title='bbox 1232 4681 1426 4715; x_wconf 69' lang='grc' dir='ltr'>ηιιινηη.</span> <span class='ocrx_word' id='word_1_754' title='bbox 1508 4683 1533 4715; x_wconf 90' lang='lat'>0</span> <span class='ocrx_word' id='word_1_755' title='bbox 1570 4684 1836 4715; x_wconf 71' lang='lat' dir='ltr'>Arllnnlnm</span> <span class='ocrx_word' id='word_1_756' title='bbox 1871 4685 1921 4715; x_wconf 73' lang='grc' dir='ltr'>ἕη</span> <span class='ocrx_word' id='word_1_757' title='bbox 1955 4683 2042 4715; x_wconf 62' lang='grc' dir='ltr'>ιη..</span> <span class='ocrx_word' id='word_1_758' title='bbox 2091 4685 2630 4715; x_wconf 60' lang='grc' dir='ltr'>ΛΛΜηιιιηῖηηιῖΛηΔΜ</span> <span class='ocrx_word' id='word_1_759' title='bbox 2671 4685 2857 4715; x_wconf 65' lang='grc' dir='ltr'>ῐΙιυκηιι</span> <span class='ocrx_word' id='word_1_760' title='bbox 2892 4686 3157 4715; x_wconf 61' lang='grc' dir='ltr'>ΜΑΛΜλΛ-ιι</span> <span class='ocrx_word' id='word_1_761' title='bbox 3199 4687 3242 4715; x_wconf 83' lang='grc' dir='ltr'>Ἠ</span> <span class='ocrx_word' id='word_1_762' title='bbox 3278 4685 3352 4715; x_wconf 71' lang='grc'>12..</span> <span class='ocrx_word' id='word_1_763' title='bbox 3386 4682 3564 4715; x_wconf 70' lang='grc' dir='ltr'><strong>Ιωιῖιῖο</strong></span> <span class='ocrx_word' id='word_1_764' title='bbox 3619 4684 3725 4715; x_wconf 65' lang='lat' dir='ltr'>Din</span> 
     </span>
    </p>
   </div>
   <div class='ocr_carea' id='block_1_94' title="bbox 437 4681 1448 4740">
    <p class='ocr_par' dir='ltr' id='par_1_94' title="bbox 437 4681 1448 4740">
     <span class='ocr_line' id='line_1_96' title="bbox 437 4681 1448 4740; baseline -0.002 -1"><span class='ocrx_word' id='word_1_765' title='bbox 437 4684 580 4740; x_wconf 87' lang='lat' dir='ltr'>ceris</span> <span class='ocrx_word' id='word_1_766' title='bbox 612 4684 781 4739; x_wconf 89' lang='lat' dir='ltr'>Seml.</span> <span class='ocrx_word' id='word_1_767' title='bbox 806 4681 856 4720; x_wconf 75' lang='lat'>59</span> <span class='ocrx_word' id='word_1_768' title='bbox 885 4681 1046 4736; x_wconf 90' lang='lat' dir='ltr'>Enim</span> <span class='ocrx_word' id='word_1_769' title='bbox 1074 4682 1202 4737; x_wconf 86' lang='lat' dir='ltr'>add.</span> <span class='ocrx_word' id='word_1_770' title='bbox 1231 4681 1448 4740; x_wconf 86' lang='lat' dir='ltr'>Oberth.</span> 
     </span>
    </p>
   </div>
   <div class='ocr_carea' id='block_1_95' title="bbox 449 4751 1915 4813">
    <p class='ocr_par' dir='ltr' id='par_1_95' title="bbox 449 4751 1915 4813">
     <span class='ocr_line' id='line_1_97' title="bbox 449 4751 1915 4813; baseline -0.001 -1"><span class='ocrx_word' id='word_1_771' title='bbox 449 4757 635 4812; x_wconf 82' lang='lat' dir='ltr'>Venet.</span> <span class='ocrx_word' id='word_1_772' title='bbox 666 4761 719 4810; x_wconf 92' lang='lat' dir='ltr'>et</span> <span class='ocrx_word' id='word_1_773' title='bbox 748 4752 932 4809; x_wconf 63' lang='lat' dir='ltr'>laetitia</span> <span class='ocrx_word' id='word_1_774' title='bbox 961 4753 1136 4811; x_wconf 81' lang='lat' dir='ltr'>Rhen.</span> <span class='ocrx_word' id='word_1_775' title='bbox 1169 4751 1219 4790; x_wconf 75' lang='grc'>⁷2</span> <span class='ocrx_word' id='word_1_776' title='bbox 1248 4755 1379 4810; x_wconf 87' lang='lat' dir='ltr'>Tres</span> <span class='ocrx_word' id='word_1_777' title='bbox 1418 4755 1600 4812; x_wconf 89' lang='lat' dir='ltr'>Venet.</span> <span class='ocrx_word' id='word_1_778' title='bbox 1634 4755 1915 4813; x_wconf 86' lang='lat' dir='ltr'>mendose.</span> 
     </span>
    </p>
   </div>
   <div class='ocr_carea' id='block_1_96' title="bbox 1508 4682 3749 4754">
    <p class='ocr_par' dir='ltr' id='par_1_96' title="bbox 1508 4682 3749 4754">
     <span class='ocr_line' id='line_1_98' title="bbox 1508 4682 3749 4754; baseline 0 -17"><span class='ocrx_word' id='word_1_779' title='bbox 1508 4683 1533 4719; x_wconf 82' lang='lat'><strong>0</strong></span> <span class='ocrx_word' id='word_1_780' title='bbox 1559 4684 1839 4738; x_wconf 87' lang='lat' dir='ltr'>Adlectam</span> <span class='ocrx_word' id='word_1_781' title='bbox 1871 4685 1924 4739; x_wconf 88' lang='lat' dir='ltr'>in</span> <span class='ocrx_word' id='word_1_782' title='bbox 1953 4683 2059 4742; x_wconf 91' lang='lat' dir='ltr'>div.</span> <span class='ocrx_word' id='word_1_783' title='bbox 2089 4685 2632 4745; x_wconf 86' lang='lat' dir='ltr'>communicationem</span> <span class='ocrx_word' id='word_1_784' title='bbox 2671 4685 2858 4744; x_wconf 76' lang='lat' dir='ltr'>Venet;</span> <span class='ocrx_word' id='word_1_785' title='bbox 2890 4686 3176 4746; x_wconf 88' lang='lat' dir='ltr'>mendose.</span> <span class='ocrx_word' id='word_1_786' title='bbox 3199 4687 3245 4724; x_wconf 68' lang='grc' dir='ltr'>τί</span> <span class='ocrx_word' id='word_1_787' title='bbox 3276 4685 3355 4741; x_wconf 87' lang='lat' dir='ltr'>Ex</span> <span class='ocrx_word' id='word_1_788' title='bbox 3386 4682 3568 4739; x_wconf 72' lang='lat' dir='ltr'>laetitia</span> <span class='ocrx_word' id='word_1_789' title='bbox 3614 4684 3749 4754; x_wconf 68' lang='grc' dir='ltr'>ηερ.</span> 
     </span>
    </p>
   </div>
   <div class='ocr_carea' id='block_1_97' title="bbox 1839 4891 2338 4956">
    <p class='ocr_par' dir='ltr' id='par_1_97' title="bbox 1839 4891 2338 4956">
     <span class='ocr_line' id='line_1_99' title="bbox 1839 4891 2338 4956; baseline 0.002 -1"><span class='ocrx_word' id='word_1_790' title='bbox 1839 4891 2338 4956; x_wconf 87' lang='lat' dir='ltr'>Commentarius.</span> 
     </span>
    </p>
   </div>
   <div class='ocr_carea' id='block_1_98' title="bbox 438 5021 2029 5096">
    <p class='ocr_par' dir='ltr' id='par_1_98' title="bbox 438 5021 2029 5096">
     <span class='ocr_line' id='line_1_100' title="bbox 438 5021 2029 5096; baseline 0.001 -19"><span class='ocrx_word' id='word_1_791' title='bbox 438 5022 538 5078; x_wconf 83' lang='lat' dir='ltr'>dex</span> <span class='ocrx_word' id='word_1_792' title='bbox 551 5095 556 5096; x_wconf 14' lang='grc' dir='ltr'>ί</span> <span class='ocrx_word' id='word_1_793' title='bbox 569 5021 794 5096; x_wconf 82' lang='lat' dir='ltr'>requirit</span> <span class='ocrx_word' id='word_1_794' title='bbox 811 5022 1102 5096; x_wconf 85' lang='lat' dir='ltr'>pulchras.</span> <span class='ocrx_word' id='word_1_795' title='bbox 1120 5024 1419 5096; x_wconf 72' lang='lat' dir='ltr'>Peporibus</span> <span class='ocrx_word' id='word_1_796' title='bbox 1441 5023 1528 5096; x_wconf 86' lang='lat' dir='ltr'>hic</span> <span class='ocrx_word' id='word_1_797' title='bbox 1544 5040 1639 5095; x_wconf 90' lang='lat' dir='ltr'>pro</span> <span class='ocrx_word' id='word_1_798' title='bbox 1659 5024 1849 5096; x_wconf 85' lang='lat' dir='ltr'>ovibus</span> <span class='ocrx_word' id='word_1_799' title='bbox 1868 5038 2029 5080; x_wconf 85' lang='lat' dir='ltr'>usur-</span> 
     </span>
    </p>
   </div>
   <div class='ocr_carea' id='block_1_99' title="bbox 436 5093 2030 5168">
    <p class='ocr_par' dir='ltr' id='par_1_99' title="bbox 436 5093 2030 5168">
     <span class='ocr_line' id='line_1_101' title="bbox 436 5093 2030 5168; baseline -0.001 -18"><span class='ocrx_word' id='word_1_800' title='bbox 436 5095 603 5166; x_wconf 86' lang='lat' dir='ltr'>pavit,</span> <span class='ocrx_word' id='word_1_801' title='bbox 636 5093 737 5149; x_wconf 81' lang='lat' dir='ltr'>etsi</span> <span class='ocrx_word' id='word_1_802' title='bbox 781 5093 835 5168; x_wconf 81' lang='lat' dir='ltr'>in</span> <span class='ocrx_word' id='word_1_803' title='bbox 864 5095 1056 5152; x_wconf 67' lang='lat' dir='ltr'>Graeco</span> <span class='ocrx_word' id='word_1_804' title='bbox 1084 5093 1347 5168; x_wconf 73' lang='grc' dir='ltr'>προϐάτων</span> <span class='ocrx_word' id='word_1_805' title='bbox 1403 5093 1685 5168; x_wconf 73' lang='lat' dir='ltr'>scribatur,</span> <span class='ocrx_word' id='word_1_806' title='bbox 1718 5095 1773 5147; x_wconf 90' lang='lat' dir='ltr'>id</span> <span class='ocrx_word' id='word_1_807' title='bbox 1800 5103 1882 5149; x_wconf 88' lang='lat' dir='ltr'>est</span> <span class='ocrx_word' id='word_1_808' title='bbox 1909 5113 2030 5168; x_wconf 85' lang='lat' dir='ltr'>oves</span> 
     </span>
    </p>
   </div>
   <div class='ocr_carea' id='block_1_100' title="bbox 438 5164 2031 5237">
    <p class='ocr_par' dir='ltr' id='par_1_100' title="bbox 438 5164 2031 5237">
     <span class='ocr_line' id='line_1_102' title="bbox 438 5164 2031 5237; baseline 0 -16"><span class='ocrx_word' id='word_1_809' title='bbox 438 5164 726 5222; x_wconf 76' lang='lat' dir='ltr'>transferre</span> <span class='ocrx_word' id='word_1_810' title='bbox 769 5167 1060 5237; x_wconf 89' lang='lat' dir='ltr'>debuisset,</span> <span class='ocrx_word' id='word_1_811' title='bbox 1113 5164 1170 5222; x_wconf 83' lang='lat' dir='ltr'>ut</span> <span class='ocrx_word' id='word_1_812' title='bbox 1212 5170 1376 5223; x_wconf 87' lang='lat' dir='ltr'>boves</span> <span class='ocrx_word' id='word_1_813' title='bbox 1419 5164 1760 5237; x_wconf 84' lang='lat' dir='ltr'>multificatos</span> <span class='ocrx_word' id='word_1_814' title='bbox 1789 5179 1885 5219; x_wconf 90' lang='lat' dir='ltr'>seu</span> <span class='ocrx_word' id='word_1_815' title='bbox 1933 5166 2031 5221; x_wconf 88' lang='lat' dir='ltr'>ﬁs-</span> 
     </span>
    </p>
   </div>
   <div class='ocr_carea' id='block_1_101' title="bbox 436 5236 1518 5310">
    <p class='ocr_par' dir='ltr' id='par_1_101' title="bbox 436 5236 1518 5310">
     <span class='ocr_line' id='line_1_103' title="bbox 436 5236 1518 5310; baseline -0.002 -19"><span class='ocrx_word' id='word_1_816' title='bbox 436 5237 690 5310; x_wconf 84' lang='lat' dir='ltr'>silipedes</span> <span class='ocrx_word' id='word_1_817' title='bbox 718 5248 905 5308; x_wconf 89' lang='lat' dir='ltr'>postea</span> <span class='ocrx_word' id='word_1_818' title='bbox 934 5236 1271 5310; x_wconf 84' lang='lat' dir='ltr'>adjungcret.</span> <span class='ocrx_word' id='word_1_819' title='bbox 1305 5238 1382 5310; x_wconf 72' lang='lat' dir='ltr'><strong>LE</strong></span> <span class='ocrx_word' id='word_1_820' title='bbox 1419 5236 1518 5290; x_wconf 83' lang='lat' dir='ltr'>Pa.</span> 
     </span>
    </p>
   </div>
   <div class='ocr_carea' id='block_1_102' title="bbox 507 5307 2033 5381">
    <p class='ocr_par' dir='ltr' id='par_1_102' title="bbox 507 5307 2033 5381">
     <span class='ocr_line' id='line_1_104' title="bbox 507 5307 2033 5381; baseline -0.001 -18"><span class='ocrx_word' id='word_1_821' title='bbox 507 5307 623 5381; x_wconf 68' lang='lat'>(534)</span> <span class='ocrx_word' id='word_1_822' title='bbox 655 5307 1242 5381; x_wconf 25' lang='lat' dir='ltr'>Receperunt’scilicet</span> <span class='ocrx_word' id='word_1_823' title='bbox 1260 5308 1470 5365; x_wconf 86' lang='lat' dir='ltr'>advoca</span> <span class='ocrx_word' id='word_1_824' title='bbox 1479 5307 1690 5381; x_wconf 85' lang='lat' dir='ltr'>tione_m</span> <span class='ocrx_word' id='word_1_825' title='bbox 1710 5323 1895 5381; x_wconf 81' lang='lat' dir='ltr'>suam.</span> <span class='ocrx_word' id='word_1_826' title='bbox 1913 5307 2033 5381; x_wconf 88' lang='lat' dir='ltr'>Non</span> 
     </span>
    </p>
   </div>
   <div class='ocr_carea' id='block_1_103' title="bbox 434 5378 2035 5452">
    <p class='ocr_par' dir='ltr' id='par_1_103' title="bbox 434 5378 2035 5452">
     <span class='ocr_line' id='line_1_105' title="bbox 434 5378 2035 5452; baseline 0 -19"><span class='ocrx_word' id='word_1_827' title='bbox 434 5378 582 5452; x_wconf 87' lang='lat' dir='ltr'>aliud</span> <span class='ocrx_word' id='word_1_828' title='bbox 604 5378 755 5452; x_wconf 45' lang='lat' dir='ltr'>&#39;puto</span> <span class='ocrx_word' id='word_1_829' title='bbox 784 5378 872 5437; x_wconf 81' lang='lat' dir='ltr'>hic</span> <span class='ocrx_word' id='word_1_830' title='bbox 920 5392 1160 5452; x_wconf 83' lang='lat' dir='ltr'>spectare</span> <span class='ocrx_word' id='word_1_831' title='bbox 1190 5394 1349 5452; x_wconf 85' lang='lat' dir='ltr'>quam</span> <span class='ocrx_word' id='word_1_832' title='bbox 1376 5380 1576 5452; x_wconf 70' lang='lat' dir='ltr'>verba</span> <span class='ocrx_word' id='word_1_833' title='bbox 1592 5378 1913 5452; x_wconf 77' lang='lat' dir='ltr'>Evangelii,</span> <span class='ocrx_word' id='word_1_834' title='bbox 1952 5380 2035 5433; x_wconf 89' lang='lat' dir='ltr'>di-</span> 
     </span>
    </p>
   </div>
   <div class='ocr_carea' id='block_1_104' title="bbox 435 5447 2032 5524">
    <p class='ocr_par' dir='ltr' id='par_1_104' title="bbox 435 5447 2032 5524">
     <span class='ocr_line' id='line_1_106' title="bbox 435 5447 2032 5524; baseline -0.001 -18"><span class='ocrx_word' id='word_1_835' title='bbox 435 5451 573 5506; x_wconf 83' lang='lat' dir='ltr'>vites</span> <span class='ocrx_word' id='word_1_836' title='bbox 601 5447 655 5506; x_wconf 74' lang='grc' dir='ltr'>εἰ</span> <span class='ocrx_word' id='word_1_837' title='bbox 682 5459 927 5524; x_wconf 81' lang='lat' dir='ltr'>potentes</span> <span class='ocrx_word' id='word_1_838' title='bbox 945 5449 1271 5524; x_wconf 73' lang='lat' dir='ltr'>increpantis</span> <span class='ocrx_word' id='word_1_839' title='bbox 1303 5448 1525 5524; x_wconf 22' lang='lat' dir='ltr'>:‘Amcn</span> <span class='ocrx_word' id='word_1_840' title='bbox 1540 5447 1660 5505; x_wconf 89' lang='lat' dir='ltr'>dico</span> <span class='ocrx_word' id='word_1_841' title='bbox 1679 5447 1846 5517; x_wconf 74' lang='lat' dir='ltr'>vobis,</span> <span class='ocrx_word' id='word_1_842' title='bbox 1878 5464 2032 5506; x_wconf 88' lang='lat' dir='ltr'>rece-</span> 
     </span>
    </p>
   </div>
   <div class='ocr_carea' id='block_1_105' title="bbox 434 5519 1425 5595">
    <p class='ocr_par' dir='ltr' id='par_1_105' title="bbox 434 5519 1425 5595">
     <span class='ocr_line' id='line_1_107' title="bbox 434 5519 1425 5595; baseline -0.003 -18"><span class='ocrx_word' id='word_1_843' title='bbox 434 5526 646 5595; x_wconf 87' lang='lat' dir='ltr'>perunt</span> <span class='ocrx_word' id='word_1_844' title='bbox 672 5519 984 5595; x_wconf 76' lang='lat' dir='ltr'>mercedem</span> <span class='ocrx_word' id='word_1_845' title='bbox 999 5536 1197 5595; x_wconf 75' lang='lat' dir='ltr'>suam.</span> <span class='ocrx_word' id='word_1_846' title='bbox 1218 5519 1310 5595; x_wconf 66' lang='lat' dir='ltr'>La</span> <span class='ocrx_word' id='word_1_847' title='bbox 1325 5520 1425 5576; x_wconf 79' lang='lat' dir='ltr'>Pa.</span> 
     </span>
    </p>
   </div>
   <div class='ocr_carea' id='block_1_106' title="bbox 508 5591 2033 5666">
    <p class='ocr_par' dir='ltr' id='par_1_106' title="bbox 508 5591 2033 5666">
     <span class='ocr_line' id='line_1_108' title="bbox 508 5591 2033 5666; baseline 0.002 -17"><span class='ocrx_word' id='word_1_848' title='bbox 508 5595 623 5664; x_wconf 79' lang='lat'>(55)</span> <span class='ocrx_word' id='word_1_849' title='bbox 662 5596 734 5651; x_wconf 86' lang='lat' dir='ltr'>Et</span> <span class='ocrx_word' id='word_1_850' title='bbox 760 5591 1066 5653; x_wconf 87' lang='lat' dir='ltr'>benedicite</span> <span class='ocrx_word' id='word_1_851' title='bbox 1092 5606 1181 5650; x_wconf 89' lang='lat' dir='ltr'>eos</span> <span class='ocrx_word' id='word_1_852' title='bbox 1209 5592 1310 5666; x_wconf 86' lang='lat' dir='ltr'>qui</span> <span class='ocrx_word' id='word_1_853' title='bbox 1322 5608 1415 5653; x_wconf 88' lang='lat' dir='ltr'>vos</span> <span class='ocrx_word' id='word_1_854' title='bbox 1434 5591 1695 5663; x_wconf 85' lang='lat' dir='ltr'>oderunt,</span> <span class='ocrx_word' id='word_1_855' title='bbox 1711 5600 1815 5650; x_wconf 87' lang='lat' dir='ltr'>etc.</span> <span class='ocrx_word' id='word_1_856' title='bbox 1846 5592 2033 5652; x_wconf 88' lang='lat' dir='ltr'>Evan-</span> 
     </span>
    </p>
   </div>
   <div class='ocr_carea' id='block_1_107' title="bbox 2141 5020 3757 5101">
    <p class='ocr_par' dir='ltr' id='par_1_107' title="bbox 2141 5020 3757 5101">
     <span class='ocr_line' id='line_1_109' title="bbox 2141 5020 3757 5101; baseline -0.001 -22"><span class='ocrx_word' id='word_1_857' title='bbox 2141 5024 2272 5095; x_wconf 82' lang='lat' dir='ltr'>gelii</span> <span class='ocrx_word' id='word_1_858' title='bbox 2339 5024 2501 5081; x_wconf 88' lang='lat' dir='ltr'>verba</span> <span class='ocrx_word' id='word_1_859' title='bbox 2543 5040 2716 5101; x_wconf 76' lang='lat' dir='ltr'>sensu</span> <span class='ocrx_word' id='word_1_860' title='bbox 2779 5025 2997 5087; x_wconf 88' lang='lat' dir='ltr'>videtur</span> <span class='ocrx_word' id='word_1_861' title='bbox 3056 5027 3389 5101; x_wconf 77' lang='lat' dir='ltr'>conjungere</span> <span class='ocrx_word' id='word_1_862' title='bbox 3430 5020 3757 5101; x_wconf 78' lang='lat' dir='ltr'>_(habent_ur</span> 
     </span>
    </p>
   </div>
   <div class='ocr_carea' id='block_1_108' title="bbox 2138 5096 3755 5168">
    <p class='ocr_par' dir='ltr' id='par_1_108' title="bbox 2138 5096 3755 5168">
     <span class='ocr_line' id='line_1_110' title="bbox 2138 5096 3755 5168; baseline 0.001 -19"><span class='ocrx_word' id='word_1_863' title='bbox 2138 5102 2317 5149; x_wconf 90' lang='lat' dir='ltr'>autem</span> <span class='ocrx_word' id='word_1_864' title='bbox 2419 5097 2561 5168; x_wconf 87' lang='lat' dir='ltr'>apud</span> <span class='ocrx_word' id='word_1_865' title='bbox 2625 5097 2827 5154; x_wconf 89' lang='lat' dir='ltr'>Lucam</span> <span class='ocrx_word' id='word_1_866' title='bbox 2890 5115 3005 5168; x_wconf 86' lang='lat' dir='ltr'>cap.</span> <span class='ocrx_word' id='word_1_867' title='bbox 3084 5096 3171 5168; x_wconf 72' lang='grc' dir='ltr'>γι)</span> <span class='ocrx_word' id='word_1_868' title='bbox 3236 5096 3287 5155; x_wconf 68' lang='grc' dir='ltr'>ε⁷</span> <span class='ocrx_word' id='word_1_869' title='bbox 3335 5097 3441 5166; x_wconf 85' lang='lat' dir='ltr'>Qui</span> <span class='ocrx_word' id='word_1_870' title='bbox 3456 5096 3461 5097; x_wconf 59' lang='grc'><strong><em>⁷</em></strong></span> <span class='ocrx_word' id='word_1_871' title='bbox 3505 5096 3755 5151; x_wconf 67' lang='lat' dir='ltr'>inimica</span> 
     </span>
    </p>
   </div>
   <div class='ocr_carea' id='block_1_109' title="bbox 2136 5166 3756 5294">
    <p class='ocr_par' dir='ltr' id='par_1_109' title="bbox 2136 5166 3756 5294">
     <span class='ocr_line' id='line_1_111' title="bbox 2136 5166 3756 5291; baseline 0.001 -69"><span class='ocrx_word' id='word_1_872' title='bbox 2136 5171 2293 5291; x_wconf 48' lang='lat' dir='ltr'>iuni)</span> <span class='ocrx_word' id='word_1_873' title='bbox 2306 5169 2363 5224; x_wconf 90' lang='lat' dir='ltr'>et</span> <span class='ocrx_word' id='word_1_874' title='bbox 2392 5166 2657 5237; x_wconf 88' lang='lat' dir='ltr'>oderunt,</span> <span class='ocrx_word' id='word_1_875' title='bbox 2698 5173 2763 5226; x_wconf 91' lang='lat' dir='ltr'>at</span> <span class='ocrx_word' id='word_1_876' title='bbox 2788 5166 3157 5238; x_wconf 83' lang='lat' dir='ltr'>maledicunt,</span> <span class='ocrx_word' id='word_1_877' title='bbox 3190 5174 3246 5226; x_wconf 91' lang='lat' dir='ltr'>et</span> <span class='ocrx_word' id='word_1_878' title='bbox 3276 5168 3756 5226; x_wconf 86' lang='lat' dir='ltr'>calumniantur.</span> 
     </span>
     <span class='ocr_line' id='line_1_112' title="bbox 2180 5254 2352 5294; baseline 0.006 -1"><span class='ocrx_word' id='word_1_879' title='bbox 2180 5254 2215 5293; x_wconf 85' lang='lat' dir='ltr'>E</span> <span class='ocrx_word' id='word_1_880' title='bbox 2296 5255 2352 5294; x_wconf 75' lang='grc' dir='ltr'>ιι.</span> 
     </span>
    </p>
   </div>
   <div class='ocr_carea' id='block_1_110' title="bbox 2209 5279 3758 5385">
    <p class='ocr_par' dir='ltr' id='par_1_110' title="bbox 2209 5279 3758 5385">
     <span class='ocr_line' id='line_1_113' title="bbox 2209 5279 3758 5385; baseline 0.001 -22"><span class='ocrx_word' id='word_1_881' title='bbox 2209 5279 2566 5385; x_wconf 54' lang='grc' dir='ltr'>(έεξῑΝρυαῖη</span> <span class='ocrx_word' id='word_1_882' title='bbox 2594 5313 2762 5384; x_wconf 87' lang='lat' dir='ltr'>plane</span> <span class='ocrx_word' id='word_1_883' title='bbox 2785 5314 3147 5385; x_wconf 80' lang='lat' dir='ltr'>patientiam,</span> <span class='ocrx_word' id='word_1_884' title='bbox 3179 5321 3281 5369; x_wconf 89' lang='lat' dir='ltr'>etc.</span> <span class='ocrx_word' id='word_1_885' title='bbox 3311 5313 3437 5385; x_wconf 71' lang='lat' dir='ltr'>Haec</span> <span class='ocrx_word' id='word_1_886' title='bbox 3473 5309 3539 5364; x_wconf 92' lang='lat' dir='ltr'>ad</span> <span class='ocrx_word' id='word_1_887' title='bbox 3574 5323 3758 5385; x_wconf 60' lang='lat' dir='ltr'>men;-</span> 
     </span>
    </p>
   </div>
   <div class='ocr_carea' id='block_1_111' title="bbox 2142 5379 3762 5457">
    <p class='ocr_par' dir='ltr' id='par_1_111' title="bbox 2142 5379 3762 5457">
     <span class='ocr_line' id='line_1_114' title="bbox 2142 5379 3762 5457; baseline 0.002 -23"><span class='ocrx_word' id='word_1_888' title='bbox 2142 5386 2245 5434; x_wconf 89' lang='lat' dir='ltr'>tem</span> <span class='ocrx_word' id='word_1_889' title='bbox 2277 5379 2609 5457; x_wconf 50' lang='lat' dir='ltr'>Marcionis;</span> <span class='ocrx_word' id='word_1_890' title='bbox 2642 5379 2814 5457; x_wconf 75' lang='lat' dir='ltr'>neque</span> <span class='ocrx_word' id='word_1_891' title='bbox 2838 5386 2983 5440; x_wconf 88' lang='lat' dir='ltr'>enim</span> <span class='ocrx_word' id='word_1_892' title='bbox 3013 5379 3182 5457; x_wconf 85' lang='lat' dir='ltr'>ipsius</span> <span class='ocrx_word' id='word_1_893' title='bbox 3208 5384 3377 5442; x_wconf 87' lang='lat' dir='ltr'>verba</span> <span class='ocrx_word' id='word_1_894' title='bbox 3405 5395 3527 5438; x_wconf 87' lang='lat' dir='ltr'>esse</span> <span class='ocrx_word' id='word_1_895' title='bbox 3556 5379 3762 5437; x_wconf 84' lang='lat' dir='ltr'>existi-</span> 
     </span>
    </p>
   </div>
   <div class='ocr_carea' id='block_1_112' title="bbox 2140 5453 3765 5599">
    <p class='ocr_par' dir='ltr' id='par_1_112' title="bbox 2140 5453 3765 5599">
     <span class='ocr_line' id='line_1_115' title="bbox 2140 5453 3765 5599; baseline 0.002 -19"><span class='ocrx_word' id='word_1_896' title='bbox 2140 5453 2597 5599; x_wconf 43' lang='grc' dir='ltr'>Ἣξτξεοῗιῗῖαηι</span> <span class='ocrx_word' id='word_1_897' title='bbox 2645 5542 2750 5599; x_wconf 82' lang='lat' dir='ltr'>pro</span> <span class='ocrx_word' id='word_1_898' title='bbox 2778 5527 2959 5592; x_wconf 89' lang='lat' dir='ltr'>oculo,</span> <span class='ocrx_word' id='word_1_899' title='bbox 3013 5535 3117 5584; x_wconf 90' lang='lat' dir='ltr'>etc.</span> <span class='ocrx_word' id='word_1_900' title='bbox 3158 5525 3360 5584; x_wconf 87' lang='lat' dir='ltr'>Eadem</span> <span class='ocrx_word' id='word_1_901' title='bbox 3389 5525 3675 5583; x_wconf 85' lang='lat' dir='ltr'>habentur</span> <span class='ocrx_word' id='word_1_902' title='bbox 3712 5525 3765 5584; x_wconf 89' lang='grc' dir='ltr'>ι.</span> 
     </span>
    </p>
   </div>
   <div class='ocr_carea' id='block_1_113' title="bbox 2138 5593 2791 5665">
    <p class='ocr_par' dir='ltr' id='par_1_113' title="bbox 2138 5593 2791 5665">
     <span class='ocr_line' id='line_1_116' title="bbox 2138 5593 2791 5665; baseline 0.009 -14"><span class='ocrx_word' id='word_1_903' title='bbox 2138 5593 2205 5652; x_wconf 89' lang='lat' dir='ltr'>de</span> <span class='ocrx_word' id='word_1_904' title='bbox 2224 5593 2381 5665; x_wconf 53' lang='grc' dir='ltr'>ραι,</span> <span class='ocrx_word' id='word_1_905' title='bbox 2411 5612 2459 5655; x_wconf 90' lang='lat' dir='ltr'>c.</span> <span class='ocrx_word' id='word_1_906' title='bbox 2501 5601 2555 5657; x_wconf 89' lang='lat'>6.</span> <span class='ocrx_word' id='word_1_907' title='bbox 2588 5593 2667 5655; x_wconf 72' lang='lat' dir='ltr'>Li:</span> <span class='ocrx_word' id='word_1_908' title='bbox 2693 5598 2791 5657; x_wconf 81' lang='lat' dir='ltr'>Pa.</span> 
     </span>
    </p>
   </div>
  </div>
