3980 6144
245 333 328 393 425

1406 331 1537 390 LIB.
1578 330 1644 392 IV
1683 331 1836 390 ADV.
1889 333 2290 395 MARCIONBM.

3336 315 3341 322 ’
3396 341 3502 402 426

245 458 396 518 offerri
416 459 641 557 jubens,
672 465 726 557 et
752 473 923 557 super.
953 456 1185 557 tunicam
1214 456 1626 557 pallio‘quoque
1655 460 1799 516 cedi.
1833 478 1882 557 Α
1910 465 2164 533 praecepti
2196 479 2210 516 :
2245 460 2512 535 patientia
2559 458 2680 516 dico
2725 459 2977 528 fructum,
3027 464 3169 535 quod
3217 474 3298 522 est
3326 465 3499 533 ultio;

247 550 378 606 Plane
402 549 519 603 hac
562 547 809 602 Christus
836 547 1117 617 adjecerit,
1149 554 1208 602 ut
1245 547 1626 618 supplementa
1664 561 1803 604 con-

245 647 464 694 sentanea
506 635 806 705 disciplina
845 635 1136 691 Creatoris.
1168 635 1349 707 Atque
1385 637 1523 690 adeo
1556 635 1661 692 hoc
1689 647 1804 690 sta-

243 727 320 780 tim
344 723 756 780 renuntiandum
790 733 894 790 est,
939 738 1008 778 an
1037 722 1324 793 disciplina
1362 724 1634 794 patientia
1661 739 1806 796 pra-

243 817 422 871 dicatur
451 814 501 852 73
533 828 694 882 penes
742 812 1068 868 Creatorem.
1104 812 1162 868 Si
1199 828 1296 884 per
1330 813 1642 869 Zachariam
1672 829 1809 885 pra-

242 907 359 976 cepit
416 903 672 971 (Zachar.
729 916 825 971 vn,
885 903 998 970 10),
1054 917 1124 958 ne
1180 903 1550 974 unusquisque
1595 901 1810 960 malitia

240 992 393 1051 fratris
436 992 518 1046 sui
561 989 907 1060 meminerit;
959 989 1056 1044 sed
1101 1005 1201 1046 nec
1242 991 1470 1061 proximi
1523 1009 1537 1046 :
1588 1006 1716 1046 nam
1754 996 1813 1046 et

239 1099 422 1152 rursus,
443 1075 746 1158 Melitiam,
769 1079 945 1152 inquit
974 1081 1232 1150 (Zachar.
1261 1097 1383 1152 vui,
1415 1070 1525 1152 t7),
1555 1083 1810 1153 proximi

236 1174 312 1229 sui
337 1171 727 1243 unusquisque
747 1169 797 1206 ⁷⁸⁸
826 1185 898 1226 ne
917 1169 1207 1241 recogitet.
1232 1169 1398 1224 Multo
1419 1171 1593 1241 magis
1614 1171 1813 1240 patien-

237 1262 347 1316 tiam
375 1259 573 1314 indixit
601 1257 833 1328 injuria,
874 1256 968 1328 qui
1012 1256 1205 1312 indixit
1245 1258 1589 1315 oblivionem.
1629 1259 1731 1315 Sed
1761 1267 1816 1316 et

233 1364 338 1404 cum
365 1345 498 1402 dicit
531 1347 719 1416 (Deut.
750 1359 932 1411 XXXII,
958 1346 1046 1412 35)
1079 1362 1093 1397 :
1119 1346 1255 1401 Mihi
1279 1347 1608 1416 vindictam,
1639 1352 1696 1405 et
1717 1363 1812 1420 ego

234 1435 543 1502 vindicabo;
591 1433 819 1505 proinde
866 1433 1183 1504 patientiam
1225 1435 1386 1490 docet
1427 1435 1678 1491 vindicta
1707 1451 1812 1492 ex-

231 1523 618 1598 spectatricem.
651 1521 712 1577 In
739 1529 1000 1592 Quantum
1029 1536 1163 1594 ergo
1185 1523 1236 1561 75
1264 1537 1373 1578 non
1400 1523 1562 1594 capit,
1587 1531 1647 1579 ut
1672 1524 1814 1580 idern

232 1614 462 1670 videatur
509 1622 566 1669 et
602 1610 820 1667 dentem
870 1627 969 1682 pro
1013 1611 1194 1677 dente,
1233 1611 1448 1668 oculum
1494 1625 1594 1684 pro
1632 1611 1818 1678 oculo,

234 1705 280 1759 in
304 1705 478 1760 vicem
507 1700 722 1771 injuria
752 1701 993 1776 exigere,
1024 1700 1118 1771 qui
1147 1715 1256 1758 non
1295 1700 1459 1756 modo
1495 1699 1692 1766 vicem,
1720 1700 1818 1755 sed

1913 569 2072 625 quam
2120 553 2250 607 mihi
2298 549 2609 623 permisisse
2648 550 2925 615 debuerat,
2968 554 3014 606 si
3061 553 3181 625 ipse
3216 570 3324 611 non
3365 572 3503 627 pra-

1913 645 2045 707 stat;
2077 649 2168 696 aut
2195 640 2240 694 si
2269 639 2396 694 mihi
2427 654 2534 695 non
2570 639 2934 711 permittebat,
2966 639 3084 711 ipse
3123 650 3386 714 prastare
3412 647 3499 717 79;

1915 729 2168 800 quoniam
2197 738 2252 786 et
2295 727 2594 802 disciplina
2631 728 2872 793 interest,
2916 729 3165 798 injuriam
3197 731 3454 791 vindicari
3487 753 3502 789 :

1915 828 2061 875 metu
2135 820 2277 877 enim
2332 818 2554 876 ultionis
2617 818 2795 876 omnis
2852 818 3107 890 iniquitas
3176 821 3502 880 refrenatur.

1915 908 2180 965 Caeterum
2205 951 2218 976 ,
2287 909 2487 982 passim
2543 907 2741 964 emissa
2804 907 3050 965 libertate
3105 909 3504 978 dominabitur;

1916 1005 2208 1070 utrumque
2233 999 2453 1056 oculum
2503 997 2787 1064 effossura,
2833 1008 2888 1053 et
2915 1013 3130 1054 omnem
3159 1000 3375 1056 dentem
3405 1016 3508 1058 ex-

1917 1085 2146 1142 citatura
2175 1087 2226 1128 80
2271 1088 2386 1157 (58)
2432 1102 2547 1159 pra
2577 1087 2909 1157 impunitatis
2942 1088 3246 1145 securitate.
3274 1089 3379 1145 Sed
3407 1090 3512 1145 hoc

1916 1184 1997 1230 est
2033 1175 2128 1230 Dei
2165 1175 2373 1246 Optimi,
2405 1185 2459 1232 et
2505 1183 2710 1231 tantum
2753 1175 2901 1242 boni,
2932 1177 3208 1248 patientia
3257 1177 3511 1250 injuriam

1920 1263 2116 1327 facere,
2155 1263 2422 1320 violentia
2460 1264 2682 1333 januam
2728 1263 2985 1334 pandere,
3018 1265 3218 1334 probos
3263 1281 3375 1322 non
3413 1268 3510 1323 de-

1919 1350 2160 1423 fendere,
2189 1353 2468 1424 improbos
2503 1367 2611 1408 non
2649 1367 2920 1409 coercere.
2959 1353 3124 1410 Omni
3165 1356 3389 1428 petenti
3436 1362 3510 1427 te,

1921 1438 2081 1505 dato;
2113 1441 2302 1512 utique
2339 1440 2599 1512 indigenti
2633 1459 2648 1495 :
2687 1440 2771 1497 vel
2819 1447 2965 1496 tanto
3011 1442 3192 1515 magis
3229 1442 3515 1516 indigenti,

1923 1527 1971 1583 si
2001 1528 2159 1583 etiam
2191 1536 2247 1583 et
2273 1529 2588 1585 abundanti.
2618 1530 2700 1584 Ne
2727 1530 2850 1601 quis
2889 1545 3026 1604 ergo
3051 1530 3307 1605 indigeat,
3341 1533 3516 1588 datori

1926 1624 2169 1688 paratam
2199 1618 2248 1655 81
2278 1619 2442 1672 habes
2468 1618 2891 1672 Deuteronomio
2929 1618 3154 1674 formam
3195 1621 3465 1677 Creatoris
3499 1639 3514 1679 :

1928 1705 2048 1761 Non
2076 1706 2208 1772 erit,
2240 1706 2411 1777 inquit
2435 1707 2620 1774 (Deut.
2643 1721 2742 1769 xv,
2775 1708 2831 1774 4)
2863 1709 2924 1761 in
2955 1711 3009 1760 te
3028 1709 3304 1780 indigens,
3326 1714 3416 1766 uti
3434 1712 3518 1768 be-

233 1793 376 1848 etiam
418 1791 711 1862 ultionem,
761 1790 923 1846 etiam
970 1789 1394 1846 recordationem
1439 1796 1495 1844 et
1540 1789 1817 1862 recogita-
1853 1825 1898 1902 Β
1924 1795 2189 1851 nedicens
2208 1793 2497 1852 benedicat
2530 1797 2586 1850 te
2614 1796 2882 1850 Dominus
2909 1799 3054 1853 Deus
3076 1801 3248 1866 tuus;
3277 1799 3516 1855 datorem

242 1884 420 1902 .9-_-__
452 1879 667 1902 2-2--..2...
696 1879 945 1902 ..-Αἱ-ΖΙ.-.
988 1897 1001 1902 -
1044 1878 1096 1902 2..
1133 1885 1336 1902 ι-..ι--....
1379 1877 1616 1902 Α-Α-ζι--..
1643 1878 1795 1902 ..-μμ
1937 1883 2126 1902 unfit--.
2206 1883 2284 1902 ad!
2337 1882 2517 1902 1‘---_SA
2567 1897 2669 1902 ..-Α
2731 1898 2836 1902 ----
2884 1881 2933 1902 2..
2950 1882 2992 1902 λε
3010 1891 3207 1902 μ-.Αι-Αᾼ
3285 1885 3347 1902 Π.
3434 1885 3449 1902 I

242 1884 424 1938 tionem
452 1879 671 1949 injuria
696 1879 947 1950 prohibet
988 1897 1002 1935 :
1044 1878 1100 1934 in
1133 1885 1341 1934 tantum
1378 1877 1616 1950 aperitur
1643 1878 1817 1944 nobis,

252 1967 501 2041 quomodo
527 1968 747 2025 oculum
796 1982 894 2038 pro
933 1966 1112 2038 oculo,
1161 1973 1214 2020 et
1258 1966 1474 2023 dentem
1523 1981 1622 2037 pro
1663 1967 1824 2023 dente

246 2057 510 2125 censuerit,
541 2071 654 2112 non
693 2057 761 2112 ad
810 2055 1098 2111 secundam
1145 2054 1400 2124 injuriam
1447 2054 1660 2111 talionis
1701 2069 1825 2124 per-

235 2147 563 2213 mittendam,
622 2161 782 2217 quam
839 2145 1188 2216 prohibuerat
1239 2143 1524 2200 interdicta
1582 2144 1826 2230 ultione,

230 2236 318 2291 sed
349 2237 416 2290 ad
460 2233 696 2308 primam
732 2235 1110 2299 coercendam,
1147 2249 1309 2305 quam
1341 2232 1691 2304 prohibuerat
1716 2246 1822 2303 0p-

225 2325 403 2397 posito
447 2324 651 2380 talione
688 2324 758 2389 75,
805 2332 866 2380 ut
909 2323 1278 2395 unusquisque
1317 2321 1615 2394 respiciens
1651 2322 1826 2378 licen-

227 2415 350 2469 tiam
393 2415 656 2470 secuuda
706 2413 941 2482 injuria,
982 2429 1014 2467 a
1057 2411 1231 2484 prima
1267 2411 1619 2483 semetipsum
1649 2412 1825 2468 conti-

227 2511 396 2561 neret.
430 2501 668 2558 Facilius
717 2502 859 2557 enim
898 2502 1005 2557 vim
1054 2500 1336 2572 comprimi
1383 2500 1484 2556 scit
1525 2517 1825 2571 represen-

227 2594 435 2648 tatione
457 2591 694 2656 talionis,
716 2607 878 2663 quam
908 2589 1328 2663 repromissione
1348 2588 1587 2645 ultionis.
1612 2591 1830 2646 Utrum-

227 2699 326 2754 que
371 2689 560 2736 autem
615 2679 1052 2736 constituendum
1096 2675 1198 2734 fuit
1244 2693 1345 2748 pro
1387 2685 1574 2734 natura
1623 2689 1678 2735 et
1721 2678 1829 2734 ﬁde

228 2771 516 2827 hominum
540 2789 556 2838 ;
589 2777 650 2824 ut
691 2767 783 2841 qui
828 2769 940 2822 Deo
969 2767 1216 2823 crederet
1245 2766 1502 2835 ultionem
1533 2783 1564 2822 a
1591 2768 1707 2824 Deo
1733 2783 1830 2823 ex-

230 2869 526 2933 spectaret,
568 2859 659 2931 qui
698 2859 878 2914 minus
925 2857 1114 2914 ﬁderet
1141 2857 1209 2921 77,
1251 2853 1428 2913 396
1471 2858 1619 2932 leges
1665 2858 1831 2914 talio-

232 2950 312 3007 nis
340 2949 585 3007 timeret.
616 2948 765 3004 Hanc
799 2947 940 3018 legis
977 2945 1310 3002 voluntatem
1338 2946 1408 3000 de
1445 2945 1718 3002 intellectu
1749 2947 1834 3003 la-

235 3039 543 3105 borantem,
588 3036 852 3103 Dominus
894 3043 947 3091 et
992 3033 1206 3089 sabbati
1252 3041 1305 3090 et
1345 3032 1484 3106 legis
1511 3042 1567 3089 et
1593 3035 1837 3092 omnium

230 3138 584 3201 paternarum
633 3126 1047 3198 dispositionum
1089 3123 1334 3179 Christus
1381 3131 1436 3178 et
1482 3122 1756 3190 revelavit,
1786 3135 1838 3182 et

231 3226 542 3289 compotem
584 3215 736 3282 fecit,
786 3213 1044 3270 mandans
1081 3213 1303 3268 alterius
1349 3226 1564 3285 quoque
1608 3212 1838 3268 maxilla

234 3305 594 3378 oblationem;
644 3312 704 3359 ut
749 3310 896 3359 tanto
942 3302 1114 3375 magis
1152 3300 1327 3359 vicem
1370 3300 1584 3371 injuria
1621 3301 1837 3358 exstin-

237 3403 450 3468 gueret,
485 3409 643 3466 quam
674 3400 728 3449 et
762 3392 849 3448 lex
879 3406 977 3462 per
1019 3390 1274 3448 talionem
1303 3391 1544 3446 voluerat
1579 3389 1840 3463 impedis-

238 3501 318 3551 se,
374 3492 522 3540 certe
564 3498 727 3554 quam
774 3479 1056 3553 prophetia
1100 3479 1385 3536 manifeste
1430 3491 1760 3546 coercuerat,
1787 3488 1842 3537 et

245 3574 562 3629 memoriam
593 3569 804 3643 injuria
842 3570 1158 3642 prohibens,
1189 3577 1242 3626 et
1273 3568 1532 3626 ultionem
1568 3569 1638 3624 ad
1669 3570 1840 3628 Deum

241 3663 512 3737 redigens.
543 3663 623 3717 Ita
668 3659 714 3716 si
762 3658 893 3732 quid
939 3658 1182 3716 Christus
1220 3657 1413 3728 intulit,
1445 3673 1554 3716 non
1581 3659 1837 3722 adversa-

242 3751 338 3818 rio,
375 3751 471 3808 sed
517 3750 766 3820 adjutore
801 3755 1099 3822 praecepto,
1141 3763 1251 3804 non
1295 3748 1560 3805 destruxit
1595 3747 1842 3820 discipli-

243 3852 335 3890 nas
382 3837 674 3894 Creatoris.
722 3836 990 3909 Denique,
1022 3838 1071 3892 si
1117 3838 1170 3892 in
1216 3837 1389 3908 ipsam
1434 3835 1700 3896 rationem
1743 3854 1842 3909 pa-

245 3925 442 3982 tientia
489 3924 894 3996 pracipienda,
935 3931 992 3980 et
1036 3924 1253 3996 quidem
1299 3933 1408 3982 tam
1462 3925 1636 3998 plena
1680 3934 1842 3998 atque

247 4013 518 4084 perfecta,
570 4013 980 4070 consideremus
1032 4012 1102 4079 ⁷⁸,
1161 4027 1271 4070 non
1317 4013 1592 4081 consistet,
1641 4015 1686 4072 si
1733 4029 1843 4070 non

244 4108 326 4155 est
357 4103 644 4168 Creatoris,
688 4102 781 4175 qui
824 4100 1115 4162 vindictam
1161 4102 1507 4195 reprorqittit,
1547 4103 1642 4174 qui
1684 4103 1878 4176 judi-‘

239 4204 366 4244 cem
394 4198 629 4262 prastat.
666 4189 940 4261 Alioquin,
974 4190 1019 4245 si
1060 4198 1267 4246 tantum
1308 4189 1578 4260 patientia
1606 4193 1841 4262 pondus,

238 4295 359 4335 non
387 4283 548 4339 modo
579 4296 690 4337 non
717 4278 1141 4353 repercutiendi,
1173 4279 1267 4335 sed
1298 4286 1353 4334 et
1388 4281 1546 4336 aliam
1575 4279 1844 4337 maxillam

1930 1883 2151 1948 scilicet,
2195 1883 2288 1954 qui
2336 1882 2520 1938 fecerit
2567 1897 2673 1937 non
2723 1898 2842 1937 esse
2884 1881 3235 1955 indigentem.
3285 1885 3354 1940 Et
3398 1885 3521 1956 plus
3621 1886 3626 1890 ’

1929 1969 2050 2040 hic;
2082 1985 2189 2026 non
2236 1971 2382 2025 enim
2411 1969 2609 2043 petenti
2634 1970 2787 2042 jubet
2816 1969 2954 2026 dari.
2991 1969 3118 2042 Sed,
3150 1971 3269 2028 Non
3307 1974 3399 2043 sit,
3430 1973 3520 2027 in-

1931 2059 2063 2130 quit,
2088 2059 2346 2132 indigens
2375 2060 2438 2114 in
2471 2063 2542 2124 te,
2575 2057 2628 2112 id
2659 2066 2760 2130 est,
2782 2075 2911 2115 cura
2941 2058 3080 2114 ultro
3107 2058 3159 2097 θ²
3187 2075 3254 2116 ne
3272 2059 3341 2114 sit
3373 2078 3384 2114 :
3417 2077 3523 2133 quo

1933 2147 2106 2223 magis
2138 2147 2339 2221 petenti
2368 2147 2685 2219 prajudicat
2722 2147 2979 2213 dandum,
3013 2147 3170 2204 etiam
3205 2149 3257 2204 in
3288 2165 3523 2222 sequen-

1933 2237 2072 2292 tibus
2095 2255 2108 2291 :
2135 2239 2195 2296 Si
2212 2243 2401 2295 autem
2425 2238 2606 2309 fuerit
2626 2239 2879 2309 indigens
2904 2253 2933 2293 e
2950 2236 3230 2310 fratribus
3252 2240 3387 2310 tuis,
3408 2258 3523 2296 non

1932 2331 2147 2384 avertes
2175 2343 2270 2385 cor
2297 2332 2482 2391 tuum,
2515 2341 2619 2382 nec
2648 2326 2998 2399 constringes
3025 2343 3264 2383 manum
3296 2332 3459 2385 tuam
3487 2347 3525 2388 α

1933 2419 2120 2486 fratre
2140 2420 2236 2474 tuo
2255 2416 2306 2455 83
2325 2415 2911 2488 indigente.Aperiens
2926 2418 3142 2488 aperies
3154 2418 3247 2474 illi
3265 2436 3528 2492 manum,

1936 2510 2123 2577 fanus
2142 2505 2449 2578 fanerabis
2468 2507 2561 2562 illi
2581 2508 2864 2577 quantum
2885 2505 3306 2563 desiderarit“.
3333 2508 3532 2567 Faenus

1934 2591 2106 2649 897
2134 2593 2279 2649 enim
2326 2593 2428 2650 nisi
2473 2592 2679 2664 petenti
2716 2592 2834 2648 dari
2870 2609 2980 2649 non
3011 2594 3166 2650 solet.
3201 2595 3308 2652 Sed
3335 2597 3402 2653 de
3429 2598 3530 2656 fa-

1937 2697 2071 2738 nore
2100 2681 2469 2754 postmodum.
2492 2682 2650 2738 Nunc
2671 2681 2717 2736 si
2741 2682 2868 2754 quid
2888 2683 3120 2740 voluerit
3147 2685 3530 2757 argumentari,

1937 2769 2240 2828 Creatorem
2277 2770 2497 2842 quidem
2536 2769 2788 2825 fratribus
2824 2771 2939 2825 dari
2980 2771 3230 2840 jussisse,
3263 2773 3531 2829 Christum

1936 2873 2067 2916 vero
2105 2859 2354 2916 omnibus
2397 2859 2740 2930 petentibus;
2769 2866 2830 2913 ut
2867 2859 2967 2915 hoc
3015 2859 3085 2915 sit
3127 2876 3331 2917 novum
3371 2869 3535 2934 atque

1943 2945 2212 3003 diversum
2243 2962 2257 3000 :
2291 2944 2402 3003 imo
2429 2961 2596 3001 unum
2627 2946 2730 3001 erit
2757 2961 2823 3002 ex
2850 2946 2954 3013 his,
2987 2962 3086 3019 per
3115 2963 3232 3020 qua
3260 2948 3346 3004 lex
3377 2949 3536 3004 Crea-

1869 2996 1912 3075 c
1945 3033 2080 3090 toris
2125 3034 2228 3090 erit
2273 3034 2329 3088 in
2375 3033 2609 3090 Christo.
2658 3032 2782 3089 Non
2826 2996 2971 3088 enim
2988 2996 3161 3090 ralin-ii
3205 3036 3451 3093 Christus
3481 3036 3536 3091 in

1947 3138 2138 3178 omnes
2168 3123 2420 3193 pracepit
2445 3121 2516 3188 ⁸⁵,
2557 3137 2716 3191 quam
2763 3123 2907 3192 quod
2952 3122 3176 3178 Creator
3217 3125 3275 3178 in
3320 3125 3534 3181 fratres.

1946 3210 2081 3266 Nam
2112 3210 2211 3266 etsi
2239 3211 2418 3280 major
2462 3217 2544 3265 est
2589 3208 2806 3264 bonitas
2851 3224 2974 3281 qua
3002 3218 3255 3282 Operatur
3283 3213 3336 3266 in
3366 3221 3539 3266 extra-

1949 3317 2100 3366 neos,
2133 3302 2230 3358 sed
2257 3315 2366 3356 non
2396 3299 2544 3370 prior
2571 3314 2638 3355 ea
2665 3314 2788 3372 qua
2825 3309 2949 3356 ante
2984 3299 3216 3356 debetur
3241 3300 3294 3339 εδ
3322 3302 3374 3357 in
3402 3315 3537 3374 pro-

1948 3390 2144 3445 ximos.
2175 3389 2307 3459 Quis
2345 3389 2486 3445 enim
2518 3403 2625 3444 non
2673 3387 2907 3460 diligens
2933 3388 3206 3459 proximos
3240 3389 3312 3458 ⁸⁷,
3344 3389 3542 3462 poterit

1949 3478 2179 3550 diligere
2222 3486 2506 3534 extraneos
2524 3479 2552 3531 εν
2581 3476 2744 3546 Quod
2784 3478 2828 3532 si
2861 3477 3129 3532 secundus
3157 3478 3357 3552 gradus
3385 3478 3542 3533 boni-

1951 3567 2075 3623 tatis
2101 3576 2187 3624 est
2214 3567 2268 3621 in
2296 3575 2602 3636 extraneos,
2633 3567 2727 3637 qui
2772 3565 2826 3621 in
2875 3565 3152 3639 proximos
3179 3565 3391 3638 primus
3420 3578 3502 3623 est
3527 3586 3542 3639 ;

1949 3656 2198 3728 ejusdem
2230 3655 2329 3712 erit
2358 3655 2633 3712 secundus
2667 3654 2891 3727 gradus,
2923 3656 3081 3726 cujus
3110 3663 3164 3712 et
3188 3655 3428 3728 primus;
3461 3653 3543 3710 fa-

1948 3746 2106 3804 cilius
2134 3761 2292 3817 quam
2322 3754 2382 3801 ut
2429 3746 2548 3815 ejus
2596 3745 2666 3800 sit
2709 3744 2999 3810 secundus,
3036 3745 3192 3814 cujus
3237 3760 3344 3801 non
3374 3743 3542 3802 exsti-

1951 3835 2011 3891 tit
2036 3835 2088 3872 33
2134 3835 2358 3907 primus.
2409 3832 2505 3898 Ita,
2555 3832 2774 3889 Creator
2801 3840 2856 3887 et
2887 3833 3180 3888 secundum
3213 3843 3419 3888 natura
3447 3849 3542 3890 or-

1948 3923 2130 3990 dinem
2162 3924 2392 3996 primum
2422 3923 2472 3962 ³9
2500 3922 2553 3976 in
2601 3922 2878 3992 proximos
2909 3921 3092 3978 docuit
3139 3921 3546 3995 benignitatem,

1949 4012 2247 4070 emissurus
2273 4029 2393 4069 eam
2440 4019 2630 4082 postea
2669 4018 2724 4067 et
2753 4011 2806 4050 9°
2835 4011 2887 4066 in
2915 4019 3239 4080 extraneos;
3269 4019 3321 4068 et
3349 4027 3548 4069 secun-

1948 4103 2076 4158 dum
2107 4101 2366 4158 rationem
2415 4099 2788 4172 dispositionis
2831 4115 2962 4167 sua,
2996 4099 3172 4170 primo
3219 4099 3274 4156 in
3311 4100 3547 4170 Judaos,

1950 4199 2138 4264 postea
2168 4199 2218 4247 et
2247 4191 2302 4245 in
2334 4205 2494 4245 omne
2524 4189 2807 4245 hominum
2837 4205 3033 4263 genus.
3070 4189 3324 4259 Ideoque,
3358 4204 3548 4259 quam-

1953 4281 2043 4336 diu
2073 4279 2214 4335 intra
2260 4278 2507 4333 Israelem
2552 4286 2668 4332 erat
2697 4283 3117 4348 sacramentum,
3149 4275 3342 4331 merito
3365 4275 3420 4330 in
3452 4291 3548 4332 so-

233 4371 562 4442 prabendi;
623 4378 679 4428 et
733 4386 842 4427 non
897 4368 1062 4427 modo
1105 4383 1215 4424 non
1262 4367 1696 4438 remaledicendi,
1747 4373 1842 4428 sed
1879 4387 1925 4467 η
1958 4374 2040 4430 los
2069 4371 2265 4428 fratres
2306 4366 3083 4467 misericordiammmandabat.
3113 4369 3186 4422 At
3213 4364 3306 4467 ubi
3334 4364 3573 4422 Christo'

232 4464 414 4518 etiam
458 4458 838 4527 benedicendi,
868 4467 924 4517 et
949 4474 1059 4516 non
1104 4457 1268 4516 modo
1304 4475 1413 4515 non
1458 4458 1726 4516 retinendi
1755 4469 1844 4516 tu-

229 4549 448 4624 nicam,
481 4550 578 4606 sed
615 4549 850 4621 amplius
895 4558 949 4607 et
984 4547 1204 4620 pallium
1250 4547 1600 4616 concedendi,
1633 4548 1680 4604 is
1717 4550 1851 4606 mihi

224 4637 492 4710 imponit,
539 4638 633 4712 qui
677 4654 791 4695 non
847 4636 916 4693 sit
960 4653 1048 4695 me
1100 4637 1462 4703 defensurus;
1513 4637 1569 4692 in
1615 4653 1848 4695 vacuum

1957 4459 2104 4518 dedit
2131 4458 2300 4531 (Psal.
2335 4473 2397 4528 ιι,
2430 4457 2484 4527 8)
2512 4459 2706 4528 gentes
2734 4454 2782 4492 91
2811 4454 3224 4518 hareditatem,
3247 4455 3303 4509 et
3323 4469 3549 4524 posses-

1958 4553 2173 4609 sionem
2191 4549 2458 4606 terminos
2477 4551 2726 4610 terra,et
2744 4541 2908 4610 coepit
2928 4541 3166 4612 expungi
3187 4541 3330 4610 quod
3353 4541 3555 4596 dictum

1956 4648 2037 4696 est
2065 4655 2162 4712 per
2182 4638 2323 4696 Osee
2352 4638 2529 4710 (Osee,
2561 4650 2579 4690 ι
2609 4638 2664 4690 et
2691 4632 2753 4703 ιι)
2786 4648 2798 4687 :
2834 4633 2955 4690 Non
2975 4630 3222 4702 populus
3247 4645 3431 4693 meus,
3451 4646 3556 4700 po-

227 4727 556 4796 patientiam
603 4726 880 4800 pracepit,
918 4742 1028 4786 non
1069 4726 1331 4785 exhibens
1369 4726 1502 4784 mihi
1546 4728 1850 4786 mercedem
1955 4731 2124 4804 putus
2139 4745 2299 4787 meus
2311 4731 2528 4796 ;etnon
2545 4720 2996 4780 misericordiam
3015 4719 3564 4782 consecuta,miseri-

253 4887 256 4890 .
1604 4827 1796 4889 Varia
1832 4831 2145 4891 lectiones.

311 4906 371 4946 π
409 4904 676 4979 Pradicat
704 4907 837 4979 Jun.
871 4905 921 4944 ⁸⁸4
950 4903 1190 4979 Quisque
1220 4905 1390 4979 seml.
1423 4906 1473 4946 75
1502 4905 1689 4962 Fidem
1707 4909 1884 4963 inser.
1907 4908 2130 4965 Oberth.
2161 4909 2287 4978 post
2316 4903 2497 4979 Segni;
2527 4901 2578 4940 τε
2597 4899 2833 4979 Talione_
2845 4895 3096 4979 Opposita
3115 4895 3284 4979 Sensi.
3313 4892 3563 4979 Opposita

230 4979 478 5035 Pamel.
510 4978 557 5016 π
589 4977 908 5032 Consideret
934 4969 1012 5034 at.
1044 4969 1473 5033 78'Considerem
1505 4979 1716 5036 Pamel.
1753 4979 1801 5018 79
1827 4981 2110 5034 Prastaret
2139 4969 2348 5032 Pamel.
2381 4975 2433 5012 ⁸ο
2459 4975 2775 5029 Excussura
2808 4972 2924 5025 Lat.
2955 4970 3002 5007 ει
3032 4969 3216 5024 Datori
3243 4969 3561 5036 imperatam

227 5052 370 5124 Βία.
419 5051 605 5124 Venet.
637 5048 693 5124 in
723 5049 972 5124 datgrem
997 5057 1241 5124 paratam
1271 5052 1434 5124 Bern.
1448 5051 1699 5124 datorem
1723 5050 2040 5124 imperatum
2066 5049 2242 5124 Seml.
2273 5046 2325 5083 8³
2355 5046 2504 5124 Ultra
2533 5041 2804 5124 Latin3f3
2816 5040 2954 5124 “Tuo
2984 5042 3141 5124 canit:
3177 5037 3442 5124 Segne”?
3465 5039 3562 5118 De-

224 5109 458 5177 sid'erat
492 5121 715 5178 Oberth.
739 5120 788 5157 ⁸⁵
811 5109 1057 5190 Pracipit
1083 5124 1258 5176 Fran.
1285 5121 1338 5159 85
1364 5121 1595 5176 Deberet
1625 5109 1867 5179 Semtfa"
1896 5124 2017 5177 Non
2049 5120 2280 5190 diligens
2299 5118 2578 5190 proximos
2603 5115 2790 5172 omitt.
2809 5113 2975 5172 Semt.
2998 5115 3052 5170 et
3078 5110 3298 5168 Oberth.
3319 5109 3371 5148 ⁸⁸
3399 5109 3563 5166 Exis-

226 5193 300 5248 tit
339 5194 567 5250 Pamel.
591 5193 641 5232 39
663 5191 900 5248 Primum
939 5187 1093 5249 abest
1123 5194 1302 5248 Paris.
1327 5192 1378 5232 9°
1405 5193 1470 5248 Et
1505 5195 1692 5249 omitt.
1727 5194 1937 5249 Pamel.
1969 5193 2016 5230 91
2050 5193 2108 5246 In
2147 5187 2272 5246 add.
2301 5187 2479 5245 Paris.
2514 5187 2684 5244 Rhen.

1651 5289 2154 5356 Commentarius.

317 5399 434 5468 (58)
471 5399 539 5453 Et
561 5412 784 5454 omnem
811 5395 1040 5454 dentem
1067 5397 1418 5468 excitatura.
1440 5394 1543 5463 Qui
1569 5396 1858 5465 excitatur,

224 5466 370 5525 loco
403 5466 522 5524 fere
574 5475 840 5524 movetur.
890 5469 1072 5540 Itaque
1120 5466 1399 5539 eleganter
1445 5467 1557 5540 ait,
1589 5484 1773 5540 pugno
1802 5470 1858 5524 in

223 5541 536 5598 maxillam
601 5540 826 5594 incuSso
887 5539 1104 5594 dentem
1160 5553 1379 5596 omnem
1443 5539 1700 5604 excitari;
1759 5557 1859 5599 nec

229 5615 419 5670 inane
453 5618 541 5666 est
569 5618 749 5669 votum
781 5609 960 5666 miseri
991 5609 1138 5667 illius
1165 5609 1281 5668 rixa
1310 5611 1550 5682 pugnati.

391 5722 654 5775 ΡΑτιιοι..
714 5718 782 5774 ll.

2096 5424 2157 5476 Ut
2183 5423 2331 5473 liceat
2357 5419 2534 5487 paucis
2569 5432 2685 5468 cum
2731 5417 2974 5468 dentibus
3007 5415 3126 5465 inde
3161 5412 3362 5464 reverti.

1970 5488 2227 5552 Lucilius,
2261 5487 2371 5542 Sat.
2402 5487 2434 5540 9
2469 5501 2482 5538 :
3173 5545 3182 5554 _
3218 5543 3228 5552 ἢ
3471 5541 3480 5550 ι

2061 5558 2264 5623 arripio
2290 5563 2510 5623 rostrum
2545 5552 2805 5623 labiasque
2849 5546 3566 5623 hujusz‘gphtgjtqge‘m-

2070 5605 2320 5679 Dei-crudo,
2352 5618 2623 5680 dentesque
2650 5605 2886 5665 adversas
2916 5605 3120 5661 'excutio
3153 5605 3474 5657 omnothtc.

3357 5702 3424 5761 14
