4018 6192
430 332 537 394 427

1140 316 1585 380 TERTULLIANI
1623 318 1885 380 OPEBUM
1913 318 2078 380 PARS
2113 317 2179 378 II.
2223 349 2290 362 —
2324 318 2555 378 SERIES
2592 317 2635 387 Ι,
2668 317 3010 378 POLEMICA.

3617 309 3729 371 428

434 454 683 513 cordiam
710 447 1043 513 consecuta,
1074 442 1219 499 natio
1264 442 1494 514 scilicet;
1546 442 1743 499 exinde
1772 441 2021 498 Christus
2054 462 2102 539 ι
2131 442 2275 498 Satis
2313 457 2445 515 ergo
2485 446 2597 513 jam
2643 452 2772 499 tunc
2817 442 2841 481 3
2887 457 2976 497 me
3023 438 3206 497 docuit
3251 456 3316 495 ea
3362 437 3537 495 facere
3583 437 3726 502 aliis,

433 546 490 600 in
527 556 716 599 omnes
759 539 933 609 legem
974 544 1207 606 paternae
1250 531 1595 605 benignitatis
1637 531 1895 596 extendit,
1927 546 2025 586 ne-

432 632 636 688 minem
664 627 940 700 excipiens
975 624 1030 679 in
1078 620 1426 678 miseratione
1462 620 1601 677 sicut
1626 620 1681 675 in
1718 619 2021 678 vocatione.

434 724 513 778 lta
541 729 595 777 et
641 720 687 774 si
724 717 852 789 quid
899 713 1130 784 amplius
1174 711 1377 776 docuit,
1410 710 1510 765 hoc
1553 725 1765 782 quoque
1810 709 1864 763 in
1902 710 2025 763 ha:-

436 814 717 867 reditatem
747 804 990 880 gentium
1020 802 1249 874 accepit.
1282 804 1351 858 Et
1381 802 1533 857 sicut
1562 800 1709 857 vobis
1747 802 1872 870 ﬁeri
1898 798 2027 855 vul-

438 905 509 959 tis
539 902 606 957 ab
638 895 973 961 hominibus,
994 896 1079 949 ita
1108 896 1161 947 et
1182 907 1276 947 vos
1304 893 1477 961 facile
1503 889 1621 946 illis
1654 889 1805 959 (Luc.
1835 888 1935 958 vr).
1966 886 2027 940 In

435 992 538 1046 isto
567 994 836 1060 praecepto
865 982 1047 1053 utique
1077 978 1180 1034 alia
1218 994 1345 1049 pars
1391 979 1510 1047 ejus
1556 976 1876 1033 subauditur
1907 993 1920 1029 :
1955 976 2028 1030 Et

435 1084 584 1139 sicut
612 1077 758 1133 vobis
776 1091 894 1131 non
919 1072 1093 1129 vultis
1119 1069 1246 1139 ﬁeri
1273 1069 1340 1124 ab
1370 1066 1707 1137 hominibus,
1732 1068 1814 1122 ita
1844 1071 1899 1122 et
1936 1082 2027 1121 vos

437 1185 510 1226 ne
534 1167 763 1239 faciatis
794 1163 931 1218 illis.
965 1160 1076 1214 Hoc
1096 1158 1143 1212 si
1172 1171 1344 1213 novus
1359 1156 1507 1212 Deus
1536 1161 1589 1211 et
1616 1154 1833 1225 ignotus
1862 1165 2028 1224 retro,

439 1262 495 1310 et
537 1253 779 1309 nondum
833 1250 992 1319 plane
1048 1246 1224 1302 editus
1280 1242 1571 1314 praecepit,
1619 1243 1713 1315 qui
1757 1257 1842 1298 me
1887 1242 2035 1297 nulla

441 1343 670 1398 antehac
717 1336 1051 1395 institutione
1097 1332 1423 1401 formaverit,
1478 1348 1585 1401 qua
1642 1331 1790 1403 prius
1834 1330 2032 1388 scirem

439 1431 572 1504 quid
606 1430 858 1486 deberem
897 1425 1028 1480 mibi
1057 1423 1196 1480 velle
1224 1422 1305 1479 vel
1336 1421 1499 1489 nolle,
1533 1428 1693 1493 atque
1725 1420 1798 1476 ita
1833 1428 1888 1476 et
1916 1419 2035 1476 aliis

435 1523 639 1589 facere,
667 1534 789 1592 quae
835 1517 885 1556 92
929 1514 1062 1570 mihi
1105 1513 1337 1579 vellem;
1395 1528 1505 1569 non
1558 1509 1756 1579 facere,
1811 1524 1933 1582 quae
1981 1516 2035 1565 et

441 1611 575 1667 mihi
634 1610 851 1676 nollem,
911 1604 1274 1678 passivitatem
1329 1601 1606 1657 sententiae
1652 1614 1789 1655 mea;
1827 1597 2034 1669 permi-

441 1700 528 1765 sit,
571 1713 673 1753 nec
719 1693 967 1751 astrinxit
1012 1708 1098 1747 me
1145 1691 1211 1746 ad
1268 1687 1698 1745 convenientiam
1744 1685 2036 1744 voluntatis

2132 547 2254 604 quae
2297 532 2431 586 mihi
2476 533 2638 589 velim
2692 530 2831 589 ﬁeri.
2881 530 3113 587 Proinde
3160 528 3481 584 denuntians
3531 544 3546 581 :
3606 528 3729 583 Non

2130 620 2364 685 occides,
2398 637 2513 677 non
2560 620 2929 685 adulterabis,
2976 634 3095 675 non
3142 618 3448 689 furaberis,
3480 631 3593 672 non
3621 617 3734 686 fal-

2132 726 2259 766 sum
2318 711 2711 766 testimonium
2769 708 2950 775 dices;
3009 706 3187 763 docuit
3236 721 3303 760 ne
3363 704 3550 760 faciam
3605 702 3732 757 aliis

2132 814 2253 870 quae
2302 797 2417 854 fieri
2467 798 2595 853 mihi
2650 797 2837 865 nolim,
2879 804 2933 851 et
2977 796 3101 852 ideo
3132 795 3305 865 ipsius
3336 793 3435 850 erit
3484 808 3731 862 praecep-

2135 896 2248 942 tum
2301 887 2354 941 in
2408 886 2717 959 Evangelia,
2775 886 2869 957 qui
2925 885 3059 941 illud
3116 891 3257 940 retro
3312 891 3364 939 et
3417 881 3733 953 praestruxit

2135 984 2189 1033 et
2225 977 2489 1047 distinxit,
2521 987 2573 1031 et
2616 978 2684 1030 ad
2732 974 3010 1030 arbitrium
3056 973 3357 1043 disciplinae
3401 986 3512 1031 sua:
3540 971 3731 1038 dispo-

2136 1068 2245 1122 suit
2294 1084 2307 1120 :
2355 1073 2407 1122 et
2455 1065 2644 1121 merito
2685 1066 2796 1134 jam
2843 1063 3161 1136 compendio
3209 1061 3547 1128 substrinxit,
3593 1075 3734 1130 quo-

2138 1155 2279 1211 niam
2321 1163 2376 1210 et
2419 1155 2553 1210 alias
2608 1155 2838 1210 recisum
2886 1167 3192 1209 sermonem
3242 1151 3482 1206 facturus
3530 1150 3583 1205 in
3628 1159 3739 1204 ter-

2139 1244 2215 1299 ris
2243 1245 2371 1314 (Isa.
2403 1259 2458 1312 x,
2505 1245 2596 1313 25)
2640 1243 2925 1310 Dominus,
2954 1241 3012 1295 id
3059 1249 3142 1296 est
3172 1239 3435 1308 Christus,
3476 1236 3740 1308 praedica-

2140 1333 2317 1390 batur.

2729 1421 2954 1478 CAPUT
2990 1419 3164 1477 XVII.

2213 1511 2310 1567 llic
2335 1526 2479 1566 nunc
2505 1509 2573 1566 de
2600 1509 2805 1566 fauere
2842 1524 2964 1564 cum
2996 1506 3290 1578 interponit
3325 1508 3477 1575 (Luc.
3507 1506 3580 1575 vr)
3616 1521 3633 1561 :
3664 1506 3739 1561 Et

2140 1603 2193 1657 si
2228 1601 2641 1671 fwneraveritis
2678 1615 2714 1654 a
2749 1599 2947 1671 quibus
2982 1598 3224 1672 speratis
3260 1612 3352 1654 vos
3389 1598 3741 1667 recepturos.

2145 1706 2270 1762 qua:
2298 1692 2485 1760 gratia
2506 1693 2589 1746 est
2609 1688 2757 1745 vobis
2779 1687 2807 1741 ?
2824 1702 3081 1759 percurre
3102 1685 3385 1757 sequentia
3412 1681 3736 1747 Ezechielis,

444 1800 499 1847 et
535 1786 683 1853 facti,
715 1793 772 1840 ut
817 1784 872 1837 id
918 1781 1038 1838 aliis
1082 1779 1273 1837 faciam
1324 1777 1467 1849 quod
1515 1776 1647 1832 mihi
1682 1776 1866 1841 velim,
1900 1784 1956 1831 et
1984 1774 2038 1831 id
2070 1766 2115 1843 Β
2144 1778 2211 1832 de
2231 1778 2424 1834 eodem
2444 1775 2559 1834 viro
2575 1778 2719 1847 justo
2743 1793 2755 1831 :
2781 1775 3295 1847 Pecuniam,inquit
3322 1774 3541 1845 (Ezech.
3564 1787 3738 1841 xvm,

441 1893 545 1933 nec
590 1874 710 1930 aliis
755 1871 945 1929 faciam
988 1868 1136 1941 quod
1183 1867 1315 1921 mihi
1363 1865 1551 1921 nolim.
1590 1866 1712 1920 Non
1752 1864 1897 1919 enim
1926 1864 2038 1920 dif-

444 1964 582 2021 finiit
608 1961 739 2033 quid
784 1959 915 2015 mihi
962 1966 1124 2029 atque
1168 1954 1289 2010 aliis
1335 1955 1558 2010 debeam
1602 1952 1739 2009 velle
1784 1952 1949 2019 nolle,
1981 1960 2041 2009 ut

442 2052 514 2108 ad
544 2046 719 2106 898
751 2048 926 2119 legem
954 2044 1247 2101 voluntatis
1274 2056 1460 2112 parem
1491 2040 1712 2107 factum,
1743 2048 1798 2096 et
1823 2040 1874 2080 93
1912 2056 2039 2112 pos-

444 2142 552 2199 sim
607 2140 701 2195 alii
757 2151 868 2195 non
895 2142 1173 2206 praestare,
1223 2132 1369 2204 quod
1424 2131 1492 2186 ab
1536 2129 1643 2185 alio
1697 2129 1830 2185 mihi
1874 2130 2037 2185 velim

445 2228 765 2302 praestitum,
817 2238 1075 2287 amorem,
1122 2218 1466 2291 obsequium,
1517 2217 1797 2283 solatium,
1845 2217 2041 2291 praesi-

447 2320 619 2383 dium,
651 2324 703 2373 et
733 2312 1004 2386 ejusmodi
1032 2311 1176 2367 bona
1206 2327 1220 2365 :
1254 2308 1481 2381 proinde
1509 2322 1611 2363 nec
1635 2308 1684 2345 9"
1721 2306 1817 2362 alii
1843 2306 2037 2374 facere,

446 2409 593 2478 quod
622 2408 689 2462 ab
729 2404 838 2460 alio
882 2400 1012 2457 mihi
1061 2398 1177 2455 ﬁeri
1220 2397 1409 2462 nolim,
1441 2396 1568 2461 vim,
1601 2396 1875 2466 injuriam,
1906 2410 2041 2451 con-

455 2495 755 2564 tumeliam,
787 2492 1053 2556 traudem,
1076 2497 1129 2544 et
1156 2485 1427 2559 ejusmodi
1455 2485 1611 2540 mala.
1642 2484 1905 2556 Denique,
1939 2487 2041 2541 hac

447 2582 885 2651 inconvenientia.
913 2575 1200 2635 voluntatis
1231 2584 1284 2631 et
1310 2573 1453 2640 facti,
1486 2581 1655 2645 agunt
1680 2573 1879 2629 ethnici
1909 2587 2043 2630 non-

445 2672 574 2727 dum
603 2686 635 2724 a
678 2670 791 2725 Deo
839 2668 890 2706 95
929 2662 1197 2721 instructi.
1229 2662 1365 2717 Nam
1395 2660 1495 2717 etsi
1534 2669 1719 2717 natura
1757 2662 1957 2718 bonum
1987 2668 2043 2717 et

447 2760 645 2817 malum
692 2765 882 2814 notum
914 2764 1018 2825 est,
1068 2768 1176 2808 non
1218 2759 1395 2807 tamen
1433 2750 1533 2806 Dei
1576 2751 1903 2822 disciplina:
1936 2767 2043 2823 qua

447 2849 703 2922 cOgnita,
758 2857 871 2901 tum
941 2845 1161 2899 demum
1217 2839 1596 2897 convenientia
1649 2840 1957 2896 voluntatis
1992 2848 2044 2897 et

446 2938 573 2993 facti
599 2953 665 2992 ex
712 2934 838 3000 ﬁde,
868 2940 927 2986 ut
954 2932 1055 2986 sub
1103 2937 1250 2985 metu
1290 2928 1388 2985 Dei
1434 2929 1637 2999 agitur.
1684 2929 1867 3001 Itaque
1894 2930 2043 2985 Deus

446 3023 746 3084 Marcionis
781 3023 832 3062 96
859 3038 982 3077 cum
1011 3019 1242 3077 maxime
1267 3018 1530 3076 revelatus
1558 3020 1646 3084 sit,
1679 3020 1861 3074 tamen
1893 3035 2045 3075 reve-

447 3117 587 3172 latus
616 3130 726 3170 non
755 3114 929 3185 potuit
956 3111 1121 3181 hujus
1164 3108 1421 3180 praecepti
1451 3108 1519 3162 de
1550 3123 1665 3177 quo
1703 3108 1901 3181 agitur,
1935 3116 2043 3163 tam

449 3204 713 3269 strictum,
746 3209 800 3257 et
844 3200 1155 3265 obscurum,
1188 3206 1241 3253 et
1285 3213 1483 3254 caecum
1530 3198 1727 3263 adhuc,
1760 3204 1809 3253 et
1837 3196 2047 3253 facilius

448 3307 546 3365 pro
568 3306 687 3347 meo
719 3290 897 3361 potius
923 3288 1143 3343 arbitrio
1172 3285 1640 3356 interpretandum
1668 3286 2047 3356 compendium

447 3381 712 3446 emittere,
762 3380 918 3449 cujus
971 3377 1168 3432 nullam
1217 3382 1601 3447 praestruxerat
1647 3375 1694 3413 97
1741 3370 2049 3430 distinctio-

449 3488 593 3527 nem.
624 3471 696 3526 At
743 3469 889 3526 enim
935 3474 1144 3522 creator
1190 3480 1343 3520 meus
1386 3472 1440 3521 et
1483 3464 1533 3503 9⁸
1579 3463 1709 3520 olim
1752 3474 1804 3520 et
1851 3464 2050 3536 ubique

452 3559 710 3631 pmcepit
739 3557 1060 3630 indigentes,
1092 3570 1356 3626 pauperes
1404 3562 1458 3609 et
1503 3553 1738 3625 pupillos
1768 3564 1822 3609 et
1857 3555 2050 3611 viduas

452 3645 702 3721 protegi,
750 3644 957 3716 juvari,
1004 3642 1313 3714 refrigerari
1366 3659 1378 3695 :
1430 3640 1564 3698 sicut
1612 3651 1665 3697 et
1711 3658 1810 3712 per
1857 3643 2047 3698 Isaiam

452 3738 635 3807 (LVIII,
665 3737 723 3803 7)
756 3749 770 3785 :
805 3732 1110 3801 lnfringito
1139 3731 1414 3786 esurienti
1450 3730 1500 3768 99
1547 3746 1752 3803 panem
1781 3734 1946 3787 tuum
1986 3733 2049 3800 1,-

453 3829 511 3882 et
546 3820 828 3879 mendicos
858 3819 983 3890 2qui
1012 3819 1135 3874 sine
1176 3820 1323 3875 tecto
1360 3821 1499 3875 sunt
1530 3820 1592 3874 in
1623 3819 1850 3876 domum
1889 3824 2049 3877 tuam

452 3910 749 3976 inducite;
781 3911 838 3963 et
883 3904 1105 3961 nudum
1150 3906 1203 3960 si
1244 3904 1448 3962 videris
1472 3948 1487 3972 ,
1538 3910 1729 3979 tegito.
1778 3909 1909 3964 Item
1953 3926 2051 3981 per

454 3995 792 4057 Ezechielem
839 3993 1061 4066 (Ezech.
1114 4008 1272 4059 xvm,
1322 3996 1399 4063 7),
1447 3996 1517 4051 de
1560 3996 1678 4053 viro
1709 4000 1858 4067 justo
1892 4017 1907 4054 ;
1940 4000 2049 4055 pa-

455 4104 588 4145 nem
640 4101 812 4143 suum
863 4083 1019 4139 dabit
1064 4082 1358 4149 esurienti,
1408 4087 1463 4142 et
1507 4085 1730 4142 nudum
1777 4090 2047 4160 conteget.

2145 1868 2220 1935 8),
2252 1883 2419 1922 suam
2446 1866 2650 1937 faenori
2677 1867 2699 1903 4|
2731 1882 2847 1922 non
2875 1865 3047 1933 dedit,
3081 1870 3137 1923 et
3165 1864 3307 1936 quod
3344 1861 3739 1926 abundaverit,

2145 1972 2261 2013 non
2281 1959 2499 2023 sumet;
2521 1954 2741 2011 faenoris
2770 1954 2974 2012 scilicet
3002 1954 3405 2010 redundantiam
3442 1954 3574 2022 (59),
3595 1950 3745 2023 quod

2146 2053 2227 2100 est
2257 2060 2442 2101 usura.
2492 2042 2645 2099 Prius
2688 2043 2855 2117 igitur
2892 2042 3011 2110 fuit,
3061 2052 3123 2099 ut
3165 2042 3396 2099 fructum
3423 2038 3601 2098 899
3630 2039 3744 2096 fce-

2147 2134 2295 2189 noris
2331 2130 2644 2197 eradicaret,
2674 2148 2782 2202 quo
2822 2130 3035 2186 facilius
3062 2130 3425 2186 assuefaceret
3467 2127 3745 2184 hominem

2146 2221 2250 2293 ipsi
2277 2236 2495 2294 quoque
2542 2220 2759 2286 faenori,
2806 2222 2853 2275 si
2898 2219 3056 2287 forte,
3088 2218 3385 2290 perdenda,
3418 2220 3572 2288 cujus
3619 2216 3745 2271 fru-

2146 2317 2291 2365 ctum
2334 2308 2609 2365 didicisset
2651 2308 2914 2364 amittere.
2950 2309 3098 2363 Hanc
3148 2308 3295 2365 enim
3342 2307 3572 2364 dicimus
3601 2320 3747 2376 ape-

2148 2414 2259 2454 ram
2308 2400 2471 2470 Legis
2518 2397 2682 2454 fuisse
2730 2398 3067 2468 procurantis
3114 2397 3433 2471 Evangelia.
3478 2396 3753 2465 Quorum-

2147 2487 2272 2542 dam
2301 2495 2430 2543 tunc
2477 2486 2638 2544 ﬁdem
2686 2487 2938 2557 paulatim
2988 2488 3055 2542 ad
3106 2485 3404 2559 perfectum
3451 2484 3749 2556 disciplina?

2146 2576 2463 2632 Christiana:
2520 2578 2792 2645 nitorem,
2849 2576 3035 2647 primis
3090 2576 3395 2648 quibusque
3452 2572 3749 2647 prmceptis

2148 2662 2493 2719 balbutientia
2521 2664 2698 2720 adhuc
2742 2663 3087 2738 benignitatis
3125 2664 3472 2720 informabat.
3512 2664 3649 2722 Nam
3697 2670 3754 2717 et

2150 2768 2313 2825 supra
2344 2770 2357 2807 :
2383 2756 2454 2811 Et
2472 2755 2697 2827 pignus,
2721 2754 2896 2825 inquit
2915 2752 3139 2825 (Ezech.
3165 2769 3330 2823 xvm,
3360 2754 3440 2823 7),
3462 2752 3654 2809 reddet
3683 2751 3710 2788 ⁵
3734 2768 3749 2815 ;

2151 2842 2333 2915 utique
2365 2842 2409 2898 si
2452 2858 2560 2899 non
2610 2843 2682 2899 sit
2728 2842 2987 2899 solvendo
3021 2862 3033 2897 :
3066 2842 3195 2914 quia
3239 2844 3482 2900 solutura
3510 2842 3536 2880 δ
3567 2839 3753 2911 utique

2150 2931 2347 3003 pignus
2377 2933 2768 2989 restituendum
2816 2948 2953 2999 esse,
3006 2942 3187 2988 utrum
3235 2932 3399 2993 homo
3447 2930 3752 2986 scriberet?

2148 3022 2315 3077 Multo
2344 3022 2680 3080 manifestius
2710 3022 2763 3076 in
2792 3022 3424 3093 Deuteronomio(xx1v,
3457 3019 3546 3090 l2)
3578 3037 3592 3074 :
3626 3021 3751 3076 Non

2152 3110 2391 3168 dormies
2418 3128 2587 3184 super
2622 3113 2827 3183 pignus
2857 3112 2981 3182 ejus
3010 3130 3029 3165 :
3068 3110 3384 3169 redditione
3412 3109 3613 3165 reddes
3658 3109 3749 3164 illi

2152 3202 2401 3273 pallium
2422 3203 2576 3256 circa
2591 3202 2726 3257 solis
2746 3216 3022 3268 occasum,
3038 3200 3335 3257 etdormiet
3354 3201 3415 3255 in
3436 3200 3612 3272 pallio
3625 3212 3749 3256 suo.

2156 3290 2348 3344 Adhuc
2375 3289 2575 3345 clarius
2604 3305 2771 3359 supra
2821 3290 2936 3359 (xv,
2968 3292 3023 3361 2)
3066 3307 3077 3346 :
3114 3291 3374 3347 Dimittes
3408 3303 3572 3346 omne
3610 3286 3753 3344 debi~

2162 3382 2283 3435 tum
2304 3379 2445 3451 quod
2469 3378 2571 3433 tibi
2586 3380 2886 3450 proximus
2907 3378 3080 3445 debet,
3106 3384 3159 3437 et
3177 3382 3424 3450 fratrem
3445 3383 3615 3434 tuum
3638 3392 3753 3435 non

2156 3482 2438 3541 reposces:
2461 3470 2727 3542 quoniam
2750 3470 3005 3525 remissio
3026 3470 3250 3526 Domini
3259 3471 3359 3526 Dei
3381 3469 3472 3525 tui
3490 3468 3754 3523 invocata

2157 3562 2260 3613 est.
2302 3560 2489 3625 Porro,
2521 3573 2645 3613 cum
2691 3557 2935 3613 debitum
2982 3557 3175 3614 dimitti
3202 3558 3373 3627 jubet,
3413 3556 3606 3628 utique
3644 3570 3751 3611 non

2156 3646 2491 3712 exsoluturo,
2526 3646 2643 3716 plus
2670 3646 2833 3701 etiam
2863 3647 2885 3683 ⁷
2916 3654 2998 3701 est
3024 3663 3039 3715 ;
3084 3657 3156 3714 et,
3189 3646 3235 3700 si
3261 3645 3591 3709 exsoluturo,
3628 3659 3752 3699 cum

2156 3734 2367 3805 reposci
2398 3742 2560 3804 vetat,
2584 3735 2710 3806 quid
2743 3734 2889 3790 aliud
2916 3735 3076 3791 docet
3108 3750 3271 3807 quam
3298 3751 3404 3790 non
3432 3732 3754 3789 exsoluturo

2158 3820 2507 3893 faeneremus,
2556 3822 2649 3894 qui
2693 3824 2808 3892 jam
2853 3823 2879 3861 ⁸
2928 3823 3308 3880 detrimentum
3354 3821 3548 3877 faenori
3602 3819 3753 3874 indi-

2157 3910 2278 3965 xit?
2309 3913 2377 3967 Et
2423 3913 2585 3968 eritis
2624 3912 2736 3981 ﬁlii
2780 3913 2879 3967 Dei
2919 3913 3050 3983 (60).
3100 3911 3246 3967 Nihil
3290 3907 3670 3981 impudentius,
3708 3906 3758 3962 si

2156 3999 2247 4055 ille
2274 4014 2383 4055 non
2411 4000 2514 4055 sibi
2561 4000 2703 4056 ﬁlios
2742 4000 2919 4069 faciet,
2952 4001 3047 4071 qui
3084 4000 3240 4057 nobis
3270 3998 3409 4055 filios
3436 3999 3614 4054 facere
3642 4012 3756 4053 non

2158 4087 2422 4158 permisit,
2456 4088 2748 4164 auferede
2792 4089 3121 4146 connubium
3168 4090 3304 4160 (61).
3353 4086 3642 4152 Quomodo
3700 4087 3756 4142 in

1901 4187 2092 4249 Varia:
2133 4190 2445 4251 lectiones.

526 4266 579 4306 92
615 4264 682 4321 Et
707 4266 882 4321 inser.
909 4262 1077 4319 Seml.
1113 4260 1334 4319 Oberth.
1364 4262 1416 4301 93
1447 4263 1514 4318 Ut
1534 4265 1669 4320 Jun.
1710 4265 1759 4303 95
1789 4265 1854 4319 Et
1889 4266 2057 4322 Seml.
2090 4266 2140 4304 93
2168 4268 2250 4322 Ab
2293 4282 2359 4323 eo
2414 4266 2638 4325 Oberth.

2692 4272 2822 4339 post
2885 4268 3051 4325 Seml.
3088 4266 3141 4307 9⁵
3196 4265 3312 4322 Etsi
3350 4269 3524 4322 inser.
3556 4267 3756 4339 Latin.

458 4339 505 4377 97
540 4336 947 4393 Praestrinxerat
976 4333 1146 4390 Seml.
1183 4333 1404 4391 Oberth.
1436 4336 1487 4373 93
1513 4336 1578 4389 Et
1597 4338 1786 4392 omitt.
1812 4338 2029 4394 Oberth.
2054 4338 2105 4375 99
2130 4337 2612 4396 Esurientiomitt.
2639 4333 2808 4395 Séml.
2849 4341 2866 4377 ι
2895 4338 3156 4396 Mendicis
3181 4339 3310 4394 add.
3348 4340 3517 4395 Seml.
3548 4338 3572 4374 ²
3598 4338 3760 4392 Men-

458 4410 643 4507 “iliacos”
663 4408 852 4507 omit.
1089 4404 1295 4507 3013130
1331 4407 1516 4505 Paris.
1547 4408 1815 4465 “Fosnore
1838 4409 1917 4466 al.
1951 4409 1975 4446 ⁵
2000 4408 2208 4465 Reddas
2241 4412 2410 4469 Seml.
2448 4411 2667 4469 Oberth.
2700 4411 2725 4449 δ
2752 4411 2997 4469 Solutori
3028 4412 3243 4468 Pamel.
3290 4410 3311 4447 7
3343 4408 3499 4466 Enim
3537 4410 3759 4465 Pamel.
3784 4488 3805 4507 ὦ

458 4482 484 4518 ⁸
512 4481 647 4537 Tam
684 4479 844 4534 Pam.
895 4475 1079 4533 Venet.
1114 4477 1283 4532 Seml.
1368 4500 1373 4505 -

1852 4549 2353 4617 Commentarius.

535 4659 649 4753 (εξ)
670 4658 917 4753 anoris
936 4655 1151 4753 scilicet
1172 4655 1795 4753 redundantiam,quod
1819 4664 1903 4716 est
1923 4677 2056 4753 usu-
2088 4676 2133 4753 ο
2166 4660 2562 4753 ritia.JCarLolus
2606 4660 2869 4717 Molineus
2908 4670 3111 4743 tantum
3154 4660 3357 4753 agimen
3386 4659 3498 4753 sLuis
3526 4658 3766 4753 tigng-

465 4726 556 4787 ναξ
575 4726 714 4801 cave
741 4744 811 4784 ne
838 4742 959 4801 cum
981 4726 1298 4796 quibusdam
1329 4728 1639 4785 damnatum
1660 4726 1823 4801 putes
1854 4741 2054 4788 tantum

466 4805 610 4855 τόκον
639 4798 809 4863 ratio»,
843 4798 955 4853 sive
1000 4814 1218 4869 usuram
1254 4801 1465 4866 usurae;
1499 4816 1623 4855 nam
1668 4798 1846 4858 omnis
1888 4818 2058 4869 usura

468 4873 558 4927 hic
583 4871 920 4942 prohibetur,
946 4876 1058 4944 tum
1083 4868 1296 4944 inlocis
1318 4870 1514 4944 S_cript.
1538 4887 1657 4944 quae
1688 4872 2055 4941 adducuntur,

468 4939 603 4998 tum'
630 4957 696 4995 ex
744 4949 922 4995 mente
963 4939 1299 4995 Tertulliani.
1332 4939 1499 4997 Tanta
1525 4939 1655 5000 vero
1684 4944 1846 5001 hodie
1885 4939 2061 5001 usurae

470 5012 739 5085 cupiditas
761 5010 1002 5085 incessit,
1035 5019 1092 5085 ut
1120 5011 1296 5068 {tenus
1322 5011 1536 5085 legibus
1564 5016 1833 5085 quondam
1862 5016 2063 5073 Roma-

473 5082 562 5139 nis
604 5082 927 5156 permissum
983 5084 1159 5156 etiam
1189 5082 1463 5156 excedant.
1513 5082 1627 5141 Etsi
1681 5086 1825 5141 enim
1884 5104 2062 5144 usura:

474 5154 784 5211 centésimae
823 5161 1017 5228 essent
1053 5154 1333 5228 legitimae,
1390 5164 1443 5211 et
1490 5156 1777 5228 unicuique
1830 5158 2059 5214 liberum

475 5236 617 5283 esset
635 5224 1246 5297 centesimamistipulari
1264 5226 1324 5297 (Ι.
1348 5228 1398 5281 si
1412 5243 1513 5297 pro
1533 5224 1756 5283 mutua.
1780 5228 1841 5284 C.
1864 5230 1908 5284 si
1927 5240 2059 5286 cert.

474 5306 590 5371 pet.
621 5306 676 5354 et
720 5297 757 5351 l.
806 5297 940 5373 lecta
971 5296 1035 5350 D.
1068 5297 1134 5373 de
1170 5296 1284 5353 reb.
1323 5296 1497 5373 cred.)
1513 5317 1535 5373 _;
1568 5298 1613 5373 si
1643 5308 1822 5354 tamen
1852 5299 2061 5373 aliquid

475 5367 639 5444 supra
665 5367 1020 5444 centesimam
1034 5368 1282 5444 solutum
1310 5377 1442 5444 erat,
1475 5368 1539 5444 id
1566 5369 1621 5423 in
1650 5378 1850 5444 sortem
1877 5367 2061 5444 impu-

475 5435 959 5516 tabatur._Canone
1002 5439 1065 5491 17
1112 5435 1590 5516 Nicaenajuuollat
1626 5439 1839 5497 clericis
1865 5435 2064 5516 pro'hi-

472 5513 686 5584 bentur,
715 5511 939 5584 ρος-ρει
983 5522 1170 5584 usurae
1197 5507 1424 5584 dimidia
1462 5512 1695 5582 majores
1738 5507 1898 5584 quam
1943 5532 2063 5574 sors

470 5580 800 5653 principalis.
822 5579 981 5639 Nunc
1007 5592 1138 5639 vero
1156 5577 1243 5637 his
1263 5577 1462 5639 finibus
1488 5577 1598 5640 non
1623 5577 1904 5646 coercetur
1930 5603 2061 5646 ava-

2168 4733 2234 4788 tis
2264 4734 2582 4788 adumbrare
2630 4748 2740 4788 non
2781 4741 2863 4789 est
2907 4732 3126 4791 veritus.
3156 4730 3240 4789 'S.
3289 4730 3611 4788 Ambrosius
3659 4731 3763 4785 lib.

2165 4804 2233 4859 de
2274 4804 2543 4870 Tobia,‘et
2572 4803 2736 4869 alibi;
2771 4804 2828 4859 S.
2862 4806 3087 4860 Basilius
3124 4802 3343 4874 passim,
3375 4813 3426 4859 et
3452 4803 3510 4859 S.
3539 4802 3766 4874 Cypria-

2170 4875 2395 5003 3:21:11le
2419 4875 2496 5001 Id:
2534 4875 2741 4948 Lapsis,
2783 4875 3111 4932 invehuntur
3124 4872 3194 4931 Vin
3223 4872 3492 4944 ejuSmodi
3518 4872 3770 4933 tocullio-

2169 4961 2284 5001 nes.
2316 4961 2388 5003 L8
2419 4961 2518 5004 PR.
3388 4990 3399 4999 .

2234 5018 2348 5087 (60)
2378 5020 2449 5090 Et
2479 5020 2640 5075 eritis
2668 5019 2779 5087 ﬁlii
2804 5020 2921 5075 Dei.
2938 5020 2999 5076 In
3026 5019 3217 5076 Graeco
3245 5018 3479 5075 B.Lucm
3497 5024 3581 5072 est
3613 5015 3773 5090 fmi-

2168 5106 2284 5141 στου
2315 5088 2599 5157 Altissimi,
2628 5090 2717 5146 hic
2752 5094 2851 5148 Dei
2895 5093 3079 5147 vertit.
3109 5092 3229 5146 Non
3277 5098 3358 5145 est
3395 5098 3571 5144 autem
3608 5088 3768 5144 inso-

2167 5159 2366 5285 Enspin
2414 5160 2727 5233 Scripturis,
2759 5172 2818 5217 ut
2864 5177 2962 5232 pro
2991 5166 3098 5221 Deo
3142 5162 3468 5219 Altissimus
3496 5168 3765 5217 vertatur.

2211 5245 2245 5285 ε
2317 5247 2374 5285 ιι.

2211 5245 2245 5285 Ε
2275 5245 2374 5285 ΡΒ.

2486 5302 2643 5386 nobis
2662 5306 2809 5386 ﬁlios
2828 5306 3017 5386 facere
3029 5302 3768 5386 nonpermisitmuferendo

2168 5374 2537 5432 connubium.
2577 5373 2736 5443 Quod
2777 5373 3002 5434 faciebat
3046 5373 3252 5433 scilicet
3288 5375 3575 5432 Marcionis
3605 5377 3772 5432 deus.

2168 5444 2258 5502 Sic
2285 5447 2433 5502 enim
2457 5463 2666 5534 supra_:
2702 5466 2729 5499 α
2761 5447 2898 5504 Ecce
2943 5449 3121 5534 legem
3150 5447 3249 5534 “tui
3286 5444 3626 5534 quoque‘dei

2170 5534 2385 5591 pugnas
2430 5534 2447 5573 :
2493 5520 2711 5588 nuptias
2752 5534 2861 5576 non
2904 5518 3227 5593 conjungit;
3273 5518 3591 5590 coniunctas
3649 5532 3775 5581 non

2168 5589 2416 5647 admittit.
2455 5610 2477 5640 ι
2511 5590 2635 5645 Rm.
2950 5592 2961 5625 λ

2296 5608 2416 5646 ιιιιι.
2455 5610 2477 5640 ³
2511 5608 2635 5645 ιίια.
2958 5622 2961 5625 <
