3980 6144
236 419 322 478 129
1418 412 1538 472 LIB.
1583 412 1666 472 lV'
1687 412 1840 472 ADV.
1884 409 2295 472 MARCIONEM.

3397 425 3503 486 430

233 544 276 601 id
303 557 494 600 nomen
533 539 822 597 allecturus
849 545 933 596 est
955 552 1104 604 suos,
1140 537 1286 609 quod
1313 539 1422 608 jam
1466 538 1676 594 erasit?
1701 538 1796 594 Fi-
1831 554 1877 632 Α
1908 538 2070 632 ducet
2087 535 2430 608 disciplinam
2455 544 2510 593 et
2532 540 2982 611 mereedem,etin
3005 553 3170 601 totum
3191 546 3504 607 hominibus

231 633 318 688 lius
342 628 600 703 spadonis
627 644 750 685 esse
770 643 879 685 non
911 643 1155 700 possum,
1182 627 1412 682 maxime
1442 643 1564 685 cum
1593 634 1794 698 patrem

230 722 439 777 habeam
475 720 728 776 eumdem
775 734 936 790 quem
981 725 1034 774 et
1069 715 1266 773 omnia.
1309 716 1445 771 Nam
1494 723 1600 771 tam
1643 724 1800 787 pater

230 810 454 866 omnium
485 808 577 880 qui
617 806 866 865 conditor
901 805 1284 870 universitatis,
1315 820 1478 878 quam
1509 805 1677 877 spado
1706 803 1798 876 qui

229 899 407 955 nullius
447 897 766 952 substantia:
808 895 1073 952 conditor.
1105 895 1174 951 Et
1209 893 1256 950 si
1293 910 1496 950 marem
1541 909 1606 948 ac
1637 891 1798 949 femi-

226 1004 333 1043 nam
377 1002 487 1043 non
544 985 850 1042 miscuisset
895 985 1134 1049 Creator,
1173 993 1227 1040 et
1273 981 1321 1038 si
1368 998 1476 1038 non
1532 981 1800 1039 universis

225 1089 424 1146 quoque
453 1071 776 1127 animalibus
803 1069 945 1127 ﬁlios
973 1069 1350 1138 concessisset,
1376 1071 1476 1125 hoc
1503 1086 1650 1125 eram
1679 1071 1800 1141 ejus

224 1173 331 1219 ante
370 1160 710 1235 paradisum,
751 1169 877 1215 ante
906 1158 1182 1225 delictum,
1216 1166 1340 1214 ante
1389 1158 1627 1223 exilium,
1675 1167 1802 1214 ante

222 1255 364 1319 duos,
393 1268 565 1308 unum
586 1251 740 1323 (62);
772 1250 954 1307 denuo
974 1249 1148 1306 factus
1178 1249 1320 1304 ﬁlius
1343 1248 1417 1304 fui
1448 1249 1652 1321 statim,
1675 1265 1798 1306 cum

223 1358 297 1398 me
321 1340 580 1396 manibus
605 1339 795 1396 enixus
824 1346 929 1406 est,
949 1354 1070 1394 cum
1092 1339 1160 1394 de
1185 1353 1284 1394 suo
1306 1337 1474 1394 halitu
1495 1338 1680 1394 movit.
1701 1337 1799 1394 Ille

223 1447 296 1486 me
318 1445 467 1486 nunc
485 1443 680 1485 rursus
698 1427 865 1484 ﬁlium
888 1435 1178 1498 nuncupat,
1196 1429 1309 1498 jam
1329 1442 1437 1483 non
1459 1427 1512 1482 in
1540 1426 1799 1494 animam,

222 1522 303 1577 sed
348 1521 404 1575 in
453 1519 700 1590 spiritum
737 1517 972 1588 pariens.
1013 1515 1154 1585 Quia
1199 1519 1336 1590 ipse,
1385 1516 1578 1588 inquit,
1612 1518 1802 1572 suavis

222 1616 294 1667 est
319 1609 593 1666 adversus
626 1609 877 1679 ingratos
905 1609 962 1664 et
980 1606 1180 1662 malos.
1205 1604 1650 1679 Euge,Marcion,
1672 1603 1806 1659 satis

221 1697 494 1772 ingeniose
522 1694 808 1752 detraxisti
838 1693 914 1748 illi
943 1692 1154 1765 pluvias
1181 1701 1236 1749 et
1282 1693 1447 1759 soles,
1480 1710 1550 1749 ne
1576 1694 1805 1750 Creator

1907 623 2244 680 obediemus.
2278 625 2336 680 Si
2363 639 2395 680 a
2420 625 2696 692 Creatore,
2728 635 2786 682 ut
2814 643 2844 682 a
2868 629 3057 698 judice
3075 639 3127 686 et
3156 633 3504 705 dispunctore

1907 712 2255 782 meritorum;
2288 729 2424 784 ergo
2474 711 2551 770 illi
2591 722 2840 770 nostrum
2883 717 3110 787 impellit
3149 723 3500 796 obsequium,

1904 801 2048 872 apud
2079 817 2239 874 quem
2287 803 2566 859 constituit
2602 804 3015 862 retributionem
3061 811 3378 880 captandam
3415 817 3502 871 vel

1906 890 2216 957 timendam,
2246 899 2406 962 prout
2450 892 2684 964 quisque
2723 894 3062 963 judicaverit,
3095 904 3188 952 aut
3237 901 3501 956 condem-

1907 978 2133 1048 naverit,
2165 988 2256 1036 aut
2287 980 2574 1047 dimiserit,
2607 991 2698 1037 aut
2727 998 2947 1040 mensus
2984 983 3165 1041 fuerit.
3197 987 3256 1044 Si
3287 988 3354 1043 ab
3384 989 3502 1062 ipso

1904 1083 2036 1141 ergo
2063 1077 2114 1125 et
2143 1068 2233 1126 ille
2266 1070 2377 1139 jam
2402 1071 2632 1143 judicat,
2665 1073 2810 1143 quod
2855 1073 3100 1132 Marcion
3146 1085 3331 1149 negat.
3383 1079 3505 1136 Eli-

1906 1166 2036 1229 gant
2063 1158 2243 1230 itaque
2272 1160 2619 1230 Marcionitae,
2668 1177 2739 1218 ne
2768 1162 2901 1217 tanti
2938 1165 3008 1219 sit
3044 1165 3112 1222 de
3142 1167 3385 1238 magistri
3416 1185 3505 1225 re-

1907 1248 2034 1317 gula
2081 1247 2345 1318 excidere,
2378 1249 2566 1318 quanti
2614 1250 2662 1288 13
2707 1250 2981 1307 Christum
3041 1262 3130 1309 aut
3192 1255 3505 1314 hominibus

1907 1343 1999 1390 aut
2039 1335 2278 1391 Creatori
2324 1337 2604 1392 docentem
2637 1337 2858 1396 habere.
2910 1341 3018 1397 Sed
3063 1358 3245 1402 caecus
3289 1361 3505 1402 ciccum

1910 1421 2069 1480 ducit
2087 1425 2149 1479 in
2176 1427 2415 1495 foveam.
2451 1423 2686 1481 Credunt
2713 1426 2875 1498 aliqui
2904 1429 3186 1486 Marciani.
3237 1432 3344 1488 Sed
3387 1451 3504 1491 non

1911 1517 1996 1569 est
2016 1513 2328 1586 discipulus
2348 1530 2517 1586 super
2543 1517 2904 1586 magistrum.
2930 1517 3044 1573 Hoc
3069 1529 3122 1574 et
3153 1520 3202 1558 ιδ
3226 1523 3502 1578 meminis-

1913 1614 1973 1656 se
2001 1599 2518 1671 debueratApelles,
2548 1603 2840 1660 Marcionis
2868 1605 2937 1661 de
2956 1606 3228 1679 discipulo
3251 1611 3504 1666 emenda-

1914 1696 2018 1744 tor.
2053 1690 2288 1745 Eximat
2321 1693 2376 1744 et
2405 1690 2472 1746 de
2510 1691 2664 1746 oculo
2692 1707 2791 1749 suo
2824 1695 3037 1750 trabem
3058 1695 3172 1767 (63)
3203 1699 3505 1767 hmreticus,

217 1789 511 1846 videretur.
544 1785 648 1841 Sed
677 1783 798 1856 quis
823 1782 925 1838 iste
953 1783 1154 1854 suavis,
1185 1783 1276 1856 qui
1307 1799 1377 1840 ne
1404 1782 1652 1854 cegnitus
1681 1783 1807 1855 qui-
1843 1778 1886 1855 Β
1919 1778 2131 1833 tuncin
2146 1778 2302 1833 oculo
2333 1775 2640 1842 Christiani,
2671 1778 2714 1832 si
2744 1794 2901 1848 quam
2925 1790 3090 1848 putat,
3114 1785 3392 1855 stipulam
3419 1805 3509 1844 re-

222 1877 337 1932 dem
383 1889 562 1947 usque
599 1871 822 1928 adhuc?
859 1872 1131 1944 quomodo
1181 1871 1383 1942 suavis,
1431 1887 1463 1927 a
1506 1886 1614 1943 quo
1653 1871 1802 1926 nulla

225 1962 480 2020 beneﬁcia
500 1969 902 2034 praecesserunt
930 1961 956 2000 9
974 1958 1002 2014 τ
1029 1959 1144 2016 Hoc
1171 1974 1346 2033 genus
1374 1959 1668 2025 suavitatis,
1699 1975 1806 2031 qua

221 2053 366 2109 soles
393 2058 447 2107 et
472 2051 672 2108 imbres
697 2049 786 2123 qui
816 2048 1196 2115 fmneraverat,
1229 2063 1340 2105 non
1381 2056 1701 2121 recepturus
1738 2048 1808 2102 ab

213 2144 452 2198 humano
480 2155 683 2212 genere
730 2147 791 2194 ut
820 2140 1074 2203 Creator;
1105 2138 1200 2210 qui
1244 2152 1343 2208 pro
1373 2145 1518 2192 tanta
1555 2137 1805 2194 elemen-

210 2236 388 2285 torum
433 2226 757 2282 liberalitate
802 2225 1008 2282 facilius
1035 2225 1196 2280 idolis
1243 2241 1405 2297 quam
1435 2224 1539 2280 sibi
1568 2225 1806 2280 debitum

206 2317 396 2391 gratiae
427 2317 732 2372 referentes
764 2312 942 2370 400
968 2314 1214 2371 homines
1243 2329 1417 2386 usque
1436 2314 1615 2369 adhuc
1646 2313 1806 2369 susti-

205 2415 315 2462 net.
350 2405 497 2462 Vere
524 2403 712 2460 suavis
740 2403 898 2459 etiam
944 2401 1278 2474 spiritalibus
1319 2400 1637 2458 commodis.
1672 2403 1807 2458 Elo-

207 2496 335 2566 quia
357 2493 509 2548 enim
541 2492 771 2550 Domini
794 2491 1051 2548 dulciora
1083 2507 1257 2563 super
1273 2490 1387 2546 mel
1408 2493 1462 2545 et
1490 2493 1666 2560 favos.
1688 2489 1803 2560 (1’s.

206 2598 367 2649 xvm,
404 2582 520 2652 11).
554 2582 646 2636 ille
670 2581 838 2653 igitur
863 2587 918 2637 et
955 2579 1197 2654 ingratos
1225 2578 1514 2652 sugillavit,
1547 2577 1637 2650 qui
1666 2593 1804 2652 gra-

212 2683 290 2728 tos
317 2670 565 2744 eXperiri
591 2670 935 2739 merebatur;
975 2669 1132 2739 cujus
1161 2669 1306 2725 soles
1352 2669 1401 2707 ιο
1427 2676 1481 2724 et
1515 2667 1719 2724 imbres
1748 2674 1804 2722 tu

211 2775 442 2832 quoque,
477 2758 736 2829 Marcion,
776 2757 1020 2831 ingratus
1048 2755 1306 2813 habuisti.
1357 2757 1648 2825 Craterum,
1682 2764 1806 2811 tuus

215 2865 314 2904 non
348 2856 568 2921 poterat
588 2849 703 2918 jam
741 2849 896 2918 queri
942 2847 1203 2918 ingratos,
1233 2847 1322 2919 qui
1369 2861 1478 2902 non
1523 2852 1807 2918 paraverat

1910 1868 2124 1922 vincat.
2153 1864 2385 1921 Proinde
2413 1872 2468 1921 et
2482 1867 2646 1923 arbor
2674 1865 2816 1924 bona
2843 1883 2958 1925 non
2994 1873 3254 1942 proferat
3289 1878 3507 1932 malum

1913 1958 2195 2026 fructum,
2226 1954 2356 2025 quia
2382 1970 2484 2010 nec
2526 1956 2722 2012 veritas
2751 1957 2998 2014 haeresim
3034 1973 3046 2010 :
3079 1975 3180 2016 nec
3205 1963 3362 2019 mala
3409 1965 3507 2020 bo-

1916 2060 2078 2110 num,
2112 2042 2236 2114 quia
2265 2057 2368 2098 nec
2398 2043 2620 2101 haeresis
2655 2044 2954 2104 veritatem.
3001 2048 3088 2104 Sic
3135 2064 3236 2106 nec
3273 2050 3508 2109 Marcion

1915 2135 2124 2206 aliquid
2152 2134 2282 2192 boni
2311 2135 2379 2191 de
2411 2135 2668 2193 thesauro
2693 2136 2960 2193 Cerdonis
2986 2138 3131 2196 malo
3149 2143 3388 2212 protulit,
3412 2160 3510 2200 nec

1914 2223 2132 2295 Apelles
2169 2225 2239 2278 de
2267 2222 2550 2280 Marcionis
2600 2241 2614 2279 :
2663 2227 2831 2282 multo
2857 2229 3000 2282 enim
3052 2228 3168 2285 haec
3198 2245 3508 2303 congruen-

1919 2313 2028 2368 tius
2077 2311 2242 2368 401
2292 2314 2346 2368 in
2381 2313 2532 2384 ipsos
2578 2313 3073 2386 interpretabimur,
3105 2334 3227 2392 quae
3267 2320 3515 2377 Christus

1915 2402 1968 2456 in
1999 2403 2245 2459 homines
2293 2403 2674 2474 allegorizavit,
2709 2419 2818 2461 non
2870 2406 2923 2460 in
2961 2405 3100 2463 duos
3142 2407 3273 2464 deos
3299 2410 3512 2465 'secun-

1915 2491 2044 2547 dum
2085 2492 2399 2548 scandalum
2451 2493 2757 2550 Marcionis.
2815 2496 2959 2551 Puto‘
2997 2513 3085 2553 me
3141 2512 3249 2552 non
3313 2505 3516 2555 temere

1915 2578 2042 2635 huic
2069 2594 2242 2651 usque
2272 2579 2445 2635 adhuc
2476 2580 2636 2637 lineae
2663 2581 2938 2650 insistere,
2982 2599 3090 2656 qua
3118 2583 3339 2653 definio,
3386 2602 3518 2642 nus-

1913 2684 2073 2740 quam
2128 2668 2352 2725 omnino
2406 2669 2573 2725 alium
2626 2671 2794 2726 Deum
2841 2687 2872 2726 a
2927 2671 3144 2729 Christo
3192 2675 3514 2736 revelatum.

1911 2758 1974 2812 In
2001 2757 2118 2813 hoc
2133 2759 2249 2815 solo
2277 2757 2597 2815 adulterium
2626 2761 2669 2799 17
2700 2760 2993 2816 Marcionis
3026 2778 3213 2819 manus
3244 2766 3517 2836 stupuisse

1914 2845 2080 2900 miror
2108 2845 2221 2917 (64)
2251 2846 2355 2901 nisi
2382 2849 2530 2920 quod
2559 2848 2720 2903 etiam
2749 2848 2986 2905 latrones
3031 2851 3242 2908 timent.
3293 2854 3514 2910 Nullum

213 2945 415 3029 gratos.
469 2936 898 2992 Misericordiam
942 2951 1158 3008 quoque
1188 2935 1553 3006 praecipiens:
1597 2937 1805 2999 Estote,
1841 2951 1884 3029 ε
1916 2933 2242 3029 maleficium
2281 2934 2400 2992 sine
2439 2936 2725 2993 formidine
2766 2945 2847 2993 est
2895 2939 3030 3010 (65),
3075 2940 3200 3013 quia
3241 2957 3345 2999 nec
3391 2943 3516 3000 sine

213 3025 404 3098 inquit,
439 3025 850 3096 misericordes,
881 3028 1031 3084 sicut
1060 3029 1228 3083 Pater
1255 3028 1437 3082 vester
1466 3025 1511 3062 ιι
1541 3026 1808 3081 misertus

214 3119 294 3172 est
313 3116 521 3173 vestri.
556 3115 669 3171 lloe
699 3115 800 3170 erit
832 3132 844 3170 :
869 3117 1083 3174 Panem
1106 3115 1410 3187 infringito
1441 3115 1735 3181 esurienti,
1755 3119 1809 3172 et

207 3205 498 3262 mendicos
531 3204 578 3242 12
609 3205 732 3261 sine
752 3203 888 3262 lecto
913 3207 975 3261 in
1005 3205 1237 3262 domum
1259 3209 1418 3261 tuam
1450 3203 1720 3269 inductio,
1753 3208 1810 3261 et

213 3295 442 3351 nudum
465 3298 515 3350 si
551 3296 756 3352 videris
782 3298 951 3367 tegito
971 3297 1102 3367 (Isa.
1137 3311 1297 3361 Lvm,
1319 3295 1405 3367 7);
1437 3303 1522 3351 et:
1557 3295 1813 3353 Judicate

211 3386 453 3457 pupillo,
475 3389 531 3442 et
551 3385 873 3457 justiﬁcate
907 3387 1136 3443 viduam
1165 3387 1297 3458 (Isa.
1330 3400 1366 3453 ι,
1404 3384 1514 3456 17).
1554 3383 1809 3457 Agnosco

214 3473 516 3530 doctrinam
544 3474 664 3544 ejus
685 3483 948 3543 veterem,
967 3475 1062 3546 qui
1089 3477 1311 3532 mavult
1336 3470 1805 3537 misericordiam,

219 3579 388 3634 quam
411 3563 761 3632 sacriﬁcium
781 3562 938 3630 (Osee
955 3578 1035 3631 γι,
1069 3565 1144 3635 6).
1175 3565 1284 3619 Aut
1312 3563 1356 3618 si
1381 3563 1523 3618 alius
1544 3576 1687 3618 nunc
1705 3560 1811 3615 mi-

220 3651 568 3707 sericordiam
604 3652 874 3723 praecepit,
897 3651 1021 3724 quia
1041 3661 1094 3708 et
1129 3652 1246 3725 ipse
1266 3650 1574 3708 misericors
1592 3650 1681 3715 sit,
1714 3665 1814 3705 cur

221 3746 367 3796 tanto
385 3755 504 3795 aevo
534 3739 847 3796 misericors
877 3740 1010 3796 mihi
1029 3755 1136 3797 non
1157 3741 1256 3798 fuit
1274 3741 1304 3796 ?
1327 3741 1512 3798 Nolite
1523 3739 1807 3812 judicare,

222 3844 289 3885 ac
323 3831 689 3901 judicemini.
721 3830 904 3888 Nolite
939 3831 1334 3897 condemnare,
1375 3847 1448 3888 ne
1481 3830 1812 3888 condemne-

223 3921 384 3975 mini.
410 3920 716 3984 Dimittite,
740 3923 796 3976 et
815 3921 1214 3977 dimittemini.
1227 3923 1385 3986 Date,
1401 3925 1456 3976 et
1470 3919 1698 3976 dabitur
1714 3935 1810 3975 vo-

228 4004 324 4061 bis.
351 4008 666 4064 lemurum
699 4010 920 4076 bonam,
945 4024 1198 4083 pressam
1218 4026 1284 4067 ac
1306 4011 1578 4080 ﬂuentem
1597 4007 1811 4064 dabunt

226 4096 284 4149 in
299 4098 490 4153 sinum
507 4097 992 4155 vestrum.Eadem
1012 4115 1127 4171 qua
1144 4101 1330 4156 mensi
1346 4099 1509 4156 eritis
1523 4112 1807 4162 mensura,

225 4187 554 4242 remetietur
572 4185 721 4242 vobis
737 4185 894 4256 (Luc.
915 4187 1016 4258 γι).
1031 4187 1102 4244 Ut
1120 4186 1334 4260 Opinor,
1357 4188 1472 4242 haec
1501 4183 1814 4242 retributio-

229 4285 350 4326 nem
376 4289 474 4343 pro
502 4273 710 4331 meritis
743 4275 792 4314 13
811 4283 1155 4346 provocatam
1176 4285 1369 4332 sonant
1385 4275 1452 4331 ιδ.
1477 4274 1526 4330 Α
1545 4289 1652 4346 quo
1678 4286 1810 4344 ergo

1915 3022 2240 3079 conscientia
2276 3024 2380 3079 sui.
2433 3025 2658 3082 Tamdiu
2713 3041 2847 3099 ergo
2886 3035 2940 3084 et
2985 3029 3159 3084 Judaei
3206 3046 3313 3090 non
3342 3031 3516 3089 alium

1913 3114 2090 3169 Deum
2119 3122 2331 3177 norant,
2374 3128 2537 3184 quam
2585 3121 2782 3182 praeter
2826 3131 2988 3186 quem
3025 3118 3295 3174 neminem
3341 3121 3515 3176 adhuc

1915 3212 2145 3274 norant;
2180 3217 2276 3258 nec
2302 3200 2468 3257 alium
2514 3203 2689 3258 Deum
2736 3203 3097 3273 appellabant,
3147 3221 3310 3275 quam
3351 3223 3514 3278 quem

1917 3291 2092 3347 solum
2138 3298 2352 3348 norant.
2408 3289 2466 3346 Si
2514 3291 2587 3346 ita
2625 3299 2728 3356 est,
2779 3290 2900 3362 quis
2949 3291 3220 3349 videbitur
3265 3294 3514 3351 dixisse:

1924 3380 2063 3448 Quid
2091 3381 2303 3436 vocatis
2334 3380 2398 3448 ιδ,
2423 3379 2957 3446 Domine,Domine?
2978 3381 3239 3438 Utrumne
3257 3383 3351 3455 qui
3371 3400 3514 3440 nun-

1916 3485 2076 3542 quam
2101 3471 2201 3526 hoe
2224 3469 2404 3527 fuerat
2433 3480 2670 3537 vocatus,
2701 3477 2763 3524 ut
2789 3486 3050 3542 nusquam
3080 3471 3261 3529 adhuc
3291 3474 3466 3530 editus
3485 3476 3516 3530 Ἰ

1917 3560 2001 3612 An
2030 3558 2119 3614 ille
2146 3558 2234 3630 qui
2264 3573 2480 3629 semper
2500 3558 2766 3614 Dominus
2794 3559 3114 3632 habebatur,
3143 3563 3205 3616 ut
3233 3577 3264 3617 a
3287 3561 3515 3632 primor-

1918 3645 2010 3702 dio
2055 3645 2353 3718 cognitus?
2393 3647 2543 3701 Deus
2591 3645 2797 3703 scilicet
2839 3646 3173 3703 Judaeorum.
3219 3649 3354 3718 Quis
3391 3652 3515 3708 item

1918 3733 2177 3804 adiecisse
2224 3734 2508 3807 potuisset,
2563 3737 2631 3791 Et
2677 3752 2793 3794 non
2841 3737 3036 3806 facitis
3088 3737 3136 3776 19
3177 3754 3303 3809 qua
3349 3738 3516 3798 dico?

1919 3823 2181 3880 Utrumne
2208 3823 2303 3896 qui
2332 3839 2458 3880 eum
2501 3824 2734 3880 maxime
2763 3824 2993 3882 edocere
3043 3825 3298 3896 tentabat,
3329 3843 3395 3883 an
3427 3830 3518 3901 qui

1917 3925 1950 3966 a
1975 3911 2282 3982 primordio
2300 3909 2370 3966 ad
2409 3910 2533 3967 illos
2563 3920 2616 3966 et
2645 3911 2782 3985 legis
2811 3918 2864 3966 et
2883 3913 3275 3982 Prophetarum
3303 3915 3519 3988 eloquia

1918 3999 2262 4058 mandaverat
2313 4019 2328 4054 :
2375 3999 2469 4070 qui
2513 4009 2568 4054 et
2594 3999 3016 4056 inobedientiam
3056 4002 3160 4056 illis
3187 4004 3517 4074 exprobrare

1917 4096 2126 4160 posset,
2148 4088 2305 4143 etiam
2337 4087 2383 4142 si
2410 4103 2685 4160 nunquam
2717 4087 2846 4142 alias
2875 4089 3290 4161 exprobrasset!
3325 4093 3513 4160 Porro,

1917 4177 2008 4250 qui
2039 4186 2163 4232 ante
2192 4176 2484 4242 Christum,
2537 4177 2786 4248 Populus
2814 4180 2922 4235 iste
2959 4195 3051 4235 me
3098 4179 3262 4235 labiis
3305 4180 3515 4250 diligit,

1916 4284 2010 4327 cor
2035 4269 2226 4324 autem
2253 4279 2447 4322 eorum
2504 4264 2674 4336 longe.
2700 4268 2920 4323 absistit
2947 4284 2983 4322 α
3015 4284 3125 4334 me,
3167 4268 3518 4325 concionatus

227 4337 542 4420 retributio?
570 4362 631 4420 Si
662 4363 729 4420 ab
757 4337 1070 4421 hominibus
1100 4373 1330 4433 tantum,
1363 4377 1496 4436 ergo
1522 4337 1810 4420 humanam
1845 4337 1893 4415 Β
1921 4364 2004 4413 est
2031 4355 2162 4425 (lsa.
2196 4368 2360 4415 xxix,
2404 4354 2518 4423 13),
2561 4362 2801 4410 veterem
2845 4354 3030 4426 utique
3077 4354 3182 4410 illis
3228 4365 3515 4414 contuma-

1588 4488 1780 4551 Variae
1825 4487 2134 4548 lectiones.

289 4595 316 4633 9
346 4596 740 4654 Praeeesserant
767 4601 930 4655 Pam.
965 4600 1012 4639 ιο
1042 4600 1219 4656 Solem
1241 4602 1403 4658 Pam.
1438 4598 1480 4636 ιι
1512 4597 1706 4653 Vester
1734 4593 1922 4651 omitt.
1958 4588 2125 4646 Seml.
2165 4587 2210 4624 ¹²
2247 4583 2518 4658 Mendicos
2545 4585 2734 4658 omitt.
2773 4583 3058 4658 mergi.”
3093 4584 3403 4658 Promeritis
3431 4590 3509 4645 al.

226 4663 269 4739 ²ῗ
313 4667 479 4739 5903'-
531 4669 693 4729 Seml-
747 4654 963 4729 Oberth.
1015 4654 1068 4710 157
1093 4654 1274 4739 Quam
1290 4654 1526 4729 "Pa-rnel.
1572 4667 1619 4706 ιδ
1670 4667 1739 4723 Et
1768 4664 1956 4723 omitt.
1995 4659 2212 4719 Oberth.
2250 4657 2295 4695 17
2322 4654 2602 4713 Adulterio
2647 4656 2780 4712 Jun.
2817 4656 2863 4693 ιθ
2904 4654 3078 4712 Vocas
3119 4655 3288 4716 Seml.
3325 4655 3370 4696 19
3398 4659 3509 4714 Fa-

219 4735 298 4791 cis
332 4738 460 4796 Jun.

1608 4808 2112 4876 Commentarius.

287 4916 406 4988 (62)
441 4919 584 4992 Ante
632 4918 768 4992 duos
795 4935 994 4976 unum.
1046 4921 1348 4992 Antequam
1378 4919 1602 4977 dixisset
1645 4918 1810 4981 Deus,

213 4987 304 5062 Et
325 4994 496 5062 erant
524 4989 634 5062 duo
657 4991 714 5045 in
737 5006 908 5062 carne
935 5007 1073 5048 una.
1104 4987 1230 5062 Rm".

282 5057 406 5127 (63)
441 5060 673 5134 Eximat
691 5067 747 5134 et
768 5061 835 5118 de
862 5063 1023 5120 oculo
1048 5057 1158 5134 suo
1174 5063 1408 5120 trabem.
1430 5062 1591 5134 Apud
1622 5060 1678 5116 S.
1698 5059 1808 5134 Lu-

205 5139 328 5208 ίῖἓω
372 5137 456 5208 es}
500 5131 706 5208 κάρφος,
738 5133 840 5208 Ἀρί)
889 5139 972 5208 est
1009 5133 1290 5208 stipulam,
1316 5135 1456 5208 quod
1486 5131 1650 5206 vuglo
1683 5133 1808 5208 red-_

204 5199 371 5274 ditur
410 5199 712 5270 festucam.
762 5199 1150 5274 Haereticortim
1201 5199 1464 5262 vafritiem
1518 5199 1686 5269 notat,
1717 5201 1809 5274 qui

205 5269 374 5347 veluti
406 5269 710 5347 Aristarchi
733 5273 960 5347 dealiis
997 5275 1185 5347 ferunt
1225 5275 1514 5347 judicium,
1547 5291 1670 5332 eum
1702 5269 1809 5344 ipsi

199 5344 319 5419 sint
369 5344 787 5419 n_ocenti_ssimi._
819 5345 882 5401 lli
933 5346 1136 5404 scilicet
1166 5345 1360 5419 veluti
1413 5347 1700 5419 lippientes
1753 5353 1808 5419 et

196 5409 455 5491 inunctis
481 5415 658 5491 oculis
684 5417 826 5491 mala
861 5433 960 5472 sua
997 5416 1348 5491 perspiciunt,
1383 5409 1506 5491 cum
1545 5428 1719 5491 tamen
1749 5416 1806 5471 in

197 5481 448 5566 aliorum
484 5486 574 5566 vel
605 5487 901 5566 levioribus
935 5481 1217 5566 erroribus
1255 5488 1506 5566 notandis
1539 5488 1649 5544 sint
1674 5503 1806 5566 per:

197 5558 594 5625 spicacissimi.
632 5559 909 5616 Adversus
939 5559 1076 5642 tales
1125 5559 1371 5617 homines
1413 5559 1655 5633 aliosque
1681 5558 1806 5614 sibi

199 5627 370 5682 valde
402 5626 681 5688 placentes
726 5638 965 5688 torqueri
1011 5638 1192 5688 potest
1237 5629 1388 5688 quod
1415 5630 1558 5688 apud
1596 5631 1806 5686 Plutar-

195 5638 374 5756 ἓιᾶιέ
402 5638 681 5758 516ach
695 5638 965 5759 ἐεῗῖφιθτξ
1011 5638 1192 5715 potest
1237 5638 1388 5704 quoa
1415 5638 1558 5702 apud
1596 5638 1778 5686 Ptutar

661 5719 694 5774 q
739 5719 759 5758 ι
813 5741 830 5758 .
858 5719 1084 5768 animi:
1334 5747 1336 5750 μ
1567 5747 1570 5749 λ

2059 4908 2119 4961 Ti
2146 4906 2204 4960 τὸ
2233 4906 2510 4978 ἀλλότριον,
2541 4905 2756 4978 disceditis
2783 4905 3154 4978 BaoxavoStgtts,

2062 4979 2222 5033 Κακδν
2252 4974 2528 5049 ὀῷδερκῶς,
2559 4974 2700 5049 τὸδ’
2726 4974 2850 5030 ἴδιον
2897 4974 3239 5048 παραϐλέπεις,
3292 4977 3365 5034 Le
3413 4979 3509 5036 Pn.

1992 5051 2108 5123 (64)
2138 5048 2501 5123 Adulterium
2533 5048 2828 5123 Marcionis
2855 5051 3384 5123 manus_stupuisse
3410 5055 3516 5109 mi-

1917 5138 2032 5180 ror.
2070 5119 2298 5178 Facinus
2320 5119 2574 5191 intelligit
2603 5119 2920 5191 inauditum,
2941 5137 3048 5191 quo
3070 5121 3130 5174 B.
3156 5119 3314 5178 Lucae
3340 5123 3514 5180 Evan-

1914 5193 2115 5266 gelium
2144 5194 2404 5266 corrupit,
2437 5189 2646 5266 utfante
2675 5189 2926 5266 diximus.
2948 5189 3033 5266 LE
3065 5207 3155 5266 ea.

1987 5265 2100 5334 (65)
2131 5265 2368 5321 Nullum
2397 5263 2741 5332 maleﬁcium
2774 5263 2900 5334 sine
2929 5264 3233 5334 formidine
3275 5269 3377 5320 est.
3409 5263 3512 5332 Qui

1915 5333 2064 5392 timet
2090 5335 2327 5392 criminis
2355 5350 2412 5390 se
2439 5334 2737 5405 conscium,
2770 5333 2942 5389 ferme
2984 5335 3357 5404 convincitur;
3390 5350 3511 5388 nam

1912 5408 2069 5478 culpa
2096 5406 2292 5480 premit
2318 5421 2521 5474 comes,
2550 5413 2606 5462 et
2636 5423 2649 5462 :

2415 5601 2426 5614 .
2443 5603 2451 5613 .
2468 5566 2520 5614 ..ζ
2557 5564 2728 5615 Murus
2756 5565 3109 5615 aheneus‘esto

2071 5626 2152 5678 Nil
2186 5627 2412 5677 conscire
2430 5627 2540 5677 tibi.

2262 5704 2451 5768 (Horat.
2477 5705 2643 5768 Epist.
2679 5705 2766 5755 lib.
2799 5719 2850 5756 v.
2884 5719 2966 5769 ep.
2993 5707 3060 5765 1).
3095 5703 3166 5754 Le
3196 5703 3286 5755 Pa.
