3980 6144
424 400 524 459 431
604 480 607 481 ί

1120 390 1554 454 TERTULLIANI
1607 356 1879 451 OPERUM
1910 387 2073 449 PARS
2111 386 2180 447 II.
2222 417 2293 431 —-
2332 388 2562 449 SERIES
2601 388 2645 457 Ι,
2686 386 3031 447 POLEMlCA.

3616 382 3714 442 432

430 524 569 581 ciam
588 519 905 593 imputabat.
959 518 1211 592 Alioquin
1262 533 1428 591 quam
1467 517 1782 583 absurdum,
1814 523 1875 573 ut
1920 528 2018 570 no-
2050 525 2098 605 Α
2129 512 2458 585 Creatorem,
2489 515 2576 572 vel
2606 528 2715 585 qua
2742 513 2988 579 Judaeus,
3018 511 3187 567 etiam
3238 508 3533 605 prophetes
3569 507 3717 579 plane

426 629 527 672 vus
554 612 727 678 Deus,
756 624 927 667 novus
957 608 1219 676 Christus,
1252 624 1406 665 novae
1436 616 1707 679 tantaeque
1736 602 2019 676 religionis

425 701 775 769 illuminator,
838 706 1181 754 contumaces
1224 704 1274 752 et
1316 699 1738 768 inobsequentes
1782 707 2021 766 pronun-

425 790 606 862 tiaret,
629 804 766 862 quos
793 803 893 844 nos
924 786 1187 858 potuisset
1214 786 1491 859 eXperiri?

998 875 1223 933 CAPUT
1250 875 1455 931 XVIII.

497 966 732 1024 Proinde
753 964 1077 1023 extollenda
1106 964 1217 1034 ﬁde
1242 965 1604 1022 Centurionis
1618 964 1775 1032 (Luc.
1801 958 1925 1029 vu),
1948 956 2023 1013 in-

426 1057 682 1117 credibile
709 1057 755 1113 si
774 1058 818 1111 is
848 1055 1127 1128 professus
1156 1060 1242 1111 est
1263 1054 1440 1110 talem
1458 1069 1516 1110 se
1546 1052 1713 1122 ﬁdem
1740 1066 1841 1108 nec
1874 1050 1936 1103 in
1952 1048 2023 1103 Is-

427 1151 580 1205 raele
600 1147 901 1210 invenisse,
933 1145 1001 1200 ad
1029 1158 1189 1215 quem
1229 1157 1337 1197 non
1366 1142 1666 1213 pertinebat
1700 1138 1832 1194 ﬁdes
1848 1138 2026 1192 Israe-

428 1234 515 1291 lis.
547 1234 651 1290 Sed
682 1251 783 1291 nec
828 1232 1020 1289 exinde
1066 1231 1333 1302 pertinere
1359 1238 1591 1302 lpoterat
1636 1228 1812 1284 adhuc
1861 1224 2027 1281 cruda

428 1334 486 1379 ut
514 1324 840 1393 probaretur
884 1321 964 1380 vel
1003 1329 1429 1391 compararetur,
1469 1334 1538 1373 ne
1584 1316 1812 1373 dixerim
1850 1315 2027 1370 adhuc

428 1410 593 1467 nulla.
624 1410 727 1465 Sed
757 1424 855 1465 cur
882 1422 990 1464 non
1018 1407 1230 1465 licuerit
1272 1405 1349 1463 illi
1379 1406 1571 1462 alienae
1619 1404 1749 1461 ﬁdei
1778 1402 2026 1473 exemplo

429 1499 551 1559 uti?
599 1496 864 1565 Quoniam
918 1496 966 1551 si
1014 1494 1091 1551 ita
1136 1501 1300 1561 esset,
1352 1494 1580 1550 dixisset
1637 1493 1801 1548 talem
1866 1490 2029 1545 ﬁdem

429 1602 531 1644 nec
559 1586 613 1640 in
639 1585 838 1641 Israele
874 1602 1114 1656 unquam
1143 1584 1354 1652 fuisse;
1398 1591 1680 1647 caeterum,
1711 1581 1895 1636 dicens
1942 1587 2028 1634 ta-

428 1678 533 1733 lem
584 1675 747 1731 ﬁdem
794 1675 1045 1731 debuisse
1090 1673 1317 1729 inveniri
1363 1672 1413 1708 ²ο
1459 1671 1515 1724 in
1554 1669 1777 1735 Israele;
1827 1666 2030 1739 quique

426 1766 495 1821 ad
522 1767 627 1822 hoc
653 1764 910 1837 venisset,
944 1770 1004 1819 ut
1051 1777 1170 1816 eam
1216 1759 1503 1824 inveniret,
1542 1760 1686 1813 Deus
1732 1760 1940 1813 scilicet
1977 1762 2031 1811 et

428 1854 673 1910 Christus
714 1852 951 1916 Israelis,
990 1864 1156 1920 quam
1210 1864 1319 1903 non
1362 1848 1669 1922 sugilasset,
1717 1847 1818 1903 nisi
1867 1863 2023 1904 exac-

2128 602 2347 661 facilius
2374 603 2526 677 quasi
2563 602 2830 661 haesitavit
2865 604 2932 658 de
2960 616 3025 657 eo
3064 616 3224 671 quem
3255 616 3421 672 quum
3452 598 3586 654 sciat
3625 613 3713 653 es-

2129 706 2210 759 se,
2240 709 2311 748 an
2339 692 2454 763 ipse
2477 693 2566 758 sit,
2598 691 2829 747 nesciat.
2849 691 2963 746 Hoc
2989 688 3161 763 igitur
3190 696 3339 743 metu
3368 695 3423 743 et
3449 687 3675 742 Joannes
3699 702 3713 739 :

2136 782 2212 836 Tu
2245 800 2323 848 es,
2371 781 2564 853 inquit,
2593 783 2693 855 qui
2720 782 2896 845 uenis,
2927 796 3005 836 an
3033 780 3220 835 alium
3250 782 3639 850 exspectamus
3667 774 3713 812 ²³

2126 870 2360 941 (Matth.
2392 887 2475 939 x1,
2517 871 2621 943 3)?
2660 870 2979 941 simpliciter
3024 868 3326 941 inquirens,
3375 883 3445 921 an
3471 866 3591 937 ipse
3618 883 3711 924 ve-

2130 958 2298 1015 nisset
2324 976 2485 1031 quem
2517 959 2881 1031 exspectabat.
2923 961 2997 1014 Tu
3028 972 3083 1015 es
3118 958 3217 1030 qui
3256 958 3431 1022 venis,
3460 955 3513 1009 id
3545 965 3621 1013 est
3646 955 3714 1017 2".

2129 1048 2225 1119 qui
2277 1058 2530 1105 venturus
2566 1064 2646 1116 es,
2686 1066 2763 1105 an
2807 1050 2990 1104 alium
3032 1050 3467 1119 exspectamus?
3514 1044 3571 1099 id
3615 1052 3711 1109 est,

2131 1152 2199 1193 an
2254 1137 2392 1193 alius
2451 1148 2534 1194 est
2584 1154 2746 1207 quem
2812 1146 3204 1208 exspectamus,
3260 1135 3305 1191 si
3359 1149 3471 1191 non
3539 1141 3591 1190 tu
3656 1150 3717 1191 es

2131 1241 2290 1297 quem
2322 1236 2601 1282 venturum
2638 1226 3060 1297 exspectamus?
3111 1224 3371 1294 Sperabat
3414 1222 3575 1288 enim,
3612 1221 3716 1277 sic-

2134 1324 2193 1369 ut
2240 1329 2431 1371 omnes
2473 1314 2830 1385 opinabantur
2868 1330 2933 1370 ex
2981 1312 3331 1370 similitudine
3372 1311 3718 1369 documento-

2134 1419 2275 1467 rum,
2305 1403 2544 1475 potuisse
2581 1412 2633 1458 et
2669 1403 2992 1475 prephetam
3042 1401 3257 1457 interim
3306 1402 3531 1457 missum
3584 1415 3718 1467 esse,

2135 1506 2167 1544 a
2193 1506 2303 1563 quo
2330 1490 2471 1546 alius
2500 1502 2663 1556 esset,
2694 1490 2750 1545 id
2778 1499 2860 1547 est
2890 1491 3087 1560 major,
3119 1490 3236 1562 ipse
3286 1489 3491 1546 scilicet
3533 1488 3716 1545 Domi-

2136 1596 2257 1646 nus,
2291 1580 2385 1651 qui
2413 1588 2666 1637 venturus
2712 1580 3187 1651 exspectabantur.
3229 1582 3409 1650 Atque
3457 1579 3589 1634 adeo
3619 1580 3718 1635 hoc

2136 1678 2249 1725 erat
2274 1669 2495 1727 Joannis
2540 1669 2875 1735 scandalum,
2905 1670 3049 1741 quod
3099 1668 3378 1725 dubitabat
3407 1668 3587 1739 ipsum
3622 1684 3721 1726 ve-

2137 1758 2287 1813 nisse
2316 1775 2480 1828 quem
2518 1760 2922 1829 exspectabant,
2957 1774 3121 1830 quem
3149 1768 3204 1815 et
3253 1757 3551 1829 praedicatis
3592 1774 3719 1829 ope-

2138 1846 2435 1903 rationibus
2490 1848 2776 1918 agnovisse
2821 1847 3137 1914 debuerant,
3186 1855 3246 1905 ut
3302 1845 3583 1914 Dominus,
3632 1863 3722 1918 per
3816 1838 3825 1850 ’

430 1952 516 1999 tor
553 1950 607 1997 et
650 1949 882 1998 sectator
927 1941 1069 2009 ejus.
1107 1938 1353 1994 rEmulus
1408 1952 1535 1996 vero
1593 1937 1757 1993 etiam
1801 1937 2023 1994 maluiso
2053 1914 2098 1991 Β
2128 1938 2345 1991 easdem
2400 1935 2738 2008 Operationes
2807 1937 3210 2010 agnoscendum
3279 1954 3340 1993 se
3404 1936 3723 1993 nuntiaverit

431 2039 517 2087 set
562 2047 682 2087 eam
731 2029 892 2086 talem
939 2028 1234 2101 inventam,
1265 2028 1333 2083 ad
1366 2044 1525 2099 quam
1570 2027 1950 2083 inﬁrmandam
1978 2034 2034 2083 et

431 2120 819 2177 destruendam
847 2117 1023 2191 magis
1051 2127 1290 2186 venerat,
1316 2132 1425 2172 non
1455 2117 1524 2172 ad
1552 2117 2032 2187 comprehendam.

432 2209 794 2268 Resuscitavit
822 2217 874 2263 et
906 2215 1178 2263 mortuum
1227 2206 1401 2262 ﬁlium
1446 2206 1644 2270 viduae,
1676 2222 1787 2263 non
1835 2220 2033 2261 novum

433 2301 839 2357 documentum.
880 2297 994 2353 Hoc
1021 2307 1074 2352 et
1101 2297 1379 2366 prephetae
1420 2294 1691 2351 Creatoris
1727 2294 2033 2365 ediderant,

434 2395 634 2457 quanto
672 2385 850 2457 magis
895 2385 1111 2440 Filius?
1156 2384 1312 2439 Adeo
1351 2393 1534 2439 autem
1580 2384 1636 2437 in
1681 2383 1815 2438 illud
1860 2397 2036 2453 usque

434 2476 717 2543 momenti,
748 2474 959 2531 nullum
989 2473 1155 2528 alium
1190 2473 1451 2528 Dominus
1480 2471 1727 2528 Christus
1764 2472 2033 2534 intulerat,

436 2574 493 2622 ut
520 2580 713 2623 omnes
740 2563 850 2619 illic
875 2560 1050 2619 402
1082 2562 1323 2619 Creatori
1352 2561 1581 2635 gloriam
1618 2560 1899 2618 retulerim
1945 2559 2035 2615 di-

435 2662 619 2725 centes
641 2670 656 2707 :
682 2653 911 2724 Magnus
934 2651 1236 2723 prophetes
1257 2652 1471 2723 prodiit
1495 2653 1554 2706 in
1574 2649 1752 2716 nobis,
1774 2655 1828 2707 et
1844 2665 2036 2722 respe-

437 2744 529 2800 xit
560 2746 702 2800 Deus
719 2743 997 2815 populum
1026 2757 1218 2797 suum.
1268 2739 1402 2808 Quis
1438 2739 1584 2794 Deus
1602 2739 1630 2793 ε)
1659 2738 1853 2809 Utique
1882 2738 2037 2807 cujus

436 2832 694 2903 populus,
723 2841 778 2888 et
823 2846 855 2885 a
891 2845 999 2903 quo
1048 2831 1350 2900 prophetae.
1398 2826 1557 2897 Quod
1609 2828 1654 2883 si
1699 2828 1778 2883 illi
1821 2826 2039 2897 quidem

437 2925 753 2977 Creatorem
787 2919 1181 2993 gloriﬁcabant,
1222 2918 1472 2977 Christus
1496 2933 1623 2974 vero
1655 2928 1708 2975 et
1733 2918 1960 2974 audiens
1985 2921 2039 2973 et

436 3009 616 3067 sciens
645 3024 752 3065 non
778 3009 1103 3081 corrigebat,
1135 3020 1190 3063 et
1209 3007 1428 3079 quidem
1461 3008 1515 3061 in
1538 3016 1686 3063 tanto
1713 3008 2041 3063 documento

439 3098 641 3154 mortui
671 3098 975 3155 resuscitati
1002 3099 1313 3154 Creatorem
1343 3100 1523 3153 adhuc
1543 3105 1783 3168 orantes,
1803 3098 1919 3154 sine
1943 3098 2044 3153 du-

438 3188 529 3243 bio
559 3196 651 3243 aut
678 3204 785 3244 non
815 3187 979 3242 alium
1009 3188 1423 3243 circumferebat
1461 3188 1657 3254 Deum,
1685 3203 1849 3257 quam
1878 3202 2042 3256 quem

437 3280 492 3332 in
518 3276 635 3333 suis
661 3275 936 3333 beneﬁciis
963 3283 1123 3347 atque
1144 3275 1434 3331 virtutibus
1460 3274 1717 3331 honorari
1737 3274 2041 3330 sustinebat

437 3373 531 3422 aut
557 3367 717 3437 quale
738 3373 821 3421 est
848 3373 907 3420 ut
935 3364 1054 3419 illos
1089 3371 1199 3418 tam
1229 3363 1323 3417 diu
1352 3370 1594 3416 errantes
1632 3362 1942 3430 sustineret,
1968 3361 2036 3417 ad

438 3456 541 3512 hoc
567 3453 810 3518 veniens,
843 3462 905 3510 ut
933 3451 1104 3509 errori
1134 3466 1319 3506 eorum
1358 3450 1704 3505 mederetur?
1731 3449 1837 3506 Sed
1871 3466 2037 3507 scan-

436 3545 732 3601 dalizatur
752 3544 997 3600 Joannes
1028 3542 1139 3610 (66)
1153 3540 1363 3598 auditis
1391 3539 1698 3597 uirtutibus
1725 3539 1956 3607 Christi,
1977 3545 2038 3595 ut

436 3633 678 3687 alterius.
722 3631 795 3687 At
825 3645 930 3701 ego
980 3629 1243 3685 rationem
1267 3627 1509 3684 scandali
1553 3627 1702 3698 prius
1730 3629 2032 3701 espediam,

435 3736 547 3790 quo
575 3717 786 3773 facilius
823 3717 1060 3773 haeretici
1089 3716 1402 3773 scandalum
1440 3716 1746 3789 explodam.
1776 3718 1901 3787 Ipso
1924 3719 2037 3787 jam

438 3805 673 3863 Domino
700 3805 961 3863 virtutum
995 3804 1259 3860 Sermone
1289 3814 1343 3860 et
1368 3804 1571 3875 Spiritu
1616 3804 1758 3861 Patri
1804 3820 2037 3876 operan-

436 3894 578 3952 tein
607 3893 785 3965 terris,
815 3902 870 3948 et
917 3892 1259 3962 praedicante,
1305 3908 1529 3949 necesse
1570 3902 1684 3949 erat
1732 3894 2037 3964 portionem

439 3982 674 4055 Spiritus
700 3980 895 4048 sancti,
926 3996 1046 4053 quae
1074 3997 1140 4037 ex
1170 3980 1345 4037 forma
1393 3982 1692 4053 prephetici
1733 3985 1941 4040 moduli
1978 3984 2035 4039 in

435 4072 640 4128 Joanne
693 4077 879 4142 egerat
952 4079 1377 4141 praeparaturam
1448 4072 1655 4129 viarum
1727 4072 2035 4131 Dominica-

438 4178 559 4217 rum
586 4160 725 4232 (67),
774 4160 1061 4216 abscedere
1082 4162 1201 4229 jam
1246 4162 1315 4216 ab
1358 4160 1563 4219 Joanne
1610 4164 1883 4220 redactam
1928 4164 2035 4222 sci-

437 4254 567 4308 licet
592 4248 984 4318 inDominum,
1018 4260 1077 4305 ut
1101 4250 1160 4305 in
1208 4251 1489 4307 massalem
1539 4268 1700 4309 suam
1741 4270 2028 4310 summam.
2067 4227 2113 4305 Ι)

348 4332 355 4341 ’
437 4342 624 4412 Itaque
667 4341 905 4396 Joannes
953 4340 1259 4397 communis
1297 4342 1411 4411 jam
1454 4343 1639 4413 homo,
1665 4352 1717 4401 et
1763 4361 1904 4403 unus
1926 4348 2039 4416 jam

438 4431 506 4485 de
534 4430 581 4468 21
618 4430 792 4496 turba,
825 4428 1281 4485 scandalizabatur
1299 4430 1530 4502 quidem
1575 4449 1682 4505 qua
1727 4436 1907 4505 homo,
1942 4440 2038 4494 sed

437 4534 545 4575 non
592 4533 699 4590 qua
762 4517 927 4593 alium
980 4517 1252 4576 Christum
1310 4536 1534 4592 sperans
1582 4522 1660 4579 vel
1709 4523 2035 4602 intelligens,

437 4609 532 4680 qui
577 4624 755 4680 neque
794 4608 1046 4664 eumdem
1091 4607 1142 4646 ²²
1171 4618 1431 4681 speraret,
1472 4620 1531 4665 ut
1576 4610 1708 4667 nihil
1756 4616 1881 4673 novi
1932 4618 2036 4675 do-

438 4704 644 4753 centem
676 4694 765 4755 vel
810 4704 1143 4767 operantem.
1195 4697 1367 4753 Nemo
1408 4699 1673 4755 haesitabit
1715 4704 1781 4757 tle
1829 4706 2033 4780 aliquo,

437 4802 593 4858 quem
625 4784 753 4840 dum
792 4786 892 4839 scit
929 4799 1038 4840 non
1065 4800 1206 4853 esse,
1234 4802 1333 4842 nec
1365 4795 1560 4858 sperat,
1615 4805 1714 4847 nec
1757 4792 2035 4870 intelligit.

436 4876 670 4933 Joannes
698 4881 878 4929 autem
925 4881 1102 4930 certus
1144 4882 1257 4931 erat
1300 4876 1575 4935 neminem
1622 4880 1798 4938 Deum
1840 4893 2035 4956 praeter

2135 2026 2346 2083 Joanni.
2393 2025 2528 2096 Quae
2578 2043 2701 2084 cum
2749 2035 2964 2083 constet
3012 2028 3301 2097 praedicata
3356 2027 3413 2082 in
3462 2026 3724 2083 Christum

2140 2114 2422 2181 Creatoris,
2453 2114 2593 2172 sicut
2637 2116 2707 2171 ad
2752 2114 2968 2188 singula
3011 2118 3366 2183 ostendimus,
3418 2117 3547 2172 satis
3610 2130 3726 2185 per-

2141 2220 2375 2273 versum,
2406 2211 2466 2260 ut
2512 2204 2758 2262 Christus
2788 2205 2837 2243 ²⁵
2884 2220 2994 2262 non
3049 2206 3319 2263 Creatoris
3358 2222 3452 2279 per
3492 2222 3558 2263 ea
3592 2205 3640 2244 ²⁶
3666 2220 3725 2262 se

2141 2293 2465 2349 renuntiarit
2513 2293 2946 2365 intelligendum,
3006 2311 3102 2366 per
3157 2312 3281 2367 quae
3336 2295 3509 2369 magis
3567 2295 3726 2352 Chri-

2140 2394 2285 2439 stum
2333 2381 2506 2440 403
2557 2384 2825 2441 Creatoris
2870 2385 3095 2455 agnosci
3145 2385 3521 2457 compellebat.
3566 2385 3727 2441 Multo

2140 2474 2465 2545 perversius,
2551 2472 2598 2527 si
2655 2483 2710 2529 et
2776 2474 3137 2531 testimonium
3218 2472 3417 2529 Joanni
3489 2473 3729 2544 perhibet

2140 2577 2246 2617 non
2290 2561 2513 2618 Joannis
2566 2561 2830 2631 Christus,
2878 2563 3176 2633 propheten
3207 2578 3334 2619 eum
3379 2560 3725 2629 conﬁrmans,

2142 2652 2253 2707 imo
2297 2658 2352 2707 et
2397 2667 2582 2723 supra,
2631 2659 2693 2707 ut
2745 2651 3018 2724 angelum,
3074 2651 3335 2725 ingerens
3387 2653 3547 2708 etiam
3602 2651 3734 2708 scri-

2144 2748 2296 2811 ptum
2325 2756 2484 2812 super
2510 2740 2605 2796 illo
2648 2757 2663 2799 :
2712 2742 2848 2799 Ecce
2884 2756 2982 2813 ego
3013 2742 3182 2798 mitto
3229 2742 3495 2813 angelum
3542 2757 3731 2798 nicum

2142 2833 2280 2886 ante
2309 2831 2519 2900 faciem
2539 2834 2720 2899 tuam,
2735 2832 2833 2902 qui
2848 2830 3199 2902 prwparabit
3218 2832 3370 2889 viam
3392 2838 3552 2888 tuam
3571 2828 3736 2902 (Ibid,

2149 2921 2279 2988 ‘10);
2346 2920 2621 2991 eleganter
2683 2920 2752 2973 ad
2805 2918 3139 2988 superiorem
3195 2935 3413 2976 sensum
3462 2917 3741 2976 scandali-

2146 3010 2249 3066 zati
2294 3008 2517 3065 Joannis
2574 3022 3002 3066 commemorans
3057 3009 3415 3081 prephetiam,
3476 3016 3560 3077 ut,
3597 3022 3737 3063 con-

2146 3101 2365 3156 ﬁrmans
2448 3112 2839 3169 praecursorem
2893 3098 3158 3155 Joannem
3239 3099 3351 3167 jam
3424 3098 3737 3168 advenisse,

2144 3188 2513 3258 exstingueret
2547 3187 2859 3259 scrupulum
2886 3185 3323 3260 interrogationis
3359 3185 3523 3251 illius,
3573 3188 3647 3243 Tu
3686 3202 3739 3243 es

2144 3279 2244 3349 qui
2268 3277 2527 3343 venis,an
2542 3277 2725 3332 alium
2755 3276 3191 3348 exspectamus?
3220 3277 3563 3332 Praecursore
3592 3275 3738 3332 enim

2137 3367 2250 3436 jam
2281 3365 2464 3421 functo
2492 3364 2694 3434 ofﬁcio,
2727 3373 3028 3437 praeparata
3054 3367 3141 3421 via
3190 3365 3425 3435 Domini,
3456 3365 3575 3436 ipse
3620 3373 3739 3420 erat

2144 3455 2553 3528 intelligendus,
2607 3455 2694 3512 cui
2744 3470 3046 3525 praecursor
3083 3455 3509 3523 ministraverat,
3560 3454 3743 3527 Major

2144 3545 2366 3616 quidem
2382 3546 2426 3584 27
2447 3546 2707 3603 omnibus
2725 3546 2885 3602 natis
2906 3546 3222 3603 mulierum
3235 3545 3331 3602 sed
3351 3560 3462 3601 non
3475 3544 3601 3600 ideo
3622 3544 3744 3601 sub-
3792 3556 3801 3569 '

2141 3636 2283 3715 jecto
2312 3632 2383 3703 ei,
2415 3637 2515 3706 qui
2542 3636 2732 3690 minor
2759 3636 2939 3705 fuerit
2976 3636 3041 3690 in
3068 3650 3238 3710 regno
3275 3634 3376 3691 Dei
3402 3632 3565 3705 (Ibid.
3608 3635 3703 3703 H)
3729 3652 3741 3701 ;

2146 3721 2301 3793 quasi
2330 3722 2557 3793 alterius
2601 3722 2673 3778 sit
2706 3722 2809 3780 Dei
2837 3738 3094 3795 regnum,
3122 3722 3180 3777 in
3206 3738 3315 3795 quo
3342 3722 3589 3778 modicus
3619 3722 3745 3793 quis

2145 3811 2319 3880 major
2344 3810 2447 3867 erit
2489 3813 2737 3880 Joanne;
2770 3812 2993 3867 alterius
3041 3812 3299 3877 Joannes,
3348 3811 3441 3883 qui
3481 3812 3747 3868 omnibus

2146 3900 2288 3956 natis
2316 3899 2603 3955 mulierum
2638 3901 2813 3970 major
2856 3900 2947 3961 sit.
2976 3901 3102 3959 Sive
3128 3900 3268 3957 enim
3300 3899 3368 3957 de
3414 3914 3748 3974 quocunque

2148 3988 2279 4046 dicit
2307 3989 2523 4045 modico
2570 4006 2670 4061 per
2726 3990 3100 4062 humilitatem,
3148 3988 3261 4048 sive
3305 3989 3376 4047 de
3422 3990 3746 4061 semetipso.

2141 4078 2271 4151 quia
2297 4079 2474 4136 minor
2518 4080 2720 4136 Joanne
2767 4079 3081 4147 habebatur,
3130 4079 3384 4136 omnibus
3431 4079 3645 4137 scilicet
3690 4082 3748 4136 in

2142 4168 2486 4225 solitudinem
2516 4168 2958 4224 concurrentibus
2987 4169 3055 4223 ad
3081 4169 3346 4225 Joannem
3367 4168 3551 4240 potius
3577 4186 3747 4241 quam

2146 4260 2212 4315 ad
2261 4257 2551 4313 Christum.
2607 4256 2750 4326 Quid
2795 4259 2971 4315 exitis
2998 4258 3187 4316 videre
3223 4261 3286 4314 in
3315 4257 3692 4316 solitudinem
3724 4258 3752 4313 ?

2150 4348 2479 4406 tantumdem
2528 4356 2580 4404 et
2628 4348 2868 4405 Creatori
2925 4348 3208 4420 competit,
3238 4357 3294 4404 et
3338 4348 3604 4404 Joannem
3656 4346 3752 4420 ip-

2147 4439 2256 4494 sius
2308 4454 2429 4495 esse
2484 4437 2747 4507 majorem
2786 4436 2925 4493 natis
2982 4438 3290 4508 mulierum,
3351 4441 3407 4493 et
3463 4436 3754 4495 Christum

2143 4526 2230 4584 vel
2257 4541 2524 4601 quemque
2569 4526 2861 4597 modicum,
2913 4524 3009 4598 qui
3055 4527 3229 4597 major
3271 4526 3477 4583 Joanne
3527 4524 3755 4582 futurus

2146 4616 2214 4673 sit
2245 4616 2300 4671 in
2331 4629 2501 4687 regno
2530 4628 2683 4685 aeque
2702 4624 2707 4631 ‘
2729 4613 3022 4684 Creatoris,
3061 4624 3114 4669 et
3159 4614 3251 4687 qui
3281 4614 3348 4670 sit
3390 4613 3567 4683 major
3596 4623 3758 4673 tanto

2144 4705 2423 4777 propheta,
2456 4702 2549 4773 qui
2578 4716 2684 4757 non
2730 4702 2890 4757 fuerit
2928 4702 3318 4758 scandalizatus
3347 4701 3400 4757 in
3432 4701 3750 4768 Christum,

2143 4793 2288 4868 quod
2335 4799 2461 4847 tunc
2497 4790 2757 4847 Joannem
2809 4791 3025 4848 minuit.
3084 4790 3329 4847 Diximus
3386 4791 3456 4846 de
3516 4792 3761 4847 remissa

2144 4891 2490 4957 peccatorum
2538 4881 2673 4954 (68).
2726 4880 2876 4939 Illius
2920 4892 3100 4939 autem
3165 4880 3478 4953 peccatricis
3523 4880 3761 4938 feminae

1819 4983 2011 5049 Variae
2043 4990 2354 5050 lectiones.

509 5075 1031 5159 ῗθξρνερίτεξςςεζηις
1063 5078 1109 5159 ῗί
1141 5078 1259 5159 lam
1289 5081 1733 5159 omitt:_Qbe1'th.
1766 5086 1815 5124 ²²
1844 5088 2000 5147 Unde
2030 5092 2248 5149 Pamel.
2278 5089 2328 5127 ²³
2356 5088 2647 5159 Speramus
2678 5088 2847 5145 Seml.
2883 5085 3104 5159 Oberth.
3137 5085 3185 5125 ³*
3212 5086 3313 5144 Vel
3351 5084 3444 5156 qui
3472 5092 3761 5159 venturus

439 5156 544 5231 est.
567 5148 785 5232 Oberlin.
818 5147 879 5232 3'5.
897 5147 1171 5232 Christum
1211 5153 1424 5213 Pamel.
1457 5153 1507 5192 2⁸
1534 5157 1634 5212 Per
1663 5172 1757 5214 eas
1787 5147 2106 5221 renuntiarit
2127 5162 2295 5221 Seml.
2329 5147 2422 5232 per
2453 5175 2517 5216 ea
2543 5167 2757 5217 renunt.
2787 5161 2998 5217 Pamel.
3019 5158 3066 5199 ²τ
3090 5159 3293 5231 Majore
3322 5147 3538 5217 Pamel.
3564 5159 3759 5214 Fran.

440 5220 637 5291 majori
675 5222 794 5305 Big.
839 5219 1022 5278 Venet.

1850 5302 2353 5370 Commentarios.

509 5400 625 5471 (66)
675 5397 776 5457 Sed
804 5397 1239 5471 scandalizatur
1283 5402 1543 5471 Joannes,
1591 5411 1695 5460 etc.
1732 5407 1791 5460 ld
1830 5407 2033 5466 dictum

437 5470 529 5553 est
549 5488 615 5553 ex
639 5472 871 5553 absurda
902 5470 1521 5553 Marcionis_§ententiaL
1523 5476 1666 5545 quod
1703 5478 1915 5535 discere
1942 5496 2037 5553 po-

437 5551 521 5599 tes
559 5545 626 5598 ab
656 5542 983 5613 Epiphanio,
1016 5539 1140 5596 adv.
1175 5540 1345 5600 Marc.
1375 5544 1454 5600 Ls
1484 5539 1585 5601 Pri.

509 5617 622 5697 (6'7)
642 5616 1105 5697 Rrwpqrﬁuram
1118 5614 1347 5697 piarum
1356 5616 1805 5697 Dominicarum.
1820 5624 2043 5697 Prwpa.

438 5690 654 5753 ratum,
677 5683 853 5757 inquit
882 5685 1075 5757 Ιζὴεμη
1099 5683 1252 5757 dixit,
1274 5702 1373 5759 pro
1398 5693 1823 5762 praeparatione
1852 5702 1909 5752 ut
1930 5683 2038 5767 pa-

2142 5415 2408 5468 raturam
2435 5423 2601 5479 saepe.
2632 5409 2726 5463 Est
2752 5423 2877 5465 vero
2906 5409 3067 5464 etiam
3096 5407 3311 5479 phrasis
3329 5406 3765 5479 Tertulliania,

2143 5482 2469 5547 massalem,
2497 5478 2801 5545 summam,
2824 5479 2879 5534 id
2910 5489 2994 5535 est
3021 5478 3308 5553 integram,
3338 5493 3471 5537 voce
3498 5478 3779 5534 derivata

2148 5570 2179 5608 a
2205 5570 2413 5610 massa.
2464 5554 2601 5609 Pw.

2218 5626 2334 5695 (68)
2372 5626 2634 5680 Diximus
2671 5625 2736 5680 de
2758 5626 3401 5695 remissapeecatorum.
3432 5620 3781 5695 Bemissam

2147 5693 2245 5770 pro
2294 5693 2638 5768 remissione,
2667 5705 2725 5752 ut
2765 5694 2821 5752 S.
2854 5693 3154 5768 Cyprianus
3180 5694 3274 5753 lib.
3305 5693 3371 5751 de
3413 5694 3567 5753 Bono
3621 5696 3785 5765 pot-

3868 5422 3921 5437 ,—
