3980 6144
283 325 384 384 433

279 458 663 525 argumentum
719 465 785 506 eo
823 450 1136 522 pertinebit,
1171 459 1235 508 ιιι
1280 467 1402 510 cum
1456 453 1622 526 pedes
1670 454 1891 513 Domini

279 533 482 598 osculis
522 539 729 614 ﬁgeret,
775 540 1026 612 lacrymis
1073 541 1376 609 inundaret,
1418 543 1662 601 crinibus
1697 546 1882 602 deter-

280 639 453 705 geret,
476 635 759 701 unguento
778 629 1118 702 perduceret,
1135 630 1293 687 solidi
1314 632 1559 704 corporis
1576 633 1878 703 veritatem,

280 736 386 778 non
429 719 752 791 phantasma
781 718 941 775 inane
985 721 1318 777 tractaverit.
1355 722 1423 778 Et
1468 731 1530 779 ut
1572 723 1884 794 peccatricis

277 809 596 884 pcenitentia
646 807 943 865 secundum
989 808 1297 867 Creatorem
1363 811 1626 869 meruerit
1671 813 1881 868 veniam

277 911 600 972 praeponere
647 895 868 951 solitum
916 896 1199 953 sacriﬁcio.
1235 895 1338 953 Sed
1388 906 1441 953 et
1477 897 1526 953 si
1554 899 1883 970 poenitentiae

275 987 528 1043 stimulus
578 1001 644 1041 ex
714 983 822 1042 ﬁde
889 985 1174 1054 acciderat,
1229 1001 1331 1056 per
1394 986 1766 1058 paenitentiam
1813 1003 1880 1044 ex

275 1076 381 1132 ﬁde
405 1073 785 1148 justiﬁcatam,
807 1075 875 1130 ab
907 1089 974 1129 eo
1003 1075 1172 1130 audiit
1206 1092 1221 1128 :
1253 1075 1409 1132 Fides
1439 1079 1543 1133 tua
1573 1081 1628 1133 te
1665 1078 1884 1133 salvam

271 1168 408 1238 fecit
435 1165 664 1237 (Matth.
696 1162 899 1235 11,22)
939 1181 952 1217 :
986 1163 1081 1235 qui
1111 1179 1209 1235 per
1246 1163 1498 1221 Habacuc
1527 1165 1609 1235 (ιι,
1655 1166 1710 1236 Δ)
1749 1181 1880 1238 pro-

272 1256 548 1310 nuntiarat
576 1271 588 1311 :
615 1255 814 1310 Justus
843 1267 916 1308 ex
941 1253 1052 1322 ﬁde
1081 1269 1187 1309 sua
1215 1254 1365 1310 vivet
1393 1253 1462 1308 ³⁸.

857 1395 1087 1455 CAPUT
1137 1397 1295 1454 XIX.

333 1520 497 1590 Quod
520 1521 723 1578 diuites
747 1520 968 1578 Christo
987 1520 1256 1579 mulieres
1279 1521 1660 1590 adhaerebant,
1688 1539 1816 1596 quae
1830 1529 1884 1582 et

264 1616 327 1671 de
356 1611 743 1685 facultatibus
774 1612 891 1667 suis
920 1611 1330 1669 ministrabant
1361 1613 1437 1679 ei,
1469 1613 1627 1670 inter
1655 1628 1794 1684 quas
1827 1619 1884 1671 et

267 1722 418 1762 uxor
449 1703 604 1775 regis
620 1703 1012 1775 procuratoris
1033 1703 1186 1774 (Luc.
1211 1701 1362 1773 ιιιιι),Δ
1379 1702 1448 1757 de
1475 1703 1759 1774 prophetia
1779 1712 1875 1759 est.

268 1755 397 1762 πη-.
454 1755 595 1775 ,τη
620 1755 672 1775 τί
700 1755 742 1758 ,ἡ
968 1755 1003 1758 κ-
1386 1755 1442 1757 ν-
1478 1755 1758 1774 τητημ-

265 1797 374 1852 Has
404 1793 552 1848 enim
584 1791 811 1848 vocabat
838 1806 934 1861 per
974 1790 1167 1846 Isaiam
1199 1792 1406 1862 (χχχιι,
1441 1791 1499 1863 9)
1557 1809 1572 1847 :
1627 1793 1881 1851 Mulieres
1911 1755 1958 1834 Β

277 1886 476 1939 divites
496 1882 806 1952 exsurgite,
831 1884 888 1936 et
910 1880 1108 1937 audite
1127 1895 1315 1938 vocem
1332 1895 1519 1936 meam
1538 1888 1634 1948 ;ut
1651 1880 1888 1952 discipu-

281 1975 365 2029 las
400 1971 586 2042 primo,
617 1970 815 2026 dehinc
842 1979 902 2025 ut
949 1970 1226 2041 operarius
1273 1977 1329 2025 et
1377 1969 1652 2026 ministras
1696 1979 1882 2028 osten-

279 2063 434 2138 dere}
481 2079 494 2114 :
543 2059 726 2127 Filiae,
778 2060 838 2114 in
874 2075 968 2132 spe
1006 2059 1204 2116 audite
1240 2074 1524 2116 sermones
1554 2075 1722 2117 meos.
1754 2058 1885 2117 Dies

268 2150 396 2206 anni
457 2156 784 2206 mementote
829 2164 948 2204 cum
1002 2148 1190 2204 labore
1234 2147 1287 2202 in
1348 2162 1463 2218 spe.
1510 2147 1648 2204 Cum
1697 2148 1882 2205 labore

265 2241 416 2296 enim
458 2254 572 2311 quo
607 2238 993 2310 sequebantur,
1047 2243 1102 2293 et
1153 2240 1223 2294 ob
1260 2251 1434 2310 spem,
1483 2236 1879 2294 ministrabant.

259 2329 443 2401 Eque
489 2328 560 2384 de
607 2326 875 2399 parabolis
916 2327 1082 2383 semel
1137 2325 1371 2382 sufﬁciat
1417 2326 1726 2399 probatum,
1775 2327 1882 2383 hoc

261 2433 441 2492 genus
471 2415 676 2487 eloquii
721 2432 752 2470 a
795 2415 1053 2472 Creatore
1102 2416 1450 2487 promissum.
1485 2415 1555 2470 At
1591 2430 1737 2471 nunc
1793 2414 1881 2470 illa

261 2521 488 2579 quoque
509 2503 876 2577 pronuntiatio
905 2505 1026 2575 ejus
1063 2504 1128 2558 ad
1159 2503 1421 2576 populum
1447 2504 1580 2575 (Isa.
1611 2519 1691 2568 vr,
1729 2504 1820 2575 10)
1862 2520 1876 2558 :

264 2597 421 2653 Aure
456 2593 725 2659 audietis,
762 2591 930 2649 404
954 2597 1011 2650 et
1036 2608 1152 2650 non
1181 2592 1460 2657 audietis;
1493 2591 1639 2646 dedit
1667 2590 1881 2648 Christo

263 2685 584 2758 frequenter
620 2682 891 2740 inculcare
923 2701 937 2737 :
967 2683 1078 2751 Qui
1107 2680 1270 2740 habet
1301 2697 1492 2753 aures,
1516 2682 1739 2738 audiat.
1761 2683 1882 2738 Non

267 2774 426 2848 quasi
476 2791 545 2830 ex
591 2773 900 2829 diversitate
937 2772 1177 2827 auditum
1227 2770 1562 2844 permitteret
1607 2769 1880 2835 Christus,

265 2881 438 2941 quem
486 2862 777 2920 ademisset
823 2862 1044 2918 Creator
1102 2882 1114 2919 :
1175 2861 1275 2916 sed
1323 2858 1450 2932 quia
1503 2859 1884 2916 comminatio-

272 2970 398 3010 nem
432 2951 738 3010 exhortatio
768 2952 1091 3024 sequebatur
1122 2967 1135 3004 :
1177 2949 1374 3022 primo,
1415 2963 1555 3005 aure
1604 2948 1884 3012 audietis;

268 3042 493 3108 dehinc,
534 3043 636 3116 qui
679 3041 841 3099 habet
879 3057 1068 3109 aures,
1101 3039 1322 3097 audiat.
1361 3039 1481 3093 Non
1509 3036 1649 3092 enim
1693 3035 1882 3092 audie-

1480 327 1610 388 LlB.
1655 326 1720 386 IV
1764 327 1915 388 ΜΝ.
1959 327 2361 393 MARCIONEM.

3482 338 3586 400 434

1917 473 1964 552 Α
1992 459 2118 552 ejus
2143 459 2242 517 Dei
2261 457 2356 533 qui
2376 461 2553 518 nescit
2571 461 2911 552 comminari,
2937 463 3064 536 quia
3087 476 3200 522 non
3230 464 3378 523 novit
3399 463 3583 524 irasci.

1991 547 2156 604 Miror
2179 554 2359 605 autem
2400 564 2521 605 cum
2576 550 2853 608 lucernam
2889 558 3049 624 negat
3091 553 3350 610 abscondi
3390 556 3586 625 solere,

1991 635 2086 708 qui
2113 651 2172 693 se
2199 642 2347 694 tanto
2366 639 2571 695 saeculo
2595 639 2944 696 absconderat
2972 640 3146 710 majus
3173 648 3229 696 et
3253 644 3590 700 necessarius

1989 724 2191 792 lumen,
2229 741 2354 784 cum
2383 726 2566 783 omnia
2594 728 2664 784 de
2693 729 2904 786 occulto
2932 728 2986 783 in
3015 735 3265 800 apertum
3293 733 3588 803 repromit—

1992 813 2070 880 tit,
2121 816 2216 888 qui
2261 816 2436 872 Deum
2491 831 2649 872 suum
2701 833 2874 889 usque
2911 817 3090 874 adhuc
3141 820 3443 888 obumbrat,
3503 838 3591 878 ex-

1987 913 2258 975 spectans,
2309 905 2526 976 opinor,
2599 907 2748 962 nasci
2801 905 3150 963 Marcionem.
3207 908 3470 967 Venimus
3521 911 3588 966 ad

1989 993 2488 1050 constantissimum
2533 1003 2912 1068 argumentum
2957 995 3197 1052 omnium
3235 997 3328 1068 qui
3370 999 3592 1054 Domini

1990 1082 2320 1138 nativitatem
2368 1082 2424 1138 in
2479 1083 2906 1140 controversiam
2963 1083 3239 1141 deferunt.
3301 1087 3440 1157 Ipse,
3499 1086 3588 1142 in-

1989 1171 2197 1242 quiunt,
2221 1179 2551 1228 contestatur
2581 1189 2640 1229 se
2660 1189 2768 1230 non
2789 1189 2912 1229 esse
2933 1177 3146 1243 natum,
3165 1175 3397 1233 dicendo
3420 1193 3435 1231 :
3465 1179 3596 1247 Qua:

1990 1260 2135 1316 mihi
2160 1265 2364 1326 mater,
2397 1265 2450 1319 et
2467 1265 2566 1334 qui
2593 1264 2737 1319 mihi
2755 1265 2968 1334 fratres
2986 1262 3016 1317 Ρ
3045 1265 3125 1318 Ita
3145 1281 3361 1333 semper
3379 1265 3596 1322 haereti-

1991 1350 2060 1417 ci,
2092 1360 2187 1407 aut
2210 1351 2385 1407 nudas
2412 1361 2466 1407 et
2494 1351 2766 1424 simplices
2792 1367 2957 1410 voces
3001 1353 3330 1424 conjecturis
3366 1369 3474 1426 quo
3503 1369 3598 1410 vo-

1991 1439 2110 1494 lunt
2139 1439 2356 1512 rapiunt
2381 1456 2397 1508 ;
2428 1449 2523 1497 aut
2552 1457 2736 1496 rursus
2781 1440 3170 1499 conditionales
3198 1451 3248 1499 et
3276 1444 3590 1509 rationales,

1994 1529 2353 1600 simplicitatis
2372 1531 2682 1587 conditione
2708 1530 3014 1588 dissolvunt
3033 1539 3091 1587 ut
3113 1531 3217 1587 hoc
3235 1531 3290 1586 in
3313 1531 3450 1588 loco.
3477 1533 3593 1588 Nos

1991 1617 2260 1675 contrario
2298 1617 2530 1673 dicimus
2561 1633 2574 1672 :
2608 1619 2804 1689 primo,
2834 1634 2945 1676 non
2992 1619 3239 1691 potuisse
3270 1619 3352 1674 illi
3373 1625 3592 1676 ’annun-

1989 1707 2130 1773 tiari,
2173 1706 2316 1778 quod
2347 1713 2519 1761 mater
2547 1715 2600 1762 et
2641 1706 2841 1762 fratres
2885 1708 3007 1778 ejus
3049 1707 3183 1764 foris
3212 1715 3413 1764 starent
3441 1725 3593 1778 quae-

1989 1803 2173 1853 rentes
2219 1795 2402 1853 videre
2455 1810 2599 1863 eum,
2643 1794 2687 1849 si
2733 1795 2878 1850 nulla
2935 1795 3014 1850 illi
3071 1804 3244 1852 mater
3297 1804 3352 1852 et
3403 1798 3596 1854 fratres

1993 1886 2124 1941 nulli
2173 1884 2416 1953 fuissent,
2476 1899 2616 1956 quos
2653 1883 2839 1956 utique
2881 1891 3037 1940 norat
3089 1886 3178 1956 qui
3228 1884 3594 1954 adnuntiaret,

1992 1975 2074 2030 vel
2110 1973 2260 2030 'retro
2302 1980 2459 2029 notos
2492 1989 2507 2026 :
2538 1973 2626 2030 vel
2681 1978 2810 2029 tunc
2856 1971 3060 2028 ibidem
3099 1979 3425 2044 compertos,
3464 1973 3595 2030 dum

1993 2079 2117 2120 eum
2145 2061 2330 2118 videre
2372 2061 2698 2133 desiderant,
2727 2061 2815 2117 vel
2845 2061 2973 2118 dum
3023 2061 3125 2134 ipsi
3157 2063 3400 2117 nuntium
3431 2077 3590 2118 man-

1989 2152 2135 2207 dant.
2168 2150 2252 2206 Ad
2283 2151 2422 2206 hanc
2467 2151 2693 2222 primam
2730 2149 3161 2222 prepositionem
3207 2158 3448 2208 nostram
3501 2166 3592 2210 so-

1989 2238 2062 2295 let
2115 2254 2181 2294 ex
2227 2237 2443 2293 diverso
2491 2238 2812 2310 responderi
2845 2255 2858 2292 :
2891 2237 3034 2308 Quid
3077 2237 3225 2294 enim
3273 2237 3319 2292 si
3350 2238 3590 2294 tentandi

1989 2328 2162 2402 gratia
2213 2327 2513 2382 nuntiatum
2561 2333 2646 2383 est
2689 2328 2788 2382 ei?
2843 2326 2947 2382 Sed
3006 2327 3110 2383 hoc
3163 2325 3440 2400 Scriptura
3480 2341 3590 2383 non

1987 2419 2137 2487 dicit,
2197 2433 2320 2490 quae
2366 2425 2569 2489 quanto
2629 2415 2935 2493 signiﬁcare
2989 2415 3129 2472 solet
3178 2431 3243 2471 ex
3301 2416 3590 2474 tentatione

1987 2507 2114 2580 quid
2161 2507 2360 2564 factum
2405 2508 2555 2574 (Luc.
2588 2505 2651 2575 x)
2686 2521 2699 2562 :
2732 2507 2870 2563 Ecce
2901 2505 3034 2576 legis
3071 2506 3266 2562 doctor
3292 2505 3589 2563 assurexit

1991 2601 2218 2654 tentans
2247 2612 2417 2663 eum;
2449 2603 2504 2650 et
2532 2595 2599 2650 de
2620 2594 2808 2650 tributi
2837 2593 3228 2649 consultatione
3259 2613 3273 2651 :
3308 2597 3381 2650 Et
3411 2610 3591 2653 acces-

1988 2691 2184 2745 serunt
2206 2686 2280 2741 ad
2306 2701 2434 2742 eum
2473 2684 2749 2740 Pharisaei
2769 2687 3058 2740 tentantes
3089 2700 3219 2740 eum
3249 2684 3401 2752 (Luc.
3434 2685 3538 2752 xx)
3571 2701 3585 2746 ;

1992 2783 2138 2832 tanto
2166 2774 2258 2830 ubi
2288 2791 2400 2830 non
2458 2774 2583 2830 facit
2622 2771 2929 2830 tentationis
2979 2771 3304 2827 mentionem
3350 2787 3458 2827 non
3489 2775 3586 2827 ad-

1993 2866 2154 2921 mittit
2209 2863 2520 2921 tentationis
2573 2862 3090 2933 interpretationem.
3163 2861 3233 2916 Et
3287 2866 3465 2915 tamen
3520 2877 3585 2917 ex

1993 2953 2290 3009 abundanti
2352 2967 2576 3008 caussas
2641 2950 2950 3007 tentationis
3003 2949 3305 3022 expostulo,
3364 2949 3451 3006 cui
3511 2952 3584 3005 rei

1995 3040 2316 3097 tentaverint
2358 3041 2531 3108 illum,
2593 3056 2688 3110 per
2734 3039 3154 3096 nominationem
3186 3036 3362 3095 405
3397 3040 3585 3095 matris

270 3136 400 3188 bant
454 3131 627 3199 ultro,
686 3130 776 3205 qui
830 3146 989 3188 aures
1040 3129 1351 3199 habebant;
1410 3127 1510 3183 sed
1567 3125 1883 3225 ostendebat
1913 3145 1957 3225 ε
1985 3138 2039 3187 et
2078 3130 2324 3186 fratrum.
2374 3129 2428 3183 Si
2488 3135 2548 3183 ut
2594 3128 2794 3184 scirent
2838 3136 3066 3184 natusue
3105 3134 3270 3198 esset,
3320 3144 3388 3183 an
3435 3142 3580 3189 non;

268 3238 438 3279 aures
495 3219 681 3278 cordis
736 3219 1092 3286 necessarias,
1161 3218 1364 3292 quibus
1413 3216 1538 3272 illos
1595 3214 1877 3272 audituros

263 3317 499 3385 negarat
538 3309 777 3366 Creator.
816 3309 882 3364 Et
919 3309 1039 3364 ideo
1068 3323 1166 3380 per
1200 3305 1471 3364 Christum
1509 3303 1694 3374 adjicit
1730 3321 1742 3362 :
1785 3305 1878 3360 Vi-

260 3403 394 3459 dete
425 3399 706 3474 quomodo
743 3399 1017 3466 audiatis,
1049 3402 1104 3456 et
1125 3413 1238 3456 non
1258 3396 1545 3465 audiatis;
1576 3408 1682 3450 non
1712 3393 1878 3448 corde

261 3490 481 3548 scilicet
536 3488 836 3556 audientes,
896 3488 992 3542 sed
1059 3503 1209 3546 aure.
1261 3486 1317 3541 Si
1374 3485 1599 3560 dignum
1660 3498 1878 3539 sensum

261 3576 703 3653 pronuntiationi
747 3577 1126 3632 accommodes
1167 3591 1263 3646 pro
1312 3589 1472 3630 sensu
1504 3573 1625 3642 ejus
1654 3571 1746 3644 qui
1775 3587 1878 3626 au-

262 3670 401 3725 ditui
433 3666 749 3736 suscitabat,
781 3667 942 3722 etiam
971 3665 1220 3732 dicendo,
1255 3665 1436 3724 Videte
1468 3661 1733 3737 quomodo
1772 3678 1881 3718 au-

264 3759 470 3822 diatis,
523 3770 633 3812 non
689 3755 954 3811 audituris
1001 3754 1326 3813 minabatur.
1381 3754 1521 3809 Sane
1573 3751 1884 3808 nominatur

268 3848 599 3904 mitissimus
626 3847 791 3916 Deus,
829 3845 955 3918 quia
1009 3860 1110 3900 nec
1160 3844 1391 3913 judicat,
1446 3858 1546 3899 nec
1612 3841 1881 3898 irascitur.

269 3937 386 3993 Hoc
419 3935 618 4008 probat
645 3933 806 3990 etiam
836 3933 1123 4002 subjacens
1159 3946 1352 3988 sensus
1383 3950 1396 3988 :
1449 3933 1515 3989 Ei
1553 3933 1649 4006 qui
1699 3931 1882 4000 habet,

269 4027 514 4084 dabitur
536 4046 555 4093 ;
576 4024 643 4081 ab
664 4040 726 4080 eo
746 4029 946 4081 autem
967 4023 1068 4096 qui
1087 4039 1201 4080 non
1228 4023 1408 4092 habet,
1432 4024 1608 4078 etiam
1627 4020 1889 4093 quod/ta-

270 4119 402 4175 bere
439 4133 498 4174 se
525 4119 696 4188 putat
731 4117 1033 4186 auferetur
1065 4116 1135 4172 ei.
1187 4113 1327 4183 Quid
1365 4111 1618 4168 dabitur?
1647 4111 1888 4180 Adjectio

274 4206 426 4270 ﬁdei,
459 4206 543 4260 vel
577 4203 910 4270 intellectus,
942 4204 1026 4260 vel
1052 4204 1202 4260 salus
1234 4203 1371 4274 ipsa.
1403 4200 1542 4272 Quid
1575 4198 1888 4256 auferetur?

279 4298 479 4368 Utique
506 4297 653 4369 quod
707 4295 942 4352 dabitur.
985 4297 1034 4350 A
1081 4309 1193 4365 quo
1223 4293 1464 4363 dabitur,
1489 4300 1544 4347 et
1571 4291 1883 4348 auferetur?

278 4387 338 4439 Si
383 4402 415 4439 a
460 4385 716 4440 Creatore
749 4383 1044 4453 auferetur,
1076 4385 1145 4438 ab
1191 4397 1257 4440 eo
1296 4389 1351 4436 et
1391 4382 1441 4421 ²9
1487 4381 1700 4436 dabitur
1732 4397 1746 4435 :
1779 4381 1824 4434 si
1855 4394 1887 4434 a

280 4473 382 4531 deo
421 4472 707 4531 Marcionis
738 4471 970 4538 dabitur,
1005 4473 1072 4527 ab
1122 4487 1188 4529 eo
1232 4475 1286 4528 et
1335 4469 1622 4525 auferetur.
1655 4467 1884 4538 Quoquo

1983 3219 2199 3291 quando
2225 3218 2294 3274 de
2321 3219 2426 3273 hoc
2454 3216 2555 3272 fuit
2582 3216 2833 3288 quaestio,
2873 3229 3036 3288 quam
3064 3231 3131 3269 ex
3159 3214 3266 3269 ista
3293 3215 3586 3271 tentatione
3623 3251 3626 3254 ~

1985 3308 2337 3364 discuterent.
2362 3305 2500 3377 Quis
2545 3312 2724 3361 autem
2772 3303 3040 3359 dubitaret
3078 3310 3286 3368 natum,
3319 3316 3481 3373 quem
3507 3303 3587 3360 vi-

1986 3399 2140 3454 deret
2166 3397 2458 3463 hominem,
2485 3410 2642 3468 quem
2664 3392 2907 3449 audisset
2927 3391 3096 3448 ﬁlium
3119 3407 3178 3449 se
3197 3389 3436 3448 hominis
3464 3405 3592 3462 pro-

1986 3484 2208 3550 fessum,
2239 3499 2403 3556 quem
2422 3485 2489 3539 de
2507 3489 2807 3553 conspectu
2826 3478 3005 3535 omnis
3034 3481 3280 3534 humanae
3309 3478 3592 3550 qualitatis

1987 3573 2290 3630 dubitarent
2318 3574 2512 3640 Deum,
2533 3578 2628 3626 aut
2648 3569 2843 3625 Filium
2873 3568 2972 3624 Dei
3001 3567 3262 3624 credere?
3292 3559 3593 3641 propheten

1987 3663 2198 3720 facilius
2235 3661 2622 3723 existimantes.
2658 3659 2779 3716 licet
2816 3672 3069 3729 magnum
3114 3657 3370 3728 aliquem,
3403 3655 3592 3728 utique

1991 3763 2169 3810 tamen
2225 3760 2430 3806 natum.
2481 3749 2711 3806 Etiamsi
2760 3748 2814 3802 in
2871 3745 3249 3818 exploratione
3304 3745 3596 3802 nativitatis

1993 3840 2287 3898 tentandus
2345 3838 2553 3903 fuisset,
2606 3838 2971 3910 quodcunque
3018 3835 3164 3890 aliud
3219 3842 3596 3907 argumentum

1995 3929 2275 3987 tentationi
2305 3928 2672 4000 competisset,
2705 3942 2864 3998 quam
2894 3939 2993 3996 per
3022 3939 3212 3981 earum
3242 3937 3596 3996 personarum

1993 4019 2345 4085 mentionem,
2377 4032 2514 4090 quas
2541 4016 2719 4088 potuit
2746 4016 2911 4072 etiam
2937 4020 3094 4069 natus
3114 4028 3224 4070 non
3240 4013 3462 4069 habere.
3497 4011 3597 4069 Dic

1995 4109 2128 4165 mihi
2163 4126 2175 4162 :
2224 4106 2490 4163 Omnibus
2533 4105 2674 4161 natis
2716 4113 2887 4160 mater
2932 4103 3468 4160 advivit?omnibus
3496 4117 3597 4158 na-

1997 4199 2067 4254 tis
2095 4197 2492 4270 adgenerantur
2538 4201 2594 4248 et
2639 4191 2873 4248 fratres?
2920 4207 3028 4248 non
3086 4192 3208 4247 licet
3250 4198 3433 4261 patres
3477 4207 3595 4246 ma-

1999 4288 2083 4361 gis
2137 4295 2193 4344 et
2244 4299 2463 4340 sorores
2518 4282 2742 4352 habere,
2775 4280 2861 4337 vel
2917 4291 2972 4335 et
3007 4277 3327 4335 neminem?
3384 4277 3491 4333 Sed
3545 4288 3599 4334 et

1992 4393 2192 4436 census
2229 4379 2440 4431 constat
2475 4378 2627 4428 actos
2657 4373 2812 4439 (Luc.
2846 4369 2911 4440 ιι)
2949 4370 3049 4425 sub
3099 4368 3352 4442 Augusto
3380 4383 3523 4424 nunc
3550 4368 3602 4407 30

1993 4469 2046 4524 in
2090 4466 2277 4522 Iudaea
2323 4463 2372 4502 31
2432 4477 2531 4531 per
2579 4458 2821 4515 Sentium
2867 4457 3215 4514 Saturninum
3263 4455 3402 4528 (69),
3457 4457 3598 4527 apud

284 4574 463 4622 tamen
514 4564 734 4622 nomine
803 4562 1162 4620 comminatur
1215 4560 1563 4630 ablationem,
1619 4536 1727 4614 non
1785 4536 1885 4613 erit
1916 4536 1961 4613 Β
1993 4573 2133 4630 quos
2171 4567 2342 4628 genus
2379 4551 2502 4621 ejus
2547 4548 2821 4620 inquirere
2875 4543 3204 4618 potuissent.
3258 4544 3413 4601 Adeo
3451 4544 3598 4602 nullo
3675 4569 3688 4582 ι

1672 4657 1863 4719 Varia:
1916 4660 2226 4719 lectiones.

358 4743 412 4782 ³⁸
439 4741 584 4800 Vivit
623 4744 796 4802 Seml.
822 4741 1048 4801 Uberth.
1066 4740 1116 4781 ²⁹
1144 4739 1210 4796 Ει
1238 4740 1392 4798 abest
1411 4739 1592 4797 Paris.
1626 4736 1676 4777 ³ο
1703 4739 1856 4793 Tunc
1887 4737 2021 4794 Jun.
2055 4736 2100 4774 31
2131 4733 2374 4790 Judaeam
2396 4733 2562 4790 Pam.

1689 4809 2189 4873 Commentarius.

283 4923 531 5048 et‘gpist.
576 4923 662 4977 14.
713 4919 868 5002 Unde
896 4913 1058 5004 lliissa
1088 4934 1186 4993 pro
1212 4918 1555 5003 sanctissimo
1582 4915 1769 4998 altaris
1793 4930 1883 4972 sa-

283 5009 357 5048 cn
401 5009 506 5048 ClO.
557 5008 589 5047 a
627 4991 834 5048 duplici
873 5007 1126 5048 missione
1171 4991 1315 5048 dicta
1361 4998 1472 5048 est:
1503 4990 1614 5045 duo
1659 4989 1883 5048 scilicet,

279 4988 506 5059 orificio,
557 5008 589 5047 a
627 4991 834 5064 duplici
873 4988 1315 5064 mission—edicta
1361 4998 1472 5064 est;
1503 4990 1614 5064 duo
1659 4988 1884 5064 scilicet,

276 5065 544 5137 explicato
572 5060 888 5136 Evangelia,
921 5064 1083 5119 levita
1112 5063 1330 5137 dicebat
1347 5079 1375 5137 :_
1389 5063 1448 5118 Si
1469 5062 1591 5137 quis
1613 5060 1885 5137 catechu-

274 5134 486 5196 menus
509 5134 808 5203 remansit,
841 5140 1031 5200 exeat,
1053 5135 1158 5199 vel,
1189 5134 1588 5192 Catechumeni
1603 5134 1884 5203 exeunte;

275 5219 331 5266 et
359 5210 524 5266 etiam
558 5209 611 5264 in
641 5207 768 5264 ﬁne.
795 5202 880 5264 [te
910 5209 1085 5264 missa
1127 5209 1229 5263 est.
1278 5207 1349 5261 Ex
1397 5204 1487 5259 illa
1517 5203 1717 5274 duplici
1747 5202 1887 5258 mis-

275 5283 434 5339 sione
500 5296 594 5337 seu
651 5278 968 5336 dimissione
1023 5277 1213 5349 populi
1266 5285 1338 5349 et_
1374 5275 1888 5349 catechumenorum

279 5354 442 5410 Missa
486 5351 629 5407 diota
667 5359 767 5406 est.
814 5345 1146 5428 Vgcabuluin
1198 5346 1341 5403 istud
1390 5345 1553 5402 veluti
1595 5352 1889 5428 portento:

277 5441 406 5481 sum
451 5429 807 5481 exsecrantur
855 5421 1295 5479 Calvinianorum
1346 5428 1553 5487 mystae,
1595 5413 1719 5472 licet
1745 5413 1889 5487 apud

280 5495 344 5553 S.
379 5495 728 5552 Ambrosium
761 5495 1075 5562 reperiatur.
1109 5493 1222 5549 Hac
1252 5491 1319 5546 de
1354 5506 1412 5545 re
1439 5491 1563 5545 vi'le
1611 5504 1730 5560 quas
1769 5491 1890 5542 fuse

282 5567 581 5624 Durandus
618 5565 687 5623 de
737 5567 903 5623 Ritib.
937 5565 1012 5621 LE
1040 5565 1140 5620 Pa.

362 5640 481 5710 (69)
513 5639 616 5697 Sed
638 5643 691 5697 et
712 5654 917 5698 census
937 5640 1159 5694 constat
1178 5637 1335 5692 actos
1354 5631 1452 5688 sub
1469 5632 1718 5701 Augusto
1739 5644 1894 5684 nunc

1993 4917 2058 4971 in
2088 4915 2340 4971 Iudaeam
2358 4929 2457 4975 per
2485 4909 2746 4969 Sentium
2768 4907 3172 4965 Saturninum.
3206 4902 3298 4960 Sic
3327 4901 3522 4975 legitur
3544 4901 3597 4958 in

1993 4985 2308 5058 exemplari.
2351 4975 2417 5040 Et
2469 4987 2710 5058 veterem
2758 4978 3077 5058 scripturam
3234 4975 3599 5058 Pithceinma-

1993 5074 2097 5112 nus
2138 5047 2203 5112 ad
2248 5053 2497 5112 Rhenani
2543 5051 2843 5118 marginem
2868 5047 2968 5106 'sic
3016 5047 3298 5118 explicat:
3351 5067 3378 5102 ‹
3419 5048 3596 5111 Nunc,

1993 5131 2100 5184 hoc
2171 5135 2268 5190 est,
2330 5143 2452 5182 cum
2508 5125 2601 5180 illa
2657 5119 2898 5178 Christus
2955 5119 3163 5175 diceret
3221 5119 3599 5176 nuntiantibus

1995 5201 2189 5257 adesse
2231 5207 2456 5254 matrem
2487 5203 2540 5251 et
2585 5197 2794 5250 fratres.
2842 5213 2869 5241 ι
2929 5193 3000 5248 Ut
3057 5191 3356 5261 Septimius
3411 5191 3599 5246 innuat

1995 5287 2192 5329 census
2237 5271 2370 5326 alios
2408 5269 2476 5324 ab
2502 5266 2574 5322 iis
2603 5281 2740 5335 quos
2772 5266 2841 5321 ab
2871 5262 3104 5333 Cyrenio
3143 5273 3296 5335 actos
3337 5262 3601 5335 didicerat

1996 5361 2062 5400 ex
2094 5359 2212 5413 cap.
2262 5359 2306 5398 ιι
2340 5344 2517 5398 Lucae.
2575 5331 2701 5394 Bia.
2735 5367 2848 5413 _—_
2887 5331 2968 5390 De
3018 5350 3186 5413 censu
3242 5333 3474 5413 diximus
3531 5331 3598 5384 ad

1997 5431 2114 5484 cap.
2148 5403 2202 5470 "l.
2241 5415 2450 5470 Census
2495 5418 2676 5467 autem
2733 5409 2778 5484 is
2826 5407 2998 5484 factus
3027 5417 3112 5484 est
3141 5405 3260 5484 sine
3290 5403 3396 5458 ulla
3425 5417 3598 5484 pecu-

1996 5475 2103 5542 niae
2147 5485 2441 5541 indictione
2489 5493 2604 5538 seu‘
2631 5479 2990 5554 capitatione;
3024 5475 3116 5554 sed
3156 5481 3358 5530 tantum
3413 5481 3597 5554 utut-e-

2003 5565 2314 5612 censeretur
2356 5554 2527 5619 orbis,
2572 5561 2625 5608 et
2669 5543 2892 5607 nomina
2937 5547 3136 5602 civium
3189 5558 3284 5600 seu
3341 5543 3599 5600 subdito-

2007 5644 2126 5685 rum
2155 5626 2382 5699 imperio
2413 5623 2864 5681 describerentur.
2895 5621 2972 5676 LE
2999 5619 3100 5673 Pa.
