3980 6144
364 326 373 347 ⁵
386 316 494 378 435

374 537 468 599 ter
493 536 548 584 et
574 527 764 584 fratres
810 529 931 598 ejus
967 526 1099 583 foris
1126 529 1354 583 stabant.
1406 527 1660 597 Superest
1701 532 1759 579 et
1802 521 1852 560 ³2
1889 519 1976 574 di-

385 617 592 688 spicere
618 632 836 673 sensum
864 631 973 673 non
1026 615 1339 687 simpliciter
1376 611 1795 685 pronuntiantis,
1846 611 1979 679 Quae

387 708 531 764 mihi
559 710 748 766 mater
786 711 888 763 aut
916 709 1129 778 fratres
1153 711 1175 761 ἵ
1202 704 1358 778 quasi
1379 703 1445 758 ad
1466 701 1684 776 generis
1711 710 1765 757 et
1793 697 1981 755 nativi-

370 796 510 851 tatis
546 795 925 868 negationem;
964 795 1062 852 sed
1103 803 1157 850 et
1205 811 1271 850 ex
1324 808 1502 850 causa
1558 790 1876 848 necessitate
1924 794 1981 843 et

387 882 698 940 conditione
728 882 996 939 rationali.
1045 883 1176 939 Tam
1221 881 1492 953 proximas
1531 877 1675 936 enim
1720 891 1980 949 personas

388 970 524 1028 foris
550 981 694 1028 stare
721 972 992 1028 extraneis
1018 972 1165 1027 intus
1202 970 1398 1030 deﬁxis
1426 972 1496 1027 ad
1533 985 1810 1026 sermones
1836 969 1976 1038 ejus,

389 1060 622 1132 amplius
649 1070 704 1115 et
739 1076 963 1117 avocare
995 1077 1120 1116 eum
1147 1077 1179 1116 a
1206 1059 1437 1116 solemni
1464 1075 1624 1130 opere
1653 1064 1976 1130 quaerentes,

388 1149 583 1205 merito
622 1149 929 1222 indignatus
964 1159 1066 1206 est.
1102 1150 1222 1207 Non
1252 1160 1360 1205 tam
1409 1148 1699 1221 abnegavit
1727 1147 1777 1186 33
1819 1160 1979 1216 quam

386 1239 652 1295 abdicavit
689 1241 736 1277 34
766 1241 901 1311 (70).
944 1242 1118 1311 Atque
1141 1241 1276 1296 adeo
1293 1256 1413 1296 cum
1446 1237 1810 1309 praemisisset,
1847 1237 1979 1304 Quae

388 1329 532 1383 mihi
558 1332 766 1393 mater,
799 1334 857 1386 et
885 1331 986 1401 qui
1022 1329 1166 1385 mihi
1183 1332 1397 1400 fratres
1426 1334 1448 1385 :7
1478 1329 1835 1399 subjungens,
1865 1327 1980 1381 nisi

386 1419 484 1487 qui
511 1418 761 1473 audiunt
800 1421 964 1476 verba
1008 1435 1158 1487 mea,
1207 1424 1262 1474 et
1305 1419 1534 1489 faciunt
1572 1421 1683 1472 ea?
1712 1412 1980 1471 transtulit

380 1504 667 1575 sanguinis
693 1506 913 1560 nomina
932 1506 985 1560 in
1007 1508 1145 1562 alios
1172 1509 1308 1577 (71),
1339 1521 1476 1577 quos
1504 1505 1678 1577 magis
1706 1502 1980 1573 proximos

385 1607 485 1664 pro
516 1591 621 1647 ﬁde
652 1592 940 1663 judicaret.
971 1597 1144 1651 Nemo
1186 1605 1363 1650 autem
1407 1591 1656 1649 transfert
1694 1591 1849 1663 quid,
1890 1589 1975 1642 ni-

383 1682 430 1737 si
461 1683 529 1737 ab
554 1698 620 1738 eo
666 1684 761 1755 qui
790 1684 949 1738 habet
999 1683 1053 1737 id
1093 1684 1239 1753 quod
1286 1680 1556 1737 transfert.
1606 1679 1665 1735 Si
1695 1694 1826 1753 ergo
1854 1694 1975 1733 ma-

383 1773 519 1821 trem
550 1774 604 1820 et
636 1766 826 1822 fratres
854 1782 948 1821 eos
977 1765 1106 1820 fecit
1132 1764 1227 1835 qui
1265 1780 1374 1819 non
1411 1772 1565 1820 erant
1583 1763 1722 1836 (72),
1750 1778 1977 1837 quomo-

380 1854 451 1910 do
507 1854 724 1927 negavit
779 1870 873 1909 eos
921 1853 1016 1925 qui
1062 1854 1260 1909 erant?
1306 1853 1355 1892 35
1406 1853 1722 1909 meritorum
1774 1851 1981 1909 scilicet

382 1940 710 2009 conditione,
743 1955 853 1996 non
889 1957 954 1996 ex
990 1940 1284 2011 primorum
1337 1950 1661 2014 negatione;
1687 1940 1741 1995 in
1771 1949 1979 1997 semet-

383 2031 503 2103 ipso
551 2032 768 2097 docens,
827 2033 921 2103 qui
971 2040 1176 2103 patrem
1218 2038 1312 2087 aut
1367 2038 1590 2087 matrem
1642 2040 1737 2087 aut
1782 2031 1979 2086 fratres

380 2130 720 2192 praeponeret
772 2122 938 2177 verbo
994 2120 1111 2185 Dei,
1152 2136 1260 2177 non
1315 2137 1434 2177 esse
1489 2121 1710 2191 (Matth.
1769 2136 1830 2188 x,
1884 2121 1975 2190 27)

380 2210 603 2282 dignum
647 2208 993 2280 discipulum.
1025 2210 1316 2278 Caeterum,
1368 2225 1434 2266 ex
1487 2211 1591 2267 hoc
1640 2207 1819 2266 406
1855 2225 1973 2263 ma-

378 2299 462 2369 gis
511 2305 734 2355 matrem
796 2308 850 2354 et
927 2297 1119 2355 fratres
1194 2297 1570 2367 conﬁtebatur,
1635 2297 1781 2368 quod
1853 2296 1976 2354 illos

380 2389 595 2443 nolebat
664 2404 1001 2463 agnoscere;
1064 2389 1209 2459 quod
1282 2388 1418 2444 alios
1472 2388 1780 2459 adoptabat,
1835 2401 1971 2443 con-

380 2476 624 2533 ﬁrmabat
679 2493 822 2550 quos
877 2493 944 2533 ex
1016 2477 1227 2534 offensa
1284 2476 1520 2549 negavit,
1603 2475 1803 2548 quibus
1864 2491 1971 2531 non

380 2573 439 2620 ut
482 2566 718 2623 veriores
744 2566 1037 2633 substituit,
1084 2567 1181 2621 sed
1247 2573 1309 2623 ut
1373 2566 1672 2638 digniores.
1729 2563 1974 2635 Denique

379 2655 511 2709 nihil
543 2671 819 2728 magnum,
869 2655 915 2710 si
945 2655 1111 2710 fidem
1155 2655 1408 2727 sanguini
1455 2653 1766 2727 praeposuit,
1814 2668 1973 2727 quem

378 2757 487 2799 non
524 2744 775 2801 habebat.
1879 2742 1885 2748 ’

971 2886 1194 2944 CAPUT
1234 2885 1365 2942 XX.

457 3012 587 3078 Quis
608 3017 782 3066 autem
814 3012 918 3067 iste
946 3014 1047 3080 est,
1069 3012 1164 3082 qui
1191 3015 1249 3066 et
1266 3012 1445 3066 ventis
1475 3014 1530 3065 et
1556 3012 1708 3067 mari
1727 3013 1975 3083 imperat

1079 311 1518 374 TERTULLIANI
1555 308 1814 370 OPERUM
1860 304 2024 366 PARS
2062 303 2129 364 ll.
2166 331 2239 346 —-
2285 296 2513 360 SERIES
2552 296 2592 363 Ι,
2639 290 2976 356 POLEMICA.
3568 290 3598 359 it

388 440 548 498 modo
581 437 820 496 constitit
846 439 982 495 ratio
1028 437 1336 495 tentationis
1364 436 1539 493 istius.
1587 437 1655 490 At
1696 448 1972 523 veregma-
2006 444 2055 523 Α
2084 427 2342 500 papulum
2421 422 2614 523 pedeo,
2668 416 2923 523 intestino
3000 407 3673 523 itinere-Atlansmit‘tieret.

3568 279 3672 341 436

2084 529 2380 587 rursusque
2401 513 2503 569 sub
2531 508 2774 580 ejusdem
2801 505 2969 579 virgas
2997 511 3150 571 nutu,
3171 500 3433 557 redeunte
3462 505 3672 587 natura,

2086 586 2397 677 Egyptium
2453 598 2748 659 exercitum
2805 593 3066 650 undarum
3120 588 3440 677 concordia_
3469 586 3667 641 obrue-

2087 675 2180 750 ret
2195 675 2204 677 _
2237 710 2251 747 :
2309 692 2364 746 in
2406 689 2548 762 quod
2587 701 2727 757 Opus
2764 690 2817 740 et
2851 682 3017 738 austri
3053 678 3374 735 servierunt.
3418 675 3565 747 Lege
3618 683 3673 729 et

2084 784 2273 855 (Iosue
2319 796 2401 847 ιιι,
2462 781 2516 846 4)
2570 782 2744 833 sortes
2796 769 3014 827 familia:
3068 766 3379 823 dirimenda:
3437 764 3576 855 (7:3),
3616 763 3670 819 in

2088 851 2369 931 transitum
2423 870 2541 940 ejus
2593 860 2841 921 Iordanis
2894 858 3212 915 machaeram
3268 854 3408 923 (74)
3486 851 3671 916 fuisse,

2088 962 2243 1031 cujus
2280 960 2542 1030 impetum
2579 964 2738 1026 atque
2776 951 3063 1006 decursum
3098 945 3261 1017 plane
3300 954 3356 998 et
3390 943 3554 1031 Jesus
3581 940 3674 1031 do-

2086 1029 2276 1109 cuerat
2344 1029 2626 1121 prophetis
2699 1036 3152 1098 transmeantibus
3202 1043 3368 1090 stare.
3407 1029 3546 1121 Quid
3605 1029 3668 1083 ad

2088 1142 2240 1196 haec?
2255 1139 2311 1196 Si
2341 1120 2464 1193 tuus
2500 1134 2744 1192 Christus
2781 1140 2880 1197 est,
2914 1144 3021 1185 non
3059 1126 3161 1181 erit
3195 1122 3468 1197 potentior
3507 1120 3672 1176 famu-

2088 1230 2155 1286 lis
2192 1227 2482 1284 Creatoris.
2525 1223 2630 1280 Sed
2685 1222 2770 1276 his
2824 1218 2952 1275 solis
3007 1213 3268 1285 exemplis
3304 1227 3437 1270 usus
3472 1225 3670 1273 essem,

2086 1319 2132 1375 si
2169 1335 2277 1374 non
2312 1318 2469 1374 etiam
2509 1311 2826 1385 praedicatio
2863 1306 3083 1364 marinae
3122 1304 3278 1360 istius
3314 1300 3672 1373 expeditionis

2090 1409 2357 1465 Christum
2437 1401 2830 1460 antecessisset.
2896 1398 3031 1453 Nam
3123 1409 3244 1451 cum
3335 1389 3670 1453 transfretat,

2084 1498 2331 1554 Psalmus
2355 1495 2587 1565 (xxvnt,
2632 1492 2687 1561 3)
2716 1487 3042 1561 expungitur
3095 1502 3109 1542 :
3158 1485 3457 1549 Dominus,
3478 1480 3670 1551 inquit,

2086 1604 2260 1661 super
2276 1601 2455 1658 aquas
2472 1583 2717 1650 multas;
2739 1595 2859 1635 cum
2881 1575 3055 1633 undas
3084 1573 3209 1630 freti
3236 1571 3473 1661 discutit,
3498 1568 3673 1626 Haba-

2084 1659 2180 1735 cuc
2217 1674 2539 1745 adimpletur
2588 1688 2603 1727 :
2634 1671 2969 1741 Dispargens
3011 1664 3080 1732 35,
3130 1660 3307 1733 inquit
3334 1659 3554 1730 (Habac.
3585 1672 3666 1722 ιιι,

2086 1766 2164 1836 9),
2187 1779 2360 1837 aquas
2374 1762 2585 1819 itinere
2605 1756 2773 1829 {cum
2798 1758 2868 1810 ad
2898 1753 3069 1808 minas
3096 1751 3217 1820 ejus
3245 1748 3483 1837 eliditur,
3500 1762 3669 1814 mare,

2082 1836 2296 1912 Nabum
2323 1866 2541 1924 quoque
2570 1845 2858 1905 absolvitur
2888 1862 2904 1898 :
2938 1844 3321 1906 Comminans,
3339 1836 3516 1908 inquit
3543 1837 3678 1905 (Na-

2085 1944 2227 2000 hum
2268 1958 2307 2008 1,
2340 1938 2419 2009 4),
2458 1939 2611 1994 mari
2643 1941 2701 1992 et
2733 1933 3053 2005 are/aniens
3106 1928 3290 1995 illud;
3329 1926 3512 1998 utique
3548 1939 3676 1980 cum

2084 2031 2276 2099 ventis,
2315 2028 2511 2102 quibus
2557 2023 2967 2098 inquietabatur.
3009 2019 3164 2075 Unde
3202 2016 3286 2073 vis
3325 2031 3504 2072 meum
3543 2014 3671 2071 vin-

2083 2121 2261 2177 dicem
2315 2114 2621 2179 Christum?
2683 2114 2753 2169 de
2806 2110 3090 2182 exemplis,
3146 2122 3214 2163 an
3270 2105 3340 2161 de
3396 2102 3672 2177 prophetis

2082 2206 2390 2266 Creatoris?
2431 2208 2548 2277 Age
2594 2218 2757 2271 nunc,
2802 2200 2901 2272 qui
2947 2197 3233 2253 militarem
3299 2200 3353 2250 et
3406 2199 3672 2248 armatum

2082 2300 2392 2356 bellatorem
2421 2292 2702 2366 praedicari
2731 2298 2906 2361 putas,
2946 2302 3057 2343 non
3101 2286 3348 2358 ﬁgurate,
3382 2297 3485 2339 nec
3529 2279 3670 2336 alle-

2081 2389 2284 2461 gorice,
2340 2386 2433 2458 qui
2506 2383 2710 2439 bellum
2767 2378 3006 2449 spiritale
3078 2375 3340 2432 adversus
3403 2370 3674 2442 spiritales
3738 2431 3748 2443 ,

2081 2474 2244 2533 40⁷
2279 2476 2481 2537 hostes,
2510 2469 2737 2543 spiritali
2773 2467 2964 2524 militia
3010 2475 3065 2522 et
3109 2462 3437 2537 spiritalibus
3481 2462 3673 2527 armis,

2080 2562 2385 2635 spiritaliter
2413 2560 2781 2617 debellaturus
2808 2564 2954 2611 esset
2996 2573 3012 2609 :
3063 2570 3185 2609 cum
3216 2550 3430 2607 invenis
3472 2549 3528 2604 in
3567 2564 3676 2604 uno

2081 2651 2302 2708 homine
2330 2647 2726 2707 multitudinem
2764 2645 3096 2710 daimonum,
3129 2639 3398 2712 legionem
3439 2653 3499 2693 se
3535 2652 3676 2708 pro-

2105 2756 2297 2809 essam,
2338 2739 2518 2809 utique
2546 2734 2865 2807 spiritalem,
2894 2730 3043 2787 disce
3077 2737 3133 2785 et
3172 2728 3444 2784 Christum
3486 2740 3674 2795 expu-

2080 2836 2361 2903 gnatorem
2408 2824 2732 2898 spiritalium
2762 2819 3021 2886 hostium,
3052 2816 3364 2890 spiritaliter
3409 2819 3683 2871 armatum

2078 2929 2140 2976 et
2202 2915 2516 2988 spiritaliter
2581 2912 2895 2969 bellicosum
2966 2906 3372 2979 intelligendum
3439 2923 3455 2959 :
3515 2910 3683 2975 atque

2083 3009 2154 3064 ita
2198 3007 2382 3079 ipsum
2409 3018 2546 3070 esse,
2574 3002 2672 3074 qui
2706 3015 2830 3057 cum
2864 2999 3079 3071 legione
3116 3010 3335 3067 quoque
3366 2993 3684 3050 daemonum

377 3099 535 3169 )Luc,
557 3099 728 3167 vui)?
758 3098 1022 3155 Nimirum
1052 3114 1225 3155 novus
1251 3099 1557 3155 dominator
1584 3109 1746 3171 atque
1777 3116 1985 3171 posses-
2011 3111 2056 3191 θ
2085 3109 2197 3154 erat
2224 3094 2600 3159 dimicaturus;
2634 3096 2691 3145 ut
2727 3097 2779 3145 et
2804 3088 2891 3191 [de
2940 3089 3045 3141 hoc
3080 3085 3224 3191 bello
3255 3083 3496 3191 Psalmus
3542 3096 3685 3154 pos-

379 3202 479 3251 sor,
509 3188 898 3243 elementorum
947 3187 1154 3243 subacti
1189 3190 1300 3256 jam
1347 3197 1402 3242 et
1445 3190 1650 3245 exclusi
1680 3189 1971 3245 Creatoris.

376 3277 496 3335 Non
552 3276 626 3333 ita
654 3284 753 3333 est.
815 3277 922 3332 Sed
974 3285 1238 3349 agnorant
1311 3278 1622 3333 substantiae
1698 3288 1972 3334 auctorem

377 3382 555 3432 suum,
588 3382 711 3438 quas
740 3366 954 3422 famulis
981 3382 1198 3437 quoque
1231 3367 1354 3435 ejus
1383 3366 1641 3421 obaudire
1671 3357 1971 3423 consueve-

377 3463 515 3512 rant.
570 3455 779 3527 Inspice
823 3455 1073 3512 Exodum
1110 3455 1263 3525 (Cap.
1320 3456 1461 3526 xlv).
1494 3454 1745 3522 Marcion,
1796 3454 1973 3525 aspice

378 3545 507 3599 Mari
566 3545 752 3611 rubro,
813 3544 1033 3601 vastiori
1077 3560 1243 3616 super
1297 3545 1477 3599 omnia
1540 3552 1744 3616 stagna
1790 3543 1966 3609 Iudae,

376 3634 581 3705 virgam
629 3634 803 3706 Moysi
833 3634 1201 3704 imperantem,
1237 3639 1292 3687 ut
1337 3632 1575 3688 funditus
1616 3634 1961 3703 proscissum,

376 3730 429 3777 et
458 3722 573 3794 pari
622 3724 891 3793 utrimque
933 3730 1158 3793 stupore
1196 3719 1530 3777 discriminis
1584 3719 1770 3791 ﬁxum,
1824 3723 1966 3778 sicco

2086 3186 2156 3242 sit
2193 3183 2365 3243 videri
2397 3179 2778 3254 pronuntiasse
2798 3176 2911 3244 (Ps.
2945 3189 3111 3238 χχιιι,
3146 3173 3201 3243 8)
3238 3193 3249 3229 :
3284 3173 3555 3229 Dominus
3590 3188 3685 3229 va-

2085 3274 2255 3338 lidus,
2277 3272 2549 3330 Dominus
2572 3272 2771 3341 potens
2800 3267 2862 3320 in
2892 3263 3033 3321 bello
3063 3263 3132 3317 37.
3170 3262 3308 3316 Nam
3337 3276 3457 3315 cum
3483 3258 3685 3314 ultimo

2082 3365 2233 3420 hoste
2278 3371 2449 3417 morte
2493 3357 2790 3430 praeliatus,
2830 3370 2925 3425 per
2965 3362 3228 3423 tropaeum
3278 3349 3454 3406 crucis
3496 3348 3688 3403 trium-

2080 3452 2283 3524 phavit.
2318 3450 2487 3519 Cujus
2521 3456 2702 3503 autem
2760 3446 2860 3501 Dei
2910 3442 3123 3498 Filium
3171 3442 3363 3497 Iesum
3411 3438 3551 3510 legio
3603 3446 3686 3493 te-

2078 3547 2219 3596 stata
2249 3539 2299 3578 ³8
2328 3545 2412 3593 est
2439 3536 2593 3607 ('75)?
2614 3533 2744 3589 Sine
2767 3530 2931 3587 dubio
2956 3530 3116 3599 cujus
3137 3536 3405 3585 tormenta
3435 3536 3490 3582 et
3515 3526 3686 3595 abys-

2077 3646 2196 3685 sum
2228 3634 2507 3690 noverant,
2528 3632 2582 3681 et
2613 3622 2895 3691 timebant,
2918 3635 3016 3675 nec
3044 3618 3190 3675 enim
3218 3618 3472 3673 videntur
3512 3630 3685 3686 posse

2077 3719 2363 3791 ignorasse
2388 3715 2569 3770 adhuc
2587 3712 2733 3786 quod
2764 3710 2889 3765 novi
2919 3716 2973 3765 et
2999 3706 3171 3781 ignoti
3211 3704 3313 3762 Dei
3338 3704 3507 3762 virtus
3534 3718 3688 3774 ope—

449 3901 498 3939 ³²
527 3900 591 3955 Ει
614 3900 798 3959 omitt.
821 3900 990 3956 Seml.
1030 3898 1249 3955 Oberth.
1275 3899 1324 3937 33
1352 3900 1583 3968 Negavit
1620 3821 2443 3968 cod.xglzrft.lgst3ltli:s§eml.
2485 3892 2533 3931 ³⁵
2562 3891 2637 3945 Ex
2674 3891 2850 3946 inser.
2892 3888 3094 3945 Wouw.
3116 3884 3168 3925 3°
3194 3882 3485 3955 Disperges
3514 3883 3684 3938 Pam.

376 3974 422 4012 37
456 3970 647 4027 Praelio
664 3971 788 4027 alii.
828 3970 877 4009 38
906 3971 1151 4026 Testatus
1179 3972 1348 4027 Seml.
1385 3970 1599 4028 Oberth.

1780 4042 2279 4106 Comtnentarius.

446 4151 561 4223 (70)
615 4150 879 4223 Non_tam
919 4150 1171 4223 negavit,
1188 4166 1367 4223 quam

446 4168 561 4223 (to)
615 4168 737 4207 non
760 4168 879 4205 tam
919 4168 1367 4275 negavuhquam
1397 4168 1696 4208 aoawamt.
1728 4168 1860 4218 uuis
1898 4168 1966 4206 ita

379 4221 905 4296 loquentemihodie
950 4221 1130 4296 ferat?
1207 4238 1291 4296 am
1331 4228 1385 4278 et
1438 4223 1677 4296 moriens
1724 4222 1966 4277 Christus

376 4292 673 4351 adstantem
712 4292 931 4349 Mariam
979 4292 1329 4349 nihilominus
1380 4293 1710 4359 consolatur,
1747 4305 1801 4349 et
1848 4300 1968 4361 post

377 4365 620 4421 mulieris
684 4363 1118 4436 appellationem,
1184 4364 1363 4436 statim
1426 4363 1967 4436 honoriﬁcentissimi

378 4437 473 4492 filii
502 4435 770 4493 relatione
816 4444 1037 4491 matrem
1072 4435 1376 4507 profitetur,
1433 4444 1486 4492 et
1512 4435 1704 4491 Joanni
1735 4435 1966 4508 delegat.

286 4564 293 4571 ,
379 4509 504 4566 lite.

450 4578 567 4651 (71)
612 4578 928 4635 Transtulit
965 4579 1259 4651 sanguinis
1288 4580 1524 4635 nomina
1552 4578 1618 4632 in
1656 4578 1818 4636 alios.
1859 4580 1971 4635 Hoc

378 4648 480 4718 est,
522 4648 887 4723 metaphorice
925 4648 1129 4723 vocavit
1168 4648 1356 4704 fratres
1382 4657 1448 4723 _et
1484 4658 1712 4705 matrem
1749 4664 1842 4706 eos
1878 4651 1971 4723 qui

378 4722 540 4779 verba
578 4720 681 4777 sua
714 4721 962 4777 audirent
998 4728 1053 4777 et
1088 4721 1341 4776 facerent.
1381 4720 1508 4777 Rm.

447 4794 829 4867 (72)}v'ratres
859 4808 948 4867 eos
969 4793 1123 4863 fecit,
1157 4793 1256 4863 qui
1278 4808 1393 4867 non
1417 4796 1607 4849 erant.
1640 4793 1971 4867 Sanguinem

378 4881 534 4921 suum
559 4864 689 4938 fecit
723 4878 815 4919 eos
845 4863 937 4938 qui
976 4878 1089 4938 non
1122 4870 1276 4938 erant
1307 4880 1335 4938 :_
1354 4864 1460 4919 hoc
1497 4872 1600 4934 est,
1627 4863 1777 4938 usus'
1790 4867 1974 4938 ﬁgura

378 4935 657 5008 sanguinis
710 4949 829 5008 seu
863 4933 1240 4998 fraternitatis,
1304 4933 1690 5008 demonstravit
1733 4933 1975 5008 affe'ctus

378 5005 507 5062 suos
544 5021 673 5077 erga
719 5005 1010 5062 verborum
1047 5020 1269 5061 suorum
1305 5007 1580 5063 auditores
1615 5016 1671 5063 et
1722 5006 1974 5064 factores.

379 5081 603 5135 Fratres
626 5092 713 5151 eqs
732 5078 889 5151 fecit,
914 5077 1015 5151 hoc
1051 5084 1153 5145 est,
1195 5077 1513 5146 nominavit,
1559 5079 1782 5151 ﬁgurate
1819 5080 1971 5136 scili-

378 5158 481 5215 cet,
515 5158 568 5205 et
604 5147 915 5220 allegorice.
956 5147 1081 5204 Pus.

455 5219 736 5294 (73)7Lege
747 5224 823 5294 ‘et
843 5225 1017 5294 sortes
1044 5221 1288 5294 familia:
1313 5220 1667 5294 dirimenda.
1694 5219 1790 5294 Sic
1817 5220 1975 5294 habet

379 5290 890 5365 exemplarfiQuod
922 5290 1207 5365 explicari
1266 5301 1446 5365 potest
1497 5292 1720 5365 :ALege,
1776 5291 1969 5365 inquit,

377 5361 656 5420 historiam
708 5363 982 5429 Jordanis,
1021 5361 1186 5419 'scies
1249 5361 1370 5431 ejus
1422 5361 1743 5418 machaeram
1806 5361 1973 5418 fuisse

380 5436 434 5491 in
480 5436 762 5492 transitum
824 5434 1046 5493 familiae
1084 5443 1229 5490 sorte
1280 5432 1597 5489 dirimenda;
1639 5449 1652 5484 :
1693 5432 1972 5489 obstitisse

373 5507 650 5585 transitui
694 5506 923 5585 filiorum
986 5503 1149 5562 Israel
1185 5512 1459 5585 tanquam
1512 5504 1683 5585 aciem
1729 5503 1975 5585 ingentis

374 5578 561 5650 gladii,
602 5579 877 5636 obstitisse
921 5575 1218 5633 transeunti
1258 5574 1468 5632 familiae
1515 5583 1657 5633 sorte
1712 5574 1971 5633 dirimen-

1397 4148 1696 4208 abdicavit.
1728 4149 1860 4218 Quis
1898 4149 1969 4206 ita
2000 4168 2045 4244 ο
2079 4146 2183 4216 dae,
2215 4154 2269 4201 et
2322 4152 2501 4198 tamen
2552 4141 2668 4211 ejus
2720 4139 2979 4218 impetum
3007 4143 3169 4207 atque
3203 4133 3487 4191 decursum
3536 4147 3680 4204 pro-

1438 4223 1674 4244 ..-_:-.._
1725 4222 1962 4244 nL_:-.-__
2079 4216 2252 4244 -t...a:..
2321 4211 2769 4244 ιηιιηι-ηηηοηιέιιηο
2827 4218 3037 4244 ειοιιαεο
3074 4224 3086 4235 ο
3148 4206 3438 4244 nrnnholnn
3492 4219 3680 4244 nepam

2116 4206 2258 4288 hétis
2321 4206 2772 4288 transmeantibus
2795 4206 3037 4288 'stetisse
3074 4206 3447 4288 ;n_propbetas.
3492 4219 3680 4285 arcam

2096 4287 2294 4344 hederis
2348 4285 2610 4351 ferentes,
2672 4298 2795 4338 cum
2855 4280 3025 4353 iisque
3075 4274 3470 4353 ’ﬁl‘ios'lsrae‘l,
3525 4275 3680 4353 sicco

2075 4359 2212 4432 pede
2290 4348 2667 4432 transmeasse.
2724 4348 2989 4432 Nimirum
3042 4349 3270 4432 verbum
3314 4348 3444 4432 illud
3476 4390 3491 4414 ,
3532 4349 3679 4432 lege,

2078 4419 2370 4503 respondet
2421 4424 3021 4503 praisedenti,_inspice.
3071 4421 3365 4503 itaquetut
3394 4419 3679 4503 supradi-

2079 4488 2186 4568 xit,‘
2205 4488 2437 4575 Inspice.
2460 4488 2756 4575 Εωοάιιινῃ,’
2773 4494 2846 4575 ita
2878 4488 2989 4575 hic“
3012 4488 3405 4575 etiam—‘dirtisse
3432 4488 3671 4555 videtur,

2084 4595 2106 4622 α
2151 4562 2403 4645 Ϊιθςθίίξι
2446 4562 2890 4645 sortesfamilim
2938 4562 3293 4645 dirimendas,
3328 4580 3382 4645 nn
3441 4576 3677 4633 quarum

2079 4634 2289 4702 scilith
2323 4641 2546 4697 historia
2577 4640 2798 4694 habetur
2826 4639 2988 4694 Iosue
3026 4650 3093 4691 ιιι
3135 4641 3189 4687 et
3217 4650 3296 4689 IV.
3328 4634 3452 4690 RIG.
3652 4647 3681 4673 ο

2149 4717 2269 4787 (74)
2299 4712 2557 4787 Iordanis
2586 4709 2952 4787 machreram.
2980 4707 3085 4787 Sic
3129 4704 3533 4787 Tibris‘arcan’o
3578 4716 3673 4783 sa-

2077 4774 2292 4845 crorum
2328 4782 2591 4840 vocabulo
2646 4781 2924 4838 dicebatur
2970 4780 3159 4844 Serra,
3209 4784 3427 4832 auctore
3483 4774 3679 4830 Servio

2078 4860 2143 4915 ad
2176 4858 2269 4914 illa
2296 4854 2504 4928 Virgilii
2536 4871 2548 4910 :

2241 5017 2334 5049 ._..._.
2364 4979 2464 5042 Ego
2500 4992 2630 5049 sum,
2660 4976 2807 5049 pleno
2832 4972 3232 5049 τηεψ-Παπρυο
3254 4970 3415 5049 cernis

2237 5034 2726 5103 StringEnrtemdrip'as
2758 5045 2805 5089 et
2826 5034 3034 5103 pinguia
3059 5034 3198 5086 culta
3231 5040 3511 5103 secantgm,

2237 5097 2497 5157 Caeruleus
2516 5097 2700 5153 Tibris.
2826 5097 2845 5103 ⁷
2919 5097 2938 5101 ⁷
3399 5097 3512 5146 Rm.

2151 5221 2269 5304 ξιξ)
2312 5217 2810 5304 senatumad
2844 5211 3681 5304 attinensaakaeisses

2080 5281 2205 5352 est?
2229 5281 2401 5359 Quasi
2423 5291 2565 5346 aliud
2594 5298 2757 5359 agens
2786 5281 3125 5359 prosequitur
3152 5282 3284 5359 illud
3306 5299 3320 5336 :
3341 5281 3681 5359 ’Quitl‘rnihi

2079 5371 2135 5421 et
2165 5353 2271 5421 tibi
2293 5368 2392 5429 est,
2416 5365 2545 5433 Jesu
2563 5353 2658 5431 ﬁli
2680 5353 3078 5433 Dei'altissimi
3095 5355 3122 5409 .9
3137 5356 3294 5433 (_Luc_.
3316 5367 3433 5419 vut,
3468 5353 3585 5433 28.)
3618 5365 3683 5433 e_t

2080 5437 2153 5492 ibi
2200 5426 2407 5491 veniam
2456 5426 2659 5489 scilicet
2703 5430 2900 5501 abyssi,
2930 5428 2985 5501 id
3013 5438 3096 5501 est
3134 5427 3201 5481 ab
3242 5426 3463 5497 abysso,
3504 5426 3681 5481 sicuti

2080 5523 2245 5578 supra
2270 5522 2389 5577 cap.
2424 5507 2511 5572 12,
2540 5498 3014 5573 veniamjejunii.
3044 5498 3183 5555 Pu.
