3980 6144
267 302 373 364 437

1480 311 1607 375 LIB.
1651 315 1720 376 1V
1747 315 1906 377 ADV.
1937 316 2349 382 MARCIONEM.
2378 365 2380 367 .

3454 324 3563 385 438

267 433 477 488 raretur
504 426 562 484 in
591 428 775 530 terris?
805 431 936 504 quia
965 434 1256 493 verisimile
1289 445 1500 494 nonest
1531 439 1846 498 Creatorem
1882 457 1931 538 Α
1960 442 2185 516 initiata,
2217 445 2393 520 legem
2409 421 2740 518 inrumperet
2763 457 2882 501 eam
2899 443 2986 502 cui
3012 444 3192 503 adhuc
3223 450 3559 508 tenebatur?

266 517 565 590 ignorasse.
601 518 660 574 Si
687 519 832 576 enim
859 520 1024 578 alium
1068 541 1233 596 supra
1267 541 1324 583 se
1352 528 1525 587 Deum
1553 529 1849 604 ignorave-

265 617 346 662 rat
370 607 681 681 aliquando,
713 617 896 666 tamen
937 612 1050 682 jam
1075 613 1216 670 infra
1240 615 1439 674 caelum
1465 634 1626 675 suum
1671 636 1851 694 agen-

264 704 391 764 tem,
458 697 645 768 utique
695 710 1074 772 compererat.
1136 701 1291 772 Quod
1347 714 1526 763 autem
1581 709 1848 767 Dominus

261 786 638 858 comperisset,
691 789 806 858 jam
862 800 916 846 et
969 789 1234 849 universae
1300 793 1516 851 familiae
1574 797 1846 855 innotuis-

260 882 344 930 set
399 875 456 930 in
485 875 678 932 eodem
735 878 960 946 mundo,
991 888 1046 936 et
1101 881 1245 938 intra
1274 884 1524 940 eumdem
1581 888 1844 945 ambitum

258 963 396 1031 εαξη,
456 980 564 1037 quo
622 966 908 1040 peregrina
977 968 1237 1026 Divinitas
1291 987 1722 1033 conversaretur.
1784 979 1842 1033 In

254 1060 514 1126 quantum
575 1069 704 1127 ergo
771 1063 827 1112 et
873 1055 1095 1114 Creator
1152 1059 1339 1117 scisset
1393 1078 1532 1127 eam,
1592 1075 1645 1122 et
1702 1067 1840 1124 sub-

254 1142 460 1197 stantia:
515 1145 656 1213 ejus,
716 1143 764 1200 si
836 1144 1053 1211 fuisset;
1113 1147 1170 1204 in
1214 1157 1418 1206 tantum
1494 1153 1619 1224 quia
1691 1155 1842 1212 nulla

255 1229 371 1296 fuit,
413 1246 524 1288 non
569 1232 733 1290 alium
779 1234 1055 1293 daemones
1098 1237 1356 1304 sciebant,
1388 1257 1546 1312 quam
1603 1242 1701 1299 Dei
1757 1245 1841 1300 sui

252 1317 544 1375 Christum.
577 1322 697 1376 Non
743 1321 997 1393 depetunt
1025 1323 1074 1363 39
1111 1326 1177 1380 ab
1205 1326 1332 1392 alio,
1361 1329 1506 1399 quod
1562 1331 1838 1388 meminis-

251 1416 368 1464 sent
422 1410 720 1481 petendum
777 1411 880 1466 sibi
939 1430 970 1468 a
1024 1415 1308 1482 Creatore,
1365 1417 1574 1473 veniam
1632 1420 1844 1478 scilicet

248 1497 430 1569 abyssi
500 1499 792 1556 Creatoris.
878 1502 1120 1574 Denique
1193 1503 1630 1576 impetraverunt.
1720 1508 1841 1578 Quo

248 1586 486 1643 merito?
534 1586 675 1656 Quia
701 1590 908 1645 mentiti
962 1593 1170 1648 erant?
1211 1594 1337 1666 quia
1389 1596 1519 1652 saevi
1546 1599 1643 1655 Dei
1671 1599 1842 1657 ﬁlium

243 1691 364 1732 eum
419 1675 807 1734 fecerant?Et
862 1679 1035 1750 qualis
1078 1681 1201 1747 erit,
1223 1683 1326 1755 qui
1383 1687 1641 1744 mentitos
1682 1689 1845 1759 juva-

243 1764 356 1828 bat,
451 1763 543 1837 qui
631 1764 954 1830 infamautes
1034 1768 1398 1827 sustinebat?
1490 1774 1596 1830 Sed
1669 1777 1834 1845 enim,

253 1851 378 1923 quia
452 1853 660 1910 mentiti
741 1869 851 1912 non
912 1864 1086 1925 erant,
1167 1858 1298 1930 quia
1372 1861 1543 1919 Deum
1656 1866 1840 1937 abyssi

255 1950 310 1995 et
373 1956 527 1996 suum
587 1954 975 2015 cognoverant,
1038 1945 1112 1999 ita
1171 1961 1298 2003 eum
1327 1964 1385 2005 se
1437 1959 1492 2006 et
1537 1950 1654 2021 ipse
1709 1969 1840 2010 con-

247 2026 485 2084 ﬁrmavit
536 2046 695 2102 quem
769 2033 1215 2107 adcognoverunt
1272 2037 1322 2074 4ο
1394 2037 1689 2113 daemones,
1752 2044 1839 2099 Je-

1959 532 2081 604 Qua
2097 535 2335 608 denique
2381 534 2489 593 ﬁde
2518 533 2762 606 inrupit?
2791 532 2850 589 in
2877 549 3040 604 quem
3086 535 3258 593 Deum
3285 539 3512 598 credens
3531 541 3560 596 τ

1955 639 2115 696 quem
2139 640 2401 697 Spernens
2419 630 2448 683 ?
2474 624 2783 682 Creatorem
2799 621 3004 694 {Certe
3023 623 3170 678 enim
3199 639 3265 680 ex
3291 625 3398 684 ﬁde
3434 630 3562 686 teti-

1955 710 2053 783 git.
2095 711 2150 768 Si
2187 728 2253 768 ex
2273 713 2379 770 ﬁde
2407 713 2690 779 Creatoris,
2717 727 2842 783 quae
2861 710 3026 766 alium
3047 712 3220 767 Deum
3249 713 3555 787 ignorabat,

1955 807 2008 856 et
2035 802 2308 872 quomodo
2339 801 2513 875 legem
2561 803 2682 872 ejus
2707 800 2952 872 inrupit?
2974 801 3106 856 Tam
3135 801 3278 856 enim
3332 803 3558 876 inrupit,

1953 887 2001 942 si
2029 888 2252 962 inrupit,
2287 905 2450 962 quam
2478 905 2545 948 ex
2589 889 2694 946 ﬁde
2745 888 3038 945 Creatoris.
3068 886 3354 956 Quomodo
3413 890 3558 947 enim

1952 987 2239 1051 utrumque
2284 979 2590 1045 conveniet,
2659 987 2721 1034 ut
2780 985 2836 1032 et
2890 977 3169 1049 inruperit,
3227 987 3284 1034 et
3327 993 3398 1034 ex
3451 977 3558 1036 ﬁde

1952 1084 2069 1124 eam
2128 1067 2410 1141 inruperit,
2467 1075 2688 1139 propter
2741 1080 2902 1139 quam
2985 1065 3256 1136 inrupisse
3290 1081 3401 1123 non
3454 1067 3559 1124 de-

1951 1155 2117 1216 buit?
2173 1156 2379 1212 Dicam.
2426 1155 2586 1211 Fides
2643 1155 2760 1211 haec
2819 1152 2918 1209 fuit
2967 1153 3168 1225 primo,
3211 1171 3322 1226 qua
3381 1155 3556 1215 Deum

1949 1263 2106 1304 suum
2202 1244 2507 1302 conﬁdebat
2598 1241 3023 1300 misericordiam
3131 1242 3296 1317 malle
3389 1262 3556 1320 quam

1948 1335 2123 1408 ipsum
2196 1332 2542 1399 sacriﬁcium,
2588 1347 2695 1404 qua
2765 1347 2888 1388 eum
2962 1331 3137 1388 Deum
3210 1341 3366 1390 certa
3437 1343 3556 1392 erat

1949 1423 2161 1497 Operari
2211 1423 2266 1480 in
2322 1421 2557 1490 Christo,
2605 1435 2710 1493 qua
2771 1419 2851 1477 sic
2897 1435 3025 1488 eum
3083 1420 3289 1495 tetigit,
3329 1438 3440 1481 non
3493 1433 3557 1482 ut

1950 1513 2224 1569 hominem
2277 1519 2544 1579 sanctum,
2575 1525 2678 1567 nec
2713 1519 2775 1567 ut
2809 1509 3154 1582 prophetam,
3215 1525 3376 1582 quem
3422 1527 3554 1568 con-

1953 1600 2322 1658 taminabilem
2352 1615 2451 1672 pro
2489 1600 2726 1655 humana
2776 1598 3074 1656 substantia
3101 1599 3264 1656 sciret
3297 1617 3313 1670 ;
3355 1600 3450 1656 sed
3497 1610 3556 1656 ut

1953 1693 2128 1764 ipsum
2183 1690 2378 1755 Deum,
2419 1702 2581 1760 quem
2664 1687 2816 1742 nulla
2882 1687 3143 1757 spurcitia
3196 1689 3367 1759 pollui
3395 1703 3556 1760 posse

1953 1784 2390 1852 praesumpserat.
2474 1778 2663 1849 Itaque
2745 1790 2854 1831 non
2927 1783 3130 1831 temere
3201 1775 3557 1847 interpretata

1948 1877 2030 1927 est
2085 1867 2188 1925 sibi
2233 1869 2428 1938 legem,
2453 1880 2516 1921 ea
2542 1861 2900 1921 contaminari
2965 1862 3380 1935 signiﬁcantem,
3433 1879 3555 1935 quae

1945 1965 2128 2015 essent
2146 1952 2606 2018 contaminabilia,
2636 1967 2746 2009 non
2790 1952 2984 2021 Deum,
3013 1966 3178 2024 quem
3228 1950 3282 2006 in
3336 1951 3554 2010 Christo

1945 2045 2271 2103 conﬁdebat.
2303 2043 2413 2100 Sed
2443 2053 2498 2100 et
2534 2041 2668 2096 illud
2722 2039 3038 2112 recogitavit
3060 2079 3076 2106 ,
3133 2039 3460 2096 ordinarium
3500 2048 3557 2097 et

238 2132 358 2171 sum
395 2118 644 2186 judicem
683 2129 739 2174 et
781 2122 976 2177 ultoris
1030 2123 1130 2178 Dei
1179 2125 1394 2181 Filium.
1451 2128 1592 2185 Ecce
1636 2131 1837 2204 aliquid
1874 2115 1918 2193 Β
1949 2134 2246 2193 solemnem
2295 2130 2562 2189 menstrui
2589 2129 2670 2186 vel
2698 2129 2962 2201 partualis
3007 2129 3291 2200 sanguinis
3347 2129 3552 2186 ﬂuxum

235 2215 290 2260 et
319 2206 392 2260 de
443 2206 555 2262 illis
586 2209 966 2278 pusillitatibus
1011 2220 1067 2267 et
1114 2211 1515 2273 inﬁrmitatibus
1579 2219 1853 2287 Creatoris
1957 2225 2012 2280 in
2042 2225 2164 2296 lege
2194 2223 2384 2290 taxari,
2419 2222 2509 2293 qui
2533 2219 2713 2276 veniat
2743 2234 2810 2274 ex
2838 2217 3014 2275 ofﬁcio
3062 2230 3287 2285 naturae,
3319 2233 3429 2284 non
3483 2236 3550 2277 ex

235 2293 288 2348 in
323 2295 570 2351 Christo.
638 2296 1003 2371 ignorantiam
1031 2300 1174 2355 enim
1202 2310 1257 2357 et
1301 2318 1406 2375 ego
1455 2306 1766 2366 adscribere
1796 2310 1844 2366 ei

1954 2312 2083 2372 vitio
2146 2309 2489 2368 valetudinis.
2547 2307 2640 2364 Illa
2697 2316 2875 2364 autem
2926 2323 3000 2362 ex
3045 2307 3174 2363 vitio
3231 2307 3553 2364 valetudinis

234 2385 376 2438 volo.
432 2383 738 2440 Permittite
778 2385 905 2441 mihi
963 2389 1226 2446 adversus
1278 2391 1612 2452 haereticum.
1647 2398 1848 2471 Tangi-
1954 2397 2312 2461 redundabat,
2351 2395 2440 2452 cui
2483 2410 2595 2451 non
2624 2392 2845 2450 modum
2883 2391 3169 2464 temporis,
3201 2391 3296 2448 sed
3349 2391 3551 2450 divinae

238 2480 322 2526 tur
358 2488 392 2524 a
443 2471 647 2527 femina
683 2490 803 2544 quae
849 2476 1112 2546 sanguine
1165 2477 1408 2537 fluitabat
1452 2483 1588 2555 (76),
1647 2493 1700 2540 et
1743 2504 1843 2544 ne-

235 2560 386 2617 scivit
416 2576 450 2615 a
473 2577 602 2632 qua.
642 2563 772 2632 Quis
808 2581 917 2632 me,
971 2565 1158 2636 inquit,
1192 2571 1430 2642 tetigit?
1457 2573 1633 2631 Etiam
1681 2592 1836 2634 excu-

239 2650 486 2707 santibus
528 2651 826 2724 discipulis,
860 2666 1172 2725 perseverat
1216 2659 1270 2713 in
1327 2660 1642 2734 ignorantia:
1679 2681 1837 2733 voce.

248 2741 444 2812 Tetigit
487 2756 578 2797 me
607 2742 847 2814 aliquis;
877 2743 1040 2817 idque
1094 2746 1161 2802 de
1199 2760 1522 2821 argumento
1553 2753 1789 2813 afﬁrmat
1820 2774 1834 2812 :

241 2830 400 2886 Sensi
431 2830 589 2884 enim
634 2833 905 2889 virtutem
937 2848 1009 2889 ex
1038 2850 1128 2890 me
1173 2841 1505 2909 profectam.
1537 2841 1677 2910 Quid
1709 2845 1839 2900 dicit

240 2917 572 2973 haereticus?
627 2919 902 2976 sciebatne
977 2926 1308 2990 personam?
1363 2928 1432 2982 Et
1496 2943 1597 2987 cur
1679 2933 1832 3002 quasi

236 3007 498 3078 ignorans
535 3007 904 3078 loquebatur?
961 3010 1031 3066 Ut
1059 3011 1454 3070 confessionem
1486 3027 1629 3074 certe
1663 3018 1830 3077 408

237 3106 580 3166 provocarat,
622 3107 679 3153 ut
726 3097 971 3155 timorem
1001 3102 1272 3171 probaret.
1306 3104 1395 3159 Sic
1426 3113 1482 3160 et
1518 3106 1693 3162 Adam
1732 3109 1830 3165 ali-

231 3185 452 3257 quando
481 3186 783 3257 quiesierat,
813 3190 964 3258 quasi
1012 3189 1310 3262 ignorans:
1362 3194 1541 3250 Adam
1579 3195 1675 3252 ubi
1712 3213 1770 3254 es
1804 3204 1827 3255 ζ)

234 3277 401 3345 (Gen.
431 3288 515 3339 tu,
551 3275 627 3346 9).
658 3276 840 3331 Habes
869 3284 924 3332 et
963 3277 1275 3335 Creatorem
1299 3295 1427 3336 cum
1481 3281 1694 3339 Christo
1734 3302 1836 3342 ex-

234 3374 510 3428 cusatum,
545 3372 599 3419 et
638 3365 908 3421 Christum
957 3367 1197 3423 Creatori
1236 3369 1600 3442 adaequatum.
1647 3373 1753 3430 Sed
1783 3381 1837 3429 et

232 3454 351 3518 hoc,
388 3453 484 3524 qui
513 3453 563 3492 *ι
590 3453 930 3510 adversarius
950 3456 1124 3529 legis;
1161 3466 1220 3513 ut
1250 3459 1376 3533 quia
1403 3459 1486 3516 lex
1526 3476 1557 3516 a
1585 3469 1833 3519 contactu

1951 2485 2336 2544 misericordim
2384 2483 2640 2541 auxilium
2701 2479 3062 2537 necessarium
3103 2479 3320 2537 sciebat.
3375 2483 3552 2555 Atque

1949 2576 2023 2634 ita
2052 2581 2229 2648 potest
2255 2573 2421 2631 videri
2451 2573 2500 2612 ’³³
2541 2573 2718 2645 legem
2756 2585 2867 2626 non
2904 2570 3198 2642 inrupisse,
3227 2568 3324 2624 sed
3351 2569 3551 2626 distin-

1949 2665 2118 2721 xisse.
2151 2665 2278 2721 Haec
2321 2663 2423 2720 erit
2475 2661 2628 2727 ﬁdes,
2661 2676 2780 2731 quae
2837 2658 3140 2716 contulerat
3184 2658 3347 2714 etiam
3396 2658 3553 2715 intel-

1947 2753 2186 2810 lectum:
2220 2753 2345 2811 Nisi
2371 2749 2754 2819 credideritis,
2796 2748 2971 2820 inquit
3005 2749 3135 2818 (Isa.
3158 2748 3279 2817 vn),
3311 2764 3428 2806 non
3451 2751 3544 2805 in-

1947 2845 2230 2915 telligetis.
2254 2846 2408 2899 Hanc
2445 2842 2604 2899 ﬁdem
2637 2840 2875 2911 probans
2899 2837 3142 2895 Christus
3168 2839 3286 2907 ejus
3311 2837 3546 2906 feminae,

1943 2946 2065 3001 quae
2093 2932 2265 2987 solum
2293 2931 2546 2988 credebat
2588 2928 2760 2986 409
2788 2930 3099 2986 Creatorem
3119 2967 3138 2994 ,
3177 2927 3299 2997 ejus
3325 2926 3451 2986 ﬁdei
3491 2943 3551 2984 se

1941 3019 2116 3076 Deum
2145 3018 2440 3089 respondit,
2469 3033 2632 3089 quam
2661 3017 2930 3088 probavit.
2961 3018 3076 3074 Nec
3121 3014 3253 3073 illud
3274 3017 3544 3089 omittam,

1940 3107 2088 3178 quod
2117 3107 2249 3162 dum
2296 3105 2536 3176 tangitur
2584 3105 2966 3162 vestimentum
3029 3106 3170 3174 ejus,
3202 3104 3388 3179 utique
3427 3122 3551 3163 cor-

1937 3195 2078 3266 pori,
2120 3210 2227 3250 non
2275 3191 2654 3266 phantasmati,
2688 3192 2917 3248 inditum
2963 3206 3164 3262 corpus
3204 3208 3422 3266 quoque
3450 3195 3546 3250 de-

1948 3284 2370 3348 monstrabatur;
2403 3297 2518 3338 non
2565 3281 2720 3353 quasi
2745 3281 2856 3351 jam
2903 3281 2971 3335 de
3018 3281 3122 3336 hoc
3171 3287 3545 3348 retractemus,

1944 3371 2041 3426 sed
2070 3372 2195 3443 quia
2235 3371 2303 3427 ad
2344 3382 2667 3442 praesentem
2722 3370 2997 3440 conspirat
3050 3368 3423 3441 quaestionem.
3486 3372 3545 3427 Si

1944 3460 2090 3516 enim
2119 3476 2231 3516 non
2259 3471 2374 3518 erat
2417 3460 2614 3517 veritas
2660 3457 2944 3526 corporis,
2995 3459 3318 3529 phantasma
3359 3458 3546 3531 utique

235 3541 454 3597 feminae
485 3543 858 3614 sanguinantis
893 3545 1178 3604 submovet
1216 3548 1351 3617 (‘77),
1384 3548 1585 3606 idcirco
1629 3551 1832 3623 gestie-
1863 3536 1906 3615 Β
1935 3549 2310 3617 contaminari,
2361 3565 2468 3622 qua
2514 3563 2601 3604 res
2639 3563 2826 3616 vacua,
2874 3561 2982 3602 non
3012 3556 3218 3620 posset.
3252 3545 3356 3616 Qui
3410 3563 3544 3620 ergo

235 3631 301 3687 rit
360 3646 474 3688 non
532 3638 736 3688 tantum
791 3640 1094 3689 contactum
1169 3635 1291 3704 ejus
1371 3637 1677 3706 admittere,
1733 3640 1834 3695 sed

238 3720 396 3774 etiam
437 3722 724 3776 sanitatem
760 3720 985 3779 donare.
1025 3720 1072 3778 Ο
1109 3722 1282 3778 Deum
1310 3740 1420 3781 non
1450 3735 1636 3782 natura
1674 3727 1834 3785 bene-

242 3806 417 3874 ﬁcum,
450 3808 549 3864 sed
577 3809 918 3866 aemulatione
951 3809 964 3867 !
997 3810 1070 3864 At
1103 3811 1246 3867 enim
1275 3812 1324 3867 si
1371 3812 1532 3870 ﬁdem
1587 3816 1838 3873 mulieris

246 3894 549 3954 invenimus
596 3897 670 3953 ita
704 3899 989 3967 meruisse,
1021 3913 1142 3954 cum
1198 3899 1327 3957 dicit
1372 3923 1384 3960 :
1429 3903 1590 3963 Fides
1632 3910 1731 3964 tua
1784 3914 1837 3965 te

249 3986 457 4042 salvam
489 3989 651 4057 fecit,
681 3986 772 4058 qui
799 4003 858 4044 es
897 3994 955 4042 ut
984 3988 1379 4047 aemulationem
1409 3992 1545 4064 legis
1590 3995 1704 4067 (78)
1752 3995 1836 4051 in-

253 4076 555 4146 terpreteris
609 4075 668 4130 in
711 4076 813 4131 isto
868 4075 1028 4142 facto,
1088 4079 1232 4149 quod
1281 4078 1396 4150 ipse
1449 4082 1711 4139 Dominus
1768 4101 1832 4143 ex

254 4159 376 4218 ﬁdei
428 4163 860 4221 remuneratione
911 4165 1119 4222 editum
1177 4169 1464 4226 ostendit?
1517 4171 1626 4226 Sed
1696 4173 1834 4232 hanc

259 4250 339 4306 vis
411 4253 652 4310 mulieris
706 4252 865 4310 ﬁdem
954 4256 1295 4328 constituet,
1369 4275 1474 4331 qua
1549 4267 1831 4335 contemp-

257 4353 393 4398 serat
457 4345 648 4418 legem.
707 4344 778 4400 Et
831 4343 918 4401 cui
982 4345 1260 4412 credibile,
1340 4355 1398 4404 ut
1449 4348 1645 4405 mulier
1699 4351 1830 4407 nul-

253 4428 355 4487 lius
381 4435 552 4493 adhuc
573 4432 673 4490 Dei
725 4435 963 4506 conscia,
1003 4437 1201 4495 nullius
1229 4437 1404 4495 adhuc
1431 4453 1586 4496 novae
1614 4439 1754 4513 legis
1781 4443 1830 4481 4³

1945 3655 2054 3698 non
2085 3647 2267 3712 potest
2300 3637 2674 3708 contaminari,
2725 3653 2835 3707 prae
2891 3636 3152 3693 inanitate
3203 3637 3540 3704 substantiae,

1941 3731 2214 3802 quomodo
2241 3727 2545 3787 voluisset?
2565 3727 2634 3784 Ut
2661 3726 2889 3784 aemulus
2916 3726 3054 3800 legis
3076 3725 3438 3784 mentiebatur
3453 3727 3546 3800 qui

1943 3835 2054 3876 non
2083 3834 2210 3876 vere
2245 3817 2615 3892 polluebatur.

2526 3904 2755 3965 CAPUT
2793 3906 2952 3964 XXI.

2012 3999 2267 4055 Dimittit
2337 3996 2636 4071 discipulos
2692 3996 2765 4052 ad
2819 3995 3252 4069 praedicandum
3308 3998 3408 4054 Dei
3448 4011 3544 4054 re-

1940 4103 2116 4159 gnum
2168 4087 2321 4157 (Luc.
2356 4087 2456 4156 Ix).
2487 4083 2761 4155 Numquid
2812 4083 2892 4169 vel
2946 4082 3034 4139 hic
3081 4083 3272 4150 edidit,
3340 4082 3545 4153 cujus?

1938 4175 2193 4231 Prohibet
2221 4188 2316 4231 eos
2343 4172 2506 4229 victui
2537 4178 2634 4228 aut
2672 4170 2894 4227 vestitui
2923 4171 3053 4242 quid
3101 4171 3155 4226 in
3186 4172 3323 4226 viam
3355 4170 3544 4228 ferre?

1940 4263 2076 4334 Quis
2103 4264 2209 4318 hoc
2234 4260 2594 4318 mandasset?
2613 4259 2821 4331 nisiqui
2840 4268 2893 4315 et
2912 4275 3104 4317 corvos
3133 4258 3236 4315 alit
3261 4260 3328 4325 4⁸,
3362 4267 3415 4316 et
3443 4258 3542 4315 flo-

1939 4370 2026 4411 res
2036 4353 2150 4426 agri
2170 4351 2352 4417 vestit,
2373 4349 2464 4422 qui
2485 4349 2613 4406 bovi
2648 4363 2868 4422 quoque
2888 4349 3083 4405 terenti
3110 4347 3409 4430 libertatem
3430 4348 3542 4406 oris

1936 4444 2126 4513 (Deut.
2159 4454 2291 4507 xxv,
2321 4440 2376 4510 4)
2403 4436 2588 4510 4⁵(79)
2616 4437 2684 4492 ad
2737 4435 2949 4493 veniam
3008 4435 3197 4509 pabuli
3252 4452 3318 4493 ex
3374 4452 3542 4509 opere

1609 4567 1798 4632 Variae
1839 4572 2153 4634 lectiones.

314 4691 547 4773 39E.’n_i_m_
561 4703 815 4773 peterent
851 4698 1132 4773 Wouiv._"°
1160 4698 1542 4773 Cognoverunt
1569 4702 1728 4758 Pam.
1761 4703 1807 4742 ιιι
1837 4700 1958 4770 Qua
1987 4702 2120 4759 Jun.
2170 4699 2221 4739 ¹ι²
2248 4695 2583 4773 Nulli...legi
2624 4695 2746 4754 eod.
2797 4696 2998 4754 Wouw.
3033 4694 3084 4734 4³
3121 4693 3306 4751 Videri
3344 4693 3541 4752 omitt.

254 4763 414 4824 Seml.
445 4767 494 4806 ιι
514 4763 668 4824 Pavit
713 4767 934 4827 Oberth.
962 4769 1011 4807 ’⁸⁵
1040 4763 1300 4828 Sumendi
1328 4771 1450 4830 cod.
1490 4774 1689 4832 Wouw.

1639 4873 2142 4937 Commentarius.

313 4973 425 5042 ('76)
446 4973 483 5029 Α
514 4974 734 5046 femina
763 4989 886 5046 qua:
912 4977 1184 5046 sanguine
1202 4975 1488 5046 ﬂuitabat.
1517 4977 1604 5035 Sic
1636 4978 1828 5036 Hiero-

238 5059 450 5115 nymus,
500 5043 659 5115 epist.
697 5043 792 5098 13'!
866 5045 939 5102 ad
967 5043 1237 5111 Ruﬁnum
1290 5047 1423 5102 dixit
1459 5070 1482 5098 α
1539 5051 1824 5108 mulierem

233 5113 486 5188 ﬂuentem
515 5113 809 5188 sanguine;
841 5137 864 5166 ‹‹
895 5125 950 5174 et
970 5116 1126 5186 epist.
1155 5119 1338 5173 128αὰ
1356 5121 1640 5179 Fabiolam
1662 5143 1680 5178 :

300 5187 502 5258 Siquis
539 5203 568 5242 e
607 5187 979 5244 sacerdotibus
1007 5188 1214 5244 semine
1255 5189 1492 5247 ﬂuxerit.
1529 5213 1552 5242 ι
1586 5195 1714 5251 Rm.

299 5261 485 5333 (Τηᾼ
515 5262 784 5333 contactu
811 5263 1041 5333 femina:
1088 5263 1490 5333 sanguinantis
1519 5267 1824 5332 submovet,

223 5329 580 5409 etc._Alludit
612 5331 678 5385 ad
708 5329 839 5409 illud
867 5330 1037 5409 Levit.
1065 5329 1313 5409 etvfsub
1332 5332 1528 5409 ﬁnem
1549 5352 1662 5409 cap.
1700 5329 1828 5394 Haec

219 5407 308 5458 est
341 5402 456 5468 lex,
482 5411 586 5474 etc.
609 5405 1032 5474 sanguinantis,
1062 5405 1117 5460 id
1139 5413 1238 5468 est,
1269 5405 1343 5459 uti
1375 5405 1435 5461 Β.
1468 5402 1828 5474 Hieronymus

217 5491 343 5547 quae
377 5464 584 5551 iugiter
613 5464 738 5551 ﬂuit
758 5464 1358 5551 sangu_ine:,_37_iulieri_s,
1381 5493 1492 5551 pro
1514 5494 1621 5551 quo
1657 5464 1826 5551 hodie

220 5545 512 5621 perperam
539 5545 760 5621 legitur
795 5545 936 5621 apud
975 5547 1124 5604 LXX
1167 5565 1196 5621 εξ
1231 5548 1326 5601 Καὶ
1372 5545 1409 5599 ὁ-
1439 5545 1726 5621 γονὸρῤυὴς,
1772 5550 1826 5621 id

214 5630 299 5676 est
361 5617 744 5681 seminitlu‘us;
806 5619 896 5674 sed
945 5619 1300 5691 repetendum
1378 5617 1465 5674 ml
1641 5617 1825 5693 αἱμορο

1939 4980 2139 5056 ῥοοῠση,
2180 4977 2345 5056 idest
2373 4972 2768 5056 sanguiniilum,
2827 4986 3006 5056 neque
3039 4970 3183 5028 enim
3239 4972 3352 5056 egit
3395 4973 3541 5056 dicto

1937 5043 2057 5120 cap.
2087 5043 2159 5106 'de
2199 5049 2397 5126 femina
2437 5043 2756 5126 seminiﬁua,
2814 5043 2933 5126 sed'
2958 5043 3075 5101 viro
3121 5043 3448 5126 seminiﬁuo,
3487 5053 3541 5101 et

1935 5116 2161 5178 muliere
2186 5121 2574 5203 sanguinante
2625 5116 2740 5172 dies
2777 5116 2982 5188 plures,
3037 5130 3147 5172 non
3176 5116 3234 5172 in
3289 5124 3537 5189 tempore

1939 5191 2507 5270 menstruisui._lfal.
2635 5261 2647 5270 _
2727 5261 2738 5270 _
2877 5265 2886 5270 Α
3004 5259 3050 5270 __
3150 5258 3162 5270 _
3207 5259 3240 5270 Α

2011 5261 2810 5343 (flatilimulationemlegisn
2839 5265 2943 5343 etc.
2988 5258 3404 5343 Emulationem
3445 5275 3540 5340 ao-

1938 5331 2066 5408 cipit
2094 5331 2180 5392 hic
2235 5350 2334 5406 pro
2381 5331 2751 5419 adversatione
2797 5331 2965 5403 legis;
3015 5345 3142 5386 nam
3175 5331 3336 5454 paulo
3382 5331 3535 5409 prius

1940 5408 2169 5464 habetur
2197 5409 2552 5464 adversarius
2585 5405 2740 5468 legis,
2790 5411 2843 5458 et
2866 5402 2966 5456 sub
2993 5399 3154 5457 ﬁnem
3199 5415 3349 5468 lnjus
3392 5415 3534 5468 capi-

1940 5408 2169 5464 habetur
2197 5408 2552 5464 adversarius
2585 5408 2740 5476 legis,
2790 5411 2843 5458 et
2866 5408 2966 5456 sub
2993 5408 3154 5457 tinem
3179 5408 3349 5480 hujus
3388 5408 3528 5481 capi-

1943 5480 2008 5534 tis
2035 5479 2302 5554 (Pmulus_
2332 5479 2466 5549 legis
2496 5475 2721 5554 _eod_em
2777 5474 2937 5554 modo
2963 5487 3073 5542 quo
3111 5470 3329 5554 Plinius
3348 5470 3485 5554 dum
3515 5488 3528 5524 :

1949 5571 1973 5601 «
2009 5551 2214 5607 Emula
2273 5542 2457 5605 Romae
2487 5547 2776 5610 Carthago,
2835 5544 2929 5597 lib.
2960 5558 3049 5611 xv,
3100 5555 3221 5610 cap.
3263 5543 3352 5596 18.
3389 5542 3531 5598 Pan.

2017 5624 2130 5692 (79)
2170 5617 2250 5678 Ad
2279 5620 2505 5677 veniam
2517 5618 2716 5691 pabuli
2733 5630 2804 5672 ex
2823 5627 2988 5686 opere
3005 5611 3386 5670 submovendi.
3404 5613 3539 5672 Sb-u
