4018 6192
450 358 555 418 489

1139 362 1581 429 TERTULLIANI
1612 366 1889 430 OPERUM
1926 366 2097 431 PARS
2122 369 2203 431 rll.
2242 401 2314 414 -—-
2351 367 2581 431 SEBIES
2620 371 2661 441 Ι,
2694 370 3044 434 POLBMIGA.

3633 378 3744 439 440

447 479 800 538 submovendi
836 492 961 540 ante
998 486 1253 555 praecedit
1282 507 1296 543 :
1346 491 1473 561 quia
1502 494 1705 565 dignus
1748 497 2041 567 operarius
2072 513 2117 591 Α
2152 503 2326 566 potest
2353 511 2462 553 non
2505 511 2631 552 eum
2669 498 2715 536 ⁵⁷
2746 497 2979 556 sensisse
3005 497 3300 569 Christum,
3327 500 3432 558 nisi
3460 517 3618 575 quem
3646 520 3747 562 no-

448 579 700 637 mercede
727 596 854 637 sua.
885 582 1011 638 Haec
1045 584 1279 643 Marcion
1308 587 1505 659 deleat,
1524 590 1651 647 dum
1678 592 1864 648 sensui
1894 591 2040 648 salva

444 667 575 723 sint.
607 669 677 724 At
728 685 851 725 cum
896 672 1049 742 jubet
1086 674 1365 746 pulverem
1410 691 1663 736 excutere
1689 680 1756 736 de
1809 680 2040 753 pedibus

446 754 500 808 in
529 771 624 813 eos
643 770 675 810 a
701 758 903 830 quibus
923 762 1129 833 excepti
1159 778 1267 820 non
1296 764 1540 835 fuissent,
1572 776 1627 825 et
1668 770 1771 826 hoc
1799 768 1853 823 in
1884 768 2039 825 testi-

447 846 687 902 monium
719 850 934 904 mandat
960 849 1116 919 ﬁeri;
1157 868 1313 908 nemo
1352 864 1599 923 testatur,
1637 860 1781 929 quod
1812 872 1916 914 non
1944 859 2035 929 ju-

446 934 588 991 dicio
620 936 945 1004 destinatur;
977 940 1419 999 inhumanitatem
1451 946 1545 1015 qui
1599 947 1653 1001 in
1696 948 2037 1004 testationem

448 1023 617 1098 redigi
659 1027 831 1097 jubet,
888 1029 1125 1099 judicem
1182 1034 1559 1090 comminatur.
1607 1036 1821 1091 Nullum
1876 1037 2037 1092 deum

446 1127 647 1169 novum
675 1131 707 1171 a
737 1118 950 1174 Christo
984 1120 1273 1190 probatum
1326 1122 1423 1178 illa
1477 1126 1639 1179 etiam
1688 1126 1873 1197 Opinio
1916 1142 2037 1181 om-

445 1203 592 1258 nium
621 1205 935 1275 declaravit,
977 1209 1100 1279 quia
1159 1210 1435 1268 Christum
1463 1213 1676 1285 Jesum,
1733 1214 1823 1270 alii
1878 1215 2041 1269 Joan-

445 1308 589 1358 nem,
620 1294 711 1350 alii
768 1295 995 1365 Heliam,
1029 1298 1116 1352 alii
1164 1316 1327 1355 unum
1374 1301 1604 1371 aliquem
1661 1318 1724 1357 ex
1773 1304 2043 1359 veteribus

444 1384 723 1455 prOphetis
753 1384 953 1441 Herodi
984 1388 1377 1444 asseverabant.
1435 1391 1516 1445 Ex
1573 1390 1772 1462 quibus
1814 1391 2045 1462 quicun-

444 1487 549 1544 que
597 1472 803 1540 fuisset,
864 1489 973 1530 non
1002 1477 1191 1549 utique
1221 1479 1290 1533 ob
1346 1478 1448 1534 hoc
1476 1488 1558 1534 est
1612 1481 1925 1545 suscitatus,
1986 1491 2043 1537 ut

443 1562 610 1617 alium
640 1562 803 1617 deum
834 1573 955 1633 post
982 1566 1439 1623 resurrectionem
1470 1568 1807 1639 praedicaret.
1868 1569 2046 1624 Pascit

445 1652 703 1723 populum
734 1652 787 1707 in
815 1653 1120 1721 solitudine,
1157 1656 1225 1712 de
1255 1658 1484 1725 pristino
1501 1657 1883 1714 scilicetmore
1904 1658 2042 1729 (80).

445 1744 551 1796 Aut
579 1740 625 1795 si
654 1758 759 1797 non
807 1743 995 1799 eadem
1024 1753 1076 1800 et
1104 1746 1154 1784 ἀδ
1184 1746 1458 1815 majestas,
1537 1763 1669 1817 ergo
1693 1746 1807 1815 jam
1867 1747 2046 1803 minor

442 1838 525 1885 est
565 1831 837 1893 Creatore,
870 1833 960 1904 qui
1008 1848 1116 1889 non
1157 1850 1264 1891 uno
1292 1834 1396 1900 die,
1454 1834 1544 1891 sed
1596 1836 1751 1891 annis
1804 1837 2044 1908 quadra-

2148 594 2301 642 verat
2327 586 2382 640 in
2442 588 2755 659 Scripturis,
2781 604 2945 660 quem
2969 591 3080 659 jam
3121 594 3437 649 recensebat
3467 592 3522 649 in
3548 594 3732 652 factis.

2147 674 2261 730 Hoc
2299 683 2354 731 et
2390 675 2507 746 ipse
2538 676 2822 734 conﬁrmat
2849 695 3020 751 usque
3047 680 3220 736 adhuc
3260 681 3494 752 patiens,
3524 681 3634 739 imo
3690 695 3747 740 et

2148 763 2423 820 silentium
2452 764 2714 822 indicens.
2732 766 2789 822 Si
2820 767 2963 822 enim
3004 768 3199 824 Petrus
3228 768 3446 842 quidem
3472 786 3581 828 non
3636 787 3741 843 po-

2150 860 2287 908 terat
2314 853 2481 909 alium
2517 870 2641 911 eum
2670 854 2935 921 conﬁteri,
2976 872 3136 929 quam
3166 859 3442 916 Creatoris
3475 878 3488 915 :
3521 858 3615 918 ille
3641 878 3748 917 au-

2150 950 2256 997 tem
2296 944 2574 1015 praecepit,
2606 961 2673 1001 ne
2703 945 2793 1001 cui
2838 946 2945 1002 hoc
2984 946 3189 1003 diceret
3221 966 3235 1013 ;
3266 948 3451 1021 utique
3482 949 3535 1005 id
3574 951 3751 1007 noluit

2149 1033 2463 1105 provulgari
2510 1034 2578 1100 ⁵⁸,
2621 1036 2766 1105 quod
2812 1036 3002 1090 Petrus
3049 1047 3314 1094 senserat.
3352 1039 3484 1105 Imo,
3541 1038 3746 1112 inquis,

2147 1123 2273 1194 quia
2310 1138 2419 1179 non
2451 1130 2591 1179 recte
2646 1134 2910 1189 senserat,
2965 1123 3137 1180 noluit
3194 1125 3531 1183 mendacium
3568 1127 3748 1183 disse-

2150 1210 2363 1265 minari.
2388 1210 2492 1266 Sed
2540 1210 2703 1266 aliam
2754 1211 2955 1267 silentii
3016 1228 3261 1269 caussam
3307 1213 3475 1270 edixit
3531 1233 3545 1271 :
3609 1217 3751 1284 Quia

2151 1305 2434 1373 oporteret
2456 1301 2667 1356 Filium
2699 1301 2943 1357 hominis
2963 1303 3153 1358 multa
3180 1305 3306 1375 pati
3332 1307 3387 1359 et
3408 1305 3695 1376 reprobari
3716 1325 3754 1364 α

2150 1390 2483 1463 presbyteris
2496 1390 2755 1447 etscribis
2771 1395 2825 1445 et
2844 1391 3225 1449 sacerdotibus
3244 1392 3378 1463 (84),
3400 1399 3451 1450 et
3472 1396 3727 1464 interﬁci
3737 1441 3751 1461 ,

2151 1484 2341 1551 etpost
2373 1479 2610 1535 tertium
2638 1480 2789 1537 diem
2812 1496 3124 1551 resurgere.
3148 1479 3283 1549 Quae
3312 1497 3433 1538 cum
3466 1483 3754 1556 praedicata

2151 1568 2260 1623 sint
2286 1578 2339 1622 et
2373 1568 2489 1639 ipsa
2534 1568 2590 1622 in
2636 1569 2910 1624 Christum
2967 1570 3254 1635 Creatoris,
3287 1572 3427 1627 sicut
3464 1570 3577 1627 suis
3616 1571 3751 1630 locis

2152 1657 2517 1728 implebimus,
2548 1658 2625 1714 sic
2666 1674 2884 1731 quoque
2912 1658 3091 1730 ipsum
3137 1675 3198 1715 se
3253 1660 3494 1716 ostendit
3522 1675 3660 1726 esse,
3696 1663 3751 1716 in

2149 1762 2316 1817 quem
2346 1745 2798 1817 praedicabantur.
2831 1744 2989 1801 Certe
3034 1746 3135 1802 etsi
3168 1760 3277 1803 non
3327 1757 3510 1804 essent
3562 1750 3759 1820 praedi-

2160 1843 2295 1901 cata,
2327 1849 2444 1890 eam
2482 1849 2696 1890 causam
2752 1834 2940 1890 indicti
2970 1834 3164 1891 silentii
3197 1836 3419 1907 protulit
3472 1853 3594 1909 qua:
3646 1854 3757 1895 non

445 1920 611 1990 ginta,
644 1936 744 1976 nec
762 1920 831 1976 de
861 1903 1206 1979 inferioribus
1262 1924 1497 1982 materiis
1536 1925 1691 1997 panis
1757 1903 1837 1981 ει-
1869 1924 2048 1997 piscis,
2086 1903 2129 1981 Β
2162 1923 2304 1978 Petri
2335 1937 2573 1981 errorem
2612 1923 3005 1979 demonstraret
3062 1922 3131 1991 59,
3161 1903 3528 1981 obeundarum
3554 1927 3761 1997 passio-

444 2008 539 2064 sed
570 2008 637 2065 de
667 2026 867 2088 manna
891 2011 1117 2077 ccelesti,
1145 2029 1245 2070 nec
1272 2014 1509 2087 quinque
1536 2014 1770 2080 circiter,
1802 2015 1894 2071 sed
1922 2031 2045 2071 sex-

444 2106 600 2155 centa
628 2100 792 2155 millia
836 2102 1116 2157 hominum
1164 2105 1450 2172 protelavit
1490 2106 1625 2176 (81).
1676 2104 1828 2161 Adeo
1866 2114 2045 2161 autem

444 2203 510 2244 ea
539 2188 641 2244 fuit
667 2191 951 2259 majestas,
992 2200 1051 2246 ut
1079 2200 1132 2248 et
1160 2193 1343 2264 pabuli
1376 2193 1727 2267 exiguitatem
1760 2209 1867 2250 non
1923 2204 2046 2248 tan-

444 2288 559 2333 tum
607 2278 875 2345 sufﬁcere,
914 2296 1103 2337 verum
1130 2282 1290 2339 etiam
1321 2283 1616 2339 exuberare
1646 2326 1660 2350 ,
1694 2284 1763 2339 de
1818 2282 2050 2353 pristino

444 2367 670 2423 voluerit
687 2368 956 2440 exemplo.
986 2370 1078 2427 Sic
1122 2372 1270 2428 enim
1299 2381 1351 2428 et
1381 2372 1435 2426 in
1475 2381 1726 2445 tempore
1765 2372 1922 2427 famis
1949 2373 2050 2426 sub

445 2454 594 2511 Helia
634 2458 809 2513 viduae
840 2458 1175 2533 .Sareptensi
1217 2461 1429 2518 modica
1485 2473 1539 2518 et
1592 2478 1848 2534 suprema
1886 2459 2053 2517 4I0

448 2542 705 2599 alimenta
734 2562 797 2600 ex
818 2548 1100 2617 prephetae
1131 2548 1529 2616 benedictione,
1575 2565 1674 2621 per
1698 2556 1872 2606 totum
1897 2548 2053 2604 famis

446 2639 659 2700 tempus
714 2635 1164 2692 redundaverant.
1198 2637 1293 2708 (ΙΙΙ
1347 2640 1475 2710 Reg.
1509 2639 1667 2707 xvn).
1705 2640 1882 2694 Habes
1938 2645 2053 2692 ter-

440 2718 567 2772 tiam
594 2720 641 2758 ⁴⁷
672 2721 1008 2778 Basiliarum.
1033 2725 1089 2779 Si
1109 2733 1161 2779 et
1192 2734 1436 2797 quartam
1465 2726 1516 2765 ’⁵⁸
1544 2727 1783 2785 resolvas
1803 2726 1875 2794 49,
1903 2727 2053 2781 inve-

442 2807 557 2861 nies
584 2808 676 2878 (IV
694 2813 821 2883 Reg.
852 2826 927 2875 iv,
952 2814 1020 2867 42
1037 2815 1208 2887 seqq.)
1239 2822 1407 2869 totum
1427 2815 1572 2872 hunc
1592 2815 1835 2871 ordinem
1855 2814 2055 2870 Christi

444 2894 587 2951 circa
618 2896 769 2952 illum
808 2900 905 2952 Dei
935 2900 1233 2959 hominem.
1267 2902 1360 2973 qui
1416 2904 1629 2961 oblatos
1657 2904 1759 2959 sibi
1789 2904 1977 2977 viginti
2003 2906 2063 2944 ⁵ο

444 2983 775 3041 hordeaceos
802 3002 968 3058 panes
1006 3004 1127 3045 cum
1158 2992 1359 3062 pOpulo
1419 2992 1667 3050 distribui
1704 2994 1971 3064 jussisset,
2001 3002 2055 3049 et

444 3073 691 3129 minister
726 3076 846 3144 ejus
876 3079 1107 3147 proinde
1142 3090 1459 3152 comparata
1496 3083 1841 3140 multitudine
1872 3091 1925 3137 et
1954 3099 2054 3153 pa-

446 3162 555 3217 buli
582 3163 980 3232 mediocritate,
1015 3171 1433 3240 respondisset:
1483 3173 1627 3241 Quid
1692 3190 1822 3245 ergo
1875 3173 1920 3211 ⁵¹
1956 3172 2055 3228 hoc

447 3251 571 3308 dem
600 3254 662 3307 in
683 3260 983 3328 conspectu
1013 3257 1061 3296 ⁵2
1091 3265 1327 3317 centum
1340 3262 1389 3300 53
1422 3262 1715 3318 hominum
1753 3261 1917 3331 (82)?
1948 3264 2047 3328 Da,

448 3348 640 3423 inquit,
664 3354 717 3408 et
748 3353 1197 3419 manducabunt,
1255 3358 1508 3427 quoniam
1540 3360 1655 3412 haec
1682 3358 1731 3394 ⁵4
1777 3356 1908 3412 dicit
1934 3358 2045 3411 Do-

449 3440 627 3494 minus
673 3458 685 3494 :
728 3443 797 3497 Et
826 3444 1335 3511 manducaverunt,
1370 3452 1425 3503 et
1455 3447 1808 3520 reliquerunt
1840 3446 1888 3483 ⁵⁵
1916 3446 2050 3499 reli-

449 3532 632 3598 quias,
667 3532 963 3586 secundum
1003 3532 1207 3588 dictum
1237 3533 1475 3589 Domini.
1508 3537 1554 3590 0
1588 3534 1862 3589 Christum
1906 3541 1962 3589 et
1996 3533 2051 3587 in

450 3620 605 3675 novis
632 3626 874 3675 veterem
898 3620 910 3677 !
946 3623 1074 3677 Haec
1094 3622 1272 3692 itaque
1305 3640 1425 3694 quae
1454 3624 1504 3662 ⁵6
1535 3622 1738 3678 viderat
1761 3623 1970 3689 Petrus,
1998 3630 2056 3677 et

451 3723 570 3763 cum
602 3708 841 3777 pristinis
860 3720 1218 3778 compararat,
1252 3721 1302 3766 et
1333 3726 1441 3766 non
1473 3721 1681 3766 tantum
1728 3720 1874 3765 retro
1915 3710 2056 3766 facta

454 3798 546 3854 sed
570 3806 620 3853 et
644 3798 694 3850 in
718 3797 958 3853 futurum
975 3799 1090 3866 jam
1113 3809 1240 3854 tunc
1262 3800 1641 3871 prephetantia
1669 3806 2057 3871 recognoverat

453 3882 806 3955 interroganti
864 3886 1093 3942 Domino
1140 3888 1389 3958 quisnam
1440 3889 1546 3943 illis
1604 3888 1891 3953 videretur,
1935 3905 2054 3944 cum

454 3990 554 4046 pro
582 3963 831 4030 omnibus
854 3975 1235 4043 reaponderet:
1287 3980 1361 4033 Tu
1392 3995 1446 4035 es
1471 3977 1727 4035 Christus
1760 3978 1899 4047 (83),
1949 3991 2054 4031 non

2152 2028 2281 2067 num
2296 2012 2690 2068 necessitatem:
2720 2012 2826 2081 Qui
2838 2012 3102 2080 voluerit,
3121 2012 3313 2084 inquit,
3329 2017 3760 2072 animamsuam

2155 2102 2370 2157 salvam
2402 2105 2613 2172 facere,
2643 2102 2839 2173 perdet
2865 2102 3056 2169 illam;
3088 2106 3145 2159 et
3174 2106 3267 2176 qui
3291 2104 3602 2175 perdiderit
3634 2122 3760 2160 eam

2153 2197 2380 2264 propter
2408 2206 2516 2258 me,
2548 2192 2765 2246 salvam
2784 2192 2957 2261 faciet
2979 2208 3123 2247 eam.
3153 2192 3306 2247 Certe
3331 2190 3495 2247 Filius
3527 2194 3762 2249 hominis

2159 2288 2294 2334 hanc
2320 2279 2640 2335 sententiam
2687 2278 2882 2336 emisit.
2942 2281 3194 2351 Perspice
3222 2280 3386 2354 igitur
3412 2289 3465 2336 et
3523 2290 3582 2337 tu
3638 2300 3759 2340 cum

2159 2386 2288 2441 rege
2323 2368 2636 2437 Babylonio,
2682 2368 2957 2425 fornacem
2988 2369 3108 2438 ejus
3139 2369 3419 2425 ardentem
3444 2372 3612 2439 (Dan.
3644 2376 3753 2443 tu),

2161 2466 2213 2512 et
2239 2456 2488 2510 invenies
2507 2455 2620 2511 illic
2642 2464 2892 2528 tanquam
2920 2456 3111 2512 Filium
3144 2457 3383 2513 hominis
3408 2457 3504 2515 ιιι
3528 2458 3563 2514 Ι
3592 2461 3757 2529 (uou-

2160 2545 2288 2599 dum
2314 2542 2458 2598 enim
2487 2559 2610 2599 vere
2642 2552 2776 2612 erat,
2834 2544 3076 2600 nondum
3115 2544 3317 2601 scilicet
3354 2556 3514 2602 natus
3540 2562 3605 2600 ex
3654 2548 3759 2604 ho-

2160 2632 2349 2703 mine),
2400 2632 2512 2701 jam
2535 2639 2661 2688 tunc
2687 2632 2822 2690 istos
2859 2633 3036 2689 exitus
3091 2634 3537 2691 constituentem.
3571 2637 3761 2693 Salvas

2161 2723 2287 2779 facit
2316 2721 2519 2777 animas
2551 2722 2709 2777 trium
2736 2722 2983 2793 fratrum,
3016 2724 3107 2795 qui
3132 2740 3225 2780 eas
3254 2739 3351 2795 pro
3390 2724 3506 2782 Deo
3537 2726 3759 2795 perdere

2162 2814 2635 2883 conspiraverant;
2694 2812 3071 2869 Chaldmorum
3126 2830 3254 2872 vero
3311 2815 3565 2887 perdidit,
3627 2832 3763 2889 quas

2161 2902 2237 2958 illi
2268 2918 2362 2973 per
2388 2902 2747 2958 idololatriam
2779 2902 2960 2958 salvas
2987 2902 3163 2959 facere
3180 2904 3501 2961 maluerant.
3526 2903 3659 2974 Quae
3681 2914 3764 2961 est

2161 2992 2263 3048 ista
2307 3004 2450 3047 nova
2489 2991 2754 3060 doctrina,
2789 2992 2945 3061 cujus
2996 2999 3183 3049 vetera
3234 2993 3553 3050 documenta
3614 3002 3759 3050 sunt.

2160 3080 2484 3152 Quanquam
2514 3089 2571 3137 et
2626 3080 3037 3152 praedicationes
3066 3081 3463 3153 martyriorum,
3505 3091 3621 3138 tam
3678 3082 3755 3137 fu-

2162 3180 2428 3237 turorum,
2461 3187 2619 3244 quam
2650 3188 2680 3227 a
2708 3172 2821 3227 Deo
2852 3170 3153 3226 mercedem
3185 3171 3543 3228 relaturorum
3590 3173 3763 3228 decu-

2160 3268 2467 3316 currerunt.
2530 3261 2672 3325 Vide,
2705 3259 2878 3331 inquit
2914 3259 3079 3314 Isaias
3132 3259 3305 3329 (Lvm,
3352 3260 3429 3327 1),
3486 3262 3763 3333 quomodo

2154 3351 2305 3421 perit
2320 3351 2537 3420 justus,
2562 3353 2618 3406 et
2646 3364 2809 3405 nemo
2826 3349 3041 3420 excipit
3063 3349 3224 3406 corde
3246 3369 3263 3417 ;
3286 3354 3343 3407 et
3361 3351 3472 3405 viri
3482 3352 3636 3421 justi
3662 3367 3763 3406 au-

2158 3440 2448 3509 feruntur,
2507 3442 2563 3493 et
2636 3452 2798 3492 nemo
2855 3435 3221 3494 considerat.
3280 3435 3509 3505 Quando
3590 3438 3768 3510 magis

2161 3525 2266 3579 hoc
2293 3523 2374 3591 ﬁt,
2402 3540 2563 3595 quam
2595 3522 2651 3577 in
2668 3526 3049 3594 persecutione
3080 3533 3390 3581 sanctorum
3422 3525 3542 3596 ejus
3562 3526 3590 3581 ?
3647 3526 3765 3583 Uti-

2160 3631 2266 3687 que
2297 3629 2401 3670 uon
2422 3614 2684 3683 semplex,
2708 3629 2809 3669 nec
2840 3612 2907 3669 de
2936 3624 3140 3669 naturae
3160 3614 3284 3687 lege
3304 3614 3604 3673 communis
3624 3616 3764 3686 (85),

2163 3704 2363 3759 sedilia
2399 3702 2631 3775 insignis
2660 3711 2711 3759 et
2741 3718 2838 3774 pro
2860 3701 2967 3760 ﬁde
3000 3704 3284 3771 militaris;
3312 3706 3365 3761 in
3395 3723 3503 3778 qua
3523 3707 3615 3777 qui
3647 3708 3770 3761 ani-

2164 3810 2307 3849 mam
2336 3809 2490 3849 suam
2520 3805 2745 3865 propter
2774 3795 2944 3849 Deum
2975 3795 3170 3865 perdit,
3205 3807 3384 3852 servat
3412 3795 3552 3850 illam
3586 3813 3600 3849 :
3634 3804 3694 3851 ut
3714 3805 3773 3852 et

2166 3884 2253 3940 hic
2282 3893 2458 3940 tamen
2478 3883 2715 3953 judicem
2736 3883 3106 3957 adcognoscas
3130 3885 3199 3953 ⁵ο,
3230 3885 3322 3958 qui
3342 3885 3542 3940 malum
3570 3886 3771 3942 animae

2166 3976 2375 4030 lucrum
2414 3972 2712 4045 perditione
2742 3974 2887 4043 ejus,
2917 3982 2971 4029 et
3006 3975 3204 4031 bonum
3236 3976 3428 4030 animas
3466 3975 3771 4032 detrimen-

1838 4105 2029 4168 Varias
2061 4105 2368 4167 lectiones.

525 4208 575 4248 ἰδ
620 4206 684 4263 Ei
736 4207 909 4265 Rhen.
954 4211 996 4248 47
1043 4210 1281 4265 Tertium
1312 4214 1481 4267 Fran.
1517 4213 1647 4268 Jun.
1702 4213 1750 4249 48
1780 4209 2040 4281 Quartum
2082 4212 2251 4265 Fran.
2294 4209 2425 4262 Jun.
2472 4208 2516 4244 ⁵9
2546 4207 2687 4281 Etsi
2716 4207 2930 4262 tertiam
2962 4207 3205 4281 revolvas
3245 4210 3443 4265 Wouw.
3476 4210 3525 4247 ⁵ο
3557 4209 3771 4265 Decem

458 4281 730 4361 Seuthes:
757 4283 955 4361 graecis
973 4282 1307 4361 quibusdam
1328 4286 1601 4361 exemptis
1631 4279 2058 4361 et_e.e_'Am_bros_.
2085 4282 2123 4335 ι.
2154 4296 2214 4361 vt
2247 4282 2511 4361 Hexaem.
2544 4279 2724 4361 51_Ego
2746 4280 2927 4361 Paris.
2963 4283 3136 4361 Ιιξναηε
3159 4280 3209 4318 ⁵²
3236 4281 3556 4361 inspectum
3590 4282 3771 4361 Seml.

456 4352 507 4391 ⁵³
536 4350 771 4409 Millibus
821 4351 948 4409 add.
979 4350 1156 4410 'Pam.
1192 4355 1239 4392 5"
1269 4356 1379 4411 Hoc
1416 4350 1633 4412 Oberth.
1691 4356 1741 4393 ⁵⁵
1772 4354 2163 4409 Manducabunt
2217 4361 2269 4405 ct
2316 4350 2616 4421 relinquent
2646 4353 2813 4406 Semt.
2856 4350 3255 4408 manducabunt
3282 4360 3333 4407 et
3348 4350 3679 4421 relinquent,
3717 4360 3773 4406 et

460 4424 918 4495 manducaverunt
947 4435 999 4477 et.
1038 4426 1372 4495 reliquerunt
1401 4429 1535 4483 Jun.
1564 4430 1644 4482 sic
1676 4426 1845 4481 LXX.
1878 4425 1927 4464 ⁵6
1956 4424 2063 4492 Qui
2102 4426 2271 4478 Fran.
2315 4423 2498 4478 Paris.
2532 4422 2578 4460 57
2608 4421 2730 4477 Non
2760 4430 2937 4494 potest
2982 4438 3184 4480 novum
3216 4426 3407 4479 Latin.
3440 4424 3491 4461 ⁵⁸
3514 4421 3773 4478 Promul-

458 4494 575 4566 gari
603 4494 681 4549 at.
707 4494 756 4532 59
795 4495 900 4552 Sed
930 4495 1059 4554 add.
1085 4494 1267 4553 Paris.
1302 4501 1473 4556 Fran.
1516 4500 1565 4537 ὓο
1595 4499 1902 4569 Cognoscas
1930 4499 2089 4551 Pam.

1868 4595 2368 4667 Commentarius.

462 4713 669 4794 motum
707 4705 834 4764 dicit
864 4722 931 4794 ex
972 4722 1160 4794 opere.
1197 4706 1575 4794 bovi‘terenti,
1608 4704 1795 4794 eadem
1832 4701 2055 4794 honoLris
2090 4716 2137 4794 η

460 4778 717 4843 formula,
748 4794 858 4848 qua
874 4776 1027 4836 Juris'
1045 4788 1292 4836 auctores
1320 4778 1504 4835 dixere
1534 4793 1623 4833 res
1639 4786 1841 4832 amotas
1877 4791 1943 4831 ex
1966 4776 2058 4829 bo-

461 4849 545 4903 nis
572 4850 770 4907 mariti.
790 4852 917 4905 Bis.

529 4920 643 4990 (80)
675 4922 750 4975 De
771 4924 1021 5000 pristino
1068 4922 1285 5000 scilicet
1336 4934 1514 5000 inore.
1558 4915 2055 5000 Nimirumveteris

462 4990 803 5068 Instrumen'ti
839 5008 933 5068 seu
956 4991 1299 5068 Testamenti.
1332 4992 1421 5068 Sic
1450 4992 1583 5068 libro
1612 4990 1679 5047 de
1706 4990 1999 5068 baptismo
2030 5004 2047 5068 ξ

468 5083 490 5109 ο.
521 5061 859 5133 APerungitur
921 5062 1202 5118 benedicta
1230 5062 1483 5118 unctione
1528 5061 1595 5117 de
1637 5060 1867 5133 pristina
1910 5060 2065 5113 disci-

460 5131 629 5201 plina.
665 5151 687 5184 ι
721 5131 824 5187 hoc
860 5142 943 5188 est
965 5133 1201 5200 judaica.
1232 5133 1359 5188 Rm.

532 5202 645 5272 (81)
670 5203 771 5259 Sed
786 5209 1053 5277 sexcenta
1082 5204 1584 5277 miltiattominum
1612 5202 2069 5277 protelapiLHOt:

462 5283 564 5343 est,
599 5275 867 5330 sexcentis
894 5276 1172 5331 hominum
1204 5276 1441 5331 millibus
1466 5274 1590 5331 vitae
1613 5274 1689 5330 'et
1747 5274 1938 5329 virium
1990 5281 2065 5328 te-

463 5362 645 5402 norem
666 5346 1013 5405 continuavit.
1047 5347 1316 5416 produxit,
1341 5346 1621 5415 protraxit.
1652 5347 1776 5401 Rm.

533 5417 647 5488 (82)
686 5418 829 5487 Quid
857 5433 983 5489 ergo
1008 5415 1104 5474 hac
1132 5418 1258 5475 dem
1288 5420 1351 5473 in
1379 5423 1681 5489 conspectu
1712 5415 2065 5489 centumho-

533 5434 647 5488 (az)
686 5434 827 5487 quia
857 5434 983 5489 ergo
1008 5434 1104 5474 noc
1132 5434 1258 5475 aem
1288 5436 1351 5473 in
1379 5434 1509 5474 cons
1550 5434 1681 5473 ectu
1712 5434 1945 5474 centum
1976 5434 2065 5472 no-

464 5491 688 5562 minum
714 5490 739 5545 τ
771 5490 830 5545 In
862 5490 1157 5562 exemplari
1188 5490 1382 5562 legitur
1413 5508 1428 5562 ξ
1459 5509 1481 5539 α
1505 5434 1791 5562 ὅιιίἀμθνεο
1812 5489 1919 5562 hoc
1939 5487 2065 5542 dem

466 5560 549 5614 ins
656 5572 711 5616 tu
739 5569 960 5617 centum
989 5559 1289 5617 hominum.
1334 5582 1358 5613 ι
1402 5559 1757 5618 Scribendum
1788 5559 2060 5615 arbitror:

468 5651 492 5677 π
688 5648 821 5698 ergo
850 5634 953 5690 hoc
980 5632 1120 5690 idem
1148 5634 1387 5698 inspectu
1421 5640 1640 5690 centum
1671 5632 1947 5691 hominum
1971 5632 1999 5687 ?
2036 5650 2059 5682 ι

468 5651 492 5677 ’τ
526 5648 630 5686 υιιι

469 5632 667 5753 ἦουίἀ
688 5648 821 5702 ergo
850 5634 953 5690 hoc
980 5632 1120 5690 idem
1148 5634 1387 5705 inspectu
1421 5640 1640 5690 centum
1671 5632 1947 5691 hominum
1971 5632 1999 5687 ?
2036 5650 2059 5682 ι

517 5717 588 5753 ια.

517 5717 588 5753 IG.

2239 4699 2380 4768 (83),
2406 4698 2483 4753 Tu
2525 4712 2580 4753 es
2642 4698 2916 4766 Christus,
2949 4703 3049 4751 etc.
3083 4698 3309 4767 Propter
3363 4697 3774 4757 confessionem

2165 4767 2646 4861 illam,'l‘3.‘P‘etrt‘is
2678 4768 3109 4861 fundamentum
3166 4779 3247 4861 est
3275 4778 3327 4825 et
3360 4777 3543 4861 petra.
3598 4784 3783 4858 supra

2164 4856 2323 4913 quam
2345 4846 2449 4913 stat
2484 4838 2725 4913 Ecclesia
2756 4840 2854 4894 Dei
2900 4858 2911 4894 :
2947 4838 3274 4913 En‘ttﬁjcéfpn
3306 4838 3453 4913 ταῦτῃ
3484 4846 3570 4908 τῆς
3598 4838 3782 4912 ἀσφα-

2160 4911 2279 4972 λοῦς
2301 4910 2505 4983 πίστεως
2538 4910 2844 4982 οἰκοδομήσω
2876 4931 2967 4983 μου
2996 4910 3081 4979 τήπὲ
3111 4910 3501 4981 Ἐκκλησίαν,ὐι
3529 4910 3692 4967 habet
3710 4915 3781 4970 S.

2160 4982 2497 5051 Epiphanius
2518 4985 2662 5039 Hcer.
2695 4989 2784 5039 59.
2816 4982 2893 5039 La
2922 4984 3020 5039 Pa.

2246 5055 2356 5124 (85)
2386 5054 2725 5125 Presbyteris
2746 5058 2801 5112 et
2826 5055 3021 5111 scribis
3050 5059 3104 5111 et
3135 5054 3536 5112 sacerdotibus.
3584 5055 3788 5111 Maluit

2172 5128 2510 5198 presbyteris
2556 5125 2787 5182 retinere
2816 5142 2976 5198 quam
3009 5127 3129 5193 ejus
3160 5126 3309 5182 vocis
3364 5125 3787 5197 interpretatio-

2120 5228 2129 5231 -
2175 5213 2301 5279 nem
2329 5197 2603 5279 vulgarem
2660 5197 3198 5279 senioribus._Porro
3244 5198 3626 5279 sacerdotibus
3660 5213 3784 5279 non

2175 5267 2312 5343 adeo
2339 5267 2562 5343 miriﬁce
2592 5283 2714 5324 cum
2737 5269 3106 5343 sitiatapémg,
3137 5269 3283 5341 quod
3312 5271 3579 5343 Vulgatus
3606 5272 3785 5341 prin-

2175 5342 2322 5413 cipes
2344 5341 2706 5413 sacerdotum
2729 5340 2924 5396 redditi
2957 5340 3033 5396 Ls
3059 5342 3157 5397 Pa.

2246 5412 2361 5483 (85)
2394 5413 2587 5484 Utique
2608 5430 2719 5470 non
2740 5414 3004 5485 simplex,
3022 5428 3135 5485 nec
3151 5413 3216 5470 de
3236 5415 3467 5469 naturae
3485 5413 3599 5485 lege
3622 5429 3789 5471 cons-

2174 5485 2404 5556 munis._
2448 5482 2570 5541 Haec
2627 5500 2735 5540 non
2790 5482 2893 5540 alio
2950 5482 3144 5541 referri
3205 5494 3431 5555 possunt
3476 5482 3641 5556 quam
3705 5485 3787 5540 ad

2180 5571 2326 5628 «Aea,
2374 5554 2508 5625 Qum
2545 5564 2627 5628 est
2679 5556 2780 5611 ista
2817 5570 2962 5628 nova
3013 5554 3308 5612 doctrina?
3358 5577 3383 5607 α
3415 5554 3601 5628 utique
3660 5572 3789 5613 non

2174 5626 2421 5752 isimplex,
2462 5627 2706 5754 (meum
2752 5626 2957 5685 scilicet
3004 5642 3103 5686 nec
3132 5630 3199 5687 de
3230 5636 3430 5685 naturas
3464 5626 3807 5687 communis

2194 5713 2317 5754 eae.
2346 5707 2446 5754 etc.
2538 5713 2593 5752 α.

2194 5713 2317 5768 ege,
2346 5713 2446 5755 etc.
2470 5713 2593 5754 tua.
