4018 6192
241 339 323 403 441
1495 327 1619 390 LIB.
1662 328 1816 388 ADV.
1859 329 2268 396 MARCIONEM.

3422 340 3528 400 442

241 478 348 529 tum,
374 463 554 522 salute
605 463 726 532 ejus
759 459 1275 555 remuneraturust51
1312 497 1325 512 .
1495 464 1548 512 et
1583 456 1826 555 zelotern»
1845 475 1892 555 ⁸
1925 458 2142 518 homine
2168 463 2440 537 deposuit,
2473 479 2570 535 pro
2628 464 2862 536 imagine
2913 473 2967 522 et
3009 467 3357 526 similitudine
3395 483 3522 542 sua,

238 560 386 615 Deum
408 553 544 609 mihi
569 553 622 591 ⁶²
652 549 884 614 exhibet,
911 549 1108 604 malum
1139 548 1281 603 malo
1310 546 1664 604 reddentem:
1704 546 1812 616 Qui

238 649 506 718 confusus,
527 640 718 715 inquit,
735 638 915 697 mei63
933 640 1136 710 fuerit,
1159 643 1213 695 et
1234 653 1328 709 ego
1349 637 1673 707 confundor
1690 636 1816 698 eius

239 738 295 790 σι.
318 732 546 803 Quando
591 744 692 785 nec
741 726 1074 784 confusionis
1120 726 1336 782 materia
1363 724 1663 795 conveniat,
1711 723 1818 778 nisi

239 840 344 880 meo
370 820 589 878 Christo
639 837 653 874 :
703 819 859 888 cujus
893 816 1026 874 ordo
1058 815 1230 890 magis
1265 814 1552 887 pudendus
1589 813 1725 885 (86),
1756 821 1819 869 ut

236 913 376 970 etiam
431 908 812 966 haereticorum
858 905 1110 962 conviciis
1162 913 1363 978 pateat,
1409 919 1626 962 omnem
1672 903 1818 959 nati-

236 1001 395 1058 vitatis
437 1009 496 1054 et
541 995 878 1053 educationis
941 994 1258 1060 foeditatem,
1335 992 1505 1065 ipsius
1559 993 1609 1032 55
1660 991 1820 1050 etiam

236 1091 396 1149 carnis
431 1085 812 1160 indignitatem
869 1085 1006 1157 (87),
1056 1092 1254 1157 quanta
1307 1082 1661 1139 amaritudine
1688 1097 1822 1154 pos-

234 1189 343 1237 sunt
383 1175 774 1250 perorantibus
817 1173 888 1228 66.
936 1173 1222 1240 Caeterum,
1276 1171 1550 1246 quomodo
1588 1171 1678 1227 ille
1717 1170 1824 1228 erit

237 1267 502 1326 obnoxius
555 1262 884 1330 confusioni,
910 1262 1002 1335 qui
1047 1277 1172 1318 eam
1201 1277 1309 1318 non
1339 1261 1480 1334 capit
1510 1263 1540 1317 Ἰ
1559 1277 1669 1317 non
1699 1263 1821 1317 vul-

234 1375 306 1424 va,
332 1358 460 1414 licet
486 1353 736 1427 virginis,
771 1360 952 1409 tamen
992 1351 1228 1421 feminae,
1282 1350 1603 1424 coagulatus
1635 1370 1648 1421 ;
1681 1359 1733 1407 et
1776 1351 1823 1406 si

231 1463 326 1505 non
352 1445 581 1512 semine,
625 1452 808 1499 tamen
837 1458 905 1500 ex
935 1441 1051 1512 lege
1087 1440 1400 1497 substantia;
1420 1439 1737 1511 corporalis,
1756 1455 1823 1495 ex

229 1537 431 1594 feminae
495 1537 727 1591 humore
766 1533 882 1604 (88)
934 1549 948 1585 :
998 1547 1107 1586 non
1137 1543 1263 1588 caro
1310 1530 1523 1585 habitus
1549 1538 1676 1585 ante
1714 1529 1825 1586 τοι-η

233 1643 404 1682 mam:
428 1640 538 1681 non
568 1637 740 1695 pecus
777 1621 953 1678 dictus
983 1630 1101 1691 post
1138 1619 1363 1692 ﬁguram
1397 1619 1514 1691 (89)
1547 1637 1560 1674 :
1594 1636 1699 1676 non
1729 1620 1827 1676 de-

1926 562 2038 604 non
2068 549 2238 606 aliena
2260 552 2349 618 12;
2389 559 2463 618 ut,
2503 553 2757 624 quoniam
2797 554 2962 609 homo
2997 568 3104 610 non
3132 557 3423 614 erubucrat
3447 559 3524 616 la-

1921 637 2097 710 pidem
2118 648 2169 696 et
2187 640 2396 715 lignum
2407 641 2656 708 adorans,
2671 641 2860 698 eadem
2879 643 3178 698 constantia
3193 660 3305 701 non
3328 649 3525 705 confu-

1922 740 2016 782 sus
2031 729 2098 783 de
2119 729 2350 794 Christo,
2365 745 2464 802 pro
2484 730 2815 802 impudentia
2833 730 3167 802 idololatriae,
3181 734 3310 790 satis
3324 736 3434 793 Deo
3453 736 3525 792 fa-

1924 823 2068 872 ceret
2089 832 2184 888 per
2210 817 2602 890 impudentiam
2631 817 2754 873 ﬁdei
2769 818 2906 889 (93).
2938 818 3079 889 Quid
3097 819 3291 878 horum
3312 823 3525 880 Christo

1924 911 2018 962 tuo
2028 908 2307 979 competit,
2338 907 2673 974 Μαι-σίου,δά
2695 907 2946 963 meritum
2966 909 3336 966 confusionis?
3358 911 3524 968 Plane

1925 994 2128 1067 pudere
2157 1004 2208 1052 te
2248 996 2432 1063 debet,
2462 998 2608 1072 quod
2643 997 2794 1054 illum
2825 997 2943 1069 ipse
2983 997 3204 1057 tinxisti.

2523 1140 2748 1197 CAPUT
2785 1139 2962 1198 XXII.

2001 1263 2134 1319 Nam
2163 1272 2218 1319 et
2247 1264 2348 1321 hoc
2375 1265 2462 1323 vel
2489 1264 2724 1321 maxime
2754 1267 3077 1326 erubescere
3098 1268 3350 1337 debuisti,
3382 1271 3527 1344 quod

1930 1350 2082 1407 illum
2110 1367 2235 1409 cum
2260 1353 2446 1426 Moyse
2475 1364 2530 1411 et
2563 1354 2681 1410 Elia
2709 1355 2763 1411 in
2809 1371 3028 1413 secessu
3060 1359 3260 1414 montis
3288 1361 3526 1431 conSpici

1931 1440 2149 1509 pateris,
2179 1457 2406 1514 quorum
2454 1443 2759 1500 destructor
2803 1445 3114 1503 advenerat.
3157 1447 3267 1503 Hoc
3323 1449 3528 1506 scilicet

1931 1527 2159 1601 intelligi
2182 1531 2352 1586 voluit
2379 1546 2482 1587 vox
2515 1531 2604 1587 illa
2632 1534 2700 1589 de
2720 1535 2894 1591 coelo:
2928 1537 3026 1593 Hic
3053 1541 3136 1593 est
3166 1537 3344 1595 Fitius
3365 1555 3526 1596 meus

1937 1614 2099 1673 4I3
2126 1618 2387 1684 dilectus,
2421 1619 2571 1675 hunc
2603 1623 2798 1680 audite
2839 1643 2856 1678 :
2905 1624 2959 1678 id
3005 1632 3109 1689 est,
3145 1639 3251 1680 non
3300 1626 3526 1697 Moysen

230 1734 340 1774 cem
375 1717 424 1755 6⁸³
469 1712 738 1770 mensium
770 1711 1008 1766 cruciatu
1048 1708 1562 1765 4I2deliberatus
1594 1709 1645 1748 6³
1670 1709 1819 1780 (90):
1855 1703 2034 1786 Bjam
2065 1715 2116 1761 et
2141 1705 2335 1762 Eliam.
2377 1708 2524 1778 Ergo
2577 1707 2884 1765 sufﬁciebat
2937 1727 3050 1766 vox
3107 1713 3224 1767 sola
3271 1714 3388 1769 sine
3437 1729 3527 1770 os-

236 1822 342 1862 non
387 1805 564 1861 subita
609 1800 859 1858 dolorum
914 1799 1271 1855 concussione
1323 1813 1451 1853 cum
1501 1799 1635 1853 tanti
1686 1806 1829 1854 tem-

243 1895 386 1966 poris
413 1907 565 1948 ceno
592 1890 700 1962 (91)
733 1905 832 1963 per
856 1887 1102 1959 corporis
1132 1886 1374 1942 cloacam
1393 1887 1600 1966 effusus
1627 1887 1696 1942 ad
1715 1895 1829 1943 ter-

239 1999 346 2038 ram
371 2001 386 2037 :
416 1997 515 2038 nec
543 1979 720 2036 statim
755 1979 934 2035 lucem
984 1976 1236 2046 lacrymis
1273 1974 1586 2046 auspicatus
1613 1975 1730 2047 (92)
1773 1989 1828 2037 et

226 2072 396 2144 primo
428 2069 709 2126 retinaculi
737 2067 822 2122 sui
850 2068 1075 2122 vulnere
1114 2084 1126 2120 :
1171 2079 1275 2121 nec
1297 2065 1523 2120 multum
1561 2064 1778 2122 ablutus
1809 2095 1824 2122 ν

222 2175 312 2216 nec
376 2158 492 2214 sale
565 2165 622 2213 et
687 2155 848 2212 melle
903 2153 1202 2210 medicatus
1244 2169 1392 2210 :nec
1463 2153 1657 2225 pannis
1713 2154 1823 2224 jam

219 2250 510 2320 sepulturae
540 2246 884 2302 involucrum
918 2244 969 2283 σθ
1013 2243 1294 2310 initiatus;
1325 2258 1425 2300 nec
1481 2243 1678 2298 exinde
1726 2259 1825 2313 per

221 2336 562 2394 immunditia
589 2337 733 2392 inter
760 2335 913 2390 sinus
937 2334 1233 2398 volutatus,
1263 2333 1532 2389 molestus
1560 2332 1821 2389 uberibus

221 2427 306 2484 diu
350 2425 557 2490 infans,
603 2424 691 2480 vix
748 2440 908 2496 puer,
951 2422 1100 2478 tarde
1128 2423 1178 2462 ’³ο
1207 2423 1412 2478 homo:
1447 2421 1546 2478 sed
1573 2421 1642 2478 de
1680 2423 1822 2480 ccelo

223 2516 519 2588 expositus,
552 2511 723 2570 semel
761 2510 1008 2587 grandis,
1039 2511 1202 2568 semel
1257 2518 1420 2576 totus,
1454 2510 1633 2566 statim
1665 2511 1821 2567 Chri-

226 2612 350 2672 stus,
407 2603 636 2674 spiritus
660 2610 712 2657 et
764 2601 953 2665 virtus,
993 2606 1046 2656 et
1092 2600 1240 2655 Deus
1279 2606 1504 2656 tantum.
1550 2600 1818 2656 Caeterum

225 2701 409 2750 utnon
449 2707 634 2759 verus,
667 2690 761 2762 qui
817 2705 925 2746 non
957 2689 1259 2754 videbatur,
1297 2687 1373 2743 ita
1400 2704 1500 2745 nec
1531 2690 1599 2745 de
1644 2689 1820 2746 crucis

225 2782 508 2839 maledicto
527 2780 962 2849 erubescendus,
1001 2767 1162 2848 cujus
1205 2778 1424 2835 carebat
1451 2777 1689 2844 veritate,
1729 2794 1822 2835 ca-

188 2888 338 2947 .rens
365 2886 623 2942 corpore.
646 2870 769 2926 Non
799 2876 1008 2941 poterat
1026 2867 1210 2940 itaque
1236 2865 1436 2924 dixisse
1467 2887 1481 2923 :
1520 2868 1628 2939 Qui
1644 2871 1760 2925 mei
1779 2869 1826 2920 τι

221 2965 487 3032 confusus
533 2961 736 3030 fuerit.
770 2960 969 3014 Noster
1021 2959 1128 3014 hoc
1165 2957 1349 3013 debuit
1395 2961 1778 3029 pronuntiasse
1811 2972 1824 3008 :

227 3049 536 3106 Minmtus
583 3067 618 3104 a
665 3051 834 3104 Patre
888 3047 1103 3105 modico
1154 3048 1305 3103 citra
1363 3048 1591 3117 angelos
1645 3046 1820 3116 (Psal.

223 3151 338 3201 vni,
366 3137 418 3205 6)
441 3157 461 3203 ;
483 3138 715 3202 vermis,
747 3140 804 3193 et
825 3151 941 3192 non
969 3135 1164 3201 homo;
1213 3135 1536 3206 ignominia
1575 3133 1820 3190 hominis

1938 1795 2228 1852 tentatione
2256 1795 2428 1866 Moysi
2455 1804 2509 1850 et
2562 1797 2718 1852 Eliae.
2747 1798 3064 1855 Definiendo
3103 1801 3154 1839 ’³³
3191 1801 3338 1856 enim
3367 1817 3528 1873 quem

1935 1883 2204 1950 audirent,
2269 1899 2617 1957 quoscunque
2677 1886 2812 1944 alios
2865 1887 3128 1944 vetuisset
3171 1890 3363 1945 audiri.
3418 1877 3530 1948 Aut

1934 1973 2198 2048 numquid
2226 1974 2418 2030 Isaiam
2440 1982 2491 2031 et
2518 1975 2807 2032 Jeremiam
2863 1981 3198 2050 caeterosque
3230 1995 3367 2050 quos
3422 1995 3528 2036 non

1933 2064 2188 2133 ostendit,
2228 2063 2478 2136 permisit
2519 2065 2721 2135 audiri,
2760 2067 2807 2122 si
2838 2068 3007 2124 vetuit
3050 2082 3192 2138 quos
3239 2068 3530 2124 ostendit?

1931 2155 2088 2212 Nunc
2151 2161 2204 2210 et
2267 2170 2312 2210 si
2385 2157 2677 2226 praesentia
2757 2156 2974 2214 illorum
3035 2155 3136 2212 fuit
3203 2160 3526 2225 necessaria,

1931 2260 2040 2301 non
2068 2244 2252 2316 utique
2291 2245 2345 2298 in
2376 2243 2657 2317 colloquio
2701 2247 3130 2310 ostenderentur,
3172 2246 3320 2320 quod
3374 2246 3528 2303 fami-

1931 2334 2178 2391 liaritatis
2206 2331 2468 2389 indicium
2513 2340 2595 2389 est
2645 2351 2658 2388 :
2692 2349 2793 2390 nec
2839 2333 2894 2388 in
2943 2332 3220 2390 consortio
3250 2334 3524 2401 claritatis,

1929 2423 2073 2496 quod
2093 2421 2422 2493 dignationis
2448 2429 2502 2477 et
2530 2421 2721 2494 gratiae
2749 2421 3050 2493 exemplum
3071 2430 3153 2478 est
3175 2440 3187 2476 :
3209 2424 3312 2478 sed»
3334 2424 3389 2479 in
3408 2440 3528 2480 sor-

1929 2512 2088 2569 dibus
2106 2510 2398 2584 aliquibus,
2422 2510 2566 2581 quod
2595 2510 2980 2569 destructionis
3010 2519 3392 2583 argumentum
3423 2521 3525 2582 est,

1927 2603 2036 2660 imo
2063 2601 2122 2657 in
2160 2600 2402 2657 tenebris
2447 2600 2735 2672 Creatoris,
2769 2600 2968 2673 quibus
3017 2600 3370 2658 discutiendis
3414 2611 3531 2659 erat

1927 2691 2148 2749 missus.
2178 2691 2360 2763 Longe
2387 2690 2549 2745 etiam
2593 2688 2814 2744 discreti
2842 2705 2873 2744 a
2912 2688 3153 2746 claritate
3182 2689 3404 2762 Christi,
3433 2695 3527 2765 qui

1926 2789 2088 2832 voces
2117 2782 2171 2830 et
2199 2774 2401 2831 litteras
2426 2774 2574 2845 ipsas
2603 2788 2794 2831 eorum
2835 2774 2901 2830 ab
2946 2772 3245 2846 Evangelio
3270 2790 3370 2831 suo
3411 2779 3529 2832 erat

1936 2871 2304 2935 separaturus.
2334 2862 2510 2919 Siccin
2541 2862 2589 2900 7‘-
2615 2861 2821 2918 alienos
2851 2861 3182 2918 demonstrat
3226 2861 3368 2930 illos,
3398 2864 3526 2919 dum

1937 2968 2112 3008 secum
2145 2951 2345 3007 habet?
2378 2951 2456 3006 sic
2474 2949 2862 3020 relinquendos
2889 2950 3069 3018 docet,
3093 2967 3231 3023 quos
3261 2952 3366 3007 sibi
3387 2953 3525 3022 jun-

1931 3043 2050 3113 git?
2103 3040 2183 3097 sic
2231 3039 2470 3108 destruit,
2531 3055 2671 3108 quos
2723 3039 2792 3095 de
2845 3039 3010 3096 radiis
3069 3040 3180 3096 suis
3254 3044 3529 3100 exstruit?

1928 3130 2068 3199 Quid
2121 3128 2317 3185 faceret
2365 3126 2610 3183 Christus
2653 3126 2942 3198 ipsorum?
2998 3127 3175 3184 Credo
3229 3134 3529 3188 secundum

222 3231 279 3283 et
303 3227 701 3296 nulliﬁcamen
725 3224 926 3297 populi
953 3223 1192 3295 (Psalm.
1233 3239 1346 3290 xxi,
1378 3225 1430 3293 6)
1461 3231 1718 3294 quatenus
1752 3222 1824 3278 ita
1930 3217 2357 3290 perversitatem,
2387 3216 2520 3272 tales
2559 3230 2654 3272 eos
2699 3215 3009 3285 revelasset,
3055 3216 3246 3288 quales
3284 3219 3532 3276 Christu8

217 3315 396 3381 voluit,
412 3319 484 3371 ut
504 3316 681 3372 livore
699 3319 823 3384 ejus
843 3313 1332 3383 sanaremurUsa.
1355 3312 1828 3382 Lm,5),utdede-
1934 3305 2217 3363 Marcionis
2251 3303 2553 3374 debuisset;
2585 3311 2678 3360 aut
2722 3317 3093 3376 quoscumque
3140 3302 3277 3358 alios
3321 3320 3527 3375 secum,

216 3419 337 3461 core
365 3405 490 3474 ejus
517 3404 670 3460 salus
694 3409 884 3459 nostra
909 3410 1197 3459 constaret.
1221 3403 1287 3458 Et
1315 3401 1507 3461 merito
1525 3418 1588 3459 se
1608 3417 1704 3472 pro
1725 3415 1828 3460 suo
1934 3412 2094 3469 quam
2170 3393 2458 3466 prophetas
2542 3407 2692 3448 suos.
2764 3392 2873 3448 Sed
2939 3391 3071 3465 quid
3127 3399 3236 3450 tam
3283 3392 3528 3453 Christus

1591 3499 1783 3561 Varia:
1843 3497 2160 3558 lectiones.

280 3608 330 3646 σι
361 3608 763 3664 Remuneratur
815 3609 999 3663 Paris.
1031 3609 1202 3663 Fran.
1234 3606 1284 3645 62
1329 3605 1457 3662 Mihi
1489 3607 1640 3664 abest
1668 3605 1851 3660 Paris.
1881 3601 1932 3639 53
1962 3601 2044 3655 Me
2077 3599 2248 3655 Seml.
2293 3595 2599 3669 Obertli,_5_‘
2627 3594 2768 3669 Eum
2799 3597 3039 3669 Franeq.
3070 3594 3121 3633 6⁵
3150 3594 3287 3665 Ipsis
3309 3597 3521 3669 iconjic.

224 3680 394 3735 Seml.
415 3680 468 3719 εδ
493 3679 860 3735 Perorantium
889 3678 1044 3737 codd.
1098 3680 1296 3736 Wouw.
1327 3680 1373 3717 57
1404 3679 1611 3733 Novem
1640 3680 1816 3733 Fran.
1865 3674 1916 3712 68
1953 3670 2264 3726 Delibratus
2294 3671 2466 3724 Fran.
2498 3667 2546 3705 59
2577 3666 2860 3722 lnvolucro
2889 3666 3009 3722 cod:
3055 3669 3254 3725 Wouw.
3307 3668 3358 3706 ⁷ο
3384 3666 3526 3723 Tar-

224 3751 339 3806 dius
367 3752 536 3810 Seml.
572 3750 790 3810 Oberih.
820 3751 867 3789 ἰι
899 3736 984 3805 Me
1011 3751 1172 3807 Pam.
1196 3753 1368 3808 Fran.
1398 3751 1448 3788 ἠ
1475 3749 1627 3807 Tunc
1653 3748 1783 3806 add.
1817 3745 1986 3803 Semt.
2019 3742 2070 3780 ⁷³
2097 3739 2425 3796 Difﬁniendo
2456 3739 2536 3794 al.
2576 3738 2624 3776 πθ
2654 3737 2744 3794 Sic
2771 3736 2824 3792 in
2863 3740 2978 3810 Rig.
3023 3739 3207 3795 Venet.

1606 3845 2108 3910 Commentarius.

293 3957 405 4037 L86.)
443 3954 616 4038 Cujus
644 3954 778 4012 ordo
805 3957 983 4037 magis
1012 3954 1342 4082 ﬁndendus.
1383 3953 1641 4011 Ordinem
1686 3951 1817 4008 dicit
1846 3964 1892 4042 υ

293 4032 510 4082 tmtatis
542 4036 599 4082 et
623 4026 981 4082 educationis.
1060 4042 1136 4081 ιο.

230 4026 527 4082 nativitatis
542 4036 599 4082 et
623 4026 981 4082 educationis.
1012 4026 1136 4082 Rm.

297 4099 406 4172 ςβπ)
436 4101 616 4172 Ipsius
633 4100 822 4172 etiam
851 4101 1042 4172 carnis
1065 4097 1488 4172 indignitatem.
1515 4093 1814 4172 Carnis_vi—

232 4164 421 4240 delicat
443 4164 720 4240 passibilis
749 4180 801 4226 et
847 4169 1107 4237 mortalis,
1141 4164 1265 4239 quae
1294 4185 1421 4224 sane
1449 4168 1685 4240 indigna
1702 4167 1815 4221 Deo

233 4236 518 4297 videbatur.
569 4242 658 4297 Sic
699 4241 824 4299 adv.
861 4242 1011 4297 Jud:
1068 4236 1250 4295 Primo
1309 4239 1543 4295 sordidis
1573 4236 1816 4292 'indutus

232 4317 326 4384 Est,
354 4311 530 4384 idest,
563 4311 1040 4384 carnisrpassibilis
1054 4322 1125 4384 _ct
1155 4313 1401 4384 mortalis
1426 4309 1757 4384 indignitate.
1787 4329 1812 4359 ››

234 4377 324 4504 ἕῗὶ
350 4377 717 4458 indignitatem
745 4377 1007 4454 intellige,
1037 4378 1166 4444 εἶδος
1210 4382 1298 4436 οὐκ
1345 4381 1470 4443 ἄξιον
1520 4377 1818 4450 έυράννιδος.

298 4468 352 4504 6.

281 4466 352 4507 16.

299 4523 408 4597 (88)
434 4527 514 4582 Ea:
529 4527 766 4597 feminae
789 4525 1043 4583 humore.
1077 4525 1191 4580 Lib.
1218 4525 1254 4580 d
1280 4526 1404 4597 car.
1430 4521 1649 4597 Christi
1663 4520 1822 4590 dixit,

236 4611 260 4639 ι
302 4594 546 4670 humoris
566 4603 622 4655 et
641 4600 944 4670 sanguinis
965 4597 1116 4669 foeda
1135 4596 1402 4670 coagula.
1406 4614 1455 4670 _»
1480 4594 1605 4670 Βία.

293 4665 405 4743 (89)
439 4671 558 4743 Non
577 4665 949 4743 pecus'digius
965 4665 1094 4742 post
1114 4665 1382 4743 ﬁguram.
1406 4666 1616 4743 Eodem
1656 4677 1819 4743 voca-

229 4735 348 4796 bulo
384 4736 555 4798 utitur
577 4735 775 4796 'Julius
813 4735 1070 4796 Firmicus
1099 4735 1190 4795 lib.
1235 4755 1328 4805 vn,
1383 4753 1500 4808 cap.
1547 4741 1571 4790 1
1603 4753 1615 4791 :
1664 4755 1687 4786 ι
1724 4735 1821 4791 Pe-

227 4821 318 4866 cus
357 4811 489 4867 intra
527 4811 738 4869 viscera
764 4811 952 4868 matris
994 4811 1246 4867 artuatim
1307 4809 1611 4868 conscisum
1639 4823 1672 4863 a
1701 4823 1819 4862 me-

225 4878 357 4956 dicis
385 4883 709 4956 proferetur.
736 4903 758 4934 ι
813 4884 936 4940 Rm.

291 4949 405 5022 (90)
419 4957 533 5014 Non
553 4954 746 5013 decem
767 4956 1053 5014 mensium
1065 4955 1329 5010 cruciatu
1350 4952 1706 5011 deliberatus.
1733 4949 1824 5007 Sic

218 5022 419 5082 habent
445 5027 800 5098 exemplaria;
835 5043 956 5099 quae
997 5026 1040 5081 si
1074 5025 1230 5099 nobis
1278 5025 1554 5099 integram
1591 5022 1822 5099 auctoris

216 5099 541 5170 scripturam
586 5094 892 5170 servavere,
915 5099 1114 5154 dixerit
1144 5094 1436 5170 Septimius
1460 5103 1688 5170 partum
1710 5094 1822 5170 _de-

217 5165 455 5239 liberari,
510 5170 773 5242 quamdiu
801 5168 966 5227 fmtus
1009 5170 1064 5226 in
1097 5165 1244 5226 utero
1289 5165 1587 5242 perﬁcitur,
1632 5165 1821 5223 ordine

221 5242 513 5299 nativitatis
527 5241 817 5314 humanm,
851 5242 1035 5298 decem
1058 5243 1324 5314 mensium
1346 5241 1518 5309 spatio
1548 5249 1817 5314 currente,

218 5314 677 5392 quemadmodum
709 5311 1151 5392 in__}ipologetic_o
1189 5311 1353 5392 dixit,
1388 5311 1826 5392 conceptumhde-

217 5381 450 5455 liberari,
488 5410 513 5440 ι
548 5386 680 5442 dum
718 5381 896 5443 adhuc
932 5381 1156 5458 sanguis
1187 5385 1243 5438 in
1290 5381 1569 5458 hominem
1616 5381 1820 5458 delibe;

215 5464 391 5515 ratur.
428 5452 448 5509 Β
485 5460 660 5525 Alias,
693 5458 915 5514 minime
946 5452 1251 5530 spernenda
1287 5455 1576 5530 _videret_ur
1629 5452 1820 5510 Latinii

211 5532 549 5603 conjectura,
585 5553 609 5581 α
647 5531 830 5603 decem
861 5525 1129 5603 mensium
1156 5527 1394 5603 cruciatu
1424 5525 1765 5603 deliberatus.
1793 5546 1817 5603 ξ

210 5596 352 5658 Nam
381 5603 652 5675 ejusmodi
683 5611 764 5657 est
793 5600 1013 5658 infantis
1041 5601 1095 5656 in
1126 5609 1282 5657 utero
1315 5598 1467 5675 situ_s,
1511 5605 1569 5652 ut
1595 5596 1821 5654 cruciari

213 5670 487 5749 videatur,
517 5676 776 5734 incurvus
797 5680 940 5732 totus
970 5681 1032 5730 ac
1052 5678 1380 5730 contractus.
1408 5670 1534 5727 Βία.

1995 3949 2106 4014 (9t)
2139 3945 2280 4001 Cum
2311 3943 2463 3999 tanti
2492 3942 2760 4014 temporis
2781 3957 2954 4007 caeno,
2977 3946 3080 3999 etc.
3112 3942 3230 3998 Lib.
3259 3942 3328 4014 de
3351 3945 3530 4000 Carne

1929 4018 2162 4097 Christi,
2193 4029 2315 4084 cap.
2348 4017 2410 4097 4,.
2433 4013 2620 4097 eadem
2652 4014 2815 4097 ferme
2838 4014 3041 4097 habet:
3081 4035 3102 4064 α
3143 4015 3224 4070 Ab
3253 4013 3372 4084 ipsa
3405 4014 3530 4097 qui-

1925 4090 2046 4142 dem
2078 4083 2304 4141 exorsus
2324 4085 2658 4157 odiohabita
2688 4083 2982 4153 nativitate,
3021 4100 3217 4157 perora
3241 4105 3255 4153 ;
3280 4083 3389 4157 age
3413 4083 3526 4154 jam

1923 4157 2208 4230 spurcitias
2261 4155 2587 4230 genitalium.
2631 4154 2685 4230 in
2735 4165 2892 4209 utero
2912 4197 2936 4230 _,
2985 4154 3393 4230 elementorum,
3421 4157 3527 4230 hu-

1927 4223 2135 4286 morum
2161 4235 2214 4281 et
2253 4223 2535 4297 sanguinis
2563 4223 2707 4281 foeda
2735 4226 2982 4296 coagula,
3010 4226 3187 4280 carnis
3216 4241 3289 4279 ex
3336 4226 3526 4297 eodem

1928 4316 2083 4357 coeno
2109 4296 2313 4352 alendis
2343 4296 2439 4365 per
2463 4310 2657 4350 novem
2692 4310 2924 4352 menses.
2961 4316 2982 4345 α
3021 4297 3119 4350 Per
3165 4311 3379 4350 caenum
3437 4296 3526 4352 in-

1928 4369 2128 4442 telligit
2154 4367 2208 4422 id
2229 4367 2388 4442 quod
2403 4365 2755 4442 Hippocrates
2773 4365 2948 4442 lib._de
2972 4367 3099 4420 Nat.
3124 4368 3372 4442 Puer._n.
3406 4371 3523 4442 l36:

1930 4443 2004 4496 Τὰ
2051 4435 2149 4512 Ῠὰρ
2191 4435 2572 4512 nuituis-ﬂvmine
2619 4437 2822 4512 mugiet,
2856 4437 3025 4512 όκᾴταν
3071 4435 3215 4512 γυνῂ-
3237 4437 3360 4510 λάϐῃ
3409 4439 3529 4508 πρὸς
3581 4436 3588 4440 ”

1939 4463 2004 4496 ια
2089 4463 2149 4512 ap
2191 4463 2469 4508 καταμηνια
2516 4463 2572 4488 ou
2619 4463 2812 4505 χωρειι,
2856 4463 3025 4488 uxorum
3071 4463 3190 4507 γυνη
3239 4463 3360 4510 Adon
3409 4463 3526 4508 προς

1932 4463 2128 4580 ἑαυτῖν,
2158 4513 2217 4579 ἢν
2267 4509 2420 4582 μέλλῃ
2463 4509 2518 4582 τὸ
2565 4508 2763 4560 παιδίον
2807 4506 3122 4582 immitem}
3163 4507 3374 4563 Menses
3419 4524 3526 4563 non

1969 4576 2200 4642 roﬂuunt
2263 4576 2480 4635 mulieri
2539 4587 2696 4636 utero
2743 4576 3089 4648 gestantiLAsi
3136 4592 3318 4648 sanus
3395 4595 3529 4648 puer

1969 4603 2200 4642 renuunt
2264 4603 2480 4635 muneri
2543 4603 2696 4636 utel‘u
2743 4603 2992 4648 gentuuu,
3044 4603 3089 4630 at
3154 4603 3318 4631 δξιιιυδ
3397 4603 3526 4648 puer

1929 4603 2149 4712 Futurus
2178 4663 2281 4709 est.
2319 4672 2341 4702 ι
2377 4651 2490 4707 Hoc
2511 4649 2568 4705 in
2597 4650 2718 4705 loco
2748 4646 3080 4704 admirabilis
3134 4647 3382 4702 humanae
3411 4648 3526 4704 ori-

1928 4727 2069 4801 ginis
2097 4722 2394 4801 descriptio
2433 4729 2485 4776 et
2525 4719 3076 4801 inﬁrmitatisirrlago,
3113 4734 3271 4791 quam
3303 4719 3526 4801 memini

1929 4788 2012 4855 me
2049 4797 2252 4870 legisse
2280 4788 2861 4870 fere_eam_dem__apud
2919 4788 3174 4870 Plinium,
3223 4788 3317 4870 qui
3345 4791 3526 4844 statim

1926 4861 2199 4927 exclamat
2229 4884 2243 4921 :
2282 4887 2303 4916 α
2345 4867 2439 4921 His
2466 4861 2934 4936 principiis—Oritur
2961 4863 3201 4923 carnifex
3232 4861 3462 4928 animus,
3500 4882 3523 4914 ο

1928 4951 2031 5001 etc.
2057 4941 2113 4997 Si
2134 4940 2269 4996 liber
2289 4945 2432 4994 esset
2479 4937 2547 4991 ad
2587 4935 2820 5002 manum,
2849 4935 3025 4992 locum
3075 4941 3278 4991 tantum
3325 4936 3526 4991 exscri-

1930 5017 2136 5072 berem.
2171 5011 2242 5065 Le
2277 5010 2375 5067 Pa.

2001 5085 2114 5157 (92)
2146 5085 2349 5157 Lucem
2383 5079 2647 5157 lacrymis
2687 5079 3038 5157 auspicatus,
3065 5084 3174 5157 etc.
3196 5077 3521 5157 A_mis_eriis,

1930 5149 2116 5230 vagitu
2143 5153 2363 5230 scilicet,
2384 5149 2546 5230 vitam
2585 5149 2912 5230 auspicatur,
2967 5151 3209 5230 eamdem
3259 5149 3313 5206 in
3372 5149 3523 5208 labo-

1928 5223 2079 5286 rib'us
2107 5228 2238 5300 agit,
2270 5235 2429 5300 atque
2455 5225 2527 5300 ad~
2567 5223 2830 5278 malorum
2888 5223 3350 5294 complementum
3381 5238 3526 5278 mors

1929 5308 2012 5357 est
2043 5297 2344 5355 subéunda.
2395 5297 2467 5351 Le
2502 5297 2595 5350 Pa.

1999 5369 2118 5445 (93)
2145 5373 2255 5445 Pro
2265 5365 2990 5445 impudentiaidpiolatrim,
3020 5366 3160 5445 satis
3175 5368 3277 5445 D_eo
3296 5366 3520 5445 facere:

1926 5433 2028 5517 per
2055 5433 2646 5517 impudentiam/ﬁdei.
2679 5436 3011 5517 idololatriae.
3033 5433 3375 5517 impudentia
3406 5433 3528 5517 fuit,

1927 5504 2050 5572 cum
2081 5504 2188 5570 non
2211 5510 2404 5584 puduit
2431 5504 2654 5584 adorare
2678 5507 2881 5584 lapides
2906 5515 2959 5564 et
2981 5504 3155 5584 ligna;
3190 5504 3527 5572 impudentia

1929 5585 2070 5653 ﬁdei,
2102 5579 2228 5641 curri
2265 5582 2490 5639 minime
2523 5581 2689 5653 pudet
2735 5579 2905 5634 Deum
2962 5579 3188 5632 credere
3244 5583 3430 5633 natum
3478 5586 3532 5636 et

1929 5657 2262 5714 cruciﬁxum.
2294 5653 2419 5708 RIG.
