3980 6144
413 300 524 369 443

1114 308 1552 377 TERTULLIANI
1588 312 1853 376 OPERUM
1889 306 2057 370 PARS
2085 304 2156 364 Il.
2193 336 2264 346 —-
2302 302 2530 364 SEBIES
2568 303 2613 371 Ι,
2654 300 3001 361 POLEMICA.

3596 296 3710 358 444

418 424 660 482 Christus
682 428 979 524 Creatoris,
1005 450 1162 507 quam
1184 452 1368 495 secum
1390 441 1673 498 ostendere
1688 437 2005 513 praedicato-
2037 445 2089 524 Α
2114 446 2277 489 omne
2305 428 2546 486 verbum.
2579 430 2645 485 In
2671 432 2921 487 montem
2947 423 3184 493 secedit;
3216 437 3453 496 agnosco
3474 422 3707 480 formam

416 529 506 570 res
532 518 707 572 suos?
733 534 854 576 cum
882 520 987 577 illis
1035 524 1221 593 videri,
1272 528 1537 601 quibusin
1566 527 2002 594 revelationibus,

416 610 531 659 erat
558 604 707 662 visus
742 624 756 665 :
787 624 912 667 cum
941 611 1049 671 illis
1078 614 1245 687 loqui,
1279 619 1369 692 qui
1398 636 1525 677 eum
1563 620 1777 677 fuerant
1807 618 2008 676 locuti:

419 709 537 784 cum
586 694 665 752 eis
727 699 954 768 gloriam
1014 719 1166 761 suam
1220 712 1622 769 communicare
1704 729 1736 769 a
1816 710 2012 784 quibus

418 783 679 875 Dominus
710 787 901 859 gloriae
948 798 1389 868 nuncupabatur:
1440 819 1563 859 cum
1630 783 2012 875 principalibus

420 873 536 966 suis
563 874 700 966 (9i),
733 894 962 949 quorum
991 884 1124 941 alter
1143 889 1329 962 populi
1351 873 1671 951 infcrmator
1699 892 2008 966 aliquando,

419 962 554 1019 alter
575 963 895 1025 reformator
932 975 1290 1049 quandoque;
1323 980 1460 1037 alter
1514 982 1751 1039 initiator
1788 962 2013 1037 'Veteris

421 1052 768 1141 Iestamenti,
834 1058 965 1115 alter
1051 1076 1448 1124 consummator
1503 1070 1675 1127 Novi?
1732 1071 1906 1141 Igitur
1961 1076 2015 1124 et

421 1138 625 1239 Pet-rus-
640 1144 832 1239 merito
852 1147 902 1185 75
948 1154 1357 1211 contubernium
1383 1157 1583 1214 Christi
1604 1159 1689 1214 sui
1711 1138 2013 1233 agnoscens

422 1228 797 1290 individuitate
827 1237 949 1308 ejus
992 1245 1238 1318 suggerit
1293 1247 1610 1304 consilium:
1671 1228 1886 1308 Bonum
1931 1252 2014 1305 est

422 1338 521 1377 nos
552 1322 642 1380 hic
662 1341 795 1384 esse.
828 1328 1035 1386 Bonum
1078 1335 1255 1403 plane,
1317 1337 1411 1393 ubi
1465 1339 1686 1408 Moyses
1732 1335 1933 1393 scilicet
1959 1345 2010 1392 et

422 1410 590 1466 Elias.
622 1414 689 1467 Et
721 1432 734 1468 :
767 1417 1074 1478 Faciamus
1108 1423 1198 1480 hic
1218 1414 1223 1417 5
1243 1427 1359 1483 tria
1415 1428 1797 1494 tabernacula,
1829 1442 2013 1482 unum

426 1501 549 1567 tibi,
571 1508 625 1559 et
654 1506 819 1577 Moysi
853 1526 1056 1578 unum,
1090 1518 1145 1570 et
1194 1517 1335 1573 Elia;
1364 1534 1552 1573 unum
1584 1539 1595 1574 :
1638 1518 1733 1573 sed
1761 1518 2014 1575 nesciens

424 1590 559 1662 quid
588 1592 818 1652 diceret.
851 1596 1135 1665 Quomodo
1156 1604 1449 1660 nesciens?
1494 1613 1748 1660 utrumne
1779 1604 2009 1676 simplici
2046 1614 2089 1693 Β

424 1694 620 1749 errore,
655 1699 724 1738 an
750 1687 957 1743 ratione
992 1704 1154 1760 quam
1207 1692 1257 1730 76
1310 1693 1654 1751 defendimus
1710 1694 1765 1749 in
1823 1710 2011 1751 caussa

425 1785 579 1828 novas
608 1774 920 1843 praphetiae,
963 1780 1148 1851 gratiae
1187 1782 1449 1851 exstasin,
1483 1783 1536 1838 id
1593 1790 1693 1850 est,
1723 1783 2011 1839 mentium

427 1862 723 1918 convenire
755 1864 907 1933 (95)?
936 1868 994 1922 In
1034 1869 1226 1940 spiritu
1275 1872 1419 1927 enim
1468 1874 1632 1930 homo
1690 1872 2013 1931 constitutus

426 1953 722 2023 praesertim
750 1969 873 2011 cum
902 1957 1131 2029 gloriam
1154 1960 1249 2015 Dei
1285 1962 1577 2034 conspicit;
1632 1963 1723 2020 vel
1770 1979 1889 2019 cum
1921 1980 2017 2034 per

426 2038 604 2110 ipsum
651 2042 797 2098 Deus
853 2044 1110 2118 quuitur,
1171 2065 1394 2107 necesse
1449 2061 1530 2107 est
1576 2050 1788 2109 excidat
1832 2044 2013 2117 sensu,

423 2129 776 2190 obumbratus
823 2134 1023 2192 scilicet
1048 2137 1242 2196 virtute
1273 2139 1481 2207 divina;
1513 2141 1579 2195 de
1608 2156 1716 2214 quo
1746 2141 1886 2196 inter
1920 2158 2019 2198 nos

424 2226 480 2276 et
514 2222 806 2291 Psychicos
860 2226 1085 2295 quaestio
1124 2238 1207 2284 est
1252 2229 1390 2300 (96).
1457 2230 1672 2287 Interim
1733 2230 1889 2285 facile
1937 2239 2019 2287 est

422 2310 712 2367 amentiam
764 2312 907 2368 Petri
954 2316 1204 2385 probare.
1272 2316 1560 2385 Quomodo
1609 2319 1748 2373 enim
1798 2320 2019 2389 Moysen

424 2404 480 2453 et
514 2397 685 2455 Eliam
740 2403 1101 2475 cOgnovisset,
1157 2405 1263 2462 nisi
1319 2407 1371 2462 in
1430 2406 1663 2479 spiritu?
1711 2407 1823 2463 Nec
1877 2408 2019 2463 enim

423 2487 684 2561 imagines
727 2508 913 2549 eorum
979 2495 1060 2551 vel
1111 2504 1310 2552 statuas
1368 2496 1600 2568 populus
1638 2497 1915 2554 habuisset
1969 2506 2022 2554 et

424 2574 817 2649 similitudines,
863 2584 986 2656 lege
1034 2584 1194 2641 414
1233 2586 1571 2657 prohibente,
1623 2586 1725 2643 nisi
1775 2587 1901 2658 quia
1965 2588 2017 2642 in

424 2665 617 2735 Spiritu
643 2669 877 2737 viderat;
902 2681 952 2730 et
981 2672 1053 2730 ita
1082 2675 1224 2746 quod
1258 2674 1499 2742 dixisset,
1558 2675 1867 2747 ill/Spiritu,
1912 2690 2017 2731 non

425 2753 479 2808 in
500 2770 662 2811 sensu
727 2760 1076 2831 constitutus,
1111 2763 1247 2819 scire
1280 2778 1385 2818 non
1424 2771 1652 2834 poterat.
1714 2765 2014 2831 Cmterum,

425 2842 471 2898 si
491 2845 569 2900 sic
588 2846 755 2902 nescit
785 2849 943 2918 quasi
958 2865 1162 2916 errans,
1190 2866 1255 2907 eo
1270 2851 1414 2923 quod
1437 2859 1646 2924 putaret
1664 2852 1878 2908 illorum
1899 2867 2021 2908 esse

424 2931 725 3003 Christum;
756 2952 886 3009 ergo
920 2938 1031 3007 jam
1060 2948 1269 2995 constat
1318 2949 1372 2995 et
1401 2956 1564 3013 supra
1606 2942 1821 2997 Petrum
1849 2942 2019 2996 inter-

426 3030 673 3093 rogatum
718 3041 747 3079 a
806 3026 1050 3094 Christo,
1104 3045 1258 3099 quem
1306 3045 1365 3085 se
1432 3029 1795 3086 existimarent
1845 3038 1905 3087 ut
1955 3029 2021 3085 de

2115 519 2241 578 loci.
2262 521 2398 576 Nam
2419 529 2473 576 et
2499 518 2785 591 pristinum
2831 516 3093 589 populum
3148 515 3292 587 apud
3349 520 3591 572 montem
3654 523 3715 573 et

2118 608 2325 666 visione
2366 617 2419 664 et
2447 622 2577 664 voce
2608 623 2703 663 sua
2752 607 2975 662 Creator
3024 603 3277 660 initiarat.
3328 603 3626 674 Oportebat
3655 602 3711 658 in

2117 713 2181 756 eo
2207 704 2471 771 suggestu
2499 695 2805 769 consignari
2831 696 3042 750 Novum
3070 694 3494 762 Testamentum,
3525 693 3581 747 in
3602 708 3711 762 quo

2119 787 2475 857 conscriptum
2504 788 2672 843 Vetus
2708 785 2916 849 fuerat;
2950 784 3050 839 sub
3096 780 3291 837 eodem
3319 781 3483 837 etiam
3507 780 3712 838 ambitu

2118 878 2299 948 nubis,
2331 892 2488 949 quam
2517 890 2677 932 nemo
2727 872 2995 931 dubitavit
3023 871 3089 928 de
3117 887 3240 928 aere
3281 870 3547 927 Creatoris
3582 886 3717 928 con-

2122 966 2413 1039 globatam,
2456 965 2558 1021 nisi
2605 972 2659 1020 et
2709 964 2880 1019 nubes
2908 977 3036 1018 suas
3092 960 3183 1016 illo
3232 960 3556 1025 deduxerat,
3586 960 3715 1032 quia

2118 1065 2172 1112 et
2214 1056 2329 1126 ipse
2385 1070 2483 1126 per
2535 1054 2731 1109 caelum
2790 1050 3058 1107 Creatoris
3114 1048 3255 1105 viam
3332 1056 3574 1120 ruperat,
3621 1056 3714 1104 aut

2120 1145 2348 1217 proinde
2378 1150 2433 1199 et
2470 1141 2658 1198 nubilo
2712 1139 2983 1197 Creatoris
3023 1138 3266 1209 precario
3304 1153 3436 1197 usus
3475 1147 3576 1193 est.
3604 1136 3717 1192 Ita-

2122 1249 2226 1305 que
2252 1248 2354 1290 nec
2381 1246 2525 1287 nunc
2555 1237 2693 1286 muta
2737 1228 2911 1283 nubes
2956 1226 3077 1294 fuit,
3129 1226 3225 1283 sed
3277 1241 3385 1282 vox
3432 1224 3592 1283 salita
3646 1226 3719 1282 de

2121 1324 2280 1390 cmlo,
2339 1330 2393 1378 et
2444 1319 2617 1378 Patris
2677 1332 2876 1377 novum
2940 1314 3306 1395 testimonium
3362 1329 3530 1383 super
3576 1312 3718 1373 Filio

2120 1420 2283 1483 atque
2329 1411 2382 1466 in
2419 1408 2657 1466 secundo
2685 1408 2735 1447 ’⁷⁷
2771 1407 3005 1462 Psalmo.
3056 1405 3233 1461 Filius
3287 1420 3446 1463 meus
3492 1419 3549 1460 es
3603 1409 3719 1461 tu:

2121 1518 2215 1573 ego
2245 1500 2405 1557 hodie
2441 1499 2620 1571 genui
2650 1501 2725 1554 te.
2747 1496 2824 1551 De
2854 1509 2963 1567 quo
2993 1499 3045 1551 et
3100 1509 3196 1564 per
3251 1491 3440 1547 Isaiam
3471 1492 3548 1562 (ι,
3581 1492 3672 1561 10)
3699 1509 3714 1545 :

2127 1592 2257 1661 Quis
2288 1593 2464 1647 Deum
2484 1590 2765 1651 metuens,
2780 1584 2981 1641 audiat
2991 1599 3177 1641 vocem
3192 1583 3325 1638 Filii
3339 1583 3459 1643 eius
3483 1582 3713 1649 illaque

2117 1683 2225 1751 jam
2257 1684 2652 1749 repraesentans
2681 1690 2804 1729 eum
2829 1692 2842 1728 :
2863 1674 2961 1729 Hic
2990 1677 3072 1729 est
3102 1673 3280 1727 Filius
3309 1685 3500 1736 meus;
3531 1670 3725 1740 utique

2122 1766 2455 1831 subauditur,
2482 1780 2639 1834 quem
2677 1759 2964 1832 repromisi
3001 1761 3072 1813 78.
3118 1760 3175 1815 Si
3205 1758 3347 1815 enim
3406 1757 3720 1830 repromisit

2122 1856 2428 1929 aliquando,
2459 1862 2513 1910 et
2548 1860 2739 1927 postea
2793 1851 2952 1907 dicit:
2986 1850 3084 1907 Hic
3124 1852 3246 1917 est;
3284 1849 3406 1918 ejus
3443 1856 3527 1905 est
3563 1848 3720 1904 exhi-

2125 1947 2301 2005 bentis
2342 1960 2474 2002 voce
2524 1943 2604 2000 uti
2669 1942 2722 1996 in
2774 1939 3234 1996 demonstratione
3294 1936 3567 2008 promissi,
3625 1936 3721 2007 qui

2125 2035 2414 2108 aliquando
2469 2032 2746 2105 promisit;
2780 2044 2886 2086 non
2941 2029 3062 2098 ejus
3118 2028 3205 2082 cui
3263 2026 3436 2098 possit
3488 2042 3721 2097 respon-

2127 2126 2262 2194 deri,
2300 2146 2326 2178 α
2358 2127 2477 2193 Ipse
2504 2124 2650 2179 enim
2681 2129 2735 2179 tu
2765 2121 2884 2193 quis
2910 2134 2969 2175 es
2996 2118 3091 2190 qui
3119 2118 3286 2173 dicas.
3318 2118 3417 2173 Hic
3455 2122 3536 2175 est
3563 2116 3727 2185 ﬁlius

2127 2231 2303 2281 meus,
2337 2215 2404 2269 de
2431 2228 2539 2284 quo
2568 2226 2676 2267 non
2705 2211 2877 2283 magis
2907 2206 3237 2280 praemisisti,
3297 2222 3456 2277 quem
3492 2205 3723 2277 teipsum

2127 2304 2274 2378 quod
2301 2303 2446 2374 prius
2474 2316 2596 2356 eras
2613 2302 2662 2339 79
2683 2296 2977 2355 revelasti?
3009 2317 3033 2347 ι
3071 2298 3225 2352 Hunc
3292 2295 3457 2369 igitur
3499 2295 3723 2358 audite,

2129 2410 2289 2466 quem
2328 2392 2394 2447 ab
2431 2389 2581 2446 initio
2611 2387 2849 2444 edixerat
2880 2384 3210 2442 audiendum
3240 2384 3295 2439 in
3352 2382 3573 2440 nomine
3604 2396 3729 2454 pro-

2134 2484 2325 2555 phetat,
2356 2479 2611 2551 quoniam
2669 2484 2723 2532 et
2760 2476 3051 2547 praphetes
3081 2472 3374 2530 existimari
3426 2472 3661 2527 habebat
3688 2488 3722 2526 a

2130 2570 2353 2645 pupulo.
2388 2568 2740 2642 Prophetam,
2755 2564 2930 2638 inquit
2958 2567 3170 2635 Moyses
3200 2564 3316 2631 (9’1)
3353 2564 3540 2634 (Deut.
3565 2578 3726 2627 xvm,

2132 2662 2240 2731 15),
2263 2658 2561 2716 suscitabit
2575 2657 2721 2713 vobis
2736 2657 2879 2711 Deus
2910 2669 2983 2709 ex
3001 2653 3139 2723 ﬁliis
3156 2653 3357 2711 vestris
3392 2650 3720 2718 (secundum

2129 2748 2401 2804 carnalem
2442 2744 2650 2801 scilicet
2691 2756 2908 2799 censum
2940 2740 3011 2811 80)
3044 2746 3317 2812 tanquam
3367 2755 3492 2795 me:
3525 2739 3731 2796 audie-

2130 2838 2205 2894 tis
2228 2838 2274 2875 δι
2293 2838 2481 2893 illum.
2520 2832 2710 2888 Omnis
2729 2835 2921 2889 autem
2941 2831 3042 2902 qui
3074 2830 3242 2885 illum
3287 2846 3404 2887 non
3447 2828 3727 2896 audierit,

2129 2924 2611 2985 ercterminabitur
2630 2923 2827 2978 anima
2841 2922 2965 2992 ejus
2986 2918 3050 2976 de
3064 2919 3270 2992 papula
3293 2934 3415 2975 suo.
3438 2918 3528 2974 Sic
3552 2916 3653 2973 41
3670 2916 3727 2973 ὃ

2129 3032 2182 3078 et
2210 3024 2375 3079 Isaias
2402 3022 2476 3093 (ι,
2514 3019 2640 3091 10);
2674 3018 2809 3087 Quis
2842 3018 2906 3071 in
2934 3015 3083 3072 vobis
3126 3018 3403 3077 metuens,
3447 3012 3728 3069 exaudiat

423 3112 686 3169 Creatoris
716 3114 935 3185 dixisse,
977 3119 1051 3173 Tu
1084 3133 1140 3175 es
1186 3119 1482 3187 Christus;
1515 3120 1641 3191 quia
1677 3120 1721 3174 si
1762 3130 1886 3177 tunc
1943 3120 2019 3175 al-
2051 3111 2094 3190 ο
2124 3135 2309 3177 vocem
2339 3120 2450 3189 ﬁlii
2478 3116 2637 3189 ejus?
2664 3114 2836 3184 Quam
2863 3120 2917 3168 et
2945 3112 3064 3184 ipse
3106 3112 3261 3165 Pater
3315 3108 3726 3165 commendatu-

423 3202 590 3260 terius
619 3203 718 3259 Dei
749 3203 897 3259 illum
929 3207 1290 3279 cognovisset,
1334 3208 1422 3264 hic
1444 3224 1659 3282 quoque
1697 3224 1805 3266 non
1834 3224 2016 3266 erras-

422 3300 522 3349 set.
554 3292 713 3361 Quod
769 3294 818 3349 si
874 3294 999 3352 ideo
1036 3304 1091 3351 et
1138 3297 1227 3354 hic
1280 3299 1494 3366 erravit,
1537 3299 1660 3372 quia
1711 3308 1764 3355 et
1819 3316 2013 3372 supra;

424 3396 557 3452 ergo
577 3388 752 3438 certus
771 3391 853 3438 est
880 3383 933 3437 in
962 3384 1111 3439 illum
1144 3384 1287 3441 diem
1343 3401 1559 3460 quoque
1585 3387 1791 3442 nullam
1824 3403 2017 3444 novam

422 3470 754 3527 divinitatem
801 3490 833 3527 a
885 3474 1096 3530 Christo
1149 3475 1452 3543 revelatam,
1513 3483 1566 3532 et
1622 3493 1811 3547 usque
1848 3478 2024 3537 adhuc

425 3552 531 3615 non
587 3576 799 3618 errasse
853 3561 1093 3629 Petrum,
1149 3565 1366 3621 Christo
1423 3581 1595 3637 usque
1650 3566 1826 3623 adhuc
1886 3568 2018 3624 nihil

424 3648 691 3717 ejusmodi
755 3650 1053 3719 revelante;
1088 3658 1140 3706 et
1180 3652 1381 3708 tamdiu
1420 3668 1525 3708 non
1582 3652 1799 3710 alterius
1849 3655 2020 3727 depu-

426 3737 645 3791 tandum
670 3738 960 3805 Christum,
1003 3757 1167 3810 quam
1212 3741 1502 3809 Creatoris,
1534 3742 1689 3812 cujus
1719 3758 1931 3799 omnem
1976 3754 2026 3801 et

426 3823 515 3878 hic
536 3824 782 3880 ordinem
813 3830 1101 3897 expressit.
1154 3829 1287 3884 Tres
1326 3828 1392 3885 de
1424 3829 1757 3887 discentibus
1794 3833 2027 3891 arbitros

428 3911 625 3969 futurae
665 3913 885 3969 visionis
912 3922 965 3969 et
1019 3916 1167 3973 vocis
1198 3917 1458 3984 assumit;
1506 3925 1563 3973 et
1617 3919 1720 3976 hoc
1759 3920 2027 3978 Creatoris

426 4010 528 4057 est.
557 4004 621 4058 In
654 4001 852 4069 tribus,
885 4002 1058 4077 inquit
1076 4006 1266 4076 (Deut.
1314 4022 1423 4078 xxx,
1455 4007 1566 4078 i5),
1600 4008 1833 4067 testibus
1857 4011 2031 4067 stabit

2125 3226 2217 3265 rus
2252 3216 2385 3265 erat.
2430 3208 2644 3263 Sistens
2698 3202 2841 3258 enim
2867 3201 2917 3239 ⁸2
2945 3202 3108 3258 verba
3152 3199 3264 3270 ﬁlii
3313 3199 3404 3254 sui
3459 3198 3592 3268 (98),
3645 3197 3730 3252 di-

2124 3299 2297 3356 cendo
2327 3296 2565 3352 scilicet:
2601 3295 2699 3350 Hic
2727 3297 2810 3350 est
2856 3292 3009 3362 ﬁlius
3053 3305 3211 3345 meus
3242 3289 3524 3355 dilectus;
3572 3285 3729 3342 hunc

2127 3388 2340 3453 audite,
2389 3386 2558 3458 inquit
2614 3383 2681 3437 83.
2733 3382 2917 3452 Itaque
2969 3379 3068 3435 etsi
3126 3378 3267 3433 facta
3322 3375 3598 3432 translatio
3658 3376 3732 3431 sit

2127 3476 2416 3535 auditionis
2453 3492 2484 3530 a
2512 3476 2697 3546 Moyse
2725 3480 2779 3527 et
2816 3471 2934 3526 Elia
2976 3470 3031 3525 in
3072 3469 3286 3525 Christo
3341 3468 3411 3536 εί,
3469 3467 3562 3522 sed
3608 3480 3723 3521 non

2127 3576 2191 3623 ut
2218 3568 2285 3621 ab
2314 3550 2570 3630 aliodeo,
2598 3578 2698 3619 nec
2730 3562 2797 3616 ad
2850 3558 3017 3615 alium
3063 3558 3323 3614 christum
3372 3555 3467 3613 sed
3495 3572 3528 3611 a
3557 3555 3731 3611 Crea—

2130 3660 2247 3713 tore
2300 3654 2357 3711 in
2415 3652 2681 3709 Christum
2757 3652 2902 3721 ejus,
2975 3647 3267 3704 secundum
3348 3645 3727 3703 decessionem

2087 3768 2092 3773 ·
2130 3742 2358 3811 Veteris,
2392 3750 2445 3797 et
2474 3739 2866 3797 successionem
2892 3736 3028 3793 Novi
3065 3733 3415 3793 Testamenti.
3474 3734 3590 3790 Non
3651 3734 3735 3789 le-

2132 3841 2312 3905 gatus,
2341 3829 2515 3901 inquit
2542 3829 2706 3885 Isaias
2730 3832 2905 3900 (LXIII,
2942 3830 3019 3899 9),
3049 3841 3151 3884 nec
3178 3824 3422 3896 nuntius,
3453 3824 3549 3881 sed
3612 3825 3736 3896 ipse

2134 3919 2399 3979 Dominus
2427 3920 2478 3956 35
2506 3919 2687 3977 salvos
2705 3935 2792 3977 eos
2826 3919 2963 3990 fecit
2994 3916 3072 3982 85;
3117 3914 3232 3985 ipse
3270 3915 3383 3984 jam
3430 3910 3739 3983 praedicans

2134 4021 2186 4067 et
2240 4010 2469 4082 implens
2520 4008 2717 4082 Legem
2773 4016 2826 4063 et
2912 4007 3225 4078 Prophetas.
3281 4001 3524 4058 Tradidit
3567 4001 3738 4076 igitur

2136 4101 2291 4157 Pater
2346 4098 2483 4155 Filio
2531 4098 2826 4170 discipulos
2878 4111 3076 4161 novos,
3122 4092 3353 4151 ostensis
3401 4090 3551 4161 prius
3606 4106 3737 4146 cum

1791 4225 1980 4289 Varia
2021 4230 2347 4304 lectiones.

495 4333 563 4411 75_
591 4332 838 4411 Me_ritum
857 4333 1081 4411 “Semln
1131 4331 1355 4411 Qberth.
1399 4332 1449 4369 ⁷6
1463 4330 1594 4411 Qua
1625 4335 1764 4411 Jun.
1801 4334 1849 4411 πῖ
1873 4296 2057 4411 Primo
2087 4335 2255 4411 Segni.
2288 4333 2338 4371 ἰθ
2365 4328 3016 4411 Depromisitﬂbertli.
3049 4328 3180 4411 Erat
3232 4296 3740 4411 PamJBQHSensuQ

425 4406 609 4477 Paris.
646 4403 900 4477 Fraus“31
938 4400 1430 4477 AudieritisPam.
1462 4395 1523 4442 δι”
1538 4405 1722 4477 Inquit
1774 4405 1907 4461 add.
1955 4407 2113 4462 Pam.
2145 4406 2196 4445 ⁸³
2220 4404 2403 4475 Inquit
2429 4395 2600 4461 omitt
2632 4420 2647 4475 ;
2680 4405 2838 4459 Pam.
2880 4401 2929 4440 84
2961 4400 3232 4457 Christum
3287 4398 3404 4456 cod.
3452 4398 3654 4454 Wouw.
3683 4395 3741 4433 ⁸⁵

425 4476 570 4531 Deus
601 4476 772 4534 Seml.
813 4474 1034 4532 Obcrth.
1058 4474 1108 4513 εδ
1136 4474 1323 4532 Faciet
1361 4475 1584 4533 Oberth.

1824 4572 2324 4639 Commentarius.

502 4676 2014 4772 £94)“aususausussaevitis-tas-J04-
2053 4695 2098 4772 υ

424 4767 553 4810 cum
598 4748 969 4824 principibus
1012 4748 1151 4824 suis.
1182 4749 1283 4804 Sed
1322 4748 1448 4824 illud
1476 4749 1649 4821 magis
1669 4750 2015 4824 Tertulliani-

425 4838 548 4879 cum
573 4819 631 4876 et'
654 4819 962 4876 Africanum
1007 4822 1205 4890 stylum
1266 4820 1491 4888 redolet,
1552 4819 1692 4889 quos
1737 4821 1814 4877 ita
1863 4838 2022 4878 vocat

426 4902 647 4964 auctor,
716 4906 853 4959 quos
900 4893 1117 4964 Moyses
1171 4901 1223 4946 et
1302 4891 1443 4964 Elius
1498 4892 1757 4964 praecipui
1824 4892 2025 4949 fuerint

428 4963 818 5037 prophetarum
866 4962 1128 5037 veterum,
1169 4962 1475 5033 jamdulum
1503 4962 1627 5020 ante
1668 4962 1833 5032 ’illos,
1886 4981 2023 5037 quos

427 5036 664 5104 majores
708 5049 981 5091 vocamus.
1018 5036 1162 5090 Pu.

502 5106 617 5189 (9b)
653 5108 827 5189 Quam
847 5106 1202 5189 defendimus
1222 5107 1286 5162 in
1317 5123 1487 5189 causa
1518 5123 1676 5164 novae
1693 5108 2019 5189 prophetia,

426 5177 628 5259 gratiae
649 5179 922 5259 castrisin,
950 5177 1007 5259 id
1027 5183 1109 5259 est
1135 5181 1449 5259 amentia-nt
1470 5177 2022 5259 convenire'Hocfe-

425 5249 565 5321 cisse
625 5250 833 5305 videtur
862 5249 1012 5305 libris
1059 5249 1124 5305 de
1182 5252 1430 5319 Exstasi,
1488 5265 1720 5321 quorum
1778 5249 2026 5305 meminit

425 5320 806 5394 Hieronymus.
842 5321 958 5377 Rm.

502 5391 707 5473 (9§)_De
735 5410 865 5473 quo_
887 5396 1062 5473 inter_
1095 5408 1194 5450 nos
1223 5395 1279 5450 et
1325 5391 1881 5473 Psychicosqutestio
1922 5396 2031 5449 est.

430 5462 822 5538 Psychicorum
851 5465 941 5520 hic
980 5463 1215 5537 primum
1261 5462 1511 5538 omnium
1534 5462 1674 5518 facta
1710 5470 1795 5520 est
1825 5463 1891 5538 ab
1923 5478 2027 5518 au-

428 5533 576 5595 ctdre
611 5537 850 5607 mentio;
880 5533 1048 5608 qua're
1089 5541 1237 5608 patet
1292 5533 1444 5608 initio
1499 5535 1770 5592 haereseos
1815 5536 1883 5590 ab
1938 5551 2033 5590 au-

428 5619 582 5668 ctore
600 5610 744 5667 hunc
776 5606 971 5665 librum
999 5606 1382 5678 conscriptum.
1415 5606 1539 5664 RIG.

2205 4682 2316 4752 (9'7)
2347 4677 2686 4752 Prophetam
2724 4676 2913 4752 inquit
2942 4675 3163 4752 Moyses.
3216 4672 3380 4728 Multo
3409 4671 3571 4752 aliter
3593 4671 3746 4752 llch

2130 4740 2471 4823 Scripturam'
2488 4749 2613 4805 citat
2648 4740 2815 4823 quani
2872 4740 3048 4823 hodiei
3079 4745 3305 4823 habetur
3354 4742 3495 4814 apud
3540 4740 3737 4823 LXX,

2131 4825 2223 4879 sed
2249 4817 2437 4894 potius
2466 4817 2758 4894 secundum
2801 4818 2946 4894 quod
3004 4817 3313 4894 citat,__Act.
3348 4830 3438 4894 _1_u
3498 4822 3552 4870 et
3606 4828 3740 4894 vin,

2132 4909 2235 4950 nec
2254 4886 2270 4894 ’
2304 4894 2519 4960 mirum,
2550 4908 2671 4947 cum
2703 4889 2790 4945 bis
2819 4886 3062 4960 'idipsum
3104 4887 3224 4942 aliis
3247 4886 3433 4960 verbis
3463 4893 3745 4960 repetatur

2130 4968 2296 5022 Deut.
2332 4979 2485 5032 xvm,
2506 4956 2735 5032 quorum
2766 4956 2933 5031 priori
2967 4959 3087 5016 loco
3116 4957 3290 5032 magis
3323 4956 3553 5032 accedit,
3588 4956 3743 5032 quod

2131 5038 2446 5091 habetcum
2473 5028 2721 5105 apostolo
2768 5028 2929 5088 Petro
2987 5028 3549 5105 auctorfSuscitabit
3580 5028 3734 5086 vobis

2169 5117 2485 5176 raeterquam
2512 5100 2659 5177 quod
2702 5104 2775 5159 ibi
2798 5111 2903 5177 gest
2963 5103 3082 5169 tibi,
3132 5118 3196 5158 ex
3260 5100 3546 5171 posteriori
3598 5114 3741 5155 vero

2156 5195 2252 5235 oco
2278 5174 2577 5247 desumpsit
2608 5176 2760 5230 illud.
2796 5174 2936 5231 Pan.

2205 5251 2319 5322 (98)
2346 5240 2559 5307 Sistens
2590 5245 2998 5322 enim,inq_uit,
3030 5244 3195 5301 verba
3213 5243 3447 5322 ﬁ-liisui,
3473 5248 3577 5297 etc.
3599 5240 3742 5297 Rur-

2133 5316 2253 5377 sum
2282 5316 2441 5378 vertit
2468 5327 2651 5376 auctor
2680 5316 2842 5374 verba
2864 5316 2981 5373 Isa.
3018 5332 3163 5382 κων,
3196 5316 3312 5385 ﬁlii
3351 5316 3462 5381 sui,
3514 5326 3612 5382 pro
3672 5328 3738 5369 eo

2134 5395 2299 5466 quod
2332 5408 2507 5463 graece
2559 5392 3037 5466 nat8§;___qou;_pr0
3089 5402 3198 5466 quo
3228 5386 3337 5466 alii,
3384 5385 3551 5466 pueri
3608 5386 3735 5451 sui;

2137 5454 2246 5537 quo
2277 5454 2473 5537 factum
2503 5471 2563 5519 ut
2589 5454 2901 5537 difﬁcillime
2925 5454 3077 5515 locus
3108 5454 3197 5514 hic
3255 5454 3485 5537 inveniri
3540 5467 3737 5525 pome—

2139 5528 2225 5601 r'il,
2261 5535 2487 5590 maxime
2514 5550 2635 5589 cum
2691 5534 2752 5588 Β.
2815 5531 3175 5601 Hieronymus
3235 5544 3304 5585 ex
3367 5528 3582 5584 hebran
3620 5542 3739 5583 ver-

2138 5613 2236 5679 tat,
2263 5609 2543 5665 suscitans
2574 5607 2816 5663 verbum.
2847 5603 2991 5661 Plut.
