3980 6144
249 312 345 374 445

245 533 314 589 ita
344 530 608 600 dimissis,
637 530 788 604 quasi
810 531 921 601 jam
950 536 1006 587 et
1043 529 1224 587 ofﬁcio
1251 537 1305 587 et
1335 531 1547 588 honore
1595 532 1822 606 dispun-

244 624 368 693 etis;
417 631 479 679 ut
527 622 630 678 hoc
665 621 842 692 ipsum
873 618 1282 678 continuaretur
1331 629 1550 694 prepter
1601 623 1830 680 Marcio-

243 729 378 783 nem,
433 711 747 768 societatem
788 725 909 766 esse
944 709 1114 766 etiam
1144 709 1407 767 claritatis
1435 711 1656 768 Christi
1704 728 1830 770 cum

241 803 416 873 Moyse
444 810 500 856 et
534 801 670 856 Elia.
719 799 916 855 Totum
970 806 1152 855 autem
1201 799 1445 855 habitum
1502 799 1729 857 visionis
1758 802 1829 857 is-

241 891 340 947 tius
366 890 628 947 habemus
657 889 818 946 etiam
838 888 981 961 apud
1009 889 1282 955 Habacuc,
1335 888 1428 944 ubi
1474 889 1708 960 Spiritus
1762 906 1838 946 ex»

239 995 468 1052 persona
519 978 789 1034 interdum
844 978 1209 1058 apostolorum
1291 978 1516 1047 (Habac.
1582 994 1664 1045 ιιι,
1725 980 1823 1050 2):

239 1071 482 1133 Domine,
513 1068 710 1124 audivi
736 1067 1004 1124 auditum
1049 1071 1215 1124 tuum
1235 1072 1294 1123 et
1325 1069 1593 1125 extimui.
1651 1069 1821 1138 Quem

236 1159 399 1231 magis
427 1173 593 1229 quam
611 1156 761 1214 vocis
787 1155 1024 1214 caelestis
1051 1157 1213 1225 illius,
1251 1159 1350 1214 Hic
1377 1163 1461 1215 est
1480 1158 1636 1227 ﬁlius
1660 1174 1821 1216 meus

236 1249 487 1314 dilectus,
521 1248 671 1304 hunc
699 1247 914 1302 audite.
941 1247 1303 1305 Consideravi
1339 1263 1508 1320 opera
1542 1252 1644 1304 tua
1671 1249 1743 1315 ⁸⁷,
1765 1255 1822 1307 et

235 1335 412 1390 excidi
460 1338 674 1391 mente.
724 1330 951 1401 Quando
997 1333 1288 1404 88magis,
1317 1347 1474 1404 quam
1536 1349 1661 1389 cum
1709 1334 1821 1390 visa

231 1421 465 1478 claritate
519 1422 657 1490 ejus,
687 1421 856 1478 nescit
899 1419 1030 1494 quid
1077 1420 1280 1477 diceret
1312 1421 1541 1478 Petrus?
1577 1424 1645 1478 In
1693 1438 1819 1478 me-

229 1512 308 1569 dio
335 1511 591 1567 duorum
608 1511 952 1568 animalium
980 1513 1342 1583 cognosceris,
1372 1510 1544 1583 Moysi
1573 1522 1626 1568 et
1660 1511 1816 1569 Elite.

223 1600 294 1655 De
319 1599 527 1672 quibus
553 1608 606 1655 et
622 1599 912 1656 Zacharias
959 1599 1222 1670 (Zachar.
1256 1615 1331 1666 iv,
1364 1603 1396 1656 3
1448 1608 1504 1656 et
1540 1600 1629 1670 14)
1686 1599 1819 1656 vidit

217 1691 269 1744 in
304 1687 487 1762 ﬁgura
539 1689 767 1746 duarum
823 1689 1082 1756 olearum,
1114 1695 1170 1744 et
1204 1689 1437 1746 duorum
1481 1688 1814 1746 ramulorum

221 1743 539 1836 iiinium
586 1743 642 1833 ha
680 1743 1149 1852 sunt,dequibus
1187 1743 1392 1836 suis
1417 1743 1813 1836 manus.
1847 1743 1891 1822 Β

230 1870 338 1937 filii
357 1869 669 1941 opimitatis
679 1868 968 1927 adsistunt
985 1871 1220 1928 Domino
1233 1871 1516 1926 universm
1536 1872 1721 1927 terra.
1746 1870 1815 1924 Et

229 1971 452 2012 rursum
477 1957 606 2013 idem
642 1958 892 2015 Habacuc
914 1958 1136 2028 (Habac.
1169 1974 1253 2028 ιιι,
1293 1959 1350 2029 3)
1381 1975 1394 2015 :
1435 1959 1665 2031 Operuit
1707 1975 1815 2013 cce-

224 2050 306 2104 Ios
335 2049 553 2116 virtus;
574 2047 758 2120 utique
783 2047 969 2103 nubilo
998 2047 1110 2103 illo.
1168 2051 1239 2104 Et
1267 2048 1527 2121 splendor
1574 2049 1694 2118 ejus
1750 2053 1815 2104 ut

216 2139 324 2192 tua:
354 2139 471 2194 erit
498 2136 724 2208 ;utique
743 2152 849 2208 qua
885 2136 1046 2191 etiam
1072 2137 1296 2193 vestitus
1334 2137 1452 2206 ejus
1490 2135 1718 2194 refulsit.
1750 2138 1818 2193 Et

211 2224 255 2278 si
283 2239 778 2281 eommemoremur
807 2223 1180 2294 promissionis
1220 2225 1414 2297 Moysi,
1445 2225 1532 2281 hic
1566 2225 1812 2283 invenie-

213 2323 299 2370 tur
323 2321 621 2385 expuncta.
679 2315 816 2371 Cum
861 2312 1000 2368 enim
1057 2314 1414 2372 desiderasset
1466 2328 1814 2395 conspectum

213 2404 426 2462 Domini
457 2406 677 2477 Moyses
703 2404 922 2462 dicens:
957 2405 1018 2463 Si
1061 2421 1187 2478 ergo
1217 2407 1410 2463 inveni
1446 2408 1690 2478 gratiam
1720 2421 1812 2462 co-

217 2512 330 2550 ram
365 2496 772 2566 te,manifesta
811 2499 865 2551 te
885 2497 1030 2553 mihi
1065 2500 1134 2552 ut
1169 2501 1560 2567 cognoscenter
1597 2497 1815 2553 videam

215 2588 296 2649 te;
351 2599 483 2640 eum
531 2588 879 2655 conspectum
909 2583 1237 2651 desiderans,
1291 2584 1344 2639 in
1393 2601 1502 2656 quo
1541 2584 1812 2640 hominem

215 2680 348 2727 esset
388 2681 639 2736 acturus,
695 2673 839 2743 quod
888 2673 1151 2744 propheta
1206 2671 1434 2728 sciebat.
1521 2672 1813 2738 Caeterum,

220 2761 307 2816 Dei
325 2763 542 2831 faciem
564 2760 694 2828 (jam
711 2760 979 2831 audierat)
1002 2776 1163 2817 nemo
1188 2761 1348 2819 homo
1376 2759 1583 2818 videbit
1624 2776 1713 2816 me
1737 2762 1806 2828 89,

215 2854 266 2907 et
289 2851 439 2907 vivet
477 2849 678 2918 (Exod.
703 2864 906 2915 χχχιιι,
938 2851 1052 2920 20).
1081 2851 1149 2906 Et
1179 2851 1352 2917 hunc,
1381 2849 1574 2923 inquit,
1597 2867 1811 2909 sermo-

215 2956 338 2996 nem
373 2954 544 3012 quem
571 2938 802 3006 dixisti,
835 2940 1052 3009 faciam
1082 2941 1204 2998 tibi.
1237 2941 1306 2995 Et
1335 2957 1524 2997 rursus
1552 2943 1770 3012 Moyses
1794 2956 1807 2997 :

219 3027 450 3083 Ostende
468 3025 613 3083 mihi
629 3027 871 3097 gloriam
901 3031 1079 3083 tuam.
1111 3028 1174 3082 Et
1201 3028 1464 3083 Dominus
1480 3026 1726 3083 similiter
1740 3027 1810 3082 de

211 3115 386 3172 futuro
416 3135 432 3174 :
469 3118 580 3187 Ego
595 3115 915 3189 praecedam
940 3119 1000 3172 in
1028 3117 1208 3187 gloria
1229 3133 1394 3186 mea;
1428 3124 1482 3170 et
1498 3115 1726 3187 reliqua.
1742 3116 1810 3172 Et

207 3206 262 3260 in
299 3204 638 3261 novissimo:
671 3207 741 3261 Et
772 3209 913 3262 tunc
930 3205 1135 3263 videbis
1157 3208 1475 3280 posteriora
1503 3223 1652 3264 mea.
1684 3205 1806 3261 Non

204 3294 438 3360 lumbos,
472 3310 575 3350 nec
602 3311 783 3361 suras;
817 3295 907 3352 sed
936 3311 1096 3369 quam
1138 3296 1539 3356 desideraverat
1574 3296 1804 3368 gloriam

207 3384 259 3439 in
304 3382 696 3455 posterioribus
749 3385 1084 3457 temporibus
1138 3385 1499 3442 revelandam.
1540 3385 1603 3441 In
1671 3401 1806 3458 qua,

210 3471 342 3530 facie
369 3474 440 3529 ad
460 3473 653 3529 faciem
687 3470 844 3532 416
887 3473 1154 3531 visibilem
1193 3490 1253 3532 se
1281 3475 1332 3532 ei
1361 3473 1684 3546 repromittit
1725 3474 1797 3541 9°,

211 3562 365 3618 etiam
393 3561 462 3617 ad
491 3562 753 3620 Aaronem
783 3563 970 3620 dicens
1016 3564 1207 3634 (Num.
1247 3579 1349 3632 xu,
1383 3567 1439 3633 6)
1471 3585 1484 3622 :
1531 3566 1592 3622 Si
1618 3566 1800 3635 fuerit

208 3651 503 3724 prophetes
519 3654 583 3708 in
607 3653 756 3709 vobis
777 3654 846 3718 91,
871 3656 932 3710 in
961 3655 1172 3711 visione
1192 3671 1493 3727 cognoscar
1511 3655 1623 3723 illi,
1647 3659 1704 3710 et
1735 3654 1798 3708 in

213 3743 420 3799 visione
456 3741 652 3816 loquar
679 3743 750 3798 ad
788 3758 949 3811 eum,
974 3760 1088 3802 non
1131 3745 1401 3817 quomodo
1431 3745 1507 3801 ad
1538 3744 1752 3818 Moysen
1780 3764 1797 3798 :

212 3843 268 3884 os
287 3830 358 3886 ad
388 3848 448 3889 os
479 3831 677 3904 loquar
705 3832 778 3889 ad
811 3849 939 3890 eum
968 3833 1018 3871 92
1045 3835 1107 3889 in
1135 3836 1316 3906 specie
1335 3835 1543 3905 (utique
1568 3835 1803 3893 hominis

212 3931 365 3988 quam
397 3929 513 3975 erat
549 3921 897 3993 gestaturus),
931 3937 1047 3979 non
1075 3923 1138 3977 in
1177 3925 1497 3995 aenigmate.
1530 3925 1668 3980 Nam
1697 3924 1800 3981 etsi

211 4003 439 4065 Marcion
466 4009 642 4065 noluit
698 4025 821 4066 eum
879 4010 1278 4084 colloquentem
1333 4012 1566 4069 Domino
1611 4021 1800 4071 osten-

210 4106 331 4149 sum
354 4096 487 4168 (99),
521 4097 618 4152 sed
655 4103 882 4155 stantem
915 4117 929 4165 ;
962 4099 1013 4139 93
1043 4108 1223 4156 tamen
1261 4107 1314 4156 et
1342 4109 1490 4158 stans
1517 4117 1580 4159 os
1625 4103 1693 4159 ad
1737 4119 1800 4160 os

208 4183 397 4251 stabat,
435 4197 486 4242 et
517 4185 708 4243 faciem
747 4187 813 4242 ad
860 4186 1055 4245 faciem
1109 4205 1229 4246 cum
1267 4188 1382 4256 illo,
1439 4191 1636 4263 inquit,
1692 4206 1802 4249 non

209 4274 356 4327 extra
380 4273 552 4345 illum,
581 4274 638 4330 in
680 4275 915 4348 gloriam
961 4277 1165 4350 ipsius,
1215 4277 1413 4334 nedum
1462 4278 1516 4336 in
1571 4294 1803 4352 conspe-

209 4364 350 4414 ctum
375 4361 440 4419 9*.
474 4363 554 4417 De
593 4379 698 4435 qua
752 4363 925 4434 gloria
952 4378 1061 4420 non
1090 4365 1242 4421 aliter
1270 4364 1572 4422 illustratus
1595 4365 1802 4424 disces-

209 4445 327 4500 sita
352 4448 584 4520 Christo,
625 4465 786 4523 quam
836 4453 1045 4509 solebat
1074 4468 1105 4508 a
1161 4453 1421 4510 Creatore
1480 4470 1496 4506 :
1563 4455 1792 4526 proinde

1446 313 1573 374 LIB.
1611 315 1681 376 IV
1719 314 1874 376 ADV.
1914 318 2321 384 MARCIONBM.

243 443 327 540 illo
574 450 630 499 et
657 440 784 540 Elia
819 440 877 540 in
903 439 1184 540 claritafs'
1218 443 1573 540 praerogativa
1597 485 1648 540 ,υ
1665 450 1823 516 atque
1855 459 1906 540 λ

3423 321 3531 381 446

2503 450 2726 508 CAPUT
2755 450 2955 506 XXIII.

2010 538 2126 594 Stet
2152 540 2384 598 christus
2409 539 2715 608 Marcionis,
2747 549 2802 596 et
2828 538 3089 595 exclamet
3117 554 3132 592 :
3167 539 3210 594 0
3254 539 3529 611 genitura

1937 627 2250 696 incredula,
2277 646 2562 704 quousque
2589 645 2684 689 ero
2710 628 2860 701 apud
2889 642 2978 684 vos
2994 626 3021 680 Ρ
3041 640 3320 698 quousque
3347 627 3526 682 susti-

1937 717 2073 776 nebo
2100 735 2192 776 vos
2228 720 2326 775 95?
2356 720 2544 776 Statim
2584 736 2614 774 a
2649 734 2736 774 me
2761 716 2948 774 audire
2987 715 3226 772 debebit.
3275 715 3529 787 Quisquis

1935 821 2010 871 es,
2065 809 2454 878 eperchomene
2481 807 2836 882 (ἐπερχόμενε),
2872 805 3024 878 prius
3048 805 3151 860 ede
3173 803 3268 876 qui
3298 803 3391 869 sis,
3424 811 3526 859 eta

1933 910 2040 966 quo
2088 897 2287 964 venias,
2321 905 2376 954 et
2399 898 2546 970 quod
2584 899 2639 953 in
2677 896 2836 954 nobis
2855 895 2954 953 tibi
2981 895 3094 965 jus.
3129 892 3310 965 Usque
3352 891 3527 948 adhuc

1931 983 2200 1042 Creatoris
2243 997 2325 1044 est
2359 988 2407 1026 97
2457 996 2626 1043 totum
2681 985 2821 1057 apud
2883 992 2953 1040 te.
3011 983 3175 1038 Plane
3228 979 3278 1036 si
3325 981 3393 1035 ab
3430 979 3526 1036 illo

1930 1074 2103 1142 venis,
2149 1083 2204 1132 et
2255 1077 2330 1132 illi
2382 1078 2520 1151 agis,
2570 1076 2907 1133 admittimus
2963 1070 3408 1143 increpationem.
3469 1070 3525 1126 Si

1928 1178 2056 1221 vero
2083 1165 2151 1220 ab
2181 1165 2305 1235 alio,
2350 1167 2498 1224 dicas
2555 1166 2717 1223 velim
2765 1165 2897 1237 quid
2954 1164 3112 1220 nobis
3164 1176 3398 1232 unquam
3453 1158 3526 1216 de

1929 1257 2020 1308 tuo
2047 1253 2386 1319 commisisti,
2418 1255 2562 1327 quod
2615 1253 2836 1311 credere
2861 1250 3261 1315 debuissemus,
3322 1257 3382 1304 ut
3433 1261 3526 1302 ex-

1927 1341 2152 1413 probres
2188 1342 2635 1410 incredulitatem,
2693 1342 2788 1415 qui
2844 1357 2942 1398 nec
2985 1340 3165 1412 ipsum
3231 1336 3521 1412 aliquando

1924 1429 2085 1486 nobis
2111 1431 2357 1489 revelasti
2385 1433 2413 1487 ‘i
2442 1430 2617 1501 Quam
2659 1431 2788 1489 olim
2844 1429 2992 1503 apud
3038 1443 3137 1484 nos
3182 1441 3348 1500 agere
3411 1441 3523 1482 cte-

1926 1517 2070 1589 Ρίειίν
2104 1528 2161 1575 ut
2199 1528 2408 1590 tempus
2465 1520 2770 1592 queraris?
2825 1521 2886 1575 In
2941 1517 3140 1589 quibus
3193 1531 3296 1570 nos
3351 1512 3520 1570 susti-

1929 1606 2111 1674 nuisti,
2148 1615 2208 1663 ut
2245 1608 2556 1679 patientiam
2610 1608 2887 1677 imputes?
2941 1605 3141 1661 Asinus
3213 1602 3282 1658 de
3334 1600 3521 1672 Εενορί

1929 1705 2092 1765 puteo
2140 1695 2300 1752 modo
2356 1694 2548 1764 venis,
2607 1701 2661 1750 et
2710 1695 2826 1764 jam
2905 1691 3197 1748 exclamas.
3265 1687 3518 1758 Suscipio

1921 1783 2098 1840 adhuc
2153 1789 2209 1839 et
2271 1797 2555 1854 personam
2621 1781 3011 1853 discipulorum
3075 1781 3131 1834 in
3209 1791 3346 1849 quos
3391 1775 3518 1832 insi-

1921 1871 2003 1926 liit
2033 1888 2048 1928 :
2084 1873 2125 1928 0
2159 1873 2320 1928 natio
2356 1871 2670 1937 incredula,
2718 1870 2996 1944 quamdiu
3049 1882 3141 1925 ero
3187 1866 3517 1925 vobiscum?

1923 1963 2194 2036 quamdiu
2263 1980 2356 2020 vos
2409 1963 2740 2022 sustinebo?
2793 1963 2949 2018 Hanc
3001 1956 3342 2029 eruptionem
3391 1956 3516 2024 ejus

1922 2051 2107 2122 utique
2138 2053 2240 2109 hoc
2274 2051 2436 2110 modo
2488 2052 2795 2122 justissime
2849 2055 3248 2121 repercuterem
3281 2063 3294 2102 :
3353 2043 3516 2115 Quis-

1921 2141 2041 2214 quis
2080 2157 2140 2198 es
2193 2141 2533 2214 (ἐπερχόμενε)
2588 2142 3004 2214 eperchomene,
3073 2137 3227 2210 prius
3269 2134 3370 2191 ede
3422 2133 3514 2206 qui

1923 2233 2020 2298 sis,
2053 2248 2084 2287 a
2110 2247 2214 2304 quo
2247 2232 2448 2297 venias,
2481 2232 2626 2304 quod
2666 2231 2763 2288 tibi
2790 2231 2879 2301 jus
2921 2231 2990 2286 sit
3017 2228 3072 2285 in
3102 2226 3302 2283 nobis?
3330 2225 3516 2296 Usque

1921 2321 2117 2387 adhuc,
2162 2329 2315 2392 puto,
2351 2320 2622 2378 Creatoris
2677 2336 2757 2390 es,
2817 2328 2874 2376 et
2925 2319 3049 2376 ideo
3105 2315 3276 2373 secuti
3330 2330 3516 2370 sumus

1920 2417 2377 2483 recognoscentes
2425 2409 2610 2467 omnia
2647 2409 2796 2464 illius
2854 2407 2910 2465 in
2940 2416 3008 2467 te.
3036 2405 3220 2476 Quod
3250 2404 3295 2458 si
3324 2404 3393 2458 ab
3423 2402 3515 2456 illo

1919 2498 2098 2564 venis,
2125 2488 2457 2555 admittimus
2510 2497 2956 2570 increpationem.
2999 2494 3054 2551 Si
3085 2507 3219 2550 vero
3249 2491 3337 2547 alii
3367 2488 3508 2562 agis,

1922 2602 2020 2644 oro
2075 2594 2148 2655 te,
2205 2587 2356 2644 dicas
2405 2587 2536 2660 quid
2605 2588 2760 2644 nobis
2820 2583 3112 2657 aliquando
3195 2578 3512 2638 commisisti

1920 2677 2197 2734 dumtaxat
2249 2677 2321 2732 de
2369 2686 2482 2743 tuo,
2531 2677 2673 2747 quod
2709 2677 2823 2746 jam
2884 2672 3178 2731 credidisse
3230 2667 3511 2725 debuisse-

1921 2783 2062 2838 mus,
2105 2774 2163 2822 ut
2197 2768 2490 2838 exprobres
2523 2764 2976 2829 incredulitatem,
3034 2761 3127 2834 qui
3183 2774 3282 2814 nec
3325 2762 3511 2812 aucto-

1920 2872 2034 2911 rcm
2090 2863 2239 2912 tuum
2278 2871 2452 2926 usque
2498 2855 2675 2913 adhuc
2732 2855 2886 2910 edis?
2939 2851 3115 2922 Quam
3145 2849 3280 2905 olim—
3329 2856 3508 2902 autem

1919 2947 2060 3016 apud
2091 2961 2192 3002 nos
2217 2961 2381 3020 agere
2409 2944 2641 3016 caepisti,
2664 2954 2724 3000 ut
2753 2954 2966 3015 tempus
2983 2956 3198 3014 quoque
3225 2937 3507 3012 Opponas?

1919 3033 1978 3089 In
2036 3034 2233 3106 quibus
2292 3039 2470 3090 autem
2508 3048 2610 3090 nos
2660 3033 2981 3103 sustinuisti,
3013 3039 3071 3087 ut
3106 3039 3160 3087 et
3196 3027 3508 3102 patientiam

1840 3129 1884 3208 ο
1909 3125 2117 3195 jactes?
2147 3120 2345 3180 Asinus
2371 3122 2441 3176 de
2469 3121 2648 3192 Esopi
2692 3123 3044 3208 puteoimodo
3086 3122 3190 3208 huc
3226 3116 3506 3208 apparuit,

1910 3224 1963 3270 et
1987 3214 2100 3283 jam
2130 3210 2409 3267 exclamat.
2443 3209 2575 3280 Quis
2596 3225 2702 3267 non
2735 3207 2892 3266 4I7
2911 3209 2984 3264 ita
3013 3207 3511 3278 injustitiamincre—

1911 3301 2148 3377 pationis
2176 3300 2482 3366 retudisset,
2511 3299 2558 3355 si
2581 3300 2700 3370 ejus
2730 3314 2854 3354 eum
2885 3297 3221 3364 credidisset,
3254 3293 3347 3365 qui
3374 3307 3510 3348 non-

1907 3395 2035 3450 dum
2046 3390 2198 3465 queri
2213 3390 2486 3447 debuisset
2500 3391 2529 3444 ?
2543 3389 2646 3444 nisi
2667 3388 2811 3460 quod
2828 3403 2928 3444 nec
2949 3386 3036 3443 ille
3055 3401 3150 3442 eos
3164 3383 3443 3446 insilisset,
3464 3382 3511 3437 si

1907 3497 2017 3536 non
2029 3479 2156 3536 olim
2184 3478 2326 3548 apud
2347 3477 2535 3534 illosin
2554 3476 2718 3552 Lege,
2739 3477 2796 3532 in
2827 3474 3122 3547 prophetis,
3141 3473 3195 3529 in
3226 3471 3510 3529 virtutibus

1906 3577 1960 3626 et
1997 3565 2276 3624 beneﬁciis
2325 3566 2660 3632 deversatus,
2702 3564 3008 3623 incredulos
3069 3577 3286 3633 semper
3322 3558 3510 3616 fuisset

1905 3665 2182 3730 expertus.
2213 3654 2324 3712 Sed
2375 3670 2498 3712 ecce
2539 3653 2784 3710 Christus
2827 3653 3007 3726 diligit
3046 3651 3316 3724 parvulos,
3376 3649 3512 3706 tales

1905 3763 2028 3804 esse
2055 3747 2256 3804 docens
2293 3743 2509 3811 debere,
2541 3744 2633 3817 qui
2651 3759 2866 3816 semper
2895 3743 3128 3812 majores
3166 3740 3336 3797 velint
3363 3755 3506 3796 esse.

1905 3835 2128 3892 Creator
2173 3841 2352 3890 autem
2409 3846 2569 3890 ursos
2610 3829 2792 3903 pueris
2830 3828 3074 3898 immisit,
3134 3826 3397 3905 ulciscens
3441 3828 3509 3884 E-

1903 3922 2114 3980 lisaeum
2143 3922 2461 3995 propheten,
2490 3920 2732 3976 convicia
2761 3921 2829 3975 ab
2862 3921 2942 3976 eis
2970 3933 3190 3990 passum
3233 3918 3326 3990 (IV
3368 3918 3503 3990 Reg.

1904 4014 1990 4086 ιι).
2042 4011 2184 4069 Satis
2231 4009 2523 4084 impudens
2576 4009 2877 4079 antithesis,
2933 4024 3056 4066 cum
3123 4015 3230 4064 tam
3293 4007 3506 4064 diversa

1904 4101 2210 4168 committit,
2261 4098 2515 4172 parvulos
2545 4108 2599 4154 et
2622 4113 2849 4169 pueros:
2924 4098 3269 4154 innocentem
3327 4097 3505 4155 adhuc

1907 4197 2136 4255 aetatem,
2185 4197 2238 4245 et
2275 4187 2464 4259 judicii
2506 4189 2618 4258 jam
2667 4203 2916 4259 capacem
2945 4227 2962 4254 ,
3017 4203 3138 4259 quae
3212 4184 3508 4246 conviciari

1908 4285 2138 4351 poterat,
2171 4292 2238 4332 ne
2268 4275 2442 4330 dicam
2470 4275 2858 4346 blasphemare.
2909 4274 3029 4343 Qua
3053 4275 3104 4314 98
3133 4288 3268 4346 ergo
3325 4274 3504 4343 justus

1904 4368 2067 4433 Deus,
2117 4379 2216 4421 nec
2257 4363 2442 4435 pueris
2489 4361 2670 4436 impiis
2716 4362 2976 4433 pepercit,
3030 4362 3255 4436 exigens
3303 4361 3500 4432 majori

1904 4456 2046 4512 aetati
2074 4457 2354 4520 honorem,
2390 4459 2446 4508 et
2471 4452 2659 4525 utique
2686 4451 2859 4524 magis
2887 4466 2921 4507 a
2948 4451 3176 4508 minore.
3219 4451 3340 4521 Qua
3369 4467 3500 4509 vero

206 4541 329 4593 tunc
352 4539 544 4596 oculos
570 4540 876 4612 percutiens
920 4543 972 4582 95
1024 4541 1258 4600 ﬁliorum
1311 4524 1790 4618 Israelis,_qucm-
1826 4524 1872 4602 Π
1901 4548 2096 4613 bonus,
2136 4545 2274 4602 adeo
2332 4542 2510 4614 diligit
2565 4524 2836 4614 parvulos,
2885 4549 2945 4596 ut
3000 4541 3139 4612 apud
3204 4541 3499 4614 Egyptum

197 4624 481 4684 admodum
537 4638 593 4688 et
660 4645 806 4687 nunc
852 4632 1106 4688 excaecati
1158 4632 1460 4702 Marcionis,
1536 4633 1630 4706 qui
1693 4635 1796 4692 hoc

194 4726 406 4786 quoque
433 4729 812 4792 argumentum
839 4719 1100 4776 adversus
1147 4736 1205 4778 se
1269 4721 1444 4780 facere
1476 4737 1586 4780 non
1641 4721 1788 4779 vidit.

191 4797 438 4879 Suscipio
464 4806 523 4863 in
554 4823 641 4863 me
663 4822 950 4880 personam
1002 4807 1236 4865 Israelis.

1900 4634 2232 4692 benefeoerit
2268 4632 2646 4690 obstetricibus
2705 4629 3114 4706 protegentibus
3140 4635 3331 4702 partus
3387 4631 3495 4686 He-

1900 4725 2078 4779 braeos
2123 4721 2485 4795 periclitantes
2549 4718 2730 4776 edicto
2769 4717 3081 4775 Pharaonis.
3123 4719 3205 4775 Ita
3276 4726 3330 4772 et
3382 4718 3498 4775 haec

1899 4812 2166 4870 affectatio
2193 4809 2392 4866 Christi
2420 4825 2544 4867 cum
2571 4810 2952 4882 Creatoreiest.
2978 4808 3096 4864 lam
3135 4823 3281 4864 nunc
3325 4810 3490 4865 Deus.

1564 4964 1758 5029 Variae
1814 4965 2129 5029 lectiones.

246 5091 299 5129 ³⁷
327 5091 568 5162 Operam
601 5100 746 5150 tuam
775 5095 853 5153 al.
884 5092 1164 5178 f’aQuanto
1193 5097 1372 5154 Paris.
1402 5113 1507 5172 quo
1537 5103 1706 5157 Fran.
1739 5098 1888 5155 39Me
1915 5099 2202 5171 abestRig.
2247 5099 2425 5157 Venet.
2449 5094 2919 5210 90Ilegromiserat
2947 5097 3115 5155 Seml.
3139 5098 3188 5137 91
3219 5099 3287 5154 Et
3314 5099 3488 5158 inser.

246 5165 413 5210 tertii-
436 5163 489 5202 92
521 5163 598 5210 Ad
627 5180 748 5210 enim
778 5170 964 5210 mrtt-
1017 5167 1160 5210 92ml
1209 5168 1260 5207 93
1289 5170 1353 5210 Εἰ
1390 5170 1498 5210 ιιι]ιῖ
1569 5174 1663 5210 Din
1725 5173 1885 5210 Vana!
1945 5172 1994 5209 94
2022 5171 2320 5210 Πηηαηορίιι
2356 5171 2550 5210 filioth
2631 5169 2656 5208 5
2693 5171 2977 5210 Dareum”:
3014 5171 3147 5210 Pam.
3200 5170 3252 5209 96
3279 5171 3488 5210 “tinum-

176 5158 413 5220 Obertli.
436 5163 489 5242 {’3
516 5163 600 5242 ᾼά
627 5180 752 5221 eum
778 5158 1357 5242 omitt.'_Sernl.A?3_Et
1538 5241 1542 5242 ν
1565 5174 1680 5242 Rig.
1712 5173 1905 5242 ,Venet.
1945 5172 1994 5209 9*
2022 5158 2322 5240 Conspectu
2356 5171 2574 5229 Oberth.

2693 5171 2977 5225 Percutere
3008 5171 3166 5226 Pam.
3200 5170 3252 5209 95
3279 5171 3490 5236 Quous-

168 5249 280 5305 que
309 5235 602 5293 sustinebo
622 5252 723 5295 vos
753 5241 944 5296 omitt.
978 5239 1149 5296 Seml.
1180 5239 1228 5279 97
1260 5240 1334 5297 Es
1366 5241 1582 5300 Oberth.
1614 5235 1666 5282 σε
1695 5241 1837 5312 Quia
1873 5245 2056 5300 Paris.
2098 5235 2273 5300 Fran.

1593 5394 2096 5462 Commentarius.

235 5528 370 5611 (99)
405 5528 1040 5611 largiorinoluiteuln
1086 5535 1504 5611 colloquentem
1549 5539 1784 5611 Domino

168 5604 492 5660 ostensum.
524 5601 608 5659 Ex
633 5602 932 5676 Evangelio
978 5605 1039 5661 Β.
1081 5601 1264 5664 Lucae
1289 5606 1564 5665 deleverat
1617 5609 1786 5666 collo-

1894 5539 2125 5609 quentes
2164 5535 2452 5609 cumgillo,
2475 5547 2664 5609 verum
2691 5530 2953 5609 premitur
2999 5531 3087 5609 hic
3119 5529 3483 5609 illlarcionhex

1894 5599 2015 5678 cap.
2060 5621 2245 5664 xxxrv
2283 5605 2476 5675 Exodi,
2516 5605 2572 5660 in
2605 5599 2712 5674 quo
2767 5602 2912 5660 idem
2969 5600 3216 5659 refertur.
3249 5599 3325 5657 LE
3383 5601 3480 5660 Pa.
