4018 6192
449 374 557 434 447

451 500 761 569 Marcionis,
808 499 901 570 qui
942 498 1277 555 concubium
1322 507 1598 557 aversatur
1643 500 1715 565 99,
1773 496 2047 570 quomodo
2080 511 2129 590 λ

450 588 622 648 videri
677 594 857 662 potest
926 588 1274 661 parvulorum
1327 590 1586 655 dilector,
1645 603 1882 660 quorum
1940 593 2052 642 tota

454 691 619 734 causa
665 676 993 734 connubium
1043 686 1123 734 est
1149 678 1260 749 .(i).
1293 678 1398 749 Qui
1431 694 1616 735 semen
1650 677 1784 743 odit,
1816 676 2053 732 fructum

454 782 675 841 quoque
713 775 1022 825 exsecretur
1048 784 1275 825 necesse
1310 776 1410 824 est.
1450 769 1550 823 Nat
1580 768 1671 823 ille
1720 766 1917 825 saevior
1952 766 2050 820 ha-

458 858 671 914 bendus
733 857 985 928 Egyptio
1034 873 1162 929 rege
1204 874 1217 914 :
1254 873 1374 913 nam
1421 859 1628 913 Pharao
1677 855 1894 913 educari
1942 870 2053 909 non

458 947 674 1003 sinebat
712 945 982 1013 infantes;
1040 945 1138 1002 iste
1197 963 1296 1003 nec
1334 947 1511 1014 nasci,
1569 946 1824 1003 auferens
1894 944 2054 1001 vitam

458 1036 568 1092 illis
623 1034 785 1091 etiam
832 1036 1022 1091 decem
1068 1036 1333 1091 mensium
1392 1036 1447 1091 in
1502 1044 1674 1092 utero.
1758 1036 1833 1091 At
1910 1034 2054 1090 enim

459 1134 660 1199 quanto
716 1124 1052 1191 credibilius,
1111 1134 1170 1180 ut
1227 1126 1348 1195 ejus
1392 1127 1680 1196 deputetur
1734 1124 1950 1181 affectio
1998 1124 2053 1179 in

459 1214 735 1285 parvulos,
761 1211 855 1283 qui
908 1210 1277 1267 benedicendo
1305 1212 1633 1268 connubium
1674 1212 1732 1267 in
1785 1226 2056 1283 propaga-

458 1301 660 1355 tionem
727 1300 945 1372 generis
1000 1299 1246 1368 humani,
1301 1300 1476 1369 ipsum
1536 1316 1753 1372 quoque
1822 1299 2054 1357 fructum

457 1387 715 1445 connubii
742 1386 1113 1444 benedicendo
1143 1388 1408 1460 promisit,
1450 1390 1544 1461 qui
1586 1388 1654 1445 de
1684 1387 1909 1445 infantia
1937 1389 2057 1460 pri-

460 1492 580 1531 mus
608 1480 711 1531 est.
754 1477 1135 1547 Repraesentat
1160 1478 1383 1534 Creator
1428 1478 1633 1552 ignium
1686 1479 1900 1552 plagam
1940 1478 2058 1534 Elia

460 1566 764 1636 postulante
792 1565 849 1621 in
876 1565 967 1621 illo
996 1565 1473 1638 pseudopmpheta
1501 1567 1597 1637 (IV
1626 1570 1753 1638 Reg.
1784 1567 1846 1636 ι).
1870 1569 2056 1640 Agno-

458 1668 550 1710 sco
602 1651 811 1710 Judicis
855 1652 1221 1723 severitatem;
1257 1671 1289 1710 e
1334 1653 1623 1721 contrario,
1683 1653 1878 1709 Christi
1918 1656 2053 1711 lenio

462 1750 618 1799 tatem
674 1742 1048 1813 increpantisl
1093 1742 1337 1797 eamdem
1391 1741 1903 1800 animadversionem
1956 1745 2053 1799 de-

459 1833 725 1886 stinantes
778 1829 1093 1899 discipulos,
1152 1845 1318 1900 super
1346 1828 1496 1884 illum
1533 1830 1773 1886 viculum
1818 1832 2054 1888 Samari-
2088 1796 2131 1873 Β

462 1932 653 1975 tarum.
682 1920 951 1990 Agnoscat
980 1926 1034 1972 et
1063 1920 1349 1974 haereticus
1376 1919 1446 1975 ab
1479 1919 1672 1975 eodem
1713 1922 2057 1979 severissimo

455 2008 638 2078 judice
692 2006 936 2077 promitti
995 2008 1133 2065 hanc
1162 2008 1359 2065 Christi
1417 2009 1713 2066 lenitatem.
1738 2013 1861 2068 Non
1914 2028 2057 2070 con-

462 2097 676 2163 tendet,
700 2096 876 2164 inquit
901 2098 1034 2165 (Isa.
1074 2115 1212 2165 xw,
1249 2098 1322 2170 2),
1356 2117 1458 2158 nec
1476 2118 1582 2159 vox
1613 2103 1735 2171 ejus
1778 2105 1839 2159 in
1869 2105 2058 2174 platea

459 2186 743 2243 audietur.
774 2188 1126 2246 Arundinem
1143 2194 1470 2262 quassatam
1490 2207 1605 2248 non
1628 2197 2057 2259 comminuet,et

461 2279 649 2333 linum
667 2279 1087 2350 fumigansnon
1118 2282 1467 2352 exstinguet.
1501 2280 1642 2336 Talis
1672 2280 1859 2353 utique
1887 2284 2056 2339 multo

461 2365 633 2440 magis
661 2366 904 2423 homines
934 2383 1040 2424 non
1084 2376 1201 2423 erat
1248 2378 1609 2425 crematurus.
1639 2369 1775 2424 Nam
1823 2380 1876 2426 et
1930 2383 2057 2429 tunc

459 2456 528 2510 ad
556 2454 727 2509 Eliam
754 2456 850 2527 (III
876 2458 1005 2528 Reg.
1038 2472 1155 2522 xxx,
1190 2457 1279 2526 i2)
1302 2477 1319 2512 :
1353 2459 1472 2513 Non
1514 2455 1671 2513 418
1708 2459 1774 2513 in
1816 2462 2052 2531 igni(2),

456 2543 674 2615 (inquit,
707 2546 1021 2614 Dominus),
1043 2546 1139 2601 sed
1167 2546 1229 2601 in
1249 2547 1461 2617 spiritu
1488 2549 1637 2602 miti.
1664 2550 1735 2601 At
1774 2548 1919 2604 enim
1947 2550 2055 2605 hu-

461 2633 808 2689 manissimus
866 2634 1033 2703 Deus,
1085 2650 1182 2689 cur
1232 2644 1453 2691 recusat
1480 2651 1628 2706 eum,
1685 2636 1777 2708 qui
1832 2654 1893 2694 se
1946 2646 2053 2694 tam

458 2724 796 2780 individuum
823 2723 898 2778 illi
928 2723 1180 2780 comitem
1209 2723 1419 2780 offert?
1447 2725 1505 2781 Si
1532 2725 1656 2797 quia
1685 2728 1937 2799 superbe,
1970 2730 2057 2784 vel

456 2829 521 2870 ex
552 2813 821 2885 hypocrisi
860 2814 1067 2870 dixerat
1098 2831 1111 2867 :
1145 2816 1360 2886 Sequar
1405 2820 1459 2871 te
1496 2831 1833 2889 quocunque
1884 2820 2051 2883 ieris;

456 2918 589 2973 ergo
632 2908 723 2957 aut
767 2903 1114 2974 superbiam,
1194 2914 1286 2958 aut
1348 2905 1654 2975 hypocrisin
1705 2907 2053 2962 recusandam

450 2991 767 3058 iudicando,
826 2991 1067 3061 iudicem
1119 2991 1309 3064 gessit.
1365 2994 1435 3048 Et
1507 2993 1695 3066 utique
1753 2997 2048 3066 damnavit,

452 3096 613 3152 quem
647 3081 937 3148 recusavit,
969 3095 1077 3136 non
1132 3092 1548 3138 consecuturum
1578 3085 1601 3121 ²
1664 3084 1863 3141 scilicet
1920 3088 2062 3142 salu-
2095 3079 2137 3157 ε
2167 3087 2223 3141 in
2301 3086 2547 3142 civitates
2624 3085 2972 3141 mittebantur
3000 3124 3013 3137 .

456 3174 583 3224 tem.
614 3170 751 3224 Nam
779 3168 916 3225 sicut
944 3172 1011 3225 ad
1043 3170 1278 3227 salutem
1310 3180 1487 3241 vocat,
1538 3189 1701 3244 quem
1745 3189 1854 3230 non
1914 3191 2071 3230 recu-

456 3262 558 3321 sat,
580 3257 670 3314 vel
698 3258 860 3315 etiam
887 3274 1048 3330 quem
1093 3260 1229 3315 ultro
1264 3269 1432 3325 vocat,
1487 3263 1559 3317 ita
1614 3264 1667 3316 iu
1709 3264 2067 3335 perditionem

456 3350 676 3404 damnat
732 3364 895 3420 quem
952 3355 1187 3405 recusat.
1226 3347 1314 3402 Illi
1366 3356 1546 3404 autem
1620 3361 1842 3407 causata
1900 3355 2067 3422 patris

457 3439 786 3509 sepulturam
833 3454 956 3495 cum
984 3437 1307 3509 respondet.
1356 3440 1487 3495 Sine
1516 3442 1735 3495 mortui
1786 3444 2065 3513 sepeliant

456 3531 710 3586 mortuos
738 3544 888 3599 suos,
915 3532 981 3583 tu
1010 3530 1205 3584 autem
1233 3527 1390 3592 vade,
1417 3532 1472 3584 et
1500 3530 1794 3585 annuntio
1821 3548 2063 3603 regnum

458 3618 557 3672 Dei
585 3637 603 3673 :
635 3624 918 3688 utramque
974 3616 1150 3687 legem
1184 3616 1456 3672 Creatoris
1513 3617 1795 3674 manifeste
1850 3620 2060 3675 contir-

461 3705 646 3770 mavit,
702 3714 757 3761 et
811 3705 882 3760 de
933 3705 1234 3761 sacerdotio
1278 3706 1328 3759 in
1388 3705 1626 3763 Levitico
1681 3707 2058 3777 prohibentem

1150 370 1590 434 TERTULLIANI
1628 369 1893 433 OPERUM
1933 369 2101 429 PARS
2142 369 2210 428 ll.
2248 398 2320 411 —-—
2356 366 2589 429 SERIES
2627 367 2665 434 l,
2712 365 3058 426 POLEMICA.
3094 368 3103 376 ’

3652 365 3761 424 448

2160 495 2473 552 sacerdotes
2520 492 2793 566 supremis
2863 492 3023 549 etiam
3106 501 3393 563 parentum
3451 492 3762 549 interesse:

2163 587 2342 657 Super
2365 601 2609 651 omnem,
2639 582 2818 654 inquit
2847 583 3043 652 (Lavit.
3066 581 3255 652 xxx,I)
3284 583 3543 638 animam
3565 582 3766 653 defun-

2160 679 2314 730 ctam
2333 675 2584 732 sacerdos
2628 690 2746 731 non
2771 672 3032 730 introibit
3071 677 3127 727 et
3177 689 3344 744 super
3406 675 3703 743 parentem
3741 672 3767 711 3

2160 781 2327 820 suum
2356 780 2470 820 non
2499 762 3013 821 conta-minabitur.
3033 762 3103 815 Et
3126 762 3197 817 de
3226 760 3514 817 devotione
3544 760 3599 814 in
3631 760 3764 817 Ari-

2162 854 2323 907 thmis
2348 854 2538 923 (Num.
2582 868 2657 919 vr,
2681 856 2712 907 6
2742 860 2795 907 et
2824 850 2918 922 7);
2973 866 3097 905 nam
3126 857 3181 906 et
3216 849 3345 915 illic,
3393 848 3489 921 qui
3538 866 3598 905 se
3649 850 3766 908 Deo

2160 942 2391 1014 voverit,
2430 943 2573 997 inter
2598 951 2797 997 caetera
2841 941 3018 1012 jubet,
3042 954 3113 996 ne
3141 954 3305 1011 super
3335 937 3501 994 ullam
3532 939 3764 995 animam

2163 1032 2395 1089 introeat
2450 1031 2779 1097 defunctam,
2828 1047 2898 1086 ne
2955 1044 3120 1101 super
3170 1028 3337 1099 patris
3389 1027 3628 1100 quidem,
3669 1037 3768 1088 aut

2166 1121 2349 1177 matris
2403 1130 2494 1177 aut
2535 1120 2731 1176 fratris.
2765 1122 2902 1176 Puto
2951 1125 3127 1174 autem
3183 1125 3240 1173 et
3280 1116 3553 1173 devotioni
3582 1128 3637 1174 et
3683 1135 3766 1173 sa-

2166 1210 2407 1266 cerdotio
2443 1210 2765 1279 destinabat,
2790 1224 2951 1282 quem
2979 1205 3326 1279 prmdicando
3348 1221 3517 1279 regno
3538 1206 3636 1261 Dei
3664 1206 3769 1262 im-

2165 1301 2367 1356 buerat.
2397 1298 2510 1355 Aut
2535 1298 2581 1353 si
2612 1314 2721 1355 non
2755 1299 2829 1353 ita
2863 1306 2967 1365 est,
3000 1294 3132 1351 satis
3170 1293 3374 1366 impius
3403 1295 3765 1365 pronuntian-

2164 1389 2286 1457 dus,
2317 1388 2409 1461 qui
2441 1388 2585 1445 nulla
2613 1387 2816 1444 ratione
2843 1385 2981 1457 legis
3010 1383 3403 1453 intercedente,
3454 1383 3768 1455 sepulturas

2163 1485 2447 1551 parentum
2469 1475 2675 1549 despici
2696 1492 2728 1530 a
2752 1473 2877 1530 ﬁliis
2907 1473 3226 1546 imperabat.
3251 1471 3385 1527 Cum
3410 1487 3543 1528 vero
3571 1482 3624 1529 et
3652 1480 3767 1529 ter-

2165 1568 2317 1635 tium,
2378 1566 2526 1637 prius
2581 1565 2699 1621 suis
2769 1563 3064 1621 valedicere
3129 1570 3429 1633 parantem,
3510 1562 3771 1633 prohibet

2165 1664 2308 1713 retro
2352 1665 2674 1727 respectare,
2708 1664 2908 1711 sectam
2948 1652 3220 1710 Creatoris
3276 1650 3611 1724 exsequitur.
3652 1654 3770 1708 Hoc

2164 1753 2218 1801 et
2248 1745 2339 1801 ille
2380 1746 2622 1801 noluerat
2645 1744 2842 1801 fecisse
2880 1760 3018 1815 quos
3062 1758 3128 1799 ex
3178 1740 3427 1799 Sodomis
3490 1740 3765 1799 liberarat.

2741 1833 2967 1890 CAPUT
2994 1831 3197 1888 XXIV.

2235 1927 2440 1998 Allegit
2460 1930 2514 1983 et
2549 1926 2691 1982 alios
2728 1925 3099 1997 septuaginta
3126 1920 3405 1995 apostolos
3424 1934 3594 1992 super
3623 1919 3765 1976 duo-

2163 2017 2345 2073 decim
2396 2017 2551 2085 (Luc.
2604 2016 2685 2084 x).
2737 2013 2855 2083 Quo
2911 2012 3055 2068 enim
3112 2009 3401 2067 duodecim
3467 2009 3769 2065 secundum

2163 2105 2386 2163 totidem
2414 2104 2590 2160 fontes
2633 2103 2686 2158 in
2724 2101 2882 2172 Elim,
2916 2102 2962 2155 si
3020 2117 3129 2157 non
3187 2109 3242 2155 et
3278 2098 3644 2171 septuaginta,
3680 2113 3768 2154 se-

2165 2194 2407 2251 cundum
2489 2192 2710 2251 totidem
2766 2193 2984 2248 arbusta
3046 2190 3345 2262 palmarum
3372 2190 3398 2241 ‘2
3454 2187 3771 2243 Antithcses

2164 2284 2455 2355 plurimum
2517 2299 2797 2338 causarum
2857 2280 3145 2336 diversitas
3208 2278 3360 2341 fecit,
3426 2291 3535 2332 non
3607 2280 3774 2348 pote-

2162 2381 2376 2430 statum.
2428 2372 2535 2428 Sed
2592 2371 2684 2443 qui
2728 2370 3090 2427 diversitatem
3156 2382 3441 2424 causarum
3498 2380 3605 2421 uon
3674 2380 3774 2418 re-

2163 2464 2359 2532 spexit,
2404 2461 2565 2516 facile
2603 2477 2723 2517 eam
2778 2467 3100 2530 potestatem
3137 2456 3484 2513 existimavit.
3547 2451 3773 2510 Profec-

2165 2551 2361 2607 tionem
2391 2551 2627 2607 filiorum
2665 2550 2905 2620 Israelis,
2932 2548 3174 2615 Creator,
3235 2545 3398 2603 etiam
3447 2543 3552 2599 illis
3582 2542 3777 2614 spoliis

2162 2656 2454 2697 aureorum
2505 2649 2560 2696 et
2586 2648 2966 2712 argenteorum
3024 2638 3380 2702 vasculorum,
3423 2633 3775 2709 etgvestium,

2164 2736 2359 2801 praeter
2384 2730 2643 2785 oneribus
2671 2727 3113 2799 conSparsionum
3161 2728 3243 2797 (3)
3281 2723 3654 2781 offarcinatam
3690 2724 3777 2794 (4)

2160 2819 2353 2874 eduxit
2382 2819 2450 2874 de
2501 2819 2525 2857 4
2567 2819 2845 2891 Egypto:
2915 2816 3157 2872 Christus
3214 2811 3386 2871 M9
3438 2821 3618 2869 autem
3675 2828 3780 2870 nec

2163 2907 2369 2979 virgam
2396 2909 2419 2947 ⁵
2454 2906 2739 2980 discipulis
2768 2908 2848 2977 (5)
2903 2906 2959 2961 in
3013 2905 3163 2962 viam
3209 2904 3362 2967 Tferre
3417 2901 3773 2975 praescripsit.

2164 2996 2249 3050 Illi
2279 2996 2422 3052 enim
2450 2996 2506 3052 in
2533 2994 2875 3053 solitudinem
2907 2995 3361 3066 promovebantur
3391 3010 3406 3063 ;
3468 2991 3523 3047 hi
3589 2999 3779 3049 autem

3095 3081 3394 3138 Considera
3488 3097 3775 3137 causarum

2174 3174 2520 3231 offerentiam
2574 3182 2627 3232 et
2671 3174 2945 3246 intelliges
3011 3187 3168 3229 unam
3197 3178 3252 3228 et
3314 3169 3557 3227 eamdem
3610 3182 3776 3242 pote-

2174 3274 2387 3330 statem,
2418 3280 2542 3338 quae
2591 3265 2889 3320 secundum
2920 3261 3200 3334 penuriam
3230 3269 3283 3318 et
3330 3259 3540 3332 capiam
3594 3273 3778 3329 erpe-

2173 3354 2431 3410 ditionem
2486 3369 2711 3409 suorum
2762 3351 3054 3423 disposuit;
3102 3348 3331 3421 proinde
3370 3365 3465 3420 per
3524 3347 3783 3407 civitates

2172 3444 2559 3501 abundaturam
2607 3438 3020 3505 circumcidens,
3054 3439 3193 3495 sicut
3249 3447 3299 3494 et
3348 3439 3619 3510 egituram
3680 3455 3786 3509 per

2173 3533 2519 3590 solitudinem
2575 3538 2845 3587 struxerat
2867 3532 2911 3587 δ.
2980 3529 3155 3586 Etiam
3213 3529 3578 3586 calceamenta
3634 3545 3784 3600 por-

2173 3635 2282 3679 tare
2303 3623 2475 3679 vetuit
2503 3620 2628 3678 illos
2644 3620 2745 3691 (6).
2777 3621 2900 3690 Ipse
2920 3619 3065 3677 enim
3117 3626 3251 3684 erat,
3291 3618 3392 3672 sub
3418 3633 3527 3688 quo
3563 3633 3667 3673 uec
3728 3618 3788 3673 in

2169 3711 2460 3769 solitudine
2497 3726 2595 3781 per
2622 3718 2699 3766 tot
2729 3724 2899 3765 annos
2935 3708 3167 3782 populus
3214 3707 3579 3765 calceamenta
3609 3707 3788 3769 detri-

1834 3832 2026 3897 Varia:
2070 3840 2379 3901 lectiones.

533 3936 582 3973 99
611 3932 940 4006 Adversatur
972 3936 1089 4006 Rig.
1130 3936 1312 3992 Venet.
1350 3935 1363 3971 ι
1389 3935 1858 4005 Reprehendentis
1887 3941 2008 3999 cod.
2050 3945 2248 4000 Wouw.
2281 3944 2304 3980 ²
2332 3943 2651 3998 Secuturum
2675 3942 2846 3998 Seml.
2882 3940 2905 3978 3
2934 3940 3148 3996 Patrem
3179 3940 3399 3997 Oberth.
3431 3942 3453 3978 4
3483 3940 3792 3997 ExSeml.

461 4007 485 4045 ⁵
514 4008 699 4062 Peram
727 4007 897 4062 Fran.
920 4005 944 4042 δ
966 4004 1267 4062 Strinxerat
1294 4011 1459 4064 notat
1478 4004 1667 4063 ’Rhe-n.

1869 4083 2375 4150 Commentarius.

532 4188 609 4260 (1)
647 4188 895 4260 Quorum
950 4188 1065 4241 tota
1099 4201 1266 4239 causa
1295 4186 1643 4260 connubium
1700 4192 1805 4244 est.
1873 4192 2059 4247 Totam

462 4257 707 4331 causam,
727 4257 924 4331 accipit
953 4268 1140 4331 auctor
1170 4271 1265 4327 pro
1292 4259 1593 4331 pleraque;
1624 4274 1748 4314 nam
1778 4262 1877 4315 tria
1917 4262 2058 4318 bona

461 4330 714 4387 connubii
744 4329 1015 4385 adnotavit
1042 4344 1153 4384 non
1179 4342 1285 4383 uno
1342 4329 1392 4402 in
1429 4329 1543 4386 loco
1574 4333 1633 4385 Β.
1693 4336 2054 4402 Augustinus,

465 4404 1097 4475 fidem,sacramentum,
1157 4406 1210 4455 et
1240 4401 1469 4475 prolem,
1514 4417 1633 4475 cum
1663 4401 1873 4459 interim
1934 4407 2053 4475 ple-

462 4475 620 4547 rique
649 4474 761 4530 fere
818 4473 1246 4547 prolium__causa
1273 4472 1679 4547 matrimonium
1710 4472 2056 4533 contrahant.

461 4544 595 4601 Nam
627 4553 818 4611 totum,
848 4544 1018 4614 inquit
1046 4544 1272 4611 Nonius,
1321 4544 1464 4616 quod
1509 4544 1626 4615 plus
1684 4554 1916 4616 putatur,
1949 4563 2055 4602 non

464 4633 562 4690 pro
594 4616 1029 4690 cunctoualicubi
1063 4616 1233 4685 accipi
1290 4624 1483 4690 potest.
1535 4617 1592 4669 Id
1646 4619 1800 4690 enim)
1843 4618 2057 4674 disertis

465 4685 644 4745 verbis
707 4687 910 4745 indicat
954 4697 1160 4762 auctor.
1203 4702 1327 4741 cum
1357 4685 2051 4762 pau.l_o_post__subj_ungit:

469 4782 492 4811 α
516 4762 696 4829 Ipsum
728 4756 1497 4833 quoque‘fructumconnubii
1526 4758 1897 4833 benedicendo
1927 4756 2056 4833 pro-

466 4828 629 4899 misit,
660 4828 760 4899 qui
784 4828 869 4885 de
883 4829 1102 4884 infantia
1139 4828 1345 4898 primus
1373 4836 1471 4883 est.
1507 4850 1528 4878 υ
1562 4831 1700 4885 Plut.

535 4905 613 4973 (2)
642 4900 779 4958 Nam
810 4906 865 4956 et
898 4905 1032 4973 tunc
1060 4900 1131 4973 ad
1162 4903 1343 4955 Etiam
1375 4917 1485 4973 non
1506 4903 1565 4973 in
1598 4903 1735 4973 igni.
1763 4903 1966 4958 Alludit
1991 4904 2056 4957 ad

465 4970 745 5028 historiam
776 4973 927 5037 Elite,
962 4972 1032 5023 ΙΙΙ
1061 4971 1196 5041 Reg.
1228 4987 1351 5025 xxx.
1383 4970 1536 5038 Quod
1568 4970 1745 5028 autem
1774 4975 1881 5033 ait:
1919 4978 2057 5032 Nam

465 5050 523 5100 et
570 5047 707 5098 tunc
736 5045 808 5099 ad
846 5045 1052 5104 Etiam,
1115 5043 1215 5095 hoc
1265 5053 1366 5107 est,
1399 5042 1560 5098 etiam
1619 5048 1673 5097 in
1717 5046 1901 5099 Veteri
1957 5048 2058 5101 Te-

465 5124 729 5170 stamento
784 5115 959 5168 Deum
1006 5128 1123 5167 esse
1178 5112 1361 5168 mitem
1415 5124 1471 5168 et
1544 5114 1945 5171 misericmdem
2006 5126 2059 5172 et

466 5184 805 5255 placabilem.
854 5184 1152 5255 Procopius
1191 5202 1203 5238 :
1239 5183 1350 5239 Ὃτι
1377 5182 1432 5237 ’δὲ
1462 5184 1518 5238 οὗ
1547 5193 1639 5255 πῦρ
1668 5187 1695 5240 ὁ
1724 5193 1809 5254 τῆς
1840 5190 2059 5247 Halani;

466 5254 604 5329 Θεὸς,
643 5254 812 5314 Ἠλίας
840 5254 1138 5329 διδάσκεταιῄ,
1167 5257 1323 5329 καὶνδὶ
1360 5256 1518 5329 καύτοῦ
1562 5254 1733 5318 πάντες
1759 5258 1915 5329 ἡμεῖς·
1950 5258 2057 5311 ἀλλ’

465 5328 577 5383 οὖδὲ
618 5332 743 5397 αὔρα
772 5326 943 5398 λεπτὴ,
972 5329 1035 5379 δι’
1066 5327 1214 5395 αὔρας
1259 5326 1313 5378 δὲ
1358 5328 1552 5397 λέγεται
1593 5326 1819 5398 παρεῖνοὶἰ
1861 5332 2057 5397 λεπτῆς.

467 5400 606 5455 Vide
632 5414 755 5466 quae
784 5399 847 5453 ad
878 5397 973 5452 lib.
1006 5398 1072 5453 de
1109 5400 1234 5453 Pat.
1256 5399 1381 5453 Bia.

536 5471 616 5545 (3)
647 5474 867 5545 Prwter
906 5470 1165 5545 oneribus
1206 5469 1706 5545 consparsionum.
1745 5470 1833 5545 Sic
1863 5470 2062 5544 legitur

467 5547 519 5600 in
549 5540 891 5615 exemplari.
936 5543 1121 5614 Itaque
1145 5612 1161 5615 ᾇ
1205 5540 1291 5597 hic
1350 5540 1573 5614 praeter
1613 5540 1981 5609 adverbiasci't,
2013 5552 2069 5600 et

469 5612 1070 5688 signiﬁcatft’prwterea.
1130 5612 1307 5670 Onera
1362 5612 1539 5668 autem
1624 5615 2065 5688 consparsionum

468 5687 598 5741 dicit
654 5686 839 5743 farina:
906 5703 1131 5741 massam
1182 5694 1341 5755 aquae
1399 5686 1754 5761 conSpargiuc
1803 5697 2063 5744 coactam.

2169 4191 2342 4247 Exodi
2372 4206 2465 4260 xtl,
2501 4192 2566 4245 34
2603 4207 2613 4243 :
2661 4189 2885 4243 Ἀνέλαϐε
2939 4189 2991 4242 δὲ
3047 4190 3075 4242 ὁ
3121 4190 3240 4250 λαὸς
3294 4191 3351 4242 τὸ
3398 4182 3532 4249 σταῖς
3582 4191 3789 4247 αὐτῶν.

2171 4264 2513 4335 Hesychius:
2563 4264 2728 4326 Σταῖς,
2770 4262 2979 4335 φύραμα
3050 4260 3255 4335 ἆλεξιρου
3328 4267 3495 4331 πυροῦ.
3536 4261 3790 4316 Glossa-

2168 4334 2304 4391 rium
2335 4343 2491 4390 vetus
2520 4337 2676 4401 σταῖς,
2709 4334 2898 4404 adeps.
2931 4334 3087 4401 Item,
3110 4334 3336 4404 φὺραμα,
3370 4349 3579 4400 massa,
3612 4349 3794 4389 cons-

2162 4410 2382 4480 ρθνδὶοί
2398 4406 2474 4480 sic
2501 4404 3217 4480 adversu‘svalentinianos:
3248 4426 3269 4454 κ
3299 4405 3357 4480 In
3372 4404 3792 4473 conspersionis

2166 4475 2396 4538 alvearia
2425 4476 2787 4539 absconderit,
2819 4476 2991 4531 donec
3021 4483 3191 4532 totum
3224 4475 3712 4532 confermentetur.
3759 4497 3784 4525 υ

2165 4550 2357 4605 Versio
2401 4548 2622 4620 vulgata
2666 4547 3027 4620 Epistolarum
3076 4548 3226 4602 Pauli
3266 4547 3332 4620 ad
3364 4547 3386 4600 I
3418 4546 3541 4601 Cor.
3583 4548 3726 4620 gv,_7
3768 4565 3783 4598 :

2171 4624 2238 4681 Ut
2284 4623 2415 4676 sitis
2451 4617 2595 4675 nova
2643 4619 2980 4690 conspersio,
3022 4622 3178 4690 sicut
3225 4619 3362 4674 estis
3406 4617 3783 4690 atq/minata.

2235 4694 2314 4761 (4)
2347 4683 2789 4815 OJfarcinatam:
2828 4683 3004 4776 Exod.
3035 4689 3097 4741 τὰ
3124 4691 3386 4761 φυράματα
3411 4710 3443 4743 α
3470 4683 3596 4742 ὗτῶν
3625 4683 3787 4741 ἐνδε-

2235 4765 2345 4815 ιένα
2398 4781 2422 4814 ν
2451 4764 2547 4815 τοῖς
2577 4760 2783 4815 ἱματίοις
2822 4767 3000 4815 αυτῶν.
3035 4762 3162 4815 RIG.

2165 4760 2345 4835 ’δεμένα
2375 4760 2422 4835 ἐν
2451 4764 2547 4821 τοῖς
2577 4760 2783 4831 ἱματίοις
2822 4762 3000 4816 αὐτῶν.
3035 4760 3162 4835 Bm.

2236 4836 2310 4903 (ὅ)
2350 4834 2604 4889 Christus
2651 4835 2841 4889 autem
2895 4849 2995 4890 nec
3040 4834 3256 4902 virgam
3304 4831 3621 4902 discipulis,
3667 4838 3786 4888 etc.

2166 4896 2421 4975 Legerem
2457 4919 2575 4959 cum
2630 4904 2879 4975 Pamelio,
2904 4920 3004 4961 nec
3050 4896 3248 4975 peram
3278 4923 3296 4969 ;
3328 4896 3583 4974 congruit
3625 4904 3791 4958 enim
3818 4896 3843 4912 ⁸

2169 4974 2324 5047 plane
2353 4975 2506 5029 lectio
2530 4975 2642 5029 haec
2672 4990 2792 5029 cum
2831 4974 3133 5048 Evanng.
3169 4976 3347 5029 Lucae.
3372 4975 3452 5048 LE
3475 4976 3584 5048 7P_a.

2240 5047 2317 5117 (6)
2340 5049 2530 5103 Etiam
2559 5049 2945 5103 calceamenta
2986 5044 3215 5117 portare
3243 5046 3431 5101 vetuit
3461 5045 3614 5117 illos.
3649 5044 3781 5117 Non

2168 5118 2242 5190 ita
2269 5116 2384 5190 haec
2411 5117 2616 5190 accipe,
2649 5126 2709 5173 ut
2735 5116 3034 5187 discipulus
3089 5117 3225 5190 albis
3252 5116 3482 5187 pedibus
3512 5116 3791 5190 incedere

2167 5189 2395 5246 voluerit
2441 5186 2683 5245 Christus
2724 5186 3024 5253 Dominus;
3057 5187 3157 5243 sed
3206 5186 3412 5244 tantum
3440 5203 3510 5242 ue
3555 5186 3623 5244 de
3654 5188 3787 5243 cal-

2167 5261 2456 5317 ceamentis
2496 5260 2595 5316 sibi
2628 5261 2991 5328 providerent,
3021 5260 3219 5332 quibus
3270 5261 3350 5315 uti
3391 5271 3633 5332 possent,
3682 5261 3789 5332 ubi

2169 5348 2236 5387 ea
2262 5349 2383 5403 quae
2416 5333 2467 5386 in
2496 5332 2729 5403 pedibus
2760 5330 3055 5396 habebant,
3070 5330 3249 5387 attrita
3276 5340 3482 5388 essent.
3522 5331 3591 5403 _Ut
3631 5331 3785 5386 enim

2169 5401 2294 5459 cum
2328 5401 2512 5460 Veteri
2546 5406 2889 5459 Testamento
2938 5403 3069 5458 illud
3116 5413 3398 5474 congruat,
3448 5401 3539 5473 qui
3594 5403 3795 5456 Israe-

2172 5474 2293 5529 litas
2332 5476 2471 5531 adeo
2498 5477 2677 5530 salvos
2715 5486 2769 5529 et
2809 5475 3108 5529 incolumes
3152 5490 3250 5544 per
3276 5490 3360 5529 an.
3392 5476 3463 5528 40.
3501 5474 3801 5541 praestitit-

2174 5554 2234 5601 ut
2286 5562 2458 5617 neque
2488 5555 2665 5602 vestes
2712 5561 2901 5617 neque,
2930 5545 3098 5617 calcei
3157 5551 3581 5609 conterereutur,
3634 5546 3807 5600 idem

2175 5617 2227 5672 in
2254 5618 2405 5675 Novo
2454 5617 2566 5673 suis
2594 5619 2839 5689 eamdem
2880 5616 3130 5673 ﬁduciam
3178 5625 3451 5689 praestare
3494 5617 3695 5689 poterit
3722 5627 3822 5674 et

2176 5692 2539 5747 securitatem.
2572 5689 2632 5743 Id
2679 5686 2824 5744 enim
2861 5696 3148 5746 contextus
3174 5687 3289 5761 ipse
3312 5686 3513 5758 exigit:
3543 5688 3625 5743 LE
3675 5689 3813 5746 Ρι-
