4018 6192
260 357 352 417 449
959 391 962 394 ~
1457 359 1582 420 LIB.
1627 359 1694 417 IV
1734 357 1894 416 ADV.
1935 356 2341 422 MARCIONBM.

3444 373 3556 434 450

261 491 414 544 verat.
467 485 786 553 Neminem,
837 485 1031 560 inquit,
1068 503 1172 560 per
1215 488 1368 544 viam
1413 489 1438 527 ⁷
1485 489 1840 544 salutaveris.
1877 503 1924 582 Α
1954 486 2047 558 qui
2072 487 2194 544 illos
2237 506 2344 548 non
2399 492 2748 563 recepissent,
2780 493 3022 552 dicerent
3062 515 3075 554 :
3114 500 3322 558 Scitote
3352 504 3547 559 tamen

261 574 300 631 Ο
351 572 624 630 Christum
663 575 1052 632 destructorem
1100 579 1482 649 prephetarum
1517 618 1532 645 ,
1562 592 1593 631 a
1646 575 1846 647 quibus

259 665 350 720 hoc
375 678 596 736 quoque
625 663 832 737 accepit
865 663 876 718 l
927 664 1170 732 Elisteus,
1205 682 1326 722 cum
1375 665 1590 741 Gieain,
1623 679 1845 735 puerum

259 768 400 808 suum
432 752 670 809 mitteret
699 754 754 808 in
783 753 928 810 viam
977 755 1046 810 ad
1075 753 1242 811 ﬁlium
1292 754 1646 811 Sunamitidis
1675 769 1848 810 resus-

259 841 520 897 citandum
547 842 616 897 de
646 852 838 913 morte,
870 852 1022 916 puto,
1057 844 1137 900 sic
1175 844 1223 900 ei
1250 845 1508 916 praecepit
1562 844 1655 915 (IV
1717 844 1842 914 Reg.

255 933 445 1002 tv,‘29)
480 948 496 986 :
546 932 785 1004 Accinge
830 933 1042 990 lumbos
1092 938 1238 1000 tuos,
1271 939 1327 989 et
1372 949 1535 990 sume
1573 933 1845 990 bacillum

254 1038 432 1078 meum
463 1021 532 1076 in
546 1038 807 1087 manum,
839 1027 894 1079 et
916 1021 1075 1080 vade:
1105 1039 1489 1096 quemcunque
1519 1021 1843 1080 conveneris

252 1111 306 1166 in
341 1113 452 1178 ria,
485 1126 559 1167 ne
586 1110 946 1169 benedixeris
975 1127 1101 1169 eum
1125 1133 1144 1181 ;
1173 1110 1226 1165 id
1256 1117 1359 1183 est,
1391 1127 1458 1166 ne
1477 1110 1792 1168 salutaveris
1825 1128 1837 1165 :

252 1203 300 1256 et
328 1201 423 1271 qui
454 1205 512 1258 te
541 1199 919 1271 benedixerit,
959 1217 1032 1256 ne
1059 1201 1414 1274 responderis
1442 1203 1514 1268 ei,
1534 1200 1587 1255 id
1617 1207 1696 1254 est
1730 1241 1743 1266 ,
1777 1214 1846 1256 ne

251 1288 648 1344 resalutaveris.
683 1287 814 1358 Quae
851 1296 931 1344 est
962 1289 1106 1344 enim
1163 1290 1304 1346 inter
1329 1289 1448 1346 vias
1486 1287 1792 1344 benedictio
1825 1329 1840 1354 ,

248 1376 340 1432 nisi
377 1393 444 1432 ex
485 1393 720 1434 occursu
753 1385 933 1433 mutua
976 1379 1222 1436 salutatio
1246 1380 1275 1434 ‘2
1304 1377 1394 1435 Sic
1449 1385 1504 1434 et
1558 1375 1840 1442 Dominus,

248 1469 303 1522 in
331 1483 504 1540 quam
535 1468 872 1525 introissent
930 1469 1187 1541 domum,
1231 1485 1432 1542 pacem
1477 1469 1531 1526 ei
1583 1468 1768 1524 dicere
1794 1467 1840 1536 3,

245 1560 491 1631 exemplo
523 1558 715 1616 eodem
745 1569 844 1615 est.
872 1561 1142 1618 Mandavit
1168 1561 1311 1614 enim
1345 1569 1395 1614 et
1439 1561 1540 1614 hoc
1587 1557 1840 1623 Eliszeus,

245 1664 357 1702 cum
385 1647 672 1704 introisset
713 1648 780 1702 ad
821 1648 1143 1719 Sunamitin,
1177 1649 1382 1704 diceret
1419 1647 1508 1704 ei:
1571 1649 1692 1703 Pax
1720 1647 1842 1704 viro

249 1743 358 1800 tuo,
386 1753 509 1808 pax
538 1737 656 1802 ﬁlio
692 1741 787 1793 tuo
817 1737 860 1791 9.
898 1736 1024 1792 Hmc
1054 1745 1211 1794 erunt
1262 1737 1445 1807 potius
1495 1743 1696 1791 nostris
1735 1751 1840 1789 an-

248 1823 487 1891 titheses,
527 1841 643 1896 qua:
680 1833 1014 1897 comparant,
1045 1841 1153 1881 non
1207 1841 1327 1898 qum
1365 1831 1619 1894 separant
1650 1823 1842 1879 Chris-

1956 581 2438 651 appropinquasse
2471 599 2712 654 regnum
2732 586 2850 640 Dei.
2884 584 2940 639 Si
2972 588 3074 642 hoc
3099 603 3205 644 non
3237 598 3291 645 et
3315 591 3544 646 commi-

1954 665 2186 722 nationis
2251 669 2422 741 gratia
2474 673 2713 740 mandat,
2768 672 3059 730 vanissime
3120 678 3360 733 mandat.
3401 677 3546 747 Quid

1951 755 2098 810 enim
2127 757 2194 811 ad
2245 757 2369 814 illos
2413 760 2460 815 si
2501 764 2956 834 apprOpinquaret
2999 780 3245 837 regnum,
3287 767 3390 822 nisi
3420 769 3548 840 quia

1952 856 2070 898 cum
2129 844 2334 914 judicio
2404 851 2854 924 apprOpinquat?
2932 852 2988 907 in
3057 853 3283 909 salutem
3339 856 3546 912 scilicet

1951 945 2163 1002 eorum,
2202 934 2294 1006 qui
2336 937 2799 994 annuntiationem
2840 941 2961 1010 ejus
3007 942 3348 1013 recepissent.
3395 943 3544 1012 Quo-

1952 1021 2160 1077 modo?
2189 1022 2234 1077 si
2265 1023 2611 1082 comminatio
2660 1043 2770 1082 non
2797 1038 2976 1099 potest
3016 1030 3136 1086 sine
3173 1031 3541 1100 exsecutione,

1948 1108 2114 1165 habes
2144 1111 2311 1166 Deum
2339 1124 2708 1170 exsecutorem
2755 1117 2810 1171 in
2855 1118 3265 1188 comminatore,
3306 1129 3361 1176 et
3391 1121 3546 1190 judir-

1949 1213 2067 1254 cem
2115 1198 2168 1253 in
2219 1204 2500 1274 utroque?
2543 1203 2631 1260 Sic
2667 1213 2720 1260 et
2758 1206 3033 1277 pulverem
3070 1209 3228 1276 jubet
3283 1208 3462 1265 excuti
3492 1209 3547 1264 in

1947 1286 2107 1354 illos,
2169 1288 2219 1342 in
2277 1291 2742 1358 testiﬁcationem,
2794 1304 2850 1350 et
2904 1297 3218 1353 haerentiam
3270 1299 3317 1338 ιδ
3392 1306 3546 1355 ωτι-ιε

1951 1391 2135 1432 eorum
2193 1380 2311 1449 (7),
2363 1381 2561 1436 nedum
2618 1385 3126 1441 communicationis
3188 1387 3430 1460 reliquae.
3488 1387 3546 1442 Si

1953 1466 2096 1522 enim
2150 1467 2515 1526 inhumanitas
2569 1480 2624 1527 et
2674 1473 3064 1545 inhospitalitas
3119 1476 3320 1530 nullam
3365 1479 3434 1531 ab
3480 1491 3547 1531 eo

1952 1555 2197 1611 relaturus
2239 1566 2369 1612 sunt
2414 1559 2698 1626 ultionem,
2750 1563 2836 1618 cui
2867 1563 2942 1619 rei
2978 1563 3255 1634 praemittit
3286 1565 3546 1620 testiﬁca-

1953 1644 2187 1709 tionem,
2237 1646 2410 1701 minas
2456 1647 2641 1718 utique
2690 1652 3148 1719 portendentem?
3197 1653 3378 1719 Porro,
3423 1669 3544 1709 cum

1949 1733 2113 1789 etiam
2153 1734 2371 1790 Creator
2398 1735 2452 1790 in
2502 1738 2925 1795 Deuteronomio
2973 1743 3166 1811 (χχιιι,
3201 1743 3280 1808 3),
3321 1746 3546 1798 Ammo-

1949 1820 2087 1876 nitas
2118 1829 2172 1877 et
2201 1823 2463 1878 Moabitas
2516 1826 2803 1894 prohibeat
2830 1826 2995 1897 recipi
3035 1827 3088 1881 in
3120 1829 3413 1897 Ecclesiam
3442 1831 3540 1901 (8),

261 1921 388 1968 tum.
420 1914 621 1985 Dignus
659 1917 744 1972 est
776 1915 824 1952 πο
849 1923 1031 1971 autem
1074 1916 1370 1987 operarius
1396 1912 1648 1971 mercede
1694 1929 1797 1968 sua
1821 1951 1839 1979 ,
1875 1899 1919 1976 Β
1949 1909 2091 1980 quod
2146 1912 2410 1982 pepulum
2482 1914 2718 1986 ,Ἐξερῐο
2789 1915 3083 1985 profectum
3149 1899 3454 1974 inhumane
3491 1927 3544 1974 et

256 2001 375 2072 quis
402 2002 572 2074 magis
597 2003 960 2075 pronuntiarit
995 2019 1153 2076 quam
1187 2005 1331 2059 Deus
1355 2003 1524 2072 judex
1557 2001 1740 2071 ?Quia
1786 2008 1840 2057 et

248 2090 350 2146 hoc
378 2091 554 2160 ipsum
576 2092 827 2160 judicare
853 2092 1181 2166 est,dignum
1223 2092 1403 2148 facere
1431 2091 1682 2148 mercede
1711 2105 1843 2159 ope-

247 2179 636 2236 rarium.NulIa
674 2180 954 2236 retributio
993 2196 1099 2238 non
1131 2179 1544 2250 exjudicatione
1580 2176 1841 2236 constitit.

243 2265 350 2321 tam
400 2284 549 2325 nunc
593 2275 647 2324 et
682 2269 768 2324 hic
806 2268 890 2324 lex
948 2269 1302 2341 consignatur
1327 2267 1616 2332 Creatoris,
1677 2265 1841 2320 etiam

243 2356 406 2413 boves
436 2367 733 2430 cperantes
760 2357 958 2431 dignos
986 2356 1267 2430 cperarios
1292 2356 1538 2414 mercede
1582 2354 1841 2428 judican-

243 2447 322 2516 tis;
349 2449 504 2518 Bovi,
541 2447 716 2520 inquit
743 2447 1071 2520 (Deut.xxv,
1095 2449 1382 2516 4),terenti
1408 2465 1467 2507 os
1484 2463 1596 2520 non
1619 2446 1842 2517 colliga-

244 2516 974 2611 bis.Quistam-praestans.in
1006 2535 1376 2608 homines,nisi
1403 2536 1493 2608 qui
1522 2516 1575 2590 ei
1600 2535 1654 2591 in
1675 2550 1842 2608 pecu-

241 2625 334 2681 des
362 2625 393 2680 ?
431 2624 596 2694 Quod
642 2624 687 2680 si
718 2633 770 2680 et
800 2626 1047 2682 Christus
1077 2625 1273 2698 dignos
1316 2623 1566 2682 mercede
1598 2638 1840 2695 pronun-

243 2714 329 2769 tiat
359 2713 678 2786 cperarios,
721 2715 992 2772 excusavit
1019 2727 1349 2788 praeceptum
1383 2712 1516 2770 illud
1552 2712 1836 2779 Creatoris,

243 2802 305 2860 de
331 2803 484 2860 vasis
523 2804 704 2860 aureis
752 2811 807 2859 et
854 2805 1128 2876 argenteis
1157 2802 1538 2877 Egyptiorum
1585 2801 1838 2857 auferen-

242 2891 340 2949 dis.
402 2891 513 2963 Qui
578 2895 723 2950 enim
777 2893 930 2951 villas
998 2903 1052 2951 et
1115 2895 1277 2950 urbes
1343 2892 1550 2966 cperati
1628 2891 1839 2947 fuerant

240 2981 531 3055 Egyptiis,
589 2981 743 3055 digni
784 2982 1246 3056 utique-operarii
1286 2983 1532 3040 mercede
1565 3023 1577 3046 ,
1623 2995 1733 3036 non
1770 2979 1838 3034 ad

1947 1997 2342 2068 inhospitaliter
2385 2001 2560 2073 ecpiis
2595 2001 3052 2061 defraudassent:
3099 2020 3230 2078 ergo
3280 2007 3334 2061 in
3379 2006 3540 2063 Chri-

1950 2095 2090 2142 stum
2170 2088 2296 2144 inde
2369 2106 2623 2148 manasse
2706 2092 2969 2149 constabit
3039 2094 3542 2153 communicationis

1949 2175 2287 2232 interdictum
2319 2179 2398 2250 (9)
2420 2199 2434 2243 ;
2456 2179 2546 2234 ubi
2577 2179 2733 2237 habet
2759 2180 2988 2238 formam
3015 2184 3153 2253 :Qui
3179 2203 3270 2243 vos
3298 2189 3536 2260 spernit,

1947 2280 2038 2320 me
2077 2267 2316 2337 spernit.
2350 2267 2463 2323 Hoc
2501 2273 2555 2324 et
2583 2270 2758 2340 Moysi
2790 2271 3011 2329 Creator
3037 2274 3220 2344 (Num.
3265 2291 3377 2346 xrv,
3411 2277 3541 2346 27):

1949 2353 2069 2411 Non
2087 2358 2142 2410 te
2160 2359 2642 2428 contempserunt,
2674 2359 2770 2415 sed
2797 2377 2906 2418 me.
2931 2361 3063 2416 Tam
3091 2362 3234 2418 enim
3261 2363 3543 2436 apostolus
3617 2357 3627 2368 ’⁷

1947 2443 2182 2514 Moyses,
2224 2459 2382 2516 quam
2424 2456 2477 2502 et
2519 2448 2748 2518 apostoli
2779 2452 3075 2522 prophetae.
3125 2452 3406 2527 Equanda
3443 2454 3545 2509 erit
3607 2453 3610 2458 ’

1947 2533 2236 2588 auctoritas
2302 2533 2582 2607 utriusque
2653 2537 2856 2606 ofﬁcii,
2918 2541 2984 2596 ab
3054 2555 3164 2597 uno
3247 2541 3546 2615 eodemque

1947 2622 2182 2677 Domino
2231 2625 2600 2694 apostolorum
2646 2632 2702 2681 et
2763 2629 3161 2699 prOphetarum.
3225 2627 3355 2698 Quis
3402 2647 3545 2688 nunc

1946 2709 2091 2765 dabit
2111 2715 2445 2782 potestatem
2455 2715 2720 2771 calcandi
2728 2731 2901 2786 super
2915 2718 3168 2776 colubros
3181 2722 3240 2777 et
3257 2723 3502 2792 scorpios
3523 2726 3546 2776 1'

1949 2799 2210 2856 Utrumne
2264 2802 2506 2858 omnium
2573 2803 2890 2860 animalium
2959 2805 3255 2875 Dominus,
3311 2824 3378 2864 an
3445 2825 3546 2866 nec

1947 2887 2110 2944 unius
2164 2890 2378 2946 lacertae
2435 2891 2481 2930 ιδ
2535 2892 2733 2948 Deus?
2781 2894 2889 2950 Sed
2956 2896 3095 2951 bene
3132 2897 3277 2968 quod
3324 2897 3547 2954 Creator

1948 2977 2083 3030 hanc
2113 2986 2427 3044 potestatem
2451 2980 2686 3049 parvulis
2717 2981 2897 3051 pueris
2930 2983 2976 3022 15
3004 2999 3104 3056 per
3131 2986 3318 3042 Isaiam
3349 2988 3456 3060 (ιιι,
3489 2989 3545 3058 8)

242 3070 489 3127 fraudem
517 3079 650 3127 sunt
676 3071 922 3127 instructi
982 3072 1047 3138 ιι,
1091 3074 1184 3129 sed
1236 3071 1304 3126 ad
1372 3068 1634 3127 mercedis
1689 3082 1838 3124 com—
1871 3072 1912 3149 ε
1943 3063 2290 3134 repromisit,
2349 3067 2621 3135 conjicere
2677 3085 2892 3126 manum
2942 3072 2996 3126 in
3053 3089 3338 3132 cavernam
3393 3077 3544 3148 aspi-

243 3160 644 3229 pensationem,
694 3176 854 3232 quam
903 3161 1032 3216 alias
1062 3177 1094 3215 a
1135 3158 1564 3217 dominatoribus
1615 3156 1838 3228 exigere

243 3263 348 3303 non
377 3255 650 3318 poterant.
682 3249 933 3322 Regnum
981 3250 1101 3317 Dei,
1160 3265 1336 3322 neque
1397 3264 1598 3305 novum
1664 3261 1841 3318 neque

234 3335 551 3392 inauditum
593 3378 608 3404 ,
669 3333 844 3393 420
905 3337 983 3394 sic
1017 3351 1238 3411 quoque
1296 3336 1652 3400 conﬁrmavit,
1709 3335 1840 3390 dum

232 3423 370 3480 illud
394 3424 560 3494 jubet
587 3422 894 3481 adnuntiari
960 3427 1447 3499 appropinquasse.
1499 3425 1657 3494 Quod
1694 3426 1841 3480 enim

233 3510 400 3588 longe
422 3513 592 3572 fuerit
629 3513 940 3587 aliquando,
1012 3515 1065 3571 id
1139 3524 1321 3589 potest
1393 3515 1498 3572 dici
1557 3513 1843 3586 apprOpin-

233 3618 464 3673 quasse.
542 3603 600 3660 Si
633 3611 814 3660 autem
869 3620 1146 3678 nunquam
1203 3613 1348 3664 retro
1402 3604 1630 3670 fuisset,
1682 3611 1840 3658 ante-

234 3707 406 3762 quam
464 3691 952 3765 apprOpinquasset
986 3737 1000 3761 ,
1059 3710 1159 3750 nec
1222 3693 1329 3750 dici
1420 3691 1682 3765 potuisset
1743 3707 1841 3763 ap-

237 3780 641 3853 propinquasse
664 3823 680 3849 ,
711 3781 857 3854 quod
903 3797 1177 3854 nunquam
1216 3782 1381 3855 longe
1411 3781 1623 3839 fuisset.
1666 3779 1842 3836 Omne

240 3869 389 3938 quod
425 3885 628 3927 novum
660 3880 712 3927 et
761 3871 1228 3946 incognitumest,
1262 3870 1495 3926 subitum
1535 3873 1636 3926 est.
1669 3867 1844 3925 Omne

247 3958 389 4028 quod
444 3960 687 4017 subitum
742 3968 824 4017 est
865 4002 882 4028 ,
938 3976 1061 4017 cum
1095 3960 1439 4017 annuntiatur
1471 4002 1484 4026 ,
1545 3967 1670 4014 tunc
1725 3954 1842 4029 pri-

246 4057 398 4100 mum
444 4047 678 4119 speciem
708 4048 992 4119 inducens,
1040 4055 1169 4104 tunc
1196 4049 1429 4122 primum
1481 4046 1674 4118 accipit
1702 4054 1844 4102 tem-

245 4146 370 4201 pus.
421 4134 708 4204 Caterum,
768 4153 868 4193 nec
923 4133 1310 4194 retrotardasse
1370 4133 1582 4210 poterit,
1650 4149 1844 4207 quam-

243 4217 336 4274 diu
367 4224 973 4298 nonjannuntiabatur;
1007 4242 1109 4282 nec
1133 4241 1198 4282 ex
1251 4241 1359 4298 quo
1406 4221 1708 4280 annuntiari
1737 4236 1845 4278 cte-

245 4310 408 4378 perit,
438 4313 928 4387 apprOpinquasse.
1004 4313 1182 4372 Etiam
1236 4313 1423 4386 adjicit
1489 4313 1537 4352 ι²
1567 4357 1582 4384 ,
1633 4319 1692 4367 ut
1765 4308 1846 4365 eis

1949 3153 2102 3219 dum,
2152 3162 2207 3209 et
2255 3155 2312 3208 in
2358 3154 2541 3210 cubile
2595 3165 2844 3214 natorum
2892 3161 3173 3229 aspidum,
3232 3179 3334 3220 nec
3376 3163 3534 3221 42]

1950 3242 2174 3300 omnino
2233 3243 2378 3299 laedi.
2429 3245 2497 3300 Et
2552 3245 2736 3318 utique
2793 3247 2999 3304 scimus
3057 3251 3226 3319 (salva
3281 3253 3546 3324 simplici-

1950 3339 2058 3389 tate
2096 3331 2391 3402 Scriptum
2439 3349 2453 3400 ;
2504 3349 2630 3389 nam
2677 3349 2779 3390 nec
2825 3344 2879 3392 et
2929 3336 3067 3408 ipsae
3112 3339 3302 3396 bestiae
3347 3355 3547 3398 nocere

1948 3428 2245 3492 poterunt,
2303 3419 2395 3476 ubi
2460 3419 2598 3478 ﬁdes
2656 3421 2839 3494 fuerit)
2913 3424 3141 3497 ﬁgurate
3195 3429 3439 3499 scorpios
3493 3440 3547 3485 et

1949 3507 2202 3564 colubros
2249 3508 2495 3578 portendi
2537 3509 2801 3579 spiritalia
2847 3512 3101 3579 malitias,
3153 3531 3383 3586 quorum
3428 3517 3546 3589 ipse

1951 3610 2166 3668 quoque
2208 3595 2468 3668 princeps
2496 3595 2549 3651 in
2579 3599 2868 3668 serpentis,
2899 3611 2951 3656 et
2977 3601 3246 3676 draconis,
3275 3612 3331 3660 et
3357 3605 3546 3662 imma-

1949 3683 2189 3741 nissima:
2221 3683 2268 3724 ιθ
2295 3685 2559 3757 cujusque
2587 3686 2776 3742 bestia
2815 3688 3035 3746 nomine
3061 3691 3354 3764 deputetur
3382 3709 3548 3764 penes

1951 3773 2280 3843 Creatorem,
2311 3774 2560 3846 largitum
2606 3774 2744 3831 hanc
2785 3777 3103 3848 potestatem
3134 3781 3302 3852 priori
3332 3783 3547 3839 Christo

1950 3879 2081 3935 suo;
2131 3864 2273 3921 sicut
2324 3867 2714 3938 nonagesimus
2774 3867 3024 3926 Psalmus
3078 3870 3146 3926 ad
3194 3889 3321 3929 eum
3367 3874 3543 3943 (Psal.

1952 3968 2046 4020 xc,
2077 3955 2168 4022 l3)
2200 3970 2214 4007 :
2248 3953 2426 4026 Super
2467 3956 2720 4028 aspidem
2758 3963 2813 4014 et
2859 3958 3194 4017 basiliscum
3221 3963 3462 4026 incedes,
3491 3966 3550 4018 et

1954 4041 2307 4098 conculcabis
2339 4044 2553 4100 leonem
2581 4049 2640 4100 et
2660 4045 2998 4114 draconem;
3029 4050 3168 4106 sicut
3194 4051 3355 4108 etiam
3383 4052 3548 4108 Baias

1953 4127 2161 4198 (xxvn,
2196 4129 2252 4200 1)
2284 4148 2296 4187 :
2324 4131 2431 4188 Illa
2451 4132 2542 4190 die
2571 4134 2917 4205 superducet
2944 4139 3218 4196 Dominus
3245 4144 3392 4198 Deus
3419 4159 3548 4197 ma-

1953 4215 2202 4272 chaeram
2249 4225 2530 4284 sanctam,
2578 4237 2848 4294 magnam
2893 4229 2952 4281 et
2996 4228 3230 4296 fortem,
3275 4227 3545 4285 Christum

1953 4303 2152 4361 scilicet
2173 4322 2422 4373 suum,zn
2443 4309 2745 4368 draconem
2764 4311 2935 4369 illum
2945 4315 3242 4374 colubrum
3269 4333 3546 4391 magnum

1626 4435 1818 4498 Variae
1854 4433 2168 4496 lectiones.

255 4583 258 4586 .
317 4540 339 4578 ἰ
385 4543 442 4598 In
471 4543 555 4599 via
589 4544 809 4601 Oberth.
835 4545 862 4583 8
890 4543 961 4600 Ut
1005 4544 1058 4600 in

1106 4561 1211 4616 qu,
1252 4545 1494 4601 dicerent,
1540 4543 1665 4600 alii,
1694 4541 1724 4616 fi
1751 4538 1866 4594 Tuo
1901 4540 2110 4616 οῖηῖίιζ
2130 4540 2359 4616 Sem._1°
2397 4541 2723 4616 Estemttt.
2763 4541 2984 4616 Oberth.
3021 4543 3063 4581 ιι
3105 4545 3349 4603 Instincti
3385 4553 3542 4607 Pam.

250 4609 298 4681 ἓξ
315 4611 458 4668 Dicit
485 4617 628 4681 alii;
653 4615 915 4674 edicital.
942 4615 988 4654 13
1007 4609 1405 4673 Adhierentiam
1433 4617 1618 4672 Paris.
1643 4609 2039 4669 adhorrentiam
2066 4613 2261 4679 Fran.;
2287 4611 2616 4670 horrentiam
2640 4615 2774 4675 Jun.
2809 4613 2855 4652 1"
2883 4614 3122 4670 Lacertae
3151 4618 3339 4674 omitt.
3375 4622 3544 4677 Seml.

249 4679 296 4716 ³⁵
323 4682 571 4743 Puerulis
615 4679 838 4745 Oberth.
873 4687 920 4726 ιδ
947 4688 1401 4747 Eminentissimae
1429 4689 1589 4745 Pam.

1651 4776 2151 4852 Commentarius.

319 4893 407 4965 (Ἰ)
458 4895 524 4948 Et
566 4893 910 4950 hcere‘ntiam
970 4899 1140 4952 terra:
1192 4913 1406 4953 eorum.
1436 4895 1496 4950 In
1553 4894 1843 4965 exemplari

239 4961 538 5046 scribitur“:
579 4987 619 5046 ﬁ.
639 4965 728 5021 Sic
763 4973 818 5021 et
865 4965 1140 5046 pulverem
1161 4967 1318 5046 jubet
1343 4976 1397 5022 et
1425 4965 1605 5046 excuti
1635 4966 1690 5020 in
1709 4961 1844 5022 illos

240 5033 298 5084 in
357 5033 790 5093 testiﬁcationem
835 5033 931 5091 ei:
991 5039 1112 5094 hoer
1139 5033 1192 5094 et
1247 5037 1409 5095 etiam
1465 5036 1621 5093 térras
1664 5053 1775 5093 cor.
1814 5056 1837 5089 ι

241 5100 576 5178 Haerentiam
650 5115 808 5163 terra;
855 5107 1088 5178 dixisse
1143 5109 1391 5177 videtur,
1445 5117 1503 5163 ut
1549 5109 1844 5178 explicaret

241 5177 393 5252 quod
435 5179 695 5252 pulveris,
719 5177 937 5234 nomine
967 5181 1142 5237 Lucas
1171 5181 1396 5252 intelligi
1427 5177 1688 5235 voluerat.
1724 5181 1852 5236 RIG.

313 5246 398 5324 (8)
424 5246 790 5324 Ammanitae
830 5254 897 5324 et
928 5252 1190 5310 Moabitae
1216 5246 1517 5324 prohibeat
1551 5255 1730 5322 recipi
1788 5251 1850 5306 in

248 5317 577 5396 Ecclesium.
609 5322 890 5396 Ecclesiae
937 5317 1263 5396 vocabulum
1298 5323 1594 5396 Septimius
1638 5317 1852 5378 accom-

243 5392 427 5464 modat
461 5392 704 5449 Judaicis
734 5393 1088 5464 temporibus.
1122 5397 1246 5453 Rm.

313 5462 396 5534 (9)
425 5462 980 5546 Communiqationis
1034 5467 1430 5546 interdictum.
1489 5465 1580 5521 Sic
1625 5465 1740 5546 lib.‘
1783 5462 1850 5520 de

235 5532 598 5610 alonogamia
630 5555 653 5610 :7
682 5557 708 5587 ι
737 5537 847 5592 Sed
885 5537 1029 5593 illam
1057 5539 1272 5610 quidem
1302 5555 1332 5592 a
1369 5534 1850 5610 communicatione

233 5605 542 5678 (ξερφιιιιιιι.
572 5628 595 5656 ι
627 5609 754 5665 R16.
783 5637 856 5648 -
889 5605 1426 5668 Communicationis
1449 5607 1844 5678 interdictum.
1881 5615 1890 5625 '

240 5675 326 5733 De'
351 5676 658 5736 interdictis
683 5679 944 5738 Ecclesiae
983 5681 1036 5737 id
1075 5680 1330 5754 explicari
1371 5687 1564 5753 potest.
1603 5677 1847 5752 Diligens

1951 4892 2169 4962 etenim,
2207 4889 2562 4946 formularum
2611 4889 2908 4947 forensium
2955 4890 3269 4950 observator
3316 4901 3368 4949 et
3407 4893 3548 4962 juris

1951 4961 2315 5021 Tertullianus
2345 4962 2400 5016 id
2434 4963 2709 5034 Opposuit.
2741 4962 2905 5032 Apud
2941 4963 3349 5020 Jureconsultos
3379 4961 3547 5022 inter-

1952 5035 2154 5092 dictum
2213 5034 2487 5106 estquod
2519 5034 2586 5088 ad
2642 5043 2860 5106 tempus
2911 5049 2943 5106 a
2987 5035 3170 5104 judice
3221 5037 3440 5104 dicitur,
3497 5047 3551 5093 et

1950 5108 2167 5182 glossm,
2228 5104 2592 5182 ξξτιιλίγόιδέελθθιοΔ
2635 5105 2721 5182 δρο
2766 5104 3192 5182 ἀμφισϐητούντων
3221 5108 3327 5180 περὶ
3365 5113 3544 5182 voltis;

1964 5175 2043 5233 sic
2081 5175 2441 5248 interdictum
2473 5175 2725 5232 Ecclesia
2767 5184 2850 5230 est
2886 5181 3160 5248 separatio
3204 5195 3234 5234 a
3279 5175 3548 5237 communi

1961 5259 2105 5305 coetu
2162 5246 2404 5320 ﬁdelium
2441 5248 2520 5320 ad
2568 5257 2836 5320 tempus,_
2867 5245 3041 5304 donec
3087 5249 3181 5320 qui
3228 5251 3550 5320 ἀκθινώνητος

1961 5328 2042 5376 est
2114 5333 2214 5390 pro
2247 5316 2485 5392 delictis
2547 5316 2882 5392 satisfecerit.
2921 5316 3338 5392 blaterdictum,
3397 5316 3550 5392 quasi

1960 5387 2198 5462 interim
2224 5390 2464 5462 dictum,
2491 5399 2561 5462 ut
2577 5390 2716 5462 apud
2747 5387 2890 5444 Tull.
2920 5389 3011 5462 lib.
3045 5405 3123 5445 vn
3150 5387 3336 5462 Epist.
3357 5387 3544 5462 famil.

1958 5461 2117 5532 epist.
2151 5463 2222 5516 32
2255 5479 2268 5516 :
2306 5482 2330 5512 α
2366 5459 2709 5532 Urbanitatis
2731 5460 3156 5532 possessionem,
3183 5459 3396 5532 amabo,
3425 5460 3550 5530 qui-

1957 5529 2144 5588 busvis
2174 5531 2475 5587 interdictis
2515 5529 2912 5584 defendamus?
2955 5552 2979 5580 ι
3009 5530 3342 5587 Justinianus
3368 5529 3547 5585 tamen

1955 5607 2100 5674 tAug.
2159 5601 2358 5657 dictum
2415 5614 2532 5655 esse
2574 5599 2708 5667 vult,
2740 5601 2890 5671 quasi
2935 5602 3094 5658 inter
3127 5602 3266 5657 duo:
3300 5600 3544 5658 dictum.

1951 5673 2028 5731 La
2046 5673 2149 5731 Pa.
