4018 6192
1059 430 1282 486 CAPUT
1322 431 1518 487 XXVI.

552 523 689 577 Cum
728 522 783 578 in
819 521 1050 595 quodam
1108 520 1228 577 loco
1268 520 1423 590 (Luc.
1483 519 1569 589 χι)
1609 526 1813 574 orasset
1850 518 1916 573 ad
1972 517 2079 573 Pa-

483 620 618 667 trem
657 610 805 666 illum
865 608 1229 681 superiorem,
1285 608 1413 663 satis
1472 606 1876 679 impudentibus
1914 616 1966 661 et
2005 614 2082 661 te-

484 700 729 756 merariis
786 697 954 755 oculis
1018 696 1321 767 suspiciens
1360 697 1429 753 ad
1479 697 1679 753 coelum
1717 696 2008 765 Creatoris,
2049 712 2080 752 a

484 806 594 863 quo
635 802 743 845 tam
797 803 993 859 aspero
1035 794 1088 842 et
1126 802 1292 852 saevo,
1354 797 1407 841 et
1464 786 1731 858 grandine
1768 794 1821 843 et
1858 785 2080 845 fulmine

478 877 737 949 potuisset
775 876 929 942 elidi,
968 875 1113 931 sicut
1149 886 1200 930 et
1237 876 1535 931 Jerusalem
1575 874 1783 949 suffugi
1821 875 1870 914 29
1908 877 1973 931 ab
2012 891 2078 931 eo

480 966 681 1036 potuit;
718 982 1015 1039 aggressus
1045 981 1166 1021 eum
1200 982 1263 1019 ex
1297 965 1571 1034 discipulis
1599 966 1817 1037 quidam
1851 986 1865 1021 :
1897 967 2083 1022 Domi-

482 1071 575 1118 ne,
618 1056 808 1127 inquit,
851 1058 978 1114 doce
1008 1073 1108 1111 nos
1137 1071 1321 1121 orare,
1356 1058 1499 1113 sicut
1537 1060 1593 1113 et
1624 1056 1671 1093 ³ο
1703 1058 1943 1112 Joannes
1970 1056 2083 1111 dis.

482 1148 704 1217 cipulos
727 1162 853 1203 suos
882 1145 1075 1201 docuit
1100 1167 1116 1213 ,-
1147 1144 1352 1199 scilicet
1387 1145 1515 1214 quia
1537 1144 1699 1197 alium
1723 1146 1895 1200 Deum
1924 1143 2082 1199 aliter

479 1234 803 1290 existimaret
876 1234 1161 1288 orandum.
1220 1233 1334 1288 Hoc
1390 1233 1481 1303 qui
1540 1240 1959 1304 praesumpserat
2008 1232 2078 1301 31,

480 1323 631 1395 prius
671 1330 751 1377 est
807 1323 998 1393 probet
1034 1320 1201 1376 alium
1267 1321 1444 1375 Deum
1500 1320 1706 1375 editum
1774 1336 1808 1375 a
1844 1319 2077 1377 Christo.

477 1414 648 1467 Nemo
681 1411 822 1466 enim
860 1421 982 1465 ante
1022 1410 1283 1465 voluisset
1330 1423 1485 1465 orare
1524 1422 1705 1479 nosse,
1749 1424 1908 1481 quam
1936 1409 2073 1465 didi-

475 1501 639 1557 cisset
683 1516 844 1572 quem
905 1506 1099 1555 oraret.
1180 1498 1353 1570 Igitur
1429 1497 1475 1552 si
1543 1498 1825 1567 didicerat,
1885 1499 2071 1568 proba.

474 1590 529 1645 Si
585 1606 852 1661 nusquam
906 1604 1077 1662 usque
1137 1588 1309 1642 adhuc
1375 1586 1592 1659 probas,
1652 1587 1787 1643 scito
1827 1587 1979 1642 illum
2019 1589 2073 1645 in

475 1679 781 1737 Creatorem
828 1677 1055 1732 formam
1122 1674 1376 1731 orationis
1428 1674 1753 1746 postulasse,
1820 1678 1873 1731 in
1911 1692 2071 1749 quem

476 1768 634 1824 etiam
674 1764 925 1835 discipuli
960 1762 1183 1817 Joannis
1221 1762 1463 1817 orabant.
1505 1762 1610 1817 Sed
1642 1762 1766 1835 quia
1812 1773 1865 1820 et
1899 1764 2069 1821 Joan-
2107 1783 2151 1860 Β

476 1872 571 1910 nes
628 1870 821 1910 novum
889 1852 1123 1923 aliquem
1161 1849 1408 1907 ordinem
1447 1850 1704 1908 orationis
1771 1851 2071 1922 induxerat,

476 1942 599 1997 ideo
618 1944 724 1995 hoc
757 1950 808 1995 et
838 1957 866 1994 a
894 1939 1108 1995 Christo
1136 1940 1435 2013 discipulus
1465 1943 1581 2012 ejus
1609 1941 1993 2014 postulandum
2024 1943 2073 1981 32

479 2047 587 2086 non
624 2030 895 2085 immerito
960 2041 1397 2100 praesumpserat,
1438 2040 1495 2085 ut
1532 2039 1585 2087 et
1614 2030 1690 2085 illi
1751 2031 1817 2086 de
1856 2032 2073 2103 prOprio

478 2118 717 2193 magistri
758 2118 840 2173 sui
879 2119 1140 2184 insrituto,
1181 2134 1291 2174 non
1337 2119 1521 2186 alium,
1571 2120 1668 2175 sed
1707 2119 1859 2176 aliter
1896 2121 2073 2177 Deum

476 2217 713 2265 orarent.
755 2208 985 2263 Proinde
1023 2225 1125 2263 nec
1190 2208 1439 2265 Christus
1489 2219 1612 2264 ante
1668 2209 1927 2265 orationis
1966 2226 2070 2266 no-

474 2296 645 2351 titiam
699 2296 967 2368 discipulo
996 2297 1358 2361 -contulisset,
1412 2313 1572 2368 quam
1620 2296 1721 2351 Dei
1762 2297 1952 2369 ipsius.
1995 2299 2072 2354 Ita

472 2396 526 2441 et
563 2385 680 2458 ipse
721 2387 774 2439 in
830 2402 953 2439 eum
982 2385 1163 2440 docuit
1201 2386 1521 2455 orationem,
1584 2402 1743 2457 quem
1773 2386 2077 2463 discipulus

477 2491 653 2547 usque
710 2475 886 2530 adhuc
951 2484 1193 2531 noverat.
1254 2474 1499 2546 Denique
1556 2490 1747 2531 sensus
1815 2474 2072 2530 orationis

471 2579 634 2635 quem
672 2563 843 2618 Deum
900 2562 1118 2634 sapiant
1156 2577 1501 2636 recognosce.
1571 2561 1671 2617 Cui
1730 2562 1923 2629 dicam,
1965 2564 2075 2618 Pa-

480 2656 565 2710 ter
607 2654 720 2723 (13)
744 2653 772 2707 τι
810 2652 876 2707 Et
905 2652 995 2721 qui
1035 2667 1121 2707 me
1150 2652 1371 2707 omnino
1394 2667 1503 2707 non
1541 2650 1667 2707 fecit
1693 2651 1720 2708 ?
1749 2667 1783 2706 a
1820 2666 1929 2723 quo
1959 2651 2069 2707 ori-

473 2742 652 2816 ginem
684 2758 790 2798 non
843 2742 1032 2797 traho?
1076 2741 1157 2795 An
1218 2741 1267 2795 ei
1307 2742 1397 2813 qui
1447 2757 1531 2795 me
1592 2739 1847 2797 faciundo
1889 2748 1943 2796 et
1978 2740 2065 2795 in-

471 2831 730 2887 struendo
759 2829 1080 2903 generavit?
1118 2831 1161 2884 A
1203 2845 1309 2900 quo
1359 2831 1637 2901 Spiritum
1665 2835 1925 2888 sanctum
1953 2830 2065 2901 (14)

472 2920 779 2991 postulem?
829 2920 869 2976 Α
896 2934 1005 2991 quo
1042 2918 1457 2999 uec‘mundialis
1484 2918 1707 2989 spiritus
1737 2921 2064 2990 prmstatur?

466 3011 545 3062 An
578 3025 608 3063 a
654 3023 764 3080 quo
813 3008 945 3063 ﬁunt
992 3008 1152 3063 etiam
1197 3007 1376 3081 angeli
1432 3006 1699 3078 spiritus?
1738 3008 1895 3077 cujus
1931 3008 2068 3064 etin

1203 331 1648 391 TERTULLIANI
1687 329 1947 393 OPERUM
1984 328 2159 389 PARS
2194 326 2261 388 ll.
2299 358 2372 372 ——
2397 328 2628 391 SERIES
2667 332 2709 400 l,
2748 330 3096 391 POLBMICA.

2113 449 2160 529 Α
2194 428 2309 529 ipse
2328 430 2419 501 qui
2436 439 2561 529 peto
2585 432 2613 486 ?
2634 429 2776 529 Quid
2803 439 2978 486 autem
2996 426 3412 529 4%perdidi
3436 427 3581 529 apud
3604 428 3775 529 Deum

3678 330 3777 390 456

2191 517 2366 587 illum,
2398 528 2458 575 ut
2511 520 2655 591 apud
2694 536 2820 576 eum
2863 534 3095 590 quaeram
3144 525 3196 574 et
3235 517 3502 575 inveniam
3527 516 3555 572 ‘I
3602 517 3657 573 Si
3693 533 3775 573 sa-

2187 607 2441 678 pientiam
2470 616 2629 680 atque
2659 594 3021 681 prudentiam,
3068 608 3165 662 bas
3209 608 3429 664 Creator
3475 606 3770 669 abscondit;

2186 696 2330 767 apud
2370 711 2492 751 eum
2541 712 2670 769 ergo
2718 712 2976 768 quaeram.
3030 695 3086 751 Si
3126 696 3350 752 salutem
3402 704 3455 751 et
3495 696 3696 763 vitam,
3723 704 3774 751 et

2186 784 2284 838 has
2312 787 2455 854 apud
2513 785 2841 842 Creatorem.
2899 784 3042 840 Nihil
3100 784 3226 840 alibi
3281 791 3549 856 quaeretur
3603 790 3657 838 ut
3691 784 3771 838 iu-

2185 873 2456 942 veniatur,
2516 890 2674 945 quam
2741 874 2833 929 ubi
2886 874 3039 931 latuit
3096 880 3157 929 ut
3210 881 3485 945 appareat.
3546 872 3773 929 Sic'nec

2188 961 2445 1019 aliorsum
2474 964 2726 1033 pulsabo,
2765 978 2927 1034 quam
2971 962 3112 1017 unde
3160 979 3280 1018 sum
3318 960 3532 1018 functus
3574 961 3642 1016 33.
3674 962 3773 1018 De-

2188 1050 2372 1123 nique,
2412 1053 2456 1104 si
2513 1052 2759 1120 accipere
2786 1059 2841 1106 et
2897 1050 3141 1108 invenire
3200 1059 3253 1106 et
3308 1050 3535 1115 admitti,
3578 1050 3771 1107 laboris

2187 1146 2241 1193 et
2288 1139 2552 1195 instantiae
2618 1139 2823 1195 fructus
2871 1148 2952 1194 est
2981 1140 3051 1194 illi
3099 1139 3191 1210 qui
3236 1138 3399 1210 petiit,
3430 1147 3483 1193 et
3510 1139 3769 1210 quaesivit,

2186 1234 2239 1282 et
2277 1228 2552 1299 pulsavit;
2600 1227 2846 1301 intellige
2892 1229 3012 1285 haec
3059 1244 3090 1283 a
3147 1227 3398 1283 Creatore
3438 1226 3679 1282 mandari
3720 1236 3773 1282 et

2185 1317 2507 1387 repromitti.
2541 1317 2636 1372 Ille
2663 1318 2807 1374 enim
2836 1318 2981 1373 Deus
3010 1317 3265 1390 Optimus,
3297 1319 3437 1373 ultro
3466 1317 3684 1373 veniens
3709 1315 3773 1370 ad

2184 1406 2546 1472 praestandum
2591 1421 2701 1461 non
2740 1421 2842 1462 suo
2889 1405 3113 1473 homini,
3154 1405 3362 1462 nullum
3407 1404 3487 1460 illi
3543 1406 3772 1461 laborem

2183 1506 2282 1548 nec
2310 1493 2622 1549 instantiam
2667 1493 2970 1550 indixisset.
3016 1496 3137 1550 Jam
3180 1494 3322 1551 enim
3367 1509 3475 1549 non
3523 1494 3771 1565 optimus,

2180 1580 2225 1634 si
2263 1597 2373 1637 non
2421 1584 2566 1638 ultro
2623 1583 2777 1639 daret
2833 1599 2942 1639 non
2980 1583 3207 1654 petenti,
3257 1592 3313 1639 et
3352 1582 3597 1641 invenire
3636 1599 3773 1653 prae-

2179 1679 2347 1726 staret
2416 1687 2527 1727 non
2594 1674 2887 1746 quaerenti,
2956 1682 3009 1729 et
3068 1672 3302 1743 aperiret
3348 1688 3457 1728 non
3523 1672 3774 1743 pulsanti.

2181 1761 2403 1816 Creator
2430 1769 2614 1818 autem
2648 1762 2824 1832 potuit
2856 1762 3091 1818 indicere
3133 1763 3234 1818 ista
3260 1778 3359 1837 per
3386 1763 3683 1833 Christum,
3716 1772 3773 1819 ut

2181 1849 2307 1920 quia
2337 1849 2701 1920 delinquendo
2752 1851 2915 1905 homo
2947 1849 3251 1906 offenderat
3286 1850 3457 1906 Deum
3485 1867 3659 1915 suum,
3694 1850 3771 1905 la-

2182 1938 2416 2003 boraret,
2462 1946 2515 1993 et
2552 1936 2810 1993 instantia
2836 1937 3057 2010 petendi
3086 1938 3377 2010 acciperet,
3410 1948 3463 1993 et
3499 1937 3771 2011 querendi

2181 2026 2462 2092 inveniret,
2520 2033 2571 2083 et
2630 2025 2879 2098 pulsandi
2931 2026 3195 2082 introiret.
3252 2027 3341 2084 Sic
3392 2036 3444 2083 et
3498 2030 3773 2099 praemissa

2181 2114 2497 2182 similitudo,
2555 2120 2905 2174 nocturnum
2962 2119 3124 2189 panis
3176 2118 3476 2189 petitorem
3529 2120 3774 2173 amicum

2182 2203 2325 2269 facit,
2359 2221 2467 2261 non
2496 2205 2730 2261 alienum
2774 2224 2785 2260 :
2820 2215 2874 2261 et
2901 2208 2972 2261 ad
3017 2210 3265 2263 amicum
3290 2209 3636 2279 pulsantem,
3667 2223 3774 2263 non

2179 2293 2247 2365 ad
2276 2293 2541 2366 ignotum.
2592 2294 2814 2351 Amicus
2850 2304 3029 2351 autem
3076 2295 3283 2351 etiamsi
3322 2294 3565 2363 offendit,
3605 2294 3774 2369 magis

2181 2382 2449 2439 Creatoris
2477 2392 2562 2439 est
2599 2385 2782 2455 homo,
2817 2401 2974 2457 quam
3005 2384 3098 2440 Dei
3145 2385 3448 2443 Marcionis.
3488 2386 3667 2458 Itaque
3704 2386 3773 2441 ad

2179 2488 2303 2528 eum
2349 2473 2543 2543 pulsat,
2593 2475 2657 2527 ad
2708 2489 2865 2545 quem
2909 2474 2997 2544 jus
3043 2473 3119 2529 illi
3174 2484 3306 2541 erat,
3355 2476 3506 2546 cujus
3560 2473 3773 2546 jauuam

2178 2570 2349 2627 norat,
2398 2577 2558 2635 quem
2595 2562 2798 2619 habere
2840 2579 3005 2634 panes
3051 2563 3273 2631 sciebat,
3332 2564 3616 2621 cubantem
3660 2564 3773 2633 jam

2178 2666 2303 2706 cum
2340 2650 2629 2707 infantibus
2686 2667 2825 2724 quos
2880 2651 3025 2707 nasci
3081 2653 3352 2709 voluerat.
3411 2652 3586 2710 Etiam
3634 2653 3774 2727 quod

2179 2754 2306 2795 sero
2379 2741 2645 2810 pulsatur,
2709 2741 2980 2797 Creatoris
3046 2751 3129 2797 est
3194 2749 3431 2812 tempus.
3491 2741 3643 2797 Illius
3723 2751 3778 2797 et

2176 2844 2381 2899 serum,
2416 2829 2570 2899 cujus
2599 2830 2860 2887 saeculum
2897 2837 2951 2885 et
2998 2829 3179 2887 saeculi
3219 2846 3461 2887 occasus.
3494 2831 3576 2886 Ad
3604 2830 3777 2886 Deum

2175 2927 2351 2973 autem
2383 2933 2579 2976 novum
2633 2934 2793 2975 nemo
2841 2934 2961 2975 sero
3020 2919 3309 2990 pulsasset,
3368 2927 3572 2976 tantum
3632 2918 3777 2990 quod

2177 3007 2562 3065 lucescentem.
2596 3008 2819 3069 Creator
2848 3015 2953 3078 est,
2978 3008 3069 3082 qui
3120 3017 3174 3065 et
3217 3008 3441 3081 jauuam
3485 3008 3616 3066 olim
3663 3009 3775 3063 Na-

469 3069 765 3169 primoriiio
823 3097 1047 3169 spiritus
1116 3069 1303 3169 super"
1347 3069 1513 3169 aquas
1570 3069 1882 3157 ferebatur?
1936 3099 2070 3169 Ejus
2101 3069 2144 3148 C
2177 3095 2415 3155 tionibus
2456 3098 2830 3164 clauserat“,
2865 3069 3148 3171 quae.olim
3174 3069 3491 3169 pulsabatur
3528 3097 3771 3154 Iudaeis:

467 3204 705 3259 regnum
752 3187 951 3256 Optabo
990 3185 1195 3255 venire,
1246 3203 1405 3260 quem
1433 3202 1708 3260 nunquam
1738 3204 1923 3260 regem
1954 3188 2071 3262 glo-

469 3274 563 3329 rim
593 3274 827 3333 audivi?
866 3291 931 3329 an
968 3274 1021 3329 in
1053 3277 1209 3344 cujus
1243 3292 1403 3331 manu
1435 3275 1596 3330 etiam
1626 3276 1792 3332 corda
1822 3283 1945 3331 sunt
1974 3292 2069 3331 re-

468 3364 633 3436 gum?
685 3361 817 3433 Quis
855 3362 1011 3418 dabit
1049 3362 1181 3416 mihi
1234 3380 1437 3436 panem
1478 3363 1875 3435 quotidianum
1911 3364 2066 3435 (15);

472 3452 565 3521 qui
597 3466 697 3508 nec
726 3449 929 3506 milium
969 3450 1102 3505 mihi
1133 3450 1339 3518 condit,
1388 3465 1455 3506 an
1485 3455 1576 3521 qui
1609 3451 1768 3507 etiam
1811 3451 1881 3507 de
1926 3451 2068 3509 coelo

472 3556 662 3611 panem
697 3539 1013 3613 angelorum
1044 3539 1417 3613 quotidianum
1458 3540 1660 3612 populo
1703 3557 1803 3597 suo
1847 3541 2065 3613 praesti-

477 3627 585 3683 tit?
612 3627 748 3695 Quis
793 3628 921 3681 mihi
962 3628 1169 3683 delicta
1222 3629 1522 3685 dimittet?
1552 3627 1644 3701 qui
1676 3644 1741 3683 ea
1787 3645 1894 3684 non
1920 3630 2067 3699 judi-

476 3716 647 3771 caudo
677 3730 786 3770 non
820 3715 1033 3785 retinet,
1067 3712 1136 3770 an
1184 3716 1278 3786 qui
1330 3717 1375 3770 si
1432 3731 1542 3771 non
1598 3716 1878 3786 dimiserit,
1936 3720 2068 3775 reti-

475 3804 623 3858 nebit
648 3812 705 3856 ut
730 3802 935 3870 judicet
954 3804 982 3857 Ὺ
1001 3803 1135 3873 Quis
1165 3821 1279 3860 non
1325 3807 1473 3862 sinet
1504 3822 1605 3861 nos
1641 3806 1839 3861 deduci
1868 3805 1978 3874 (16)
2002 3808 2068 3863 in

475 3891 848 3946 tentationem
870 3888 899 3943 ?
924 3905 1082 3963 quem
1111 3893 1312 3960 poterit
1342 3899 1573 3947 tentator
1602 3907 1708 3948 non
1752 3892 1956 3962 timere,
1998 3910 2067 3950 an

474 3976 565 4049 qui
602 3994 633 4032 a
661 3977 958 4048 primordio
988 3985 1306 4036 teutatorem
1344 3980 1598 4053 angelum
1636 3981 2067 4052 praedamnavit?

476 4068 586 4123 Hoc
614 4065 827 4134 ordine,
858 4067 953 4139 qui
993 4067 1083 4122 alii
1123 4069 1234 4124 Deo
1267 4068 1535 4140 supplicat
1562 4079 1615 4127 et
1653 4085 1762 4126 non
1799 4070 2066 4142 Creatori,

476 4171 583 4213 non
616 4164 733 4212 orat
769 4156 939 4224 illum,
973 4158 1066 4211 sed
1106 4157 1344 4213 infamat.
1378 4158 1609 4215 Proinde
1650 4175 1681 4214 a
1710 4176 1816 4232 quo
1845 4149 2059 4233 petam,

477 4254 535 4301 ut
566 4246 840 4317 accipiam
862 4245 889 4298 ?
926 4245 1071 4317 apud
1115 4262 1277 4318 quem
1329 4264 1602 4319 quaeram,
1635 4256 1695 4305 ut
1722 4249 2010 4306 inveniam
2032 4250 2061 4305 .9

2177 3187 2222 3242 is
2261 3194 2315 3243 et
2358 3187 2599 3261 exsurgit
2642 3196 2695 3244 et
2752 3187 2862 3253 dat,
2896 3196 2950 3242 et
3004 3186 3049 3242 si
3101 3189 3212 3257 jam
3243 3204 3353 3244 non
3378 3188 3533 3260 quasi
3579 3189 3776 3256 amico,

2176 3292 2280 3333 non
2330 3284 2505 3332 tamen
2563 3277 2716 3349 quasi
2770 3286 3026 3332 extraneo
3072 3276 3299 3347 homini,
3352 3277 3444 3333 sed
3474 3277 3624 3349 quasi
3658 3292 3778 3334 m0-

2177 3366 2333 3431 lesto,
2382 3365 2578 3437 inquit.
2647 3365 2937 3422 Molestum
2966 3373 3143 3422 autem
3200 3374 3302 3420 tam
3351 3366 3460 3421 cito
3502 3366 3652 3421 Deus
3679 3382 3782 3421 re-

2174 3469 2304 3509 cens
2353 3455 2618 3510 neminem
2669 3454 2779 3526 pati
2825 3454 3019 3527 potuit.
3075 3455 3331 3528 Agnosce
3376 3455 3542 3528 igitur
3588 3463 3642 3509 et
3674 3456 3785 3511 Pa-

2174 3545 2332 3609 trem,
2391 3542 2552 3614 quem
2608 3543 2766 3598 etiam
2822 3544 3056 3615 appellas
3122 3544 3451 3602 Creatorem.
3520 3545 3641 3617 Ipse
3696 3552 3785 3602 est

2175 3631 2266 3702 qui
2297 3630 2396 3686 scit
2433 3631 2563 3703 quid
2602 3630 2699 3685 ﬁlii
2746 3635 3037 3703 postulent.
3076 3633 3209 3689 Nam
3260 3642 3314 3690 et
3355 3650 3549 3706 panem
3586 3642 3784 3706 peten-

2176 3720 2320 3775 tibus
2349 3718 2417 3773 de
2463 3720 2601 3774 coelo
2650 3719 2797 3776 dedit
2844 3738 3062 3791 manna,
3093 3728 3146 3778 et
3172 3738 3382 3779 carnem
3412 3724 3781 3779 desideranti-

2176 3806 2273 3861 bus
2299 3807 2479 3863 emisit
2513 3819 2960 3884 ortygometram,
2995 3827 3111 3868 non
3142 3816 3460 3884 serpentem
3480 3828 3581 3886 pro
3600 3814 3786 3886 pisce,

2174 3913 2276 3954 nec
2308 3898 2590 3971 scorpium
2623 3916 2728 3973 pro
2758 3915 2876 3958 ovo.
2911 3900 3063 3957 Illius
3111 3911 3289 3957 autem
3342 3902 3441 3958 erit
3488 3918 3600 3959 non
3640 3902 3790 3960 dare

2174 3987 2397 4041 malum
2426 4003 2525 4060 pro
2573 3986 2734 4055 bono,
2794 3987 2950 4057 cujus
2994 3996 3283 4061 utrumque
3339 3989 3426 4045 sit.
3487 3990 3787 4061 Caeterum,

2176 4075 2322 4130 Deus
2350 4074 2632 4130 Marcionis
2666 4091 2776 4132 non
2827 4077 3037 4133 habens
3086 4078 3384 4150 scorpium,
3422 4095 3532 4134 non
3565 4086 3788 4149 poterat

2175 4164 2226 4219 id
2258 4178 2315 4219 se
2352 4163 2534 4220 dicere
2580 4179 2688 4221 non
2717 4164 2990 4233 daturum,
3022 4168 3167 4238 quod
3214 4180 3322 4222 non
3350 4166 3581 4223 habebat
3610 4184 3626 4238 ;
3677 4167 3789 4223 sed

2168 4251 2258 4308 ille
2305 4253 2396 4324 qui
2454 4253 2659 4309 habens
2706 4262 2762 4311 et
2806 4255 3101 4327 scorpium,
3154 4272 3262 4313 non
3318 4258 3426 4314 dat.
3496 4257 3683 4328 Itaque
3726 4267 3794 4315 et.

474 4337 539 4390 ad
569 4336 1026 4431 quempulsabc,
1056 4347 1113 4391 ut
1154 4340 1465 4431 aperiat-ur
1517 4338 1697 4431 mihi?
1736 4337 1868 4404 Quis
1900 4338 2064 4431 habet
2094 4354 2139 4431 ο
2172 4342 2455 4414 Spiritum
2482 4348 2746 4401 sanctum
2789 4345 2835 4400 is
2881 4344 3049 4411 dabit,
3078 4346 3222 4417 apud
3254 4360 3417 4418 quem
3455 4351 3539 4431 est
3567 4350 3619 4397 et
3665 4358 3790 4399 non

479 4425 680 4499 petenti
731 4425 883 4492 dare,
923 4425 1025 4481 nisi
1082 4426 1238 4495 cujus
1274 4427 1475 4497 omnia,
1535 4429 1691 4499 cujus
1736 4444 1857 4483 sum
1903 4428 2061 4485 etiam

2171 4436 2409 4486 sanctus.
2471 4431 2604 4487 Cum
2662 4431 2883 4488 surdum
2950 4431 3279 4489 daemonium
3350 4430 3649 4503 expulisset
3693 4434 3794 4502 (nt

1827 4551 2022 4615 Variae
2079 4557 2392 4618 lectiones.

544 4656 818 4733 29_Su_t'tigi
865 4661 1068 4733 Paris:
1108 4658 1158 4697 ³ο
1184 4658 1251 4712 Ει
1279 4658 1433 4716 abest
1486 4657 1668 4715 Paris.
1699 4656 1747 4696 31
1784 4655 2197 4732 Praesumpserit
2225 4660 2343 4719 cod.
2386 4660 2585 4716 Wouw.
2629 4660 2678 4699 ³2
2712 4660 3179 4732 Expostulandum
3234 4663 3405 4720 Seml.
3437 4661 3487 4702 33
3532 4660 3796 4733 Fugstus

474 4730 655 4786 Paris.
694 4729 740 4769 3"
761 4729 990 4787 Cluserit
1029 4731 1213 4787 Venet.

1861 4828 2363 4892 Commentarius.

540 4960 655 5028 (13)
689 4958 794 5013 Cui
820 4959 1007 5013 dicam
1034 4955 1442 5028 Pater.7Recte
1483 4957 1587 5012 hoc
1626 4972 1790 5013 unum
1834 4960 2059 5026 Auctor,

469 5026 595 5099 quia
637 5026 739 5101 etsi
793 5029 980 5085 Graece
1036 5026 1196 5101 hodie
1244 5027 1475 5101 legatur,
1526 5028 1696 5100 Πατὴρ
1739 5028 1880 5101 ἡμῶν
1927 5030 1955 5082 ὁ
2010 5028 2059 5101 ἐν

465 5102 569 5171 τρῖς
606 5100 854 5171 οὐρανρῖς,
907 5108 961 5155 ει
1009 5098 1255 5155 similiter
1301 5098 1533 5171 Syrisce,
1584 5098 1781 5156 tamen
1818 5100 1872 5155 in
1915 5100 2057 5157 Lati-

466 5169 549 5224 nis
578 5170 858 5244 codicibus
900 5186 1009 5227 non
1042 5170 1254 5244 legitur
1298 5169 1552 5244 amplius,
1598 5173 1758 5229 Luca:
1789 5172 1855 5236 II,
1893 5186 2055 5242 quam

466 5244 667 5317 fater;
714 5241 963 5317 suSpicor
1000 5241 1137 5298 illud
1180 5258 1357 5317 graece
1389 5241 1674 5317 adjectum
1690 5258 1769 5317 ex
1809 5241 2055 5317 Evange-

466 5313 540 5368 lio
598 5313 826 5367 Matthazi
881 5328 964 5387 _vr,
1031 5312 1328 5369 secundum
1370 5328 1545 5387 quem
1583 5312 1817 5387 _legitur_
1834 5313 1930 5367 lib.
1968 5312 2056 5370 'de

461 5387 607 5443 orat.
640 5402 759 5455 cap.
785 5387 837 5450 2,
871 5385 1043 5441 Pater
1061 5389 1254 5441 noster
1281 5386 1375 5455 qui
1405 5386 1468 5438 in
1496 5383 1758 5455 ccelis'es.
1785 5383 1927 5440 Pax.

530 5457 641 5525 (14)
676 5452 1399 5528 spiritumsanctum._‘l_’ro
1430 5470 1493 5511 eo
1518 5471 1531 5507 :
1559 5452 1921 5528 sanctificatur
1950 5471 2058 5513 ηο-

458 5545 587 5585 men
621 5525 807 5592 tuum,
837 5527 981 5583 istud
1011 5526 1241 5598 Gregor.
1272 5525 1551 5596 Nyssenus
1578 5525 1757 5598 habet.
1789 5526 1959 5583 Sena.

530 5600 646 5669 (15)
682 5601 813 5668 Quis
835 5599 990 5656 dabit
1016 5596 1161 5654 mihi
1184 5612 1391 5670 panem
1420 5596 1837 5668 quotidianum.
1862 5598 2053 5656 Prohi-

2168 4960 2261 5015 bet
2282 4957 2529 5014 nimirum
2561 4958 2823 5027 Christus,
2857 4977 2926 5017 ne
2957 4962 3025 5018 de
3064 4964 3296 5019 crastino
3326 4962 3546 5021 solliciti
3575 4963 3793 5029 simus,

2166 5031 2274 5107 vita
2300 5031 2503 5103 quippe
2530 5039 2713 5107 nostra
2742 5031 3006 5107 instabilis
3027 5042 3129 5090 est.
3160 5035 3239 5091 Ita
3258 5035 3487 5107 explicat
3515 5049 3678 5091 conc.
3714 5051 3798 5091 sv

2165 5103 2334 5177 Tolet.
2358 5118 2481 5175 cap.
2515 5103 2641 5159 9.15
2668 5110 2846 5177 autem
2877 5106 3029 5171 panis
3057 5112 3142 5160 est
3162 5103 3425 5175 Christus,
3458 5114 3516 5163 ut
3542 5108 3805 5177 ipsemet

2166 5173 2260 5253 ait.
2291 5173 2626 5253 Cum—autem
2654 5176 2787 5232 dixit
2810 5193 3019 5253 panem
3048 5173 3465 5253 quotidianum,
3492 5173 3805 5253 signiﬁca-

2164 5246 2239 5299 vit
2267 5246 2655 5323 necessitatem
2687 5246 3083 5323 quamhabent
3112 5249 3515 5323 homines‘ejus
3546 5246 3805 5323 auxilii,

2162 5324 2343 5391 atque
2371 5317 2531 5373 etiam
2578 5317 2888 5391 submonuit
2940 5322 3102 5376 vitam
3143 5336 3266 5377 esse
3332 5317 3575 5386 diai'iam,
3632 5317 3801 5391 ζωὴῦ

2162 5388 2283 5439 εῖναι
2321 5388 2577 5459 ἐφήμερον.
2611 5390 2686 5444 LE
2718 5391 2815 5445 PR.

2232 5460 2348 5531 (16)
2374 5462 2502 5528 Quis
2530 5477 2645 5517 non
2672 5463 2824 5519 sinet
2852 5478 2952 5518 nos
2982 5464 3044 5518 in
3077 5466 3455 5523 tentationem
3507 5462 3727 5523 deduci
3766 5466 3807 5521 ?

2162 5530 2362 5585 Sensus
2401 5540 2503 5601 est,
2530 5531 2702 5587 Deum
2750 5547 2848 5588 nos
2886 5546 3043 5591 orare
3096 5548 3163 5592 ne
3193 5548 3292 5593 nos
3330 5534 3606 5591 tentationi
3638 5552 3807 5596 suc-

2159 5603 2413 5660 cumbere
2448 5602 2740 5676 permittat.
2768 5604 2845 5660 LE
2876 5603 2974 5661 Pa.
