3980 6144
250 322 346 379 457

1411 322 1534 381 LIB.
1576 322 1640 381 1v
1707 325 1862 386 ADV.
1901 301 2305 397 MARCIONEM.

3425 367 3529 428 458

251 459 297 546 et
323 446 376 501 in
421 445 753 551 istahsp‘eci‘e
789 443 1090 551 ‘curationis
1109 444 1289 546 "Isaiae
1317 443 1591 551 jxxrx,.3)
1645 463 1833 505 occur-
1862 468 1907 545 Α
1941 458 2130 513 matris
2155 476 2267 515 suae
2293 463 2569 520 transtulit
2599 468 2650 521 in
2679 468 3002 548 discipulos;
3024 495 3054 533 a
3076 497 3181 551 qua
3209 500 3317 542 non
3349 497 3526 548 trars-

251 535 396 590 rissct
435 534 490 588 in
521 533 836 589 Beelzebule
863 533 1037 590 dictus
1069 534 1270 603 ejicere
1299 535 1568 592 daemonia
1597 554 1612 590 :
1655 539 1716 593 Si
1733 555 1827 610 ego

249 623 432 694 inquit,
461 625 524 676 in
555 623 872 691 Beelzebuie
892 625 1054 694 ejicio
1073 623 1372 690 das-monia,
1413 627 1525 694 ﬁlii
1557 630 1732 682 vestri
1765 629 1830 682 in

251 730 347 785 quo
386 715 666 784 ejiciunt?
693 713 802 766 Hac
848 713 980 782 quid
1019 713 1194 785 magis
1237 715 1533 784 portendit,
1565 733 1726 786 quam
1772 717 1827 772 in

249 814 306 853 eo
332 799 528 868 ejicere
556 813 635 864 se,
666 799 722 852 in
761 815 872 868 quo
909 795 1070 853 427
1101 805 1154 852 et
1193 797 1292 852 ﬁlii
1320 814 1525 855 eorum.
1551 804 1606 856 In
1635 803 1830 860 virtute

253 889 448 944 scilicet
489 887 780 943 Creatoris.
821 888 960 941 Nam
1009 887 1056 940 si
1101 894 1260 958 putas
1305 887 1382 943 sic
1429 890 1826 962 accipiendum,

253 981 306 1036 Si
331 995 425 1049 ego
463 979 528 1033 in
573 976 886 1034 Beelzebule
935 978 1098 1048 ejicio
1147 977 1430 1034 damon-ia
1472 979 1522 1017 ³⁵
1551 983 1688 1053 (l7),
1719 984 1830 1052 ﬁlii

247 1069 416 1124 vestri
451 1069 512 1121 in
553 1067 708 1138 quo?
739 1066 892 1136 quasi
934 1064 1060 1120 illos
1096 1065 1372 1137 sugillaret
1409 1066 1466 1123 in
1511 1069 1830 1126 Beelzebule

247 1155 542 1226 ejicientes,
571 1154 784 1209 resistet
823 1152 918 1207 tibi
956 1155 1106 1222 prior
1135 1169 1344 1224 sensus,
1385 1171 1494 1212 non
1544 1173 1704 1228 posse
1735 1159 1831 1214 Sa-

247 1255 414 1300 tanam
466 1241 636 1298 dividi
667 1241 930 1298 adversus
977 1242 1350 1312 semetipsum.
1399 1245 1552 1300 Adeo
1599 1262 1700 1302 nec
1745 1247 1823 1302 illi

243 1336 290 1389 in
325 1331 639 1388 Beelzebule
684 1330 1002 1401 ejiciebant;
1035 1331 1127 1386 sed
1158 1339 1214 1384 ut
1245 1330 1491 1400 diximus,
1547 1335 1604 1388 in
1652 1335 1828 1391 virtu-

245 1433 288 1478 te
315 1421 582 1476 Creatoris
615 1436 628 1472 :
660 1433 820 1489 quam
853 1427 910 1473 ut
965 1417 1192 1488 intelligi
1217 1419 1441 1486 faceret,
1493 1423 1774 1496 subiungit
1809 1443 1820 1478 :

243 1511 384 1579 Quod
410 1511 462 1564 si
498 1525 592 1579 ego
619 1510 682 1562 in
708 1507 882 1577 digito
911 1509 1011 1563 Dei
1041 1508 1262 1579 expello
1291 1509 1591 1578 dcemonia,
1628 1529 1826 1585 ergone

241 1597 712 1670 appropinquavit
737 1597 802 1650 in
841 1611 930 1650 vos
969 1611 1202 1666 regnum
1231 1599 1330 1653 Dei
1353 1602 1374 1652 .9
1394 1599 1552 1669 Apud
1581 1601 1819 1656 Pharao-

238 1707 358 1746 nem
407 1689 550 1744 enim
597 1685 824 1742 veneﬁci
874 1685 946 1740 illi
997 1685 1222 1742 adhibiti
1273 1688 1530 1744 adversus
1577 1692 1816 1761 Moysen,

1940 547 2164 612 tulisset,
2181 549 2226 602 si
2255 565 2372 604 eam
2413 567 2517 608 non
2550 555 2788 614 haberet.

2499 677 2722 736 CAPUT
2739 682 2964 742 XXVII.

1979 776 2148 873 LAlibi
2197 781 2336 873 malo
2381 797 2616 858 purgare
2657 807 2779 862 quee
2837 797 3240 864 reprehendunt
3293 807 3492 868 Marcio

1937 867 2062 919 nitas
2093 867 2146 920 in
2185 869 2458 927 Creatore.
2495 874 2589 930 llic
2636 878 2778 932 enim
2816 881 3032 950 sufficit,
3074 889 3118 942 si
3149 905 3213 946 ea
3262 893 3318 950 in
3357 867 3518 956 Chri-

1937 959 2022 1052 sto
2053 956 2414 1058 reperiuntur.
2481 961 2646 1018 428
2701 968 2843 1024 Ecce
2917 971 3223 1046 inaequalis,
3294 993 3348 1039 et
3405 986 3523 1058 ipse

1937 1047 2266 1146 inconstans,
2301 1047 2456 1118 levis,
2501 1053 2648 1108 aliud
2685 1056 2906 1125 docens,
2951 1063 3092 1118 aliud
3145 1067 3347 1127 faciens
3399 1047 3523 1146 τ’]ιι-

1937 1129 2028 1186 bet
2077 1134 2466 1230 omnipotenti
2516 1139 2660 1208 dare,
2703 1153 2754 1199 et
2795 1145 2913 1218 ipse
2953 1151 3174 1226 signum
3217 1129 3522 1230 petentibus

1935 1236 2048 1311 non
2105 1223 2214 1278 dat.
2247 1225 2417 1282 Tanto
2475 1245 2590 1286 aevo
2639 1231 2814 1290 lucem
2871 1223 3028 1296 suam
3079 1244 3146 1296 ab
3209 1223 3522 1311 hominibus

1933 1307 2231 1407 abscondit,
2293 1321 2347 1368 et
2400 1325 2562 1388 negat
2628 1319 2899 1379 lucernam
2959 1307 3520 1407 abstruendam;sed

1933 1400 2218 1460 conﬁrmat
2282 1419 2446 1473 super
2513 1407 2900 1465 candelabrum
2970 1400 3393 1488 pt-Oponendani.
3460 1441 3520 1488 ut

1935 1492 2182 1592 omnibus
2229 1491 2422 1592 luceat.
2479 1493 2630 1549 Vetat
2679 1473 3088 1570 remaledicere,‘
3123 1473 3520 1592 multo-magis.

1935 1581 2121 1653 utique
2159 1580 2518 1636 maledicere:
2569 1589 2734 1642 etme
2779 1587 2972 1659 ingerit
3008 1593 3288 1656 Pharisaeis
3331 1613 3384 1660 et
3423 1580 3518 1665 do-

1928 1670 2166 1729 ctoribus
2241 1668 2394 1739 legis.
2472 1669 2606 1738 Quis
2679 1683 2760 1730 est
2817 1686 2923 1734 tam
2981 1682 3170 1742 similis
3245 1691 3342 1747 Dei
3413 1701 3516 1756 mei

241 1781 490 1838 virtutem
519 1775 788 1832 Creatoris
809 1775 1044 1845 digitum
1068 1775 1162 1831 Dei
1191 1776 1596 1847 appellaverunt
1615 1756 1811 1850 (Exod.

1930 1759 2196 1852 Christus,
2244 1756 2348 1852 nisi
2398 1757 2614 1852 ipsius?
2656 1761 2814 1833 Saepe
2845 1764 2957 1836 jam
3005 1769 3219 1834 ﬁximus
3263 1782 3332 1849 1.9,
3365 1789 3516 1844 nullo

251 1883 370 1934 vni,
403 1871 490 1936 19)
512 1885 525 1922 :
547 1867 762 1936 Digitus
793 1865 890 1920 Dei
917 1865 1150 1932 esthoc;
1180 1866 1324 1938 quod
1357 1865 1406 1903 35
1433 1866 1758 1940 signiﬁcaret
1777 1869 1824 1908 37

255 1958 412 2014 etiam
477 1956 774 2024 modicum,
845 1954 1234 2011 validissimum
1309 1963 1512 2013 tamen.
1584 1959 1698 2012 Hoc
1773 1967 1828 2016 et

239 2049 490 2104 Christus
520 2045 827 2110 ostendens,
858 2052 1325 2116 commemorator,
1355 2059 1462 2100 non
1509 2047 1825 2105 obliterator

233 2145 585 2202 vetustatem,
619 2134 823 2189 scilicet
869 2148 1106 2200 suarum,
1138 2132 1388 2189 virtutem
1445 2134 1546 2190 Dei
1596 2136 1824 2208 digitum

229 2227 326 2284 Dei
382 2226 517 2282 dixit
573 2241 678 2280 non
734 2222 953 2278 alterius
1005 2222 1430 2294 intelligendam,
1491 2240 1648 2294 quam
1706 2229 1824 2296 ejus

233 2317 378 2389 apud
432 2331 598 2385 quem
643 2314 750 2368 hoc
795 2322 910 2366 erat
957 2311 1242 2382 appellata.
1290 2313 1431 2384 Ergo
1477 2322 1531 2368 et
1593 2329 1822 2386 regnum

224 2409 402 2481 ipsius
423 2403 973 2476 apprOpinquaverat,
1004 2401 1158 2470 cujus
1197 2409 1248 2456 et
1275 2401 1446 2459 virtus
1476 2402 1679 2474 digitus
1707 2403 1823 2476 (l8)

223 2498 532 2556 vocabatur.
591 2491 781 2548 Merito
847 2491 1010 2564 igitur
1060 2490 1318 2560 applicuit
1372 2493 1438 2546 ad
1507 2493 1816 2561 parabolam

227 2587 388 2642 fortis
439 2584 590 2640 illius
636 2581 844 2650 armati,
878 2595 1038 2652 quem
1083 2579 1292 2636 validor
1343 2579 1480 2634 alius
1527 2583 1816 2651 oppressit,

223 2676 532 2748 principem
605 2669 1018 2736 daemoniorum,
1091 2683 1252 2738 quem
1325 2669 1695 2726 Beelzebulem
1769 2681 1820 2728 et

227 2766 488 2820 Satanam
519 2777 678 2831 supra
701 2760 926 2826 dixerat,
948 2755 1257 2830 significans
1277 2757 1446 2828 digito
1477 2757 1575 2812 Dei
1604 2774 1822 2830 oppres-

221 2871 364 2918 sum,
397 2868 511 2908 non
552 2851 859 2905 Creatorem
906 2848 973 2901 ab
1002 2846 1104 2901 alio
1151 2847 1267 2901 Deo
1314 2846 1616 2902 subactum.
1648 2848 1822 2904 Crete-

223 2961 364 3009 rum,
414 2939 694 3014 quomodo
740 2937 916 2992 adhuc
963 2941 1128 2990 staret
1173 2949 1398 3006 regnum
1447 2936 1566 3004 ejus
1611 2936 1666 2989 in
1707 2937 1820 2990 suis

221 3031 496 3095 terminis,
543 3036 598 3083 et
622 3027 852 3101 legibus,
885 3032 938 3080 et
983 3023 1200 3088 ofﬁciis,
1243 3039 1406 3094 quem
1449 3023 1574 3078 licet
1607 3024 1817 3096 integro
1855 3059 1898 3136 Β

369 3121 412 3136 -κ
604 3116 674 3136 -ε-
720 3113 982 3136 ---.--ι---ι
1037 3113 1200 3136 ,-;.1,.,;
1259 3127 1542 3136 ________-_
1590 3114 1816 3136 -__1:.1:-_

1933 1847 2092 1934 modo
2139 1845 2378 1918 potuisse
2423 1845 2570 1902 illum
2637 1851 3024 1914 destructorem
3075 1861 3210 1934 legis
3248 1845 3490 1930 deuorari

1932 1937 1976 1992 si
2006 1933 2168 1991 alium
2218 1935 2392 1989 Deum
2421 1938 2832 2010 promulgasset.
2884 1943 3012 2002 Ideo
3051 1960 3101 2004 et

1931 2041 2088 2092 saeus,
2122 2021 2216 2094 qui
2263 2023 2410 2077 illum
2461 2035 2675 2082 vocarat
2720 2029 2766 2065 ἰι
2798 2031 2863 2084 ad
2911 2037 3218 2110 prandium,
3273 2058 3519 2108 retracta-

1931 2115 2021 2168 bat
2058 2128 2224 2184 penes
2252 2129 2330 2176 sc,
2357 2128 2453 2202 cur
2473 2129 2578 2169 non
2609 2116 2758 2185 prius
2775 2118 2970 2178 tinctus
3003 2136 3148 2183 esset
3175 2149 3338 2202 quam
3370 2155 3518 2198 recu-

1930 2202 2132 2258 buissct
2181 2201 2476 2258 secundum
2506 2202 2703 2276 legem,
2743 2209 2834 2279 qui
2893 2211 3070 2268 Deum
3102 2201 3238 2292 legis
3285 2225 3520 2284 circum-

1931 2293 2134 2348 ferret?
2162 2292 2321 2348 Jesus
2375 2301 2549 2346 autem
2600 2295 2758 2349 etiam
2787 2297 3174 2371 interpretatus
3215 2321 3296 2367 est
3338 2318 3387 2372 ei
3433 2319 3518 2376 le-

1929 2398 2070 2458 gem,
2095 2381 2296 2446 dicens,
2317 2381 2446 2438 illos
2469 2383 2665 2439 calicis
2703 2391 2758 2442 et
2789 2391 2974 2448 catini
2996 2399 3284 2456 exteriora
3322 2421 3520 2463 emun-

1932 2472 2066 2526 dare
2089 2490 2106 2525 :
2129 2471 2406 2526 interiora
2427 2474 2623 2527 autem
2645 2473 2897 2544 ipsorum
2910 2480 3084 2552 plena
3106 2501 3218 2542 esse
3237 2493 3440 2562 rapina
3466 2501 3521 2552 et

1929 2561 2236 2634 iniquitate
2267 2578 2280 2614 :
2317 2568 2375 2614 ut
2402 2559 2726 2633 significaret
2746 2569 3083 2626 vasculorum
3112 2559 3410 2638 munditias
3427 2584 3500 2640 ho

1926 2650 2132 2704 minum
2168 2665 2290 2704 esse
2320 2651 2696 2722 intelligendas
2723 2656 2866 2724 apud
2894 2659 3068 2714 Deum
3100 2681 3115 2717 :
3147 2667 3269 2736 quia
3311 2679 3362 2726 et
3389 2674 3522 2730 Pha-

1927 2738 2118 2794 riszeus
2142 2740 2210 2794 de
2235 2739 2470 2805 homine,
2503 2756 2610 2796 non
2641 2741 2708 2796 de
2741 2745 2906 2800 calice
2929 2747 3102 2821 illoto,
3133 2757 3274 2824 apud
3294 2775 3354 2814 se
3385 2768 3522 2818 trac-

1929 2835 2150 2886 taverat.
2200 2829 2350 2894 Ideo,
2383 2831 2705 2900 Exteriora,
2737 2832 2932 2906 inquit,
2977 2841 3168 2898 calicis
3209 2846 3432 2918 lanatis,
3463 2853 3520 2909 id

1933 2927 2017 3010 est
2045 2934 2278 3010 carnem,
2315 2920 2592 2977 interiora
2611 2925 2802 2980 autem
2827 2932 3008 2984 vestra
3031 2948 3146 2988 non
3167 2941 3516 3010 emundatis,

1927 3008 1984 3062 id
2038 3017 2120 3064 est
2173 3007 2424 3078 animam,
2482 3010 2741 3080 adjiciens
2789 3019 3031 3077 :Nomze
3086 3027 3185 3096 qui
3229 3007 3518 3090 exteriora

213 3121 424 3177 mundo
471 3119 558 3174 vel
601 3097 984 3187 sic—potuisset
1037 3113 1204 3172 videri
1259 3127 1544 3182 superasse
1590 3114 1816 3170 validior
1847 3097 1898 3192 ὐ
1926 3100 2086 3192 Γαῖα,
2135 3097 2190 3152 id
2247 3109 2328 3152 εει
2373 3114 2608 3192 οξτοθηιτ
2662 3105 2718 3156 εἰ
2777 3106 3051 3164 interiora
3099 3117 3263 3184 fecit,
3323 3119 3372 3174 id
3434 3133 3518 3178 est

211 3211 306 3266 ille
337 3211 488 3264 Deus
528 3204 840 3274 Marcionis,
881 3202 928 3256 si
987 3217 1094 3258 non
1141 3200 1436 3258 secundum
1482 3200 1658 3271 legem
1695 3202 1815 3270 ejus

205 3299 376 3356 etiam
409 3295 734 3352 Marcionita
761 3301 1118 3360 morerentur,
1145 3291 1204 3345 in
1253 3298 1449 3345 terram
1493 3288 1802 3359 deﬂuendo,

207 3405 360 3459 saepe
393 3397 446 3443 et
475 3405 508 3442 a
537 3385 752 3456 scorpio
790 3383 932 3439 docti
959 3398 1068 3437 non
1098 3396 1218 3437 esse
1237 3387 1556 3452 superatum
1587 3381 1805 3438 Creato-

203 3495 340 3534 rem.
375 3476 738 3532 Exclamabat
767 3475 816 3512 39
842 3474 1053 3528 mulier
1080 3473 1144 3528 de
1184 3471 1350 3526 turba
1369 3512 1388 3537 ,
1418 3473 1654 3526 Beatum
1683 3476 1805 3528 ute-

203 3585 336 3623 rum
370 3569 474 3638 qui
501 3567 670 3621 illum
695 3565 1002 3635 portasset,
1044 3565 1098 3617 et
1125 3560 1300 3618 ubera
1327 3577 1451 3632 qua:
1479 3559 1644 3615 illum
1673 3560 1805 3617 edu-

205 3660 454 3712 cassent.
480 3655 543 3708 Et
563 3653 834 3708 Dominus
863 3671 877 3707 :
907 3652 1044 3716 I-mo,
1071 3649 1219 3706 beati
1248 3651 1343 3720 qui
1367 3664 1682 3706 sermonem
1706 3650 1804 3706 Dei

205 3748 483 3810 audiunt,
517 3748 572 3798 et
600 3744 832 3813 faciunt
859 3741 1000 3810 Quia
1030 3747 1083 3794 et
1111 3747 1256 3794 retro
1286 3739 1364 3794 sic
1393 3739 1652 3808 rejecerat
1679 3754 1800 3793 ma-

211 3847 346 3887 trem
387 3840 480 3887 aut
511 3831 724 3900 fratres,
765 3830 896 3884 dum
924 3825 1194 3882 auditores
1224 3833 1278 3881 et
1307 3826 1658 3882 obsecutores
1701 3825 1802 3882 Dei

209 3921 448 3994 prmfert.
483 3921 624 3976 Nam
655 3935 756 3975 nec
775 3919 863 3973 hic
889 3925 1062 3973 mater
1088 3915 1370 3972 assistebat
1397 3915 1493 3972 illi.
1524 3914 1676 3970 Adeo
1704 3929 1802 3972 nec

207 4021 358 4068 retro
387 4018 701 4083 negaverat,
732 4018 792 4064 ut
814 4024 884 4065 ne
915 4009 966 4047 35
993 4019 1104 4065 tum
1140 4022 1265 4064 cum
1294 4005 1349 4060 id
1387 4020 1574 4062 rursus
1611 4002 1794 4088 audit;

209 4117 400 4159 rursus
451 4100 684 4172 proinde
737 4098 1048 4156 felicitatem
1099 4099 1166 4154 ab
1221 4105 1374 4152 utero
1428 4103 1484 4152 et
1539 4093 1800 4150 uberibus

1925 3188 2204 3243 animam?
2235 3202 2344 3258 quo
2384 3187 2527 3243 dicto
2557 3199 2742 3260 aperte
2789 3191 3196 3274 demonstravit,
3247 3209 3313 3260 ad
3363 3225 3514 3264 eum-

1916 3285 2041 3337 dem
2093 3278 2268 3332 Deum
2312 3277 2588 3348 pertinere
2633 3283 2924 3339 munditias
2971 3287 3204 3346 hominis
3273 3299 3510 3356 exterio-

1913 3371 1988 3426 ris
2043 3377 2095 3424 et
2151 3367 2442 3432 interioris,
2501 3369 2655 3438 cujus
2711 3378 2940 3442 uterque
3004 3377 3094 3444 sit,
3137 3387 3504 3453 praeponentis

1915 3454 2341 3514 misericordiam
2402 3471 2510 3510 non
2585 3460 2748 3514 modo
2803 3465 3017 3520 lavacro
3073 3466 3337 3541 hominis,
3412 3480 3508 3534 sed

1914 3547 2076 3602 etiam
2125 3543 2387 3599 sacriﬁcio
2447 3545 2606 3613 (Osee
2666 3562 2770 3614 vn,
2829 3549 2904 3621 6).
2956 3552 3249 3629 Subjungit
3293 3562 3436 3619 enim
3488 3583 3502 3622 :

1913 3639 2051 3693 Date
2094 3647 2220 3705 quas
2276 3631 2490 3689 habetis
2538 3635 2950 3712 eleemosgnam
3012 3643 3146 3716 (i9),
3209 3653 3265 3704 et
3311 3658 3506 3712 omnia

1911 3722 2125 3780 munda
2153 3725 2324 3778 erunt
2367 3721 2534 3778 vobis.
2581 3721 2737 3790 Quod
2785 3729 2830 3782 si
2861 3736 2917 3784 et
2952 3730 3090 3787 alius
3133 3743 3312 3806 potest
3359 3742 3505 3798 Deus

1911 3810 2339 3868 misericordiam
2403 3811 2720 3880 mandasse,
2783 3831 2893 3871 non
2957 3826 3140 3877 tamen
3213 3834 3500 3900 antequam

1909 3901 2180 3973 cognitus.
2223 3901 2390 3956 Porro
2431 3911 2483 3956 et
2519 3903 2606 3957 hic
2651 3913 2894 3976 apparet,
2935 3907 3056 3963 illos
3111 3929 3220 3968 non
3268 3917 3335 3972 de
3383 3921 3498 3976 Deo

1908 3990 2222 4061 increpitos,
2265 3987 2361 4044 sed
2425 3989 2492 4044 de
2547 3991 2668 4061 ejus
2708 3993 3007 4066 disciplina,
3039 4014 3070 4054 a
3113 4019 3220 4076 quo
3279 4005 3389 4061 illis
3443 4021 3498 4068 et

1908 4085 2139 4157 ﬁgurate
2178 4077 2518 4136 vasculorum
2577 4081 2877 4153 munditiae,
2941 4094 2993 4142 et
3053 4093 3334 4153 manifeste
3385 4103 3490 4158 mi-

1563 4243 1755 4308 Varite
1809 4240 2120 4304 lectiones.

263 4341 324 4401 ’³⁵
349 4363 524 4434 Ejicio
553 4361 820 4418 daemonia
847 4356 1315 4434 omittLOberth:
1343 4352 1543 4434 “Quo
1569 4351 1758 4434 Latin.
1789 4345 1811 4434 ,ε

1920 4338 2274 4416 Significarent
2316 4335 2498 4393 Paris.
2531 4337 2703 4394 Fran.
2737 4337 2786 4378 ³⁸
2811 4342 3086 4404 Exclamat
3113 4349 3272 4409 Pam.
3308 4353 3357 4396 39
3383 4356 3494 4418 Nec

205 4435 342 4494 Jun.
383 4422 735 4490 ior‘inxtmus
763 4436 922 4489 Pam.
945 4433 992 4470 ω
1023 4432 1251 4488 Vocaret
1277 4425 1596 4496 Parithig.
1639 4422 1820 4479 Venet.

1600 4545 2102 4614 Commentarius.

269 4668 388 4738 (17)
419 4669 673 4744 53.990131
693 4665 984 4744 Beeleebut
1002 4667 1161 4744 εἱίοίο
1183 4657 1615 4744 ἀωτίἒοηξέιοβίὲί
1652 4655 1792 4744 ³1)Ψά
1835 4667 1880 4744 D
1910 4642 3030 4744 ῗῖἷίὶιθὶἷῗθξίῗ.ηίῖἐλίέ.η¹ξίέῗθέξδί..ῗῖ-.δδ’ἷιέδ
3071 4651 3342 4744 ῑηξςτιξτοε
3362 4677 3386 4740 .²
3433 4663 3492 4744 ίίέ

199 4727 424 4795 sanctos
453 4727 696 4795 marcum
727 4747 782 4794 et
811 4727 1256 4811 Lucam'legalur
1293 4730 1604 4811 Beelbebul,
1646 4727 1794 4785 vecis

197 4835 386 4899 tamen
423 4835 644 4899 etymon
680 4825 962 4880 Beelzebul
990 4796 1534 4899 postulatgu-ﬁyg‘
1563 4818 1790 4899 Eget-ze—

195 4895 328 4969 bub)
359 4899 412 4953 id
440 4891 522 4954 est
549 4899 800 4969 princeps
847 4891 1175 4969 muscarum.
1222 4895 1280 4969 Si
1309 4893 1452 4969 enim
1487 4891 1779 4969 _Beelzebut

188 4961 364 5041 legis,
421 4978 514 5024 aut
551 4961 768 5025 'nomen
811 4969 916 5023 erit
948 4967 1160 5041 .nullius
1214 4961 1648 5037 significationis,
1695 4971 1788 5017 aut

187 5030 436 5112 melioris
456 5073 617 5128 quam
637 5073 736 5128 par
762 5065 922 5112 esset.
946 5030 1073 5114 51:11
1097 5030 1480 5128 (Z_ebui)_enir_n
1499 5049 1787 5106 habitatio-

185 5142 320 5182 nem
354 5125 654 5202 signiticet;
673 5137 726 5184 et
745 5128 1037 5202 aliquando
1065 5125 1281 5202 coelum.
1315 5125 1390 5177 LE
1411 5125 1539 5202 “Dan

259 5201 382 5270 (18)
404 5193 586 5270 ῙΣιιῙιιις
617 5193 670 5257 et
698 5193 882 5272 uirtus
898 5199 1128 5270 digitus.
1151 5197 1382 5268 Elegans
1409 5193 1499 5272 illa
1526 5193 1788 5272 interpre-

185 5265 371 5345 tatio!
389 5265 546 5345 digiti
610 5271 728 5338 Dei,
782 5265 1090 5345 devii-tute
1147 5276 1199 5324 et
1252 5265 1488 5345 potentia
1539 5265 1662 5344 Dei,
1721 5265 1788 5316 ab

181 5335 480 5416 omnibus"
499 5335 811 5416 usurpatur.
864 5341 1005 5416 Magi
1061 5335 1606 5416 autem;Phar_a_on_is,
1664 5349 1790 5389 cum

177 5413 388 5488 cinifes
435 5407 751 5488 producere,
781 5407 1085 5488 nequiFent,
1149 5412 1212 5488 in
1257 5411 1357 5465 Dei
1413 5407 1788 5488 digitumuseu

175 5481 472 5554 virtutem,
524 5501 644 5557 quae
693 5485 794 5542 sibi
851 5481 966 5542 erat
1011 5481 1421 5557 impedimento,
1471 5481 1526 5532 id
1573 5481 1788 5548 rejicie-

175 5557 342 5616 bant.
377 5557 457 5612 Le
489 5558 583 5612 Pa.

253 5631 384 5714 (19)
415 5631 558 5686 Date
586 5645 716 5704 quae
743 5629 979 5702 habetis,
1003 5629 1430 5708 eteemosynam,
1462 5635 1568 5688 etc.
1617 5627 1793 5687 Vertit

418 5739 660 5800 Ρλτιιοι..
701 5741 767 5802 Il.

1904 4719 2054 4845 quod
2082 4721 2184 4786 est,
2217 4715 2358 4786 quod
2388 4715 2577 4771 Graece
2605 4715 2667 4769 τὰ
2707 4715 2916 4786 ἐνόντα(
2942 4737 3004 4776 ac
3046 4725 3091 4778 si
3123 4715 3281 4794 dicat,
3331 4715 3490 4788 sicuti

1949 4789 2358 4845 heonhvlactus.
2389 4803 2504 4842 non
2535 4803 2660 4845 qua:
2691 4789 2979 4845 rapuistis.
3014 4796 3109 4845 sed
3141 4814 3267 4845 num
3302 4809 3490 4845 meum.

1949 4789 2358 4870 heophylactps,
2389 4803 2504 4842 non
2535 4789 2979 4870 qurerapuistis.
3014 4796 3109 4850 sed
3141 4789 3278 4870 quae
3302 4809 3492 4860 vestra

1903 4857 2362 4941 suntfquojadeo
2392 4857 2630 4941 respexit
2661 4857 2918 4941 Vulgatus
2948 4857 3241 4941 interpres,
3268 4857 3492 4932 transfe;

1898 4948 2050 5018 τῷδ’
2082 4928 2229 5018 ᾀέθᾴ
2249 4933 2528 5001 superest’
2563 4945 2752 5018 “.thG
2766 4928 3193 5018 ἠιέἷεὲἔδρίῐῖᾶῐη
3221 4928 3272 4997 et
3299 4928 3492 5018 iniqui-

1899 5000 2946 5093 ιδῐθΠιᾹΖῼ-ιρ-εεέφὲῖ,θξρὶὶοίιῑεκιρίὴίι
2993 5000 3131 5093 opus
3179 5025 3262 5093 est
3309 5000 3490 5093 legere

1895 5093 2016 5134 cum
2029 5075 2272 5160 _Eras_mo
2291 5083 2356 5160 ‘e‘t
2383 5072 2662 5160 (lajeta'no,
2682 5073 2844 5160 friatis
2883 5093 2984 5147 pro
3013 5072 3492 5160 date.B.Cyparia;

1895 5164 1998 5222 nus
2027 5143 2257 5209 interim,
2291 5143 2382 5222 lib.
2411 5143 2626 5222 m_adv_.
2675 5143 2976 5222 Quirinum
3004 5167 3120 5222 cap.
3156 5159 3208 5222 1,
3241 5143 3490 5216 neua-tif};

1895 5220 2044 5298 legit,
2093 5231 2268 5298 neque
2299 5215 2454 5298 etiam
2579 5218 2904 5298 Ambrosius
2940 5223 2993 5298 in
3037 5215 3496 5298 Comment,;5uj

1895 5286 1976 5347 ΒΓ
1993 5287 2326 5362 Augustinus
2357 5286 2647 5362 Enchirid.
2685 5293 2923 5362 cap.h75.
2957 5295 3086 5350 Cum
3131 5307 3304 5356 autem
3332 5286 3492 5358 etiam

1897 5358 2151 5440 eumdem
2178 5371 2418 5440 sensum
2435 5358 2674 5440 recipiat,
2691 5358 2763 5440 ut
2783 5361 3034 5432 diximus,
3054 5369 3272 5440 vulgata
3296 5373 3469 5428 versio

1897 5417 2250 5516 repetendum
2281 5439 2362 5484 est
2406 5429 2512 5495 hic,
2548 5417 2703 5514 'quod
2735 5447 2862 5514 .non
2901 5417 3491 5516 sernel'diiiﬁrn—usT-ni:

1897 5503 2002 5584 mis
2057 5504 2283 5584 liberam
2336 5516 2453 5556 esse
2503 5503 3148 5584 castigationem_lsidori
3185 5503 3382 5584 ‘Clarii,
3425 5514 3491 5570 de

1898 5578 1974 5648 iis
1994 5591 2125 5648 quae
2151 5575 2298 5631 vobis
2332 5575 2670 5648 suppetunt,
2698 5589 2759 5634 ac
2797 5575 2844 5632 si
2883 5577 3046 5634 altera
3075 5577 3234 5638 lectio
3268 5575 3492 5644 minime

1899 5645 2122 5706 tolerari
2152 5651 2357 5720 posset.
2389 5645 2526 5700 Pan.

3218 5773 3284 5836 l5
