4018 6192
480 408 585 467 459

1168 391 1610 454 TERTULLIANI
1646 389 1914 453 OPERUM
1952 388 2118 451 PARS
2186 389 2255 448 ΙΙ.
2293 420 2366 432 -
2400 388 2627 452 SERIES
2665 391 2708 460 l,
2749 386 3097 450 POLEMICA.
3165 374 3171 381 ’

3661 388 3772 448 460

479 526 884 586 sericordiarum
913 537 1079 594 Opera
1127 518 1553 589 imperabantur.
1600 514 1691 572 Sic
1727 524 1779 573 et
1825 516 2069 572 oluscnla
2101 533 2146 611 Α
2179 515 2398 587 pietatis
2446 518 2781 573 testabantur
2830 530 2890 571 se
2948 529 3056 571 non
3085 510 3393 570 consentire
3453 507 3606 611 factis
3663 523 3773 606 pa-

475 618 821 680 decimantes,
867 609 1199 668 vocationem
1250 605 1364 676 (20)
1403 614 1580 661 autem
1628 611 1683 659 et
1728 604 2069 661 dilectionem

479 706 579 760 Dei
607 706 996 776 praetereuntes
1022 695 1293 768 objurgat.
1326 689 1495 764 Cujus
1523 692 1626 746 Dei
1653 691 1982 749 vocationem
2016 700 2072 746 et

478 794 844 854 dilectionem,
867 788 971 843 nisi
990 786 1147 855 cujus
1177 791 1232 839 et
1262 789 1428 837 rutam
1457 790 1510 836 et
1539 788 1790 848 mentam,
1813 796 1877 836 ex
1896 779 2069 836 forma

478 881 637 956 Legis
666 881 733 935 de
761 876 1003 942 decimis,
1028 870 1377 930 offerebant?
1408 869 1595 924 Totum
1609 868 1753 924 enim
1785 869 2072 939 exprobra-

477 970 642 1029 tionis
669 969 774 1022 hoc
805 973 937 1036 erat,
953 963 1098 1035 quod
1127 959 1339 1016 modica
1361 958 1649 1026 curabant;
1675 958 1724 1014 ei
1745 957 1952 1030 utique,
1974 960 2066 1015 cui

480 1060 688 1129 majora
715 1071 824 1112 non
854 1051 1201 1116 exhibebant,
1234 1048 1434 1103 dicenti
1468 1047 1648 1118 (Deut.
1680 1063 1759 1112 Vt,
1803 1046 1858 1118 5)
1887 1063 1900 1100 :
1926 1047 2069 1103 Dili-

474 1164 564 1221 ges
594 1148 899 1204 Dominum
918 1145 1094 1199 Deum
1124 1144 1285 1196 tuum
1304 1152 1376 1193 ex
1394 1140 1506 1192 toto
1528 1136 1688 1192 corde
1709 1141 1802 1193 tuo
1830 1135 1898 1201 4³,
1914 1139 1971 1192 et
1993 1151 2067 1191 ex

479 1233 650 1293 429
681 1239 797 1293 tota
825 1233 1022 1287 anima
1053 1234 1172 1293 tua,
1207 1231 1263 1283 et
1282 1242 1354 1282 ea:
1385 1225 1522 1280 totis
1550 1223 1763 1279 viribus
1797 1224 1934 1289 tuis,
1966 1225 2069 1295 qui

480 1333 534 1385 te
558 1326 779 1385 vocavit
810 1337 884 1378 ex
912 1321 1163 1392 Eygpto.
1198 1315 1485 1380 Caeterum,
1517 1329 1617 1369 nec
1654 1320 1866 1386 tempus
1894 1313 2067 1366 admi-

449 1418 654 1481 'sisset,
688 1421 747 1470 ut
776 1409 1020 1468 Christus
1049 1414 1157 1461 tam
1200 1418 1565 1477 praecoquam,
1617 1402 1725 1458 imo
1774 1410 1882 1456 tam
1924 1416 2066 1457 acer-

476 1506 598 1559 bam
652 1501 828 1557 adhuc
885 1495 1224 1553 dilectionem
1282 1492 1648 1562 expostularet
1694 1505 1835 1545 novo
1880 1496 1934 1545 et
1985 1505 2066 1545 re-

473 1592 615 1648 centi
660 1591 796 1654 Deo,
848 1604 917 1642 ne
956 1584 1178 1639 dixerim
1225 1581 1464 1636 nondum
1506 1580 1671 1649 palam
1720 1577 1878 1633 facto.
1936 1578 2064 1632 Pri-

470 1684 695 1737 matum
716 1690 932 1749 quoque
951 1674 1245 1744 captantes
1269 1670 1536 1735 locorum,
1552 1670 1603 1721 et
1625 1665 1889 1723 honorem
1906 1665 2062 1720 salu-

473 1769 778 1830 talionum,
836 1776 961 1817 cum
1001 1761 1225 1821 incusat,
1271 1764 1470 1810 sectam
1522 1752 1790 1808 Creatoris
1836 1752 2063 1808 admini-

2178 610 2357 671 trum;
2393 605 2439 658 si
2470 620 2577 660 non
2617 613 2731 661 erat
2761 605 2980 668 zelotes,
3011 602 3228 675 qualem
3267 606 3501 669 arguunt
3533 595 3770 653 Marcio-

2175 695 2321 758 nitas,
2353 693 2551 749 delicta
2604 700 2817 764 patrum
2863 692 2929 745 de
2965 689 3093 744 ﬁliis
3141 687 3456 761 exigentem
3495 700 3668 755 usque
3712 685 3768 739 in

2171 788 2416 855 quartam
2444 782 2822 839 nativitatem?
2867 779 3039 850 Quam
3068 792 3199 836 vero
3249 776 3454 832 clavem
3499 774 3770 830 habebant

2172 870 2309 942 legis
2337 872 2604 941 doctores,
2639 871 2742 926 nisi
2774 867 3274 940 interpretationem
3305 864 3488 938 legis]?
3515 863 3580 918 ad
3612 865 3768 935 cujus

2172 959 2499 1016 intellectum
2523 977 2691 1032 neque
2712 959 2816 1031 ipsi
2833 956 3196 1027 adibantJnon
3218 954 3507 1010 credentes
3527 953 3762 1010 scilicet:

2173 1050 2298 1105 Nisi
2324 1051 2478 1107 enim
2511 1050 2888 1114 credideritis,
2906 1064 3019 1104 non
3046 1046 3412 1116 intelligetis;
3436 1058 3612 1116 neque
3630 1043 3766 1099 alios

2173 1137 2542 1203 admittebant,
2576 1138 2759 1210 utique
2804 1136 3062 1193 docentes
3089 1134 3138 1173 ἰθ
3185 1140 3451 1205 praecepta
3481 1133 3661 1202 potius
3708 1142 3762 1190 et

2174 1227 2444 1283 doctrinas
2470 1227 2771 1283 hominum.
2801 1226 2901 1296 Qui
2932 1240 3065 1297 ergo
3085 1239 3189 1280 nec
3215 1225 3368 1295 ipsos
3397 1222 3758 1288 introeuntes,

2171 1330 2273 1371 nec
2317 1315 2434 1370 aliis
2477 1314 2683 1370 aditum
2730 1320 3069 1385 praestantes,
3110 1311 3438 1381 increpabat,
3488 1311 3765 1368 obtrecta-

2176 1409 2258 1461 tor
2295 1403 2577 1459 habendus
2621 1409 2706 1459 est
2748 1401 2905 1473 legis,
2949 1416 3015 1454 an
3046 1399 3272 1455 fautor?
3319 1397 3373 1454 Si
3411 1398 3760 1464 obtrectator,

2168 1493 2391 1563 placere
2441 1493 2705 1548 debebant
2748 1500 2803 1547 et
2848 1487 3020 1546 430
3065 1487 3421 1560 praeclusores
3467 1487 3609 1560 legis
3658 1506 3672 1543 :
3716 1488 3763 1543 si

2169 1578 2370 1646 fautor,
2415 1580 2524 1648 jam
2574 1594 2684 1636 non
2714 1588 2768 1635 et
2816 1577 3045 1634 aemulus
3069 1577 3229 1649 legis.
3262 1577 3370 1632 Sed
3418 1577 3535 1633 haec
3581 1578 3763 1633 omnia

2172 1668 2239 1722 ad
2296 1667 2677 1725 infuscandum
2732 1667 3040 1723 Creatorem
3092 1665 3378 1736 ingerebat
3429 1672 3487 1720 ut
3532 1680 3757 1733 savum,

2170 1772 2299 1831 erga
2354 1772 2510 1828 quem
2557 1757 2934 1828 delinquentes
2979 1766 3075 1810 υω
3118 1753 3353 1809 habituri
3420 1762 3625 1811 essent.
3693 1755 3762 1811 Et

470 1865 622 1922 strat,
680 1818 951 1922 ejusmodi
1022 1844 1292 1917 principes
1353 1842 1713 1899 Sodomorum
1776 1842 2063 1898 archontas
2094 1818 2138 1896 Β
2168 1818 2290 1918 quis
2327 1818 2531 1904 saevum
2558 1861 2665 1902 non
2695 1818 2876 1916 potius
2913 1843 3123 1900 timeret
3148 1858 3464 1915 provocare,
3494 1843 3758 1901 deiicien-

468 1941 789 2016 appellantis
822 1939 953 2007 (Isa.
990 1949 1031 2005 ι,
1061 1935 1177 2004 23),
1211 1931 1548 2011 prohibentis
1581 1930 1747 1986 etiam
1786 1929 2058 1987 conﬁdere

466 2034 522 2089 in
552 2027 887 2105 prmpositos,
936 2026 1046 2081 imo
1073 2030 1128 2079 et
1174 2023 1228 2078 in
1264 2029 1433 2078 totum
1482 2019 1839 2076 miserrimum
1869 2020 2054 2077 homi-

465 2137 609 2189 nem,
652 2113 1066 2190 pronuntiantis,
1098 2130 1129 2163 α
1156 2109 1254 2180 Qui
1284 2125 1434 2182 spem
1464 2109 1626 2166 habet
1654 2108 1709 2163 in
1763 2110 1981 2168 homine
2023 2129 2053 2163 ››

466 2211 646 2283 (Psal,
678 2219 865 2273 cxvn,
899 2207 949 2269 8,
980 2203 1064 2274 9).
1095 2198 1261 2268 Quod
1287 2200 1335 2255 si
1364 2209 1651 2271 pr0pterea
1669 2198 1797 2271 quis
1841 2197 2060 2256 affectat

466 2297 848 2370 principatum,
894 2298 955 2346 ut
982 2290 1048 2346 de
1085 2287 1279 2345 ofﬁciis
1310 2286 1545 2343 aliorum
1597 2287 1880 2358 glorietur,
1928 2288 2054 2361 quia

464 2386 643 2443 ofﬁcia
696 2380 870 2441 vetuit
906 2377 1177 2452 ejusmodi
1221 2375 1473 2449 sperandi
1528 2383 1581 2432 et
1624 2374 1931 2431 conﬁdendi
1994 2377 2050 2435 in

460 2476 733 2533 hominem
781 2471 1001 2542 (Jerem.
1049 2482 1192 2536 xvn,
1226 2468 1307 2536 6),
1339 2465 1484 2521 idem
1530 2472 1584 2521 et
1618 2465 1668 2503 4³
1713 2464 2051 2525 affectatores

459 2562 855 2636 principatuum
879 2555 1168 2626 increpuit.
1200 2553 1474 2611 Invehitur
1490 2552 1611 2608 etin
1632 2553 1881 2612 doctores
1901 2555 2050 2628 ipsos

463 2653 616 2724 legis,
648 2649 789 2724 quod
817 2648 1121 2703 onerarent
1140 2643 1283 2699 alios
1311 2642 1759 2714 importabilibus
1788 2644 2047 2703 oneribus

459 2758 586 2815 qua:
613 2738 727 2812 ipsi
759 2753 830 2795 ne
858 2735 1035 2807 digito
1064 2732 1292 2808 quidem
1320 2731 1550 2805 aggredi
1577 2730 1859 2790 auderent
1888 2754 1906 2789 .-
1937 2749 2047 2791 non

456 2828 619 2902 Legis
648 2842 815 2883 onera
857 2823 1127 2894 sugillans
1173 2820 1328 2894 quasi
1372 2820 1662 2878 detestator
1700 2822 1856 2892 ejus;
1904 2840 2046 2897 quo-

453 2917 620 2974 modo
666 2915 810 2971 enim
856 2911 1168 2978 detestator,
1225 2911 1318 2982 qui
1371 2924 1497 2966 cum
1551 2907 1782 2965 maxime
1837 2909 2049 2980 potiora

458 3007 595 3080 legis
622 3007 1016 3078 praetereuntes
1067 3000 1363 3069 incusabat,
1414 2999 1814 3070 eleemosynam
1861 3007 1915 3056 et
1950 3017 2045 3059 vo-

2167 1933 2236 1989 do
2267 1934 2313 1973 ἰἿ
2343 1935 2411 1989 ab
2449 1935 2557 1990 eo?
2587 1935 2756 1991 Tanto
2785 1933 2956 2004 magis
2983 1945 3115 2005 ergo
3146 1931 3532 1987 demerendum
3581 1932 3756 1988 doce-

2162 2022 2268 2090 bat,
2307 2039 2470 2095 quem
2497 2021 2793 2080 timendum
2823 2021 3125 2094 ingerebat.
3153 2019 3246 2077 Sic
3274 2020 3756 2092 oportebatChris-

2162 2118 2278 2169 tum
2307 2110 2597 2169 Creatoris.

2692 2251 2922 2310 CAPUT
2968 2251 3217 2309 XXVIII.

2229 2374 2421 2434 Merito
2449 2376 2631 2449 itaque
2674 2391 2784 2433 non
2827 2376 3073 2449 placebat
3107 2376 3411 2450 hypocrisis
3438 2374 3754 2432 Pharisaeo-

2155 2483 2299 2538 rum,
2332 2466 2488 2521 labiis
2526 2465 2735 2523 scilicet
2755 2465 3050 2521 amantium
3078 2467 3251 2522 Deum
3272 2467 3411 2538 (22),
3456 2480 3566 2522 non
3611 2481 3748 2524 cor-

2156 2557 2246 2612 de.
2290 2557 2507 2622 Cavete,
2544 2555 2720 2627 inquit
2747 2555 2906 2627 (Luc.
2928 2555 3034 2627 xu)
3061 2554 3369 2627 discipulis,
3402 2573 3438 2613 a
3463 2557 3752 2627 fermento

2153 2646 2593 2713 Pharisaeorum,
2631 2644 2772 2717 quod
2799 2650 2880 2700 est
2921 2644 3244 2715 hypocrisis,
3278 2660 3387 2701 non
3434 2644 3752 2717 praedicatio

2153 2734 2445 2792 Creatoris.
2483 2733 2610 2791 Odit
2638 2740 2986 2790 contumaces
3015 2733 3189 2790 Patris
3214 2733 3416 2805 Filius;
3464 2748 3573 2790 non
3620 2734 3746 2790 vult

2154 2839 2285 2881 suos
2314 2824 2446 2879 tales
2464 2822 2726 2880 exsistere
2754 2822 2810 2878 in
2837 2821 2990 2879 illum
3016 2839 3031 2879 :
3065 2837 3175 2879 non
3207 2823 3263 2878 in
3279 2821 3469 2889 alium,
3498 2821 3553 2878 in
3574 2837 3741 2895 quem

2152 2912 2462 2986 hypocrisis
2489 2912 2681 2973 fuisset
2713 2913 2966 2984 admissa,
2999 2912 3157 2984 cujus
3202 2911 3507 2986 exemplum
3546 2927 3576 2965 a
3622 2910 3746 2967 dis-

2152 3002 2351 3074 cipulis
2406 3010 2708 3061 caveretur.
2785 3002 2866 3057 Ita
2927 3000 3321 3058 Pharisaeorum
3396 3000 3647 3071 prohibet
3692 3001 3747 3040 4⁸

453 3096 723 3154 cationem
753 3100 807 3148 et
833 3089 1175 3147 dilectionem
1203 3087 1322 3157 Dei,
1341 3103 1409 3144 ue
1436 3087 1554 3143 haec
1580 3086 1802 3160 quidem
1829 3089 2042 3163 gravia,
2077 3098 2122 3176 ε
2147 3092 2454 3164 exemplum
2494 3110 2508 3148 :
2559 3094 2616 3148 in
2676 3107 2798 3147 eum
2852 3090 3170 3163 prohibebat
3216 3090 3351 3173 illud
3405 3090 3635 3161 admitti,
3684 3090 3742 3146 in

448 3187 652 3242 nedum
694 3183 932 3238 decimas
976 3187 1235 3245 rutarum,
1286 3186 1342 3234 et
1394 3177 1444 3215 44
1491 3177 1788 3233 munditias
1828 3178 2039 3237 catino-

444 3274 604 3330 rum‘?
650 3272 947 3335 Caeterum,
1004 3266 1340 3325 excusandas
1384 3267 1568 3336 potius
1615 3265 1948 3340 censuisset,
1989 3268 2037 3323 si

443 3361 808 3435 importabilia
835 3365 1051 3432 portare
1096 3372 1204 3412 non
1252 3363 1494 3427 possent.
1540 3354 1647 3410 Sed
1688 3370 1810 3425 quae
1867 3372 2038 3415 onera

443 3454 633 3510 taxat?
677 3449 810 3519 Quae
867 3446 973 3521 ipsi
1027 3447 1094 3502 de
1142 3461 1239 3501 suo
1295 3444 1723 3517 exaggerabant,
1780 3445 2038 3506 docentes

440 3548 728 3614 praecepta,
773 3536 1044 3593 doctrinas
1088 3533 1390 3602 hominum,
1438 3535 1849 3590 commodorum
1898 3551 2034 3593 suo-

439 3646 564 3687 rum
612 3645 772 3686 causa
803 3628 1012 3697 (Isa.v,
1060 3625 1175 3696 23),
1225 3624 1518 3694 jungentes
1573 3622 1794 3678 domum
1822 3625 1889 3680 ad
1932 3625 2032 3682 do-

439 3736 607 3783 mum,
655 3725 717 3773 ut
768 3731 892 3786 quae
936 3711 1174 3784 proximi
1224 3718 1350 3766 sunt
1397 3709 1690 3777 auferrent,
1738 3712 2031 3772 clamantes

435 3806 716 3876 populum,
749 3810 990 3857 amantes
1019 3815 1261 3865 munera,
1302 3806 1565 3856 sectantes
1594 3799 2026 3872 retributionem,

436 3893 752 3964 diripientes
823 3889 1060 3959 iudicata
1130 3903 1431 3959 pauperum
1494 3905 1510 3958 ;
1573 3888 1651 3942 uti
1726 3899 1869 3946 esset
1926 3892 2029 3949 illis

433 3982 589 4037 vidua
621 3981 676 4034 in
708 3978 967 4050 rapinam,
1008 3985 1063 4032 et
1108 3975 1344 4048 pupillus
1391 3976 1446 4030 in
1495 3978 1751 4047 praedam.
1798 3979 1875 4036 De
1903 3982 2026 4055 qui-

431 4069 535 4125 bus
561 4068 706 4123 idem
726 4066 890 4122 Isaias
912 4067 1140 4138 (xxvnt,
1166 4066 1254 4135 15)
1281 4084 1293 4119 ε
1327 4066 1412 4122 Vw
1430 4067 1533 4138 qui
1549 4067 1742 4124 valent
1770 4067 1834 4123 in
1864 4070 2027 4128 Jeru-

429 4159 611 4215 salem
645 4156 736 4213 45:
779 4163 832 4211 et
876 4170 1064 4211 rursus
1112 4156 1215 4223 (ιιι,
1266 4154 1319 4224 3)
1355 4170 1368 4208 :
1405 4153 1513 4221 Qui
1559 4169 1654 4211 vos
1693 4159 2019 4229 postulant,

429 4247 808 4304 dominantur
850 4245 1045 4301 vestri.
1074 4242 1179 4313 Qui
1219 4242 1415 4314 magis,
1455 4258 1617 4314 quam
1662 4243 1802 4316 legis
1830 4246 2020 4305 docto-

428 4337 566 4392 res?
605 4336 669 4391 Hi
698 4334 743 4389 si
771 4342 825 4390 et
862 4331 1077 4391 Christo
1126 4331 1500 4403 displicebant,
1546 4340 1607 4389 ut
1665 4334 1749 4389 sui
1775 4334 2022 4408 displice-

424 4423 575 4481 bant.
620 4423 823 4480 Alienae
864 4419 1007 4477 enim
1037 4418 1174 4495 legis
1202 4381 1450 4478 doctOres
1478 4381 1594 4493 (21)
1641 4436 1751 4478 non
1793 4381 2016 4483 oninino
2052 4381 2098 4460 θ

2148 3198 2313 3253 quem
2341 3181 2695 3238 admittebant
2720 3179 2997 3236 Pharisaei.
3046 3179 3221 3252 Igitur
3265 3170 3521 3251 quaniam
3556 3179 3740 3252 hypo-

2145 3271 2325 3327 crisim
2384 3285 2570 3327 eorum
2643 3276 2868 3336 taxarat,
2924 3268 3110 3340 utique
3190 3268 3457 3325 celantem
3531 3268 3741 3325 occulta

2144 3358 2348 3429 cordis,
2387 3366 2442 3414 et
2468 3357 2854 3415 incredulitatis
2881 3368 3093 3414 secreta
3139 3355 3570 3429 superﬁcialibus
3608 3356 3735 3413 ofﬁ-

2145 3447 2246 3504 ciis
2272 3447 2728 3518 obumbrantem;
2759 3462 2881 3519 quae
2923 3446 3125 3505 clavem
3168 3445 3458 3520 agnitionis
3505 3447 3732 3515 habens,

2141 3551 2247 3611 nec
2273 3537 2323 3576 ‘19
2368 3536 2484 3609 ipsa
2521 3536 2786 3602 introiret,
2827 3550 2930 3592 nec
2970 3535 3106 3592 alius
3147 3535 3379 3609 sineret;
3421 3536 3545 3593 ideo
3584 3538 3732 3608 adji-

2140 3626 2217 3683 cit
2247 3645 2262 3682 :
2293 3626 2450 3684 Nihil
2478 3629 2673 3684 autem
2701 3629 2986 3700 opertum,
3023 3627 3168 3699 quod
3210 3644 3326 3685 non
3368 3627 3645 3700 pate/iet;
3676 3632 3733 3687 et

2137 3715 2287 3774 nihil
2322 3714 2725 3783 absconditum,
2757 3714 2902 3788 quod
2945 3731 3059 3774 non
3086 3713 3482 3787 dignoscetur;
3516 3731 3584 3772 ne
3610 3717 3732 3790 quis

2138 3804 2410 3860 existimet
2452 3802 2605 3860 illum
2643 3801 2745 3858 Dei
2792 3802 2965 3874 ignoti
2997 3810 3142 3860 retro
3166 3814 3220 3861 et
3261 3804 3480 3870 occulti,
3524 3806 3733 3862 revela-

2137 3893 2341 3951 tionem
2393 3906 2449 3949 et
2495 3892 2891 3966 adagnitionem
2945 3893 3236 3963 intentare,
3283 3910 3408 3951 cum
3467 3896 3727 3966 subjiciat

2134 3983 2294 4039 etiam
2322 3997 2443 4055 quae
2473 3981 2613 4038 inter
2649 3997 2710 4038 se
2736 3985 3088 4039 mussitarent
3132 3981 3217 4039 vel
3262 3990 3575 4055 tractarent,
3606 3988 3727 4042 sci-

2131 4072 2260 4129 licet
2295 4087 2459 4143 super
2486 4073 2607 4144 ipso
2635 4071 2871 4129 dicentes
2904 4089 2918 4127 :
2950 4074 3049 4129 Hic
3091 4088 3208 4131 non
3253 4074 3487 4146 δωρειαί
3517 4074 3727 4134 demto-

2130 4163 2234 4219 nia
2269 4162 2387 4218 nisi
2404 4163 2467 4217 in
2488 4160 2827 4230 Beelzebule,
2850 4160 2907 4217 in
2936 4168 3190 4233 apertum
3214 4177 3555 4235 processura,
3582 4173 3639 4220 et
3667 4165 3725 4221 in

2131 4265 2227 4307 ore
2253 4248 2536 4306 hominum
2582 4248 2781 4321 futura,
2832 4266 2899 4306 ex
2945 4249 3225 4323 Evangelii
3266 4250 3722 4324 promulgatione.

2130 4340 2334 4397 Deinde
2380 4340 2431 4379 ⁵ο
2467 4355 2758 4397 conversus
2800 4338 2865 4393 ad
2912 4339 3205 4409 discipulos
3254 4359 3268 4398 :
3320 4343 3451 4398 Dico
3495 4346 3720 4412 autem,

2126 4429 2324 4503 inquit,
2351 4428 2501 4488 vobis
2530 4431 2734 4487 amicis
2762 4429 2904 4486 meis
2938 4429 3007 4497 51,
3039 4431 3220 4487 nolite
3265 4432 3476 4490 terreri
3518 4432 3589 4489 ab
3637 4428 3725 4492 eis

422 4512 709 4586 pulsasset.
783 4511 891 4568 Cur
948 4518 1126 4567 autem
1181 4526 1266 4567 va:
1332 4508 1558 4567 audiunt
1632 4510 1812 4584 etiam,
1871 4516 2017 4587 quod
2125 4522 2224 4594 qui
2249 4536 2343 4580 vos
2369 4519 2717 4577 solummodo
2746 4517 2996 4576 occidere
3031 4524 3293 4592 possunt,
3324 4537 3431 4580 nec
3452 4526 3589 4595 post
3620 4524 3726 4584 hoc

422 4601 753 4660 aediﬁcarent
777 4600 1054 4673 prophetis
1081 4605 1432 4656 monumenta
1474 4597 1814 4673 interemptis
1849 4618 1882 4658 a
1909 4621 2012 4676 pa-

2121 4610 2305 4666 ullam
2326 4612 2388 4665 in
2413 4610 2561 4666 vobis
2582 4607 2786 4665 habent
2811 4611 3166 4680 potestatem.
3192 4609 3301 4665 Sed
3324 4610 3390 4666 iis
3420 4611 3524 4667 erit
3550 4612 3724 4668 Isaias

419 4691 591 4750 tribus
628 4706 836 4763 eorum,
865 4689 1026 4747 laude
1053 4689 1240 4762 potius
1264 4688 1435 4763 digni,
1469 4687 1566 4760 qui
1592 4703 1661 4746 ex
1698 4689 1805 4748 isto
1848 4706 2012 4767 Opere
2118 4698 2422 4769 praedicens
2440 4695 2594 4769 (LVII,
2625 4696 2680 4769 1)
2711 4713 2725 4753 :
2768 4697 2895 4754 Vide
2922 4697 3189 4771 quomodo
3200 4700 3401 4772 justus
3422 4702 3720 4774 aufertur,

1798 4821 1992 4887 Varia:
2014 4827 2306 4890 lectiones

444 4921 896 5014 ,Ἢυρρτξιίὲιο
929 4920 1673 5014 Ξθξτέειῗέἒειρθςξι,Ρατίεο
1703 4924 1841 5014 “Et
1866 4929 2221 5014 abstrusis-
2263 4931 2313 5014 "f
2343 4929 2799 5014 Israelsgbsrth-
2821 4930 3182 5014 ‘iPocsbant
3224 4933 3396 4996 Seml-
3426 4931 3474 4977 ἰτ
3503 4936 3721 5014 Despi-

410 4994 606 5054 ciendo
638 4994 894 5069 quidam.
928 4995 977 5033 ¹ιε
1006 4994 1255 5052 Perhibet
1282 4998 1361 5054 al.
1387 4997 1438 5036 49
1468 4998 1527 5053 In
1556 5002 1731 5058 inser.
1762 5001 1921 5058 Pam.
1952 5001 2005 5041 ⁵ο
2030 5003 2243 5061 Dehinc
2269 5005 2432 5062 Pam.
2480 5003 2529 5042 51
2555 5002 2692 5060 Meis
2718 5006 2782 5062 in
2808 5005 2944 5064 aliis
2972 5005 3144 5066 abest.

1805 5124 2307 5194 Commentarius.

476 5226 589 5307 (20)
648 5227 1017 5307 Vocationem.
1048 5228 1291 5307 __Vi_detur
1355 5233 1522 5307 κᾉῆσιν
1548 5232 1999 5307 ξ(υοεαιὶοηθφη)

403 5298 604 5383 legisse
635 5316 731 5383 pro
749 5301 902 5383 aplqw
930 5302 1283 5383 Qudicium),
1322 5302 1408 5357 vel
1437 5298 1630 5383 potius
1652 5320 1723 5383 es
1769 5298 2002 5383 arrange}

2177 5236 2294 5307 (22)
2324 5233 2505 5295 Labiis
2551 5234 2767 5297 scilicet
2793 5238 3120 5297 amantium
3149 5238 3346 5309 Deum,
3388 5244 3494 5297 etc.
3534 5236 3717 5300 Litte-

2104 5322 2222 5365 ram
2260 5308 2618 5384 occidentem,
2657 5326 2766 5366 non
2813 5318 2993 5366 autem
3039 5313 3288 5384 spiritum
3334 5308 3478 5384 legis
3514 5312 3713 5370 viviﬁ-

405 5372 479 5429 lio
509 5372 803 5429 Marcionis
831 5372 1261 5445 (qui'judicium
1289 5374 1666 5453 pegahat_Dei
1694 5375 1823 5431 boni
1853 5372 1998 5451 esse)
2105 5386 2315 5436 cantem
2373 5372 2733 5453 sequebantur
2765 5399 2777 5439 :
2809 5384 3012 5439 clavem
3059 5372 3284 5453 scilicet,
3336 5372 3440 5439 hove
3492 5392 3576 5438 est
3622 5386 3717 5441 in-

401 5460 716 5513 usurpisse,
750 5442 1001 5514 tanquam
1030 5459 1162 5514 rem,
1182 5442 1503 5500 confessam.
1532 5445 1752 5501 ΙυΝιυε.

2103 5452 2538 5526 terpretationem
2582 5452 2739 5526 legis,
2787 5462 2848 5509 ut
2875 5454 3039 5510 modo
3070 5455 3223 5524 dixit,
3245 5470 3365 5526 non
3408 5454 3703 5513 habebant.

468 5517 584 5598 (21)
611 5517 827 5598 Aliena:
855 5513 1008 5598 enim
1039 5513 1191 5598 degis
1232 5514 1516 5598 doctoreﬁ
1552 5516 1882 5598 saepiushic
1929 5535 1996 5574 ex
2098 5513 2243 5598 _Du'm
2266 5522 2427 5598 enim,
2449 5513 2996 5598 enteridra'quazdam
3018 5513 3397 5598 superstitiose
3441 5528 3709 5598 observa-

396 5582 525 5658 alibi
562 5582 703 5658 legis
749 5585 1005 5658 doctores
1039 5582 1089 5640 le

393 5654 605 5729 (Graece
622 5653 685 5713 Β(
712 5655 951 5735 voputoi).
982 5653 1061 5712 LE

1092 5585 1340 5715 gizperiti
1380 5597 1435 5644 et
1462 5585 1715 5645 Pharisaei
1744 5588 1995 5648 dicuntur
2098 5593 2248 5665 bant,
2280 5594 2637 5672 negligebant
2671 5585 2814 5671 quod
2839 5606 2955 5655 erat
2981 5585 3340 5672 praecipuum.
3370 5596 3449 5653 LE
3480 5597 3584 5658 Pa.
