  <div class='ocr_page' id='page_1' title='image "/cluster/home/n/w/nwhite01/storage/ocr_20150623/2/hvd.32044096580329/236.png"; bbox 0 0 4018 6192; ppageno 0'>
   <div class='ocr_carea' id='block_1_1' title="bbox 204 383 297 453">
    <p class='ocr_par' dir='ltr' id='par_1_1' title="bbox 204 383 297 453">
     <span class='ocr_line' id='line_1_1' title="bbox 204 383 297 453; baseline -0.022 -10"><span class='ocrx_word' id='word_1_1' title='bbox 204 383 297 453; x_wconf 70' lang='grc'><strong><em>⁷461</em></strong></span> 
     </span>
    </p>
   </div>
   <div class='ocr_carea' id='block_1_2' title="bbox 1397 367 2264 436">
    <p class='ocr_par' dir='ltr' id='par_1_2' title="bbox 1397 367 2264 436">
     <span class='ocr_line' id='line_1_2' title="bbox 1397 367 2264 436; baseline 0.003 -7"><span class='ocrx_word' id='word_1_2' title='bbox 1397 369 1525 430; x_wconf 85' lang='lat' dir='ltr'><strong><em>LIB.</em></strong></span> <span class='ocrx_word' id='word_1_3' title='bbox 1563 367 1633 430; x_wconf 83' lang='lat' dir='ltr'><strong><em>IV</em></strong></span> <span class='ocrx_word' id='word_1_4' title='bbox 1672 371 1823 433; x_wconf 87' lang='lat' dir='ltr'><strong><em>ADV.</em></strong></span> <span class='ocrx_word' id='word_1_5' title='bbox 1862 371 2264 436; x_wconf 77' lang='lat' dir='ltr'><strong><em>MARCIONEM.</em></strong></span> 
     </span>
    </p>
   </div>
   <div class='ocr_carea' id='block_1_3' title="bbox 3368 390 3501 451">
    <p class='ocr_par' dir='ltr' id='par_1_3' title="bbox 3368 390 3501 451">
     <span class='ocr_line' id='line_1_3' title="bbox 3368 390 3501 451; baseline 0 -1"><span class='ocrx_word' id='word_1_6' title='bbox 3368 390 3473 451; x_wconf 75' lang='lat'><strong>462</strong></span> <span class='ocrx_word' id='word_1_7' title='bbox 3496 420 3501 421; x_wconf 52' lang='grc' dir='ltr'><em>ν</em></span> 
     </span>
    </p>
   </div>
   <div class='ocr_carea' id='block_1_4' title="bbox 215 495 3468 592">
    <p class='ocr_par' dir='ltr' id='par_1_4' title="bbox 215 495 3468 592">
     <span class='ocr_line' id='line_1_4' title="bbox 215 495 3468 592; baseline -0.002 -31"><span class='ocrx_word' id='word_1_8' title='bbox 215 511 256 564; x_wconf 80' lang='lat' dir='ltr'><strong><em>et</em></strong></span> <span class='ocrx_word' id='word_1_9' title='bbox 278 518 426 560; x_wconf 86' lang='lat' dir='ltr'><strong><em>nemo</em></strong></span> <span class='ocrx_word' id='word_1_10' title='bbox 442 500 709 558; x_wconf 80' lang='lat' dir='ltr'><strong><em>advertit.</em></strong></span> <span class='ocrx_word' id='word_1_11' title='bbox 727 495 1120 592; x_wconf 79' lang='lat' dir='ltr'><strong><em>Demonstrabo</em></strong></span> <span class='ocrx_word' id='word_1_12' title='bbox 1138 498 1337 553; x_wconf 86' lang='lat' dir='ltr'><strong><em>autem</em></strong></span> <span class='ocrx_word' id='word_1_13' title='bbox 1354 495 1504 592; x_wconf 73' lang='lat' dir='ltr'><strong><em>vobis</em></strong></span> <span class='ocrx_word' id='word_1_14' title='bbox 1518 511 1679 592; x_wconf 73' lang='lat' dir='ltr'><strong><em>quem</em></strong></span> <span class='ocrx_word' id='word_1_15' title='bbox 1704 499 1778 592; x_wconf 85' lang='lat' dir='ltr'><strong><em>ti-</em></strong></span> <span class='ocrx_word' id='word_1_16' title='bbox 1808 513 1855 592; x_wconf 69' lang='grc' dir='ltr'><strong>Α</strong></span> <span class='ocrx_word' id='word_1_17' title='bbox 1889 500 2133 592; x_wconf 71' lang='lat' dir='ltr'><strong><em>Spiritus</em></strong></span> <span class='ocrx_word' id='word_1_18' title='bbox 2151 501 2361 592; x_wconf 76' lang='lat' dir='ltr'><strong><em>docebit</em></strong></span> <span class='ocrx_word' id='word_1_19' title='bbox 2381 519 2468 561; x_wconf 87' lang='lat' dir='ltr'><strong><em>vos</em></strong></span> <span class='ocrx_word' id='word_1_20' title='bbox 2490 502 2612 575; x_wconf 88' lang='lat' dir='ltr'><strong><em>ipsa</em></strong></span> <span class='ocrx_word' id='word_1_21' title='bbox 2635 504 2774 563; x_wconf 89' lang='lat' dir='ltr'><strong><em>hora</em></strong></span> <span class='ocrx_word' id='word_1_22' title='bbox 2788 508 2923 580; x_wconf 87' lang='lat' dir='ltr'><strong><em>quid</em></strong></span> <span class='ocrx_word' id='word_1_23' title='bbox 2941 511 3125 583; x_wconf 80' lang='lat' dir='ltr'><strong><em>eloqui</em></strong></span> <span class='ocrx_word' id='word_1_24' title='bbox 3145 513 3384 574; x_wconf 55' lang='lat' dir='ltr'><strong><em>debeatis</em></strong></span> <span class='ocrx_word' id='word_1_25' title='bbox 3401 518 3468 570; x_wconf 52' lang='lat' dir='ltr'><strong><em>sa,</em></strong></span> 
     </span>
    </p>
   </div>
   <div class='ocr_carea' id='block_1_5' title="bbox 214 584 1778 659">
    <p class='ocr_par' dir='ltr' id='par_1_5' title="bbox 214 584 1778 659">
     <span class='ocr_line' id='line_1_5' title="bbox 214 584 1778 659; baseline -0.003 -11"><span class='ocrx_word' id='word_1_26' title='bbox 214 594 387 648; x_wconf 73' lang='lat' dir='ltr'><strong><em>matis</em></strong></span> <span class='ocrx_word' id='word_1_27' title='bbox 407 610 426 645; x_wconf 91' lang='lat'><strong><em>:</em></strong></span> <span class='ocrx_word' id='word_1_28' title='bbox 449 592 643 646; x_wconf 86' lang='lat' dir='ltr'><strong><em>timete</em></strong></span> <span class='ocrx_word' id='word_1_29' title='bbox 679 602 832 651; x_wconf 85' lang='lat' dir='ltr'><strong><em>eum,</em></strong></span> <span class='ocrx_word' id='word_1_30' title='bbox 870 585 973 656; x_wconf 87' lang='lat' dir='ltr'><strong><em>qui</em></strong></span> <span class='ocrx_word' id='word_1_31' title='bbox 996 588 1297 656; x_wconf 83' lang='lat' dir='ltr'><strong><em>postquam</em></strong></span> <span class='ocrx_word' id='word_1_32' title='bbox 1324 584 1607 653; x_wconf 87' lang='lat' dir='ltr'><strong><em>occiderit,</em></strong></span> <span class='ocrx_word' id='word_1_33' title='bbox 1624 590 1778 659; x_wconf 82' lang='lat' dir='ltr'><strong><em>pote-</em></strong></span> 
     </span>
    </p>
   </div>
   <div class='ocr_carea' id='block_1_6' title="bbox 212 673 1781 743">
    <p class='ocr_par' dir='ltr' id='par_1_6' title="bbox 212 673 1781 743">
     <span class='ocr_line' id='line_1_6' title="bbox 212 673 1781 743; baseline -0.005 -6"><span class='ocrx_word' id='word_1_34' title='bbox 212 684 389 738; x_wconf 63' lang='lat' dir='ltr'><strong><em>atatem</em></strong></span> <span class='ocrx_word' id='word_1_35' title='bbox 419 678 585 734; x_wconf 84' lang='lat' dir='ltr'><strong><em>habet</em></strong></span> <span class='ocrx_word' id='word_1_36' title='bbox 600 673 873 730; x_wconf 80' lang='lat' dir='ltr'><strong><em>mittendi</em></strong></span> <span class='ocrx_word' id='word_1_37' title='bbox 899 674 962 728; x_wconf 89' lang='lat' dir='ltr'><strong><em>in</em></strong></span> <span class='ocrx_word' id='word_1_38' title='bbox 988 673 1325 743; x_wconf 81' lang='lat' dir='ltr'><strong><em>gehennam,</em></strong></span> <span class='ocrx_word' id='word_1_39' title='bbox 1360 673 1663 729; x_wconf 96' lang='lat' dir='ltr'><strong><em>Creatorem</em></strong></span> <span class='ocrx_word' id='word_1_40' title='bbox 1679 674 1781 729; x_wconf 90' lang='lat' dir='ltr'><strong><em>uti-</em></strong></span> 
     </span>
    </p>
   </div>
   <div class='ocr_carea' id='block_1_7' title="bbox 212 762 1773 843">
    <p class='ocr_par' dir='ltr' id='par_1_7' title="bbox 212 762 1773 843">
     <span class='ocr_line' id='line_1_7' title="bbox 212 762 1773 843; baseline -0.003 -18"><span class='ocrx_word' id='word_1_41' title='bbox 212 786 303 843; x_wconf 87' lang='lat' dir='ltr'><strong><em>que</em></strong></span> <span class='ocrx_word' id='word_1_42' title='bbox 333 765 644 839; x_wconf 89' lang='lat' dir='ltr'><strong><em>significans</em></strong></span> <span class='ocrx_word' id='word_1_43' title='bbox 688 763 757 821; x_wconf 66' lang='lat'><strong><em>53.</em></strong></span> <span class='ocrx_word' id='word_1_44' title='bbox 806 765 1001 833; x_wconf 82' lang='lat' dir='ltr'><strong><em>Itaque</em></strong></span> <span class='ocrx_word' id='word_1_45' title='bbox 1028 762 1151 818; x_wconf 90' lang='lat' dir='ltr'><strong><em>dico</em></strong></span> <span class='ocrx_word' id='word_1_46' title='bbox 1179 762 1349 828; x_wconf 82' lang='lat' dir='ltr'><strong><em>vobis,</em></strong></span> <span class='ocrx_word' id='word_1_47' title='bbox 1380 762 1533 818; x_wconf 84' lang='lat' dir='ltr'><strong><em>hunc</em></strong></span> <span class='ocrx_word' id='word_1_48' title='bbox 1564 764 1773 820; x_wconf 80' lang='lat' dir='ltr'><strong><em>timete.</em></strong></span> 
     </span>
    </p>
   </div>
   <div class='ocr_carea' id='block_1_8' title="bbox 210 849 1778 923">
    <p class='ocr_par' dir='ltr' id='par_1_8' title="bbox 210 849 1778 923">
     <span class='ocr_line' id='line_1_8' title="bbox 210 849 1778 923; baseline -0.005 -9"><span class='ocrx_word' id='word_1_49' title='bbox 210 860 269 914; x_wconf 88' lang='lat' dir='ltr'><strong><em>Et</em></strong></span> <span class='ocrx_word' id='word_1_50' title='bbox 292 858 387 913; x_wconf 88' lang='lat' dir='ltr'><strong><em>hoc</em></strong></span> <span class='ocrx_word' id='word_1_51' title='bbox 414 855 472 909; x_wconf 91' lang='lat' dir='ltr'><strong><em>in</em></strong></span> <span class='ocrx_word' id='word_1_52' title='bbox 518 855 638 910; x_wconf 87' lang='lat' dir='ltr'><strong><em>loco</em></strong></span> <span class='ocrx_word' id='word_1_53' title='bbox 693 850 972 907; x_wconf 82' lang='lat' dir='ltr'><strong><em>sufﬁceret</em></strong></span> <span class='ocrx_word' id='word_1_54' title='bbox 1006 850 1161 916; x_wconf 89' lang='lat' dir='ltr'><strong><em>mihi,</em></strong></span> <span class='ocrx_word' id='word_1_55' title='bbox 1191 849 1257 915; x_wconf 89' lang='lat' dir='ltr'><strong><em>si,</em></strong></span> <span class='ocrx_word' id='word_1_56' title='bbox 1289 866 1453 923; x_wconf 88' lang='lat' dir='ltr'><strong><em>quem</em></strong></span> <span class='ocrx_word' id='word_1_57' title='bbox 1482 850 1659 906; x_wconf 88' lang='lat' dir='ltr'><strong><em>timeri</em></strong></span> <span class='ocrx_word' id='word_1_58' title='bbox 1683 852 1778 921; x_wconf 90' lang='lat' dir='ltr'><strong><em>ju-</em></strong></span> 
     </span>
    </p>
   </div>
   <div class='ocr_carea' id='block_1_9' title="bbox 212 937 1780 1013">
    <p class='ocr_par' dir='ltr' id='par_1_9' title="bbox 212 937 1780 1013">
     <span class='ocr_line' id='line_1_9' title="bbox 212 937 1780 1013; baseline -0.004 -12"><span class='ocrx_word' id='word_1_59' title='bbox 212 948 308 1013; x_wconf 86' lang='lat' dir='ltr'><strong><em>bet,</em></strong></span> <span class='ocrx_word' id='word_1_60' title='bbox 332 941 532 1001; x_wconf 86' lang='lat' dir='ltr'><strong><em>offendi</em></strong></span> <span class='ocrx_word' id='word_1_61' title='bbox 577 947 752 1005; x_wconf 86' lang='lat' dir='ltr'><strong><em>vetat;</em></strong></span> <span class='ocrx_word' id='word_1_62' title='bbox 784 945 840 994; x_wconf 91' lang='lat' dir='ltr'><strong><em>et</em></strong></span> <span class='ocrx_word' id='word_1_63' title='bbox 865 953 1029 1009; x_wconf 89' lang='lat' dir='ltr'><strong><em>quem</em></strong></span> <span class='ocrx_word' id='word_1_64' title='bbox 1065 937 1269 995; x_wconf 83' lang='lat' dir='ltr'><strong><em>offendi</em></strong></span> <span class='ocrx_word' id='word_1_65' title='bbox 1297 945 1462 1004; x_wconf 87' lang='lat' dir='ltr'><strong><em>vetat,</em></strong></span> <span class='ocrx_word' id='word_1_66' title='bbox 1511 938 1780 994; x_wconf 86' lang='lat' dir='ltr'><strong><em>demereri</em></strong></span> 
     </span>
    </p>
   </div>
   <div class='ocr_carea' id='block_1_10' title="bbox 209 1025 1774 1104">
    <p class='ocr_par' dir='ltr' id='par_1_10' title="bbox 209 1025 1774 1104">
     <span class='ocr_line' id='line_1_10' title="bbox 209 1025 1774 1104; baseline -0.004 -15"><span class='ocrx_word' id='word_1_67' title='bbox 209 1034 363 1104; x_wconf 85' lang='lat' dir='ltr'><strong><em>jubet;</em></strong></span> <span class='ocrx_word' id='word_1_68' title='bbox 393 1038 449 1087; x_wconf 90' lang='lat' dir='ltr'><strong><em>et</em></strong></span> <span class='ocrx_word' id='word_1_69' title='bbox 494 1028 591 1102; x_wconf 85' lang='lat' dir='ltr'><strong><em>qui</em></strong></span> <span class='ocrx_word' id='word_1_70' title='bbox 637 1029 752 1083; x_wconf 65' lang='lat' dir='ltr'><strong><em>haec</em></strong></span> <span class='ocrx_word' id='word_1_71' title='bbox 797 1026 1030 1090; x_wconf 85' lang='lat' dir='ltr'><strong><em>mandat,</em></strong></span> <span class='ocrx_word' id='word_1_72' title='bbox 1062 1025 1237 1095; x_wconf 87' lang='lat' dir='ltr'><strong><em>ipsius</em></strong></span> <span class='ocrx_word' id='word_1_73' title='bbox 1263 1031 1368 1090; x_wconf 90' lang='lat' dir='ltr'><strong><em>est,</em></strong></span> <span class='ocrx_word' id='word_1_74' title='bbox 1400 1026 1488 1082; x_wconf 91' lang='lat' dir='ltr'><strong><em>cui</em></strong></span> <span class='ocrx_word' id='word_1_75' title='bbox 1518 1026 1774 1093; x_wconf 90' lang='lat' dir='ltr'><strong><em>timendo,</em></strong></span> 
     </span>
    </p>
   </div>
   <div class='ocr_carea' id='block_1_11' title="bbox 211 1113 1779 1184">
    <p class='ocr_par' dir='ltr' id='par_1_11' title="bbox 211 1113 1779 1184">
     <span class='ocr_line' id='line_1_11' title="bbox 211 1113 1779 1184; baseline -0.005 -6"><span class='ocrx_word' id='word_1_76' title='bbox 211 1129 253 1178; x_wconf 85' lang='lat' dir='ltr'><strong><em>et</em></strong></span> <span class='ocrx_word' id='word_1_77' title='bbox 274 1136 373 1177; x_wconf 90' lang='lat' dir='ltr'><strong><em>non</em></strong></span> <span class='ocrx_word' id='word_1_78' title='bbox 393 1116 746 1181; x_wconf 75' lang='lat' dir='ltr'><strong><em>offendendo,</em></strong></span> <span class='ocrx_word' id='word_1_79' title='bbox 761 1124 814 1169; x_wconf 89' lang='lat' dir='ltr'><strong><em>et</em></strong></span> <span class='ocrx_word' id='word_1_80' title='bbox 827 1113 1160 1168; x_wconf 89' lang='lat' dir='ltr'><strong><em>demerendo</em></strong></span> <span class='ocrx_word' id='word_1_81' title='bbox 1180 1120 1451 1184; x_wconf 83' lang='lat' dir='ltr'><strong><em>procurat.</em></strong></span> <span class='ocrx_word' id='word_1_82' title='bbox 1474 1114 1581 1170; x_wconf 87' lang='lat' dir='ltr'><strong><em>Sed</em></strong></span> <span class='ocrx_word' id='word_1_83' title='bbox 1603 1114 1779 1171; x_wconf 86' lang='lat' dir='ltr'><strong><em>habeo</em></strong></span> 
     </span>
    </p>
   </div>
   <div class='ocr_carea' id='block_1_12' title="bbox 209 1202 1781 1277">
    <p class='ocr_par' dir='ltr' id='par_1_12' title="bbox 209 1202 1781 1277">
     <span class='ocr_line' id='line_1_12' title="bbox 209 1202 1781 1277; baseline -0.004 -11"><span class='ocrx_word' id='word_1_84' title='bbox 209 1220 253 1266; x_wconf 90' lang='lat' dir='ltr'><strong><em>et</em></strong></span> <span class='ocrx_word' id='word_1_85' title='bbox 274 1209 337 1265; x_wconf 90' lang='lat' dir='ltr'><strong><em>de</em></strong></span> <span class='ocrx_word' id='word_1_86' title='bbox 377 1204 725 1277; x_wconf 80' lang='lat' dir='ltr'><strong><em>sequentibus</em></strong></span> <span class='ocrx_word' id='word_1_87' title='bbox 754 1217 1004 1259; x_wconf 89' lang='lat' dir='ltr'><strong><em>sumere:</em></strong></span> <span class='ocrx_word' id='word_1_88' title='bbox 1036 1203 1169 1259; x_wconf 89' lang='lat' dir='ltr'><strong><em>Dico</em></strong></span> <span class='ocrx_word' id='word_1_89' title='bbox 1211 1203 1366 1259; x_wconf 89' lang='lat' dir='ltr'><strong><em>enim</em></strong></span> <span class='ocrx_word' id='word_1_90' title='bbox 1394 1202 1565 1269; x_wconf 84' lang='lat' dir='ltr'><strong><em>uobis,</em></strong></span> <span class='ocrx_word' id='word_1_91' title='bbox 1588 1204 1781 1259; x_wconf 82' lang='lat' dir='ltr'><strong><em>Omnis</em></strong></span> 
     </span>
    </p>
   </div>
   <div class='ocr_carea' id='block_1_13' title="bbox 209 1284 1781 1373">
    <p class='ocr_par' dir='ltr' id='par_1_13' title="bbox 209 1284 1781 1373">
     <span class='ocr_line' id='line_1_13' title="bbox 209 1284 1781 1373; baseline -0.004 -18"><span class='ocrx_word' id='word_1_92' title='bbox 209 1302 291 1373; x_wconf 85' lang='lat' dir='ltr'><strong><em>qui</em></strong></span> <span class='ocrx_word' id='word_1_93' title='bbox 307 1297 664 1368; x_wconf 78' lang='lat' dir='ltr'><strong><em>conﬁtebitur</em></strong></span> <span class='ocrx_word' id='word_1_94' title='bbox 692 1294 755 1349; x_wconf 84' lang='lat' dir='ltr'><strong><em>in</em></strong></span> <span class='ocrx_word' id='word_1_95' title='bbox 782 1309 872 1351; x_wconf 85' lang='lat' dir='ltr'><strong><em>me</em></strong></span> <span class='ocrx_word' id='word_1_96' title='bbox 899 1307 1091 1348; x_wconf 87' lang='lat' dir='ltr'><strong><em>coram</em></strong></span> <span class='ocrx_word' id='word_1_97' title='bbox 1120 1284 1454 1363; x_wconf 86' lang='lat' dir='ltr'><strong><em>hominibus,</em></strong></span> <span class='ocrx_word' id='word_1_98' title='bbox 1481 1292 1781 1362; x_wconf 77' lang='lat' dir='ltr'><strong><em>conﬁtebor</em></strong></span> 
     </span>
    </p>
   </div>
   <div class='ocr_carea' id='block_1_14' title="bbox 210 1378 1783 1449">
    <p class='ocr_par' dir='ltr' id='par_1_14' title="bbox 210 1378 1783 1449">
     <span class='ocr_line' id='line_1_14' title="bbox 210 1378 1783 1449; baseline -0.006 -5"><span class='ocrx_word' id='word_1_99' title='bbox 210 1391 263 1444; x_wconf 86' lang='lat' dir='ltr'><strong><em>in</em></strong></span> <span class='ocrx_word' id='word_1_100' title='bbox 286 1386 376 1443; x_wconf 88' lang='lat' dir='ltr'><strong><em>illo</em></strong></span> <span class='ocrx_word' id='word_1_101' title='bbox 413 1400 611 1441; x_wconf 88' lang='lat' dir='ltr'><strong><em>coram</em></strong></span> <span class='ocrx_word' id='word_1_102' title='bbox 644 1384 772 1440; x_wconf 90' lang='lat' dir='ltr'><strong><em>Deo.</em></strong></span> <span class='ocrx_word' id='word_1_103' title='bbox 804 1380 908 1449; x_wconf 90' lang='lat' dir='ltr'><strong><em>Qui</em></strong></span> <span class='ocrx_word' id='word_1_104' title='bbox 935 1378 1329 1436; x_wconf 85' lang='lat' dir='ltr'><strong><em>conﬁtebuntur</em></strong></span> <span class='ocrx_word' id='word_1_105' title='bbox 1349 1388 1529 1437; x_wconf 88' lang='lat' dir='ltr'><strong><em>autem</em></strong></span> <span class='ocrx_word' id='word_1_106' title='bbox 1555 1382 1609 1436; x_wconf 93' lang='lat' dir='ltr'><strong><em>in</em></strong></span> <span class='ocrx_word' id='word_1_107' title='bbox 1631 1381 1783 1437; x_wconf 88' lang='lat' dir='ltr'><strong><em>Chri-</em></strong></span> 
     </span>
    </p>
   </div>
   <div class='ocr_carea' id='block_1_15' title="bbox 207 1468 1780 1542">
    <p class='ocr_par' dir='ltr' id='par_1_15' title="bbox 207 1468 1780 1542">
     <span class='ocr_line' id='line_1_15' title="bbox 207 1468 1780 1542; baseline -0.005 -9"><span class='ocrx_word' id='word_1_108' title='bbox 207 1484 298 1542; x_wconf 86' lang='lat' dir='ltr'><strong><em>sto,</em></strong></span> <span class='ocrx_word' id='word_1_109' title='bbox 325 1473 497 1531; x_wconf 86' lang='lat' dir='ltr'><strong><em>occidi</em></strong></span> <span class='ocrx_word' id='word_1_110' title='bbox 524 1471 797 1526; x_wconf 89' lang='lat' dir='ltr'><strong><em>habcbunt</em></strong></span> <span class='ocrx_word' id='word_1_111' title='bbox 830 1483 1013 1525; x_wconf 91' lang='lat' dir='ltr'><strong><em>coram</em></strong></span> <span class='ocrx_word' id='word_1_112' title='bbox 1050 1468 1383 1538; x_wconf 85' lang='lat' dir='ltr'><strong><em>hominibus,</em></strong></span> <span class='ocrx_word' id='word_1_113' title='bbox 1413 1468 1549 1524; x_wconf 85' lang='lat' dir='ltr'><strong><em>nihil</em></strong></span> <span class='ocrx_word' id='word_1_114' title='bbox 1592 1469 1780 1540; x_wconf 89' lang='lat' dir='ltr'><strong><em>utique</em></strong></span> 
     </span>
    </p>
   </div>
   <div class='ocr_carea' id='block_1_16' title="bbox 206 1556 1783 1635">
    <p class='ocr_par' dir='ltr' id='par_1_16' title="bbox 206 1556 1783 1635">
     <span class='ocr_line' id='line_1_16' title="bbox 206 1556 1783 1635; baseline -0.004 -15"><span class='ocrx_word' id='word_1_115' title='bbox 206 1564 413 1635; x_wconf 84' lang='lat' dir='ltr'><strong><em>amplius</em></strong></span> <span class='ocrx_word' id='word_1_116' title='bbox 441 1560 656 1633; x_wconf 83' lang='lat' dir='ltr'><strong><em>passuri</em></strong></span> <span class='ocrx_word' id='word_1_117' title='bbox 683 1566 808 1630; x_wconf 89' lang='lat' dir='ltr'><strong><em>post</em></strong></span> <span class='ocrx_word' id='word_1_118' title='bbox 836 1557 1162 1615; x_wconf 87' lang='lat' dir='ltr'><strong><em>occisionem</em></strong></span> <span class='ocrx_word' id='word_1_119' title='bbox 1209 1558 1277 1613; x_wconf 90' lang='lat' dir='ltr'><strong><em>ab</em></strong></span> <span class='ocrx_word' id='word_1_120' title='bbox 1323 1556 1447 1615; x_wconf 90' lang='lat' dir='ltr'><strong><em>illis.</em></strong></span> <span class='ocrx_word' id='word_1_121' title='bbox 1482 1557 1546 1613; x_wconf 85' lang='lat' dir='ltr'><strong><em>Hi</em></strong></span> <span class='ocrx_word' id='word_1_122' title='bbox 1577 1558 1627 1596; x_wconf 82' lang='lat'><strong><em>53</em></strong></span> <span class='ocrx_word' id='word_1_123' title='bbox 1650 1572 1783 1629; x_wconf 85' lang='lat' dir='ltr'><strong><em>ergo</em></strong></span> 
     </span>
    </p>
   </div>
   <div class='ocr_carea' id='block_1_17' title="bbox 206 1646 1783 1725">
    <p class='ocr_par' dir='ltr' id='par_1_17' title="bbox 206 1646 1783 1725">
     <span class='ocr_line' id='line_1_17' title="bbox 206 1646 1783 1725; baseline -0.006 -16"><span class='ocrx_word' id='word_1_124' title='bbox 206 1662 350 1710; x_wconf 89' lang='lat' dir='ltr'><strong><em>erunt</em></strong></span> <span class='ocrx_word' id='word_1_125' title='bbox 396 1665 535 1725; x_wconf 89' lang='lat' dir='ltr'><strong><em>quos</em></strong></span> <span class='ocrx_word' id='word_1_126' title='bbox 582 1665 745 1720; x_wconf 88' lang='lat' dir='ltr'><strong><em>supra</em></strong></span> <span class='ocrx_word' id='word_1_127' title='bbox 808 1654 1126 1719; x_wconf 77' lang='lat' dir='ltr'><strong><em>praemonet,</em></strong></span> <span class='ocrx_word' id='word_1_128' title='bbox 1183 1661 1250 1702; x_wconf 91' lang='lat' dir='ltr'><strong><em>ne</em></strong></span> <span class='ocrx_word' id='word_1_129' title='bbox 1292 1646 1517 1703; x_wconf 88' lang='lat' dir='ltr'><strong><em>timeant</em></strong></span> <span class='ocrx_word' id='word_1_130' title='bbox 1545 1654 1783 1725; x_wconf 78' lang='lat' dir='ltr'><strong><em>tantum-</em></strong></span> 
     </span>
    </p>
   </div>
   <div class='ocr_carea' id='block_1_18' title="bbox 206 1717 1785 1810">
    <p class='ocr_par' dir='ltr' id='par_1_18' title="bbox 206 1717 1785 1810">
     <span class='ocr_line' id='line_1_18' title="bbox 206 1717 1785 1810; baseline -0.004 -11"><span class='ocrx_word' id='word_1_131' title='bbox 206 1743 354 1799; x_wconf 86' lang='lat' dir='ltr'><strong><em>modo</em></strong></span> <span class='ocrx_word' id='word_1_132' title='bbox 381 1717 559 1798; x_wconf 68' lang='lat' dir='ltr'><strong><em>occidi</em></strong></span> <span class='ocrx_word' id='word_1_133' title='bbox 588 1756 603 1806; x_wconf 86' lang='lat'><strong>;</strong></span> <span class='ocrx_word' id='word_1_134' title='bbox 648 1717 773 1793; x_wconf 85' lang='lat' dir='ltr'><strong><em>ideo</em></strong></span> <span class='ocrx_word' id='word_1_135' title='bbox 803 1717 1137 1810; x_wconf 73' lang='lat' dir='ltr'><strong><em>praemittens</em></strong></span> <span class='ocrx_word' id='word_1_136' title='bbox 1174 1750 1286 1791; x_wconf 93' lang='lat' dir='ltr'><strong><em>non</em></strong></span> <span class='ocrx_word' id='word_1_137' title='bbox 1314 1734 1606 1792; x_wconf 89' lang='lat' dir='ltr'><strong><em>timendam</em></strong></span> <span class='ocrx_word' id='word_1_138' title='bbox 1634 1717 1785 1793; x_wconf 72' lang='lat' dir='ltr'><strong><em>occi-</em></strong></span> 
     </span>
    </p>
   </div>
   <div class='ocr_carea' id='block_1_19' title="bbox 1890 588 3475 671">
    <p class='ocr_par' dir='ltr' id='par_1_19' title="bbox 1890 588 3475 671">
     <span class='ocr_line' id='line_1_19' title="bbox 1890 588 3475 671; baseline 0.011 -29"><span class='ocrx_word' id='word_1_139' title='bbox 1890 588 1947 642; x_wconf 89' lang='lat' dir='ltr'><strong><em>Si</em></strong></span> <span class='ocrx_word' id='word_1_140' title='bbox 1994 588 2264 657; x_wconf 88' lang='lat' dir='ltr'><strong><em>ejusmodi</em></strong></span> <span class='ocrx_word' id='word_1_141' title='bbox 2308 590 2687 648; x_wconf 88' lang='lat' dir='ltr'><strong><em>documentum</em></strong></span> <span class='ocrx_word' id='word_1_142' title='bbox 2717 595 2983 653; x_wconf 87' lang='lat' dir='ltr'><strong><em>Creatoris</em></strong></span> <span class='ocrx_word' id='word_1_143' title='bbox 3013 607 3113 664; x_wconf 89' lang='lat' dir='ltr'><strong><em>est,</em></strong></span> <span class='ocrx_word' id='word_1_144' title='bbox 3146 603 3266 671; x_wconf 84' lang='lat' dir='ltr'><strong><em>ejus</em></strong></span> <span class='ocrx_word' id='word_1_145' title='bbox 3292 606 3393 659; x_wconf 90' lang='lat' dir='ltr'><strong><em>erit</em></strong></span> <span class='ocrx_word' id='word_1_146' title='bbox 3421 614 3475 660; x_wconf 86' lang='lat' dir='ltr'><strong><em>et</em></strong></span> 
     </span>
    </p>
   </div>
   <div class='ocr_carea' id='block_1_20' title="bbox 1887 679 3473 758">
    <p class='ocr_par' dir='ltr' id='par_1_20' title="bbox 1887 679 3473 758">
     <span class='ocr_line' id='line_1_20' title="bbox 1887 679 3473 758; baseline 0.011 -27"><span class='ocrx_word' id='word_1_147' title='bbox 1887 685 2250 748; x_wconf 64' lang='lat' dir='ltr'><strong><em>praeceptum,</em></strong></span> <span class='ocrx_word' id='word_1_148' title='bbox 2317 679 2471 748; x_wconf 83' lang='lat' dir='ltr'><strong><em>cujus</em></strong></span> <span class='ocrx_word' id='word_1_149' title='bbox 2536 684 2810 751; x_wconf 63' lang='lat' dir='ltr'><strong><em>praecessit</em></strong></span> <span class='ocrx_word' id='word_1_150' title='bbox 2866 687 3216 758; x_wconf 88' lang='lat' dir='ltr'><strong><em>exemplum.</em></strong></span> <span class='ocrx_word' id='word_1_151' title='bbox 3262 694 3473 748; x_wconf 82' lang='lat' dir='ltr'><strong><em>Balaam</em></strong></span> 
     </span>
    </p>
   </div>
   <div class='ocr_carea' id='block_1_21' title="bbox 1887 764 3474 854">
    <p class='ocr_par' dir='ltr' id='par_1_21' title="bbox 1887 764 3474 854">
     <span class='ocr_line' id='line_1_21' title="bbox 1887 764 3474 854; baseline 0.011 -36"><span class='ocrx_word' id='word_1_152' title='bbox 1887 765 2178 854; x_wconf 86' lang='lat' dir='ltr'><strong><em>prophetes</em></strong></span> <span class='ocrx_word' id='word_1_153' title='bbox 2208 764 2260 819; x_wconf 91' lang='lat' dir='ltr'><strong><em>in</em></strong></span> <span class='ocrx_word' id='word_1_154' title='bbox 2292 765 2553 822; x_wconf 88' lang='lat' dir='ltr'><strong><em>Arithmis</em></strong></span> <span class='ocrx_word' id='word_1_155' title='bbox 2580 769 2769 838; x_wconf 86' lang='lat' dir='ltr'><strong><em>(Num.</em></strong></span> <span class='ocrx_word' id='word_1_156' title='bbox 2792 772 2960 843; x_wconf 71' lang='grc' dir='ltr'><strong><em>χχιι),</em></strong></span> <span class='ocrx_word' id='word_1_157' title='bbox 2984 776 3323 835; x_wconf 87' lang='lat' dir='ltr'><strong><em>arcessitusa</em></strong></span> <span class='ocrx_word' id='word_1_158' title='bbox 3347 797 3474 854; x_wconf 87' lang='lat' dir='ltr'><strong><em>rege</em></strong></span> 
     </span>
    </p>
   </div>
   <div class='ocr_carea' id='block_1_22' title="bbox 1889 852 3478 938">
    <p class='ocr_par' dir='ltr' id='par_1_22' title="bbox 1889 852 3478 938">
     <span class='ocr_line' id='line_1_22' title="bbox 1889 852 3478 938; baseline 0.01 -30"><span class='ocrx_word' id='word_1_159' title='bbox 1889 852 2082 909; x_wconf 89' lang='lat' dir='ltr'><strong><em>Balach</em></strong></span> <span class='ocrx_word' id='word_1_160' title='bbox 2113 854 2181 908; x_wconf 90' lang='lat' dir='ltr'><strong><em>ad</em></strong></span> <span class='ocrx_word' id='word_1_161' title='bbox 2210 854 2637 910; x_wconf 90' lang='lat' dir='ltr'><strong><em>maledicendum</em></strong></span> <span class='ocrx_word' id='word_1_162' title='bbox 2692 859 2968 928; x_wconf 89' lang='lat' dir='ltr'><strong><em>Israelem,</em></strong></span> <span class='ocrx_word' id='word_1_163' title='bbox 3026 878 3152 919; x_wconf 91' lang='lat' dir='ltr'><strong><em>cum</em></strong></span> <span class='ocrx_word' id='word_1_164' title='bbox 3174 881 3281 937; x_wconf 88' lang='lat' dir='ltr'><strong><em>quo</em></strong></span> <span class='ocrx_word' id='word_1_165' title='bbox 3339 852 3478 938; x_wconf 72' lang='lat' dir='ltr'><strong><em>prae-</em></strong></span> 
     </span>
    </p>
   </div>
   <div class='ocr_carea' id='block_1_23' title="bbox 1886 939 3479 1026">
    <p class='ocr_par' dir='ltr' id='par_1_23' title="bbox 1886 939 3479 1026">
     <span class='ocr_line' id='line_1_23' title="bbox 1886 939 3479 1026; baseline 0.012 -33"><span class='ocrx_word' id='word_1_166' title='bbox 1886 939 2021 995; x_wconf 90' lang='lat' dir='ltr'><strong><em>lium</em></strong></span> <span class='ocrx_word' id='word_1_167' title='bbox 2049 940 2236 1007; x_wconf 87' lang='lat' dir='ltr'><strong><em>inibat,</em></strong></span> <span class='ocrx_word' id='word_1_168' title='bbox 2268 940 2428 997; x_wconf 88' lang='lat' dir='ltr'><strong><em>simul</em></strong></span> <span class='ocrx_word' id='word_1_169' title='bbox 2458 942 2663 1015; x_wconf 89' lang='lat' dir='ltr'><strong><em>Spiritu</em></strong></span> <span class='ocrx_word' id='word_1_170' title='bbox 2692 946 3045 1019; x_wconf 88' lang='lat' dir='ltr'><strong><em>implebatur;</em></strong></span> <span class='ocrx_word' id='word_1_171' title='bbox 3084 968 3195 1008; x_wconf 90' lang='lat' dir='ltr'><strong><em>non</em></strong></span> <span class='ocrx_word' id='word_1_172' title='bbox 3220 956 3287 1009; x_wconf 90' lang='lat' dir='ltr'><strong><em>ad</em></strong></span> <span class='ocrx_word' id='word_1_173' title='bbox 3319 973 3479 1026; x_wconf 88' lang='lat' dir='ltr'><strong><em>quam</em></strong></span> 
     </span>
    </p>
   </div>
   <div class='ocr_carea' id='block_1_24' title="bbox 1885 1030 3481 1113">
    <p class='ocr_par' dir='ltr' id='par_1_24' title="bbox 1885 1030 3481 1113">
     <span class='ocr_line' id='line_1_24' title="bbox 1885 1030 3481 1113; baseline 0.009 -28"><span class='ocrx_word' id='word_1_174' title='bbox 1885 1037 2111 1085; x_wconf 82' lang='lat' dir='ltr'><strong><em>venerat</em></strong></span> <span class='ocrx_word' id='word_1_175' title='bbox 2162 1030 2613 1098; x_wconf 86' lang='lat' dir='ltr'><strong><em>maledictionem,</em></strong></span> <span class='ocrx_word' id='word_1_176' title='bbox 2675 1035 2771 1089; x_wconf 90' lang='lat' dir='ltr'><strong><em>sed</em></strong></span> <span class='ocrx_word' id='word_1_177' title='bbox 2821 1051 2983 1108; x_wconf 91' lang='lat' dir='ltr'><strong><em>quam</em></strong></span> <span class='ocrx_word' id='word_1_178' title='bbox 3033 1039 3110 1095; x_wconf 90' lang='lat' dir='ltr'><strong><em>illi</em></strong></span> <span class='ocrx_word' id='word_1_179' title='bbox 3166 1040 3285 1113; x_wconf 87' lang='lat' dir='ltr'><strong><em>ipsa</em></strong></span> <span class='ocrx_word' id='word_1_180' title='bbox 3346 1046 3481 1100; x_wconf 87' lang='lat' dir='ltr'><strong><em>hora</em></strong></span> 
     </span>
    </p>
   </div>
   <div class='ocr_carea' id='block_1_25' title="bbox 1887 1117 3475 1201">
    <p class='ocr_par' dir='ltr' id='par_1_25' title="bbox 1887 1117 3475 1201">
     <span class='ocr_line' id='line_1_25' title="bbox 1887 1117 3475 1201; baseline 0.009 -28"><span class='ocrx_word' id='word_1_181' title='bbox 1887 1117 2123 1188; x_wconf 87' lang='lat' dir='ltr'><strong><em>Spiritus</em></strong></span> <span class='ocrx_word' id='word_1_182' title='bbox 2178 1120 2528 1194; x_wconf 79' lang='lat' dir='ltr'><strong><em>suggerebat,</em></strong></span> <span class='ocrx_word' id='word_1_183' title='bbox 2588 1122 3015 1181; x_wconf 81' lang='lat' dir='ltr'><strong><em>benedictionem</em></strong></span> <span class='ocrx_word' id='word_1_184' title='bbox 3078 1133 3475 1201; x_wconf 88' lang='lat' dir='ltr'><strong><em>pronuntiabat,</em></strong></span> 
     </span>
    </p>
   </div>
   <div class='ocr_carea' id='block_1_26' title="bbox 1887 1205 3483 1287">
    <p class='ocr_par' dir='ltr' id='par_1_26' title="bbox 1887 1205 3483 1287">
     <span class='ocr_line' id='line_1_26' title="bbox 1887 1205 3483 1287; baseline 0.011 -27"><span class='ocrx_word' id='word_1_185' title='bbox 1887 1213 2009 1260; x_wconf 87' lang='lat' dir='ltr'><strong><em>ante</em></strong></span> <span class='ocrx_word' id='word_1_186' title='bbox 2065 1205 2341 1275; x_wconf 89' lang='lat' dir='ltr'><strong><em>professus</em></strong></span> <span class='ocrx_word' id='word_1_187' title='bbox 2388 1208 2530 1279; x_wconf 89' lang='lat' dir='ltr'><strong><em>apud</em></strong></span> <span class='ocrx_word' id='word_1_188' title='bbox 2576 1211 2793 1267; x_wconf 90' lang='lat' dir='ltr'><strong><em>nuntios</em></strong></span> <span class='ocrx_word' id='word_1_189' title='bbox 2839 1214 3020 1285; x_wconf 90' lang='lat' dir='ltr'><strong><em>regios</em></strong></span> <span class='ocrx_word' id='word_1_190' title='bbox 3062 1217 3131 1287; x_wconf 84' lang='lat'><strong><em>59,</em></strong></span> <span class='ocrx_word' id='word_1_191' title='bbox 3164 1235 3292 1276; x_wconf 87' lang='lat' dir='ltr'><strong><em>mox</em></strong></span> <span class='ocrx_word' id='word_1_192' title='bbox 3320 1220 3483 1277; x_wconf 88' lang='lat' dir='ltr'><strong><em>etiam</em></strong></span> 
     </span>
    </p>
   </div>
   <div class='ocr_carea' id='block_1_27' title="bbox 1889 1293 3482 1377">
    <p class='ocr_par' dir='ltr' id='par_1_27' title="bbox 1889 1293 3482 1377">
     <span class='ocr_line' id='line_1_27' title="bbox 1889 1293 3482 1377; baseline 0.009 -28"><span class='ocrx_word' id='word_1_193' title='bbox 1889 1295 2028 1366; x_wconf 90' lang='lat' dir='ltr'><strong><em>apud</em></strong></span> <span class='ocrx_word' id='word_1_194' title='bbox 2062 1293 2259 1364; x_wconf 89' lang='lat' dir='ltr'><strong><em>ipsum,</em></strong></span> <span class='ocrx_word' id='word_1_195' title='bbox 2319 1295 2369 1349; x_wconf 90' lang='lat' dir='ltr'><strong><em>id</em></strong></span> <span class='ocrx_word' id='word_1_196' title='bbox 2417 1312 2478 1352; x_wconf 90' lang='lat' dir='ltr'><strong><em>se</em></strong></span> <span class='ocrx_word' id='word_1_197' title='bbox 2533 1300 3007 1368; x_wconf 84' lang='lat' dir='ltr'><strong><em>pronuntiaturum</em></strong></span> <span class='ocrx_word' id='word_1_198' title='bbox 3054 1307 3199 1377; x_wconf 91' lang='lat' dir='ltr'><strong><em>quod</em></strong></span> <span class='ocrx_word' id='word_1_199' title='bbox 3228 1309 3372 1364; x_wconf 88' lang='lat' dir='ltr'><strong><em>Deus</em></strong></span> <span class='ocrx_word' id='word_1_200' title='bbox 3400 1310 3482 1366; x_wconf 88' lang='lat' dir='ltr'><strong><em>ori</em></strong></span> 
     </span>
    </p>
   </div>
   <div class='ocr_carea' id='block_1_28' title="bbox 1886 1382 3482 1454">
    <p class='ocr_par' dir='ltr' id='par_1_28' title="bbox 1886 1382 3482 1454">
     <span class='ocr_line' id='line_1_28' title="bbox 1886 1382 3482 1454; baseline 0.008 -13"><span class='ocrx_word' id='word_1_201' title='bbox 1886 1385 2008 1454; x_wconf 86' lang='lat' dir='ltr'><strong><em>ejus</em></strong></span> <span class='ocrx_word' id='word_1_202' title='bbox 2036 1382 2338 1439; x_wconf 85' lang='lat' dir='ltr'><strong><em>indidisset.</em></strong></span> <span class='ocrx_word' id='word_1_203' title='bbox 2384 1385 2477 1440; x_wconf 68' lang='lat' dir='ltr'><strong><em>Hae</em></strong></span> <span class='ocrx_word' id='word_1_204' title='bbox 2506 1394 2633 1443; x_wconf 91' lang='lat' dir='ltr'><strong><em>sunt</em></strong></span> <span class='ocrx_word' id='word_1_205' title='bbox 2669 1403 2823 1445; x_wconf 67' lang='lat' dir='ltr'><strong><em>novat</em></strong></span> <span class='ocrx_word' id='word_1_206' title='bbox 2860 1391 3119 1449; x_wconf 67' lang='lat' dir='ltr'><strong><em>doctrina:</em></strong></span> <span class='ocrx_word' id='word_1_207' title='bbox 3154 1396 3283 1451; x_wconf 88' lang='lat' dir='ltr'><strong><em>novi</em></strong></span> <span class='ocrx_word' id='word_1_208' title='bbox 3321 1397 3482 1454; x_wconf 89' lang='lat' dir='ltr'><strong><em>Chri-</em></strong></span> 
     </span>
    </p>
   </div>
   <div class='ocr_carea' id='block_1_29' title="bbox 1889 1472 3484 1544">
    <p class='ocr_par' dir='ltr' id='par_1_29' title="bbox 1889 1472 3484 1544">
     <span class='ocr_line' id='line_1_29' title="bbox 1889 1472 3484 1544; baseline 0.01 -18"><span class='ocrx_word' id='word_1_209' title='bbox 1889 1473 1980 1538; x_wconf 89' lang='lat' dir='ltr'><strong><em>sti,</em></strong></span> <span class='ocrx_word' id='word_1_210' title='bbox 2012 1488 2147 1543; x_wconf 88' lang='lat' dir='ltr'><strong><em>quas</em></strong></span> <span class='ocrx_word' id='word_1_211' title='bbox 2202 1472 2331 1528; x_wconf 90' lang='lat' dir='ltr'><strong><em>olim</em></strong></span> <span class='ocrx_word' id='word_1_212' title='bbox 2374 1472 2557 1529; x_wconf 88' lang='lat' dir='ltr'><strong><em>famuli</em></strong></span> <span class='ocrx_word' id='word_1_213' title='bbox 2606 1476 2877 1534; x_wconf 87' lang='lat' dir='ltr'><strong><em>Creatoris</em></strong></span> <span class='ocrx_word' id='word_1_214' title='bbox 2923 1480 3290 1540; x_wconf 90' lang='lat' dir='ltr'><strong><em>initiaverunt.</em></strong></span> <span class='ocrx_word' id='word_1_215' title='bbox 3350 1487 3484 1544; x_wconf 83' lang='lat' dir='ltr'><strong><em>Ecce</em></strong></span> 
     </span>
    </p>
   </div>
   <div class='ocr_carea' id='block_1_30' title="bbox 1889 1558 3484 1647">
    <p class='ocr_par' dir='ltr' id='par_1_30' title="bbox 1889 1558 3484 1647">
     <span class='ocr_line' id='line_1_30' title="bbox 1889 1558 3484 1647; baseline 0.01 -32"><span class='ocrx_word' id='word_1_216' title='bbox 1889 1558 2050 1632; x_wconf 88' lang='lat' dir='ltr'><strong><em>plane</em></strong></span> <span class='ocrx_word' id='word_1_217' title='bbox 2078 1558 2353 1615; x_wconf 88' lang='lat' dir='ltr'><strong><em>diversum</em></strong></span> <span class='ocrx_word' id='word_1_218' title='bbox 2389 1562 2698 1633; x_wconf 87' lang='lat' dir='ltr'><strong><em>exemplum</em></strong></span> <span class='ocrx_word' id='word_1_219' title='bbox 2733 1566 2909 1637; x_wconf 85' lang='lat' dir='ltr'><strong><em>Moysi</em></strong></span> <span class='ocrx_word' id='word_1_220' title='bbox 2935 1575 2988 1623; x_wconf 92' lang='lat' dir='ltr'><strong><em>et</em></strong></span> <span class='ocrx_word' id='word_1_221' title='bbox 3018 1570 3235 1647; x_wconf 84' lang='lat' dir='ltr'><strong><em>Christi.</em></strong></span> <span class='ocrx_word' id='word_1_222' title='bbox 3266 1574 3484 1647; x_wconf 86' lang='lat' dir='ltr'><strong><em>Moyses</em></strong></span> 
     </span>
    </p>
   </div>
   <div class='ocr_carea' id='block_1_31' title="bbox 1891 1643 3482 1733">
    <p class='ocr_par' dir='ltr' id='par_1_31' title="bbox 1891 1643 3482 1733">
     <span class='ocr_line' id='line_1_31' title="bbox 1891 1643 3482 1733; baseline 0.01 -29"><span class='ocrx_word' id='word_1_223' title='bbox 1891 1647 2187 1705; x_wconf 87' lang='lat' dir='ltr'><strong><em>rixantibus</em></strong></span> <span class='ocrx_word' id='word_1_224' title='bbox 2224 1647 2481 1703; x_wconf 80' lang='lat' dir='ltr'><strong><em>fratribus</em></strong></span> <span class='ocrx_word' id='word_1_225' title='bbox 2511 1650 2654 1708; x_wconf 89' lang='lat' dir='ltr'><strong><em>ultro</em></strong></span> <span class='ocrx_word' id='word_1_226' title='bbox 2692 1652 2976 1711; x_wconf 87' lang='lat' dir='ltr'><strong><em>intercedit</em></strong></span> <span class='ocrx_word' id='word_1_227' title='bbox 3004 1659 3055 1697; x_wconf 81' lang='grc' dir='ltr'><strong><em>δο</em></strong></span> <span class='ocrx_word' id='word_1_228' title='bbox 3084 1643 3217 1730; x_wconf 77' lang='grc'><strong><em>(24),</em></strong></span> <span class='ocrx_word' id='word_1_229' title='bbox 3248 1643 3482 1733; x_wconf 45' lang='grc' dir='ltr'><strong><em>ίηεῇιιῖιὶο-</em></strong></span> 
     </span>
    </p>
   </div>
   <div class='ocr_carea' id='block_1_32' title="bbox 1892 1737 3484 1822">
    <p class='ocr_par' dir='ltr' id='par_1_32' title="bbox 1892 1737 3484 1822">
     <span class='ocr_line' id='line_1_32' title="bbox 1892 1737 3484 1822; baseline 0.01 -29"><span class='ocrx_word' id='word_1_230' title='bbox 1892 1754 2015 1796; x_wconf 91' lang='lat' dir='ltr'><strong><em>sum</em></strong></span> <span class='ocrx_word' id='word_1_231' title='bbox 2043 1737 2282 1808; x_wconf 85' lang='lat' dir='ltr'><strong><em>increpat</em></strong></span> <span class='ocrx_word' id='word_1_232' title='bbox 2312 1753 2326 1792; x_wconf 88' lang='lat'><strong>:</strong></span> <span class='ocrx_word' id='word_1_233' title='bbox 2365 1737 2509 1806; x_wconf 86' lang='lat' dir='ltr'><strong><em>Quid</em></strong></span> <span class='ocrx_word' id='word_1_234' title='bbox 2526 1743 2859 1811; x_wconf 70' lang='lat' dir='ltr'><strong><em>proximum</em></strong></span> <span class='ocrx_word' id='word_1_235' title='bbox 2883 1742 3052 1801; x_wconf 70' lang='lat'><strong><em>432</em></strong></span> <span class='ocrx_word' id='word_1_236' title='bbox 3084 1751 3250 1805; x_wconf 88' lang='lat' dir='ltr'><strong><em>tuum</em></strong></span> <span class='ocrx_word' id='word_1_237' title='bbox 3274 1768 3484 1822; x_wconf 85' lang='lat' dir='ltr'><strong><em>percu-</em></strong></span> 
     </span>
    </p>
   </div>
   <div class='ocr_carea' id='block_1_33' title="bbox 208 1806 3486 1913">
    <p class='ocr_par' dir='ltr' id='par_1_33' title="bbox 208 1806 3486 1913">
     <span class='ocr_line' id='line_1_33' title="bbox 208 1806 3486 1913; baseline 0.004 -27"><span class='ocrx_word' id='word_1_238' title='bbox 208 1831 430 1896; x_wconf 87' lang='lat' dir='ltr'><strong><em>sionem,</em></strong></span> <span class='ocrx_word' id='word_1_239' title='bbox 456 1837 513 1883; x_wconf 87' lang='lat' dir='ltr'><strong><em>ut</em></strong></span> <span class='ocrx_word' id='word_1_240' title='bbox 539 1806 1340 1898; x_wconf 69' lang='lat' dir='ltr'><strong><em>subjungeretsubstruendam</em></strong></span> <span class='ocrx_word' id='word_1_241' title='bbox 1367 1825 1417 1863; x_wconf 71' lang='grc'><strong><em>⁵4</em></strong></span> <span class='ocrx_word' id='word_1_242' title='bbox 1446 1822 1606 1880; x_wconf 72' lang='lat'><strong><em>43:</em></strong></span> <span class='ocrx_word' id='word_1_243' title='bbox 1654 1839 1786 1882; x_wconf 89' lang='lat' dir='ltr'><strong><em>con-</em></strong></span> <span class='ocrx_word' id='word_1_244' title='bbox 1820 1806 1864 1883; x_wconf 78' lang='grc' dir='ltr'><strong>Β</strong></span> <span class='ocrx_word' id='word_1_245' title='bbox 1897 1830 2016 1884; x_wconf 81' lang='lat' dir='ltr'><strong><em>tis?</em></strong></span> <span class='ocrx_word' id='word_1_246' title='bbox 2054 1834 2108 1881; x_wconf 88' lang='lat' dir='ltr'><strong><em>et</em></strong></span> <span class='ocrx_word' id='word_1_247' title='bbox 2145 1806 2389 1895; x_wconf 80' lang='lat' dir='ltr'><strong><em>rejicitur</em></strong></span> <span class='ocrx_word' id='word_1_248' title='bbox 2426 1827 2494 1881; x_wconf 85' lang='lat' dir='ltr'><strong><em>ab</em></strong></span> <span class='ocrx_word' id='word_1_249' title='bbox 2526 1806 2618 1882; x_wconf 81' lang='lat' dir='ltr'><strong><em>illo</em></strong></span> <span class='ocrx_word' id='word_1_250' title='bbox 2653 1846 2666 1883; x_wconf 91' lang='lat'>:</span> <span class='ocrx_word' id='word_1_251' title='bbox 2708 1831 2840 1898; x_wconf 90' lang='lat' dir='ltr'><strong><em>Quis</em></strong></span> <span class='ocrx_word' id='word_1_252' title='bbox 2885 1837 2939 1888; x_wconf 89' lang='lat' dir='ltr'><strong><em>te</em></strong></span> <span class='ocrx_word' id='word_1_253' title='bbox 2967 1806 3486 1913; x_wconf 45' lang='lat' dir='ltr'><strong><em>constituit‘magi-</em></strong></span> 
     </span>
    </p>
   </div>
   <div class='ocr_carea' id='block_1_34' title="bbox 208 1914 1790 1986">
    <p class='ocr_par' dir='ltr' id='par_1_34' title="bbox 208 1914 1790 1986">
     <span class='ocr_line' id='line_1_34' title="bbox 208 1914 1790 1986; baseline -0.002 -13"><span class='ocrx_word' id='word_1_254' title='bbox 208 1919 485 1975; x_wconf 83' lang='lat' dir='ltr'><strong><em>fessionem</em></strong></span> <span class='ocrx_word' id='word_1_255' title='bbox 513 1935 530 1970; x_wconf 72' lang='grc' dir='ltr'>ι</span> <span class='ocrx_word' id='word_1_256' title='bbox 564 1918 627 1971; x_wconf 84' lang='lat' dir='ltr'><strong><em>Et</em></strong></span> <span class='ocrx_word' id='word_1_257' title='bbox 655 1916 840 1974; x_wconf 86' lang='lat' dir='ltr'><strong><em>omnis</em></strong></span> <span class='ocrx_word' id='word_1_258' title='bbox 889 1916 986 1986; x_wconf 86' lang='lat' dir='ltr'><strong><em>qui</em></strong></span> <span class='ocrx_word' id='word_1_259' title='bbox 1014 1914 1303 1985; x_wconf 81' lang='lat' dir='ltr'><strong><em>negaverit</em></strong></span> <span class='ocrx_word' id='word_1_260' title='bbox 1328 1928 1419 1968; x_wconf 86' lang='lat' dir='ltr'><strong><em>me</em></strong></span> <span class='ocrx_word' id='word_1_261' title='bbox 1451 1929 1642 1970; x_wconf 86' lang='lat' dir='ltr'><strong><em>coram</em></strong></span> <span class='ocrx_word' id='word_1_262' title='bbox 1688 1914 1790 1970; x_wconf 87' lang='lat' dir='ltr'><strong><em>ho-</em></strong></span> 
     </span>
    </p>
   </div>
   <div class='ocr_carea' id='block_1_35' title="bbox 215 2001 1787 2081">
    <p class='ocr_par' dir='ltr' id='par_1_35' title="bbox 215 2001 1787 2081">
     <span class='ocr_line' id='line_1_35' title="bbox 215 2001 1787 2081; baseline -0.005 -17"><span class='ocrx_word' id='word_1_263' title='bbox 215 2007 472 2071; x_wconf 86' lang='lat' dir='ltr'><strong><em>minibus,</em></strong></span> <span class='ocrx_word' id='word_1_264' title='bbox 501 2004 859 2077; x_wconf 80' lang='lat' dir='ltr'><strong><em>denegabitur</em></strong></span> <span class='ocrx_word' id='word_1_265' title='bbox 887 2018 1077 2059; x_wconf 87' lang='lat' dir='ltr'><strong><em>coram</em></strong></span> <span class='ocrx_word' id='word_1_266' title='bbox 1104 2005 1211 2059; x_wconf 89' lang='lat' dir='ltr'><strong><em>Deo</em></strong></span> <span class='ocrx_word' id='word_1_267' title='bbox 1235 2022 1254 2070; x_wconf 83' lang='lat'><strong><em>,-</em></strong></span> <span class='ocrx_word' id='word_1_268' title='bbox 1276 2002 1343 2057; x_wconf 90' lang='lat' dir='ltr'><strong><em>ab</em></strong></span> <span class='ocrx_word' id='word_1_269' title='bbox 1372 2016 1439 2057; x_wconf 93' lang='lat' dir='ltr'><strong><em>eo</em></strong></span> <span class='ocrx_word' id='word_1_270' title='bbox 1468 2001 1658 2073; x_wconf 89' lang='lat' dir='ltr'><strong><em>utique</em></strong></span> <span class='ocrx_word' id='word_1_271' title='bbox 1695 2003 1787 2081; x_wconf 77' lang='lat' dir='ltr'><strong><em>qui</em></strong></span> 
     </span>
    </p>
   </div>
   <div class='ocr_carea' id='block_1_36' title="bbox 204 2090 1787 2154">
    <p class='ocr_par' dir='ltr' id='par_1_36' title="bbox 204 2090 1787 2154">
     <span class='ocr_line' id='line_1_36' title="bbox 204 2090 1787 2154; baseline -0.004 -2"><span class='ocrx_word' id='word_1_272' title='bbox 204 2096 353 2154; x_wconf 85' lang='lat' dir='ltr'><strong><em>illum</em></strong></span> <span class='ocrx_word' id='word_1_273' title='bbox 398 2094 736 2152; x_wconf 82' lang='lat' dir='ltr'><strong><em>confitentem</em></strong></span> <span class='ocrx_word' id='word_1_274' title='bbox 808 2092 1160 2149; x_wconf 89' lang='lat' dir='ltr'><strong><em>confessurus</em></strong></span> <span class='ocrx_word' id='word_1_275' title='bbox 1234 2090 1444 2147; x_wconf 80' lang='lat' dir='ltr'><strong><em>fuisset.</em></strong></span> <span class='ocrx_word' id='word_1_276' title='bbox 1516 2090 1574 2145; x_wconf 87' lang='lat' dir='ltr'><strong><em>Si</em></strong></span> <span class='ocrx_word' id='word_1_277' title='bbox 1644 2090 1787 2148; x_wconf 91' lang='lat' dir='ltr'><strong><em>enim</em></strong></span> 
     </span>
    </p>
   </div>
   <div class='ocr_carea' id='block_1_37' title="bbox 201 2180 1785 2253">
    <p class='ocr_par' dir='ltr' id='par_1_37' title="bbox 201 2180 1785 2253">
     <span class='ocr_line' id='line_1_37' title="bbox 201 2180 1785 2253; baseline -0.006 -10"><span class='ocrx_word' id='word_1_278' title='bbox 201 2186 561 2243; x_wconf 84' lang='lat' dir='ltr'><strong><em>confessorem</em></strong></span> <span class='ocrx_word' id='word_1_279' title='bbox 589 2182 952 2248; x_wconf 86' lang='lat' dir='ltr'><strong><em>confitebitur,</em></strong></span> <span class='ocrx_word' id='word_1_280' title='bbox 982 2182 1096 2252; x_wconf 90' lang='lat' dir='ltr'><strong><em>ipse</em></strong></span> <span class='ocrx_word' id='word_1_281' title='bbox 1134 2188 1219 2236; x_wconf 89' lang='lat' dir='ltr'><strong><em>est</em></strong></span> <span class='ocrx_word' id='word_1_282' title='bbox 1262 2180 1355 2253; x_wconf 87' lang='lat' dir='ltr'><strong><em>qui</em></strong></span> <span class='ocrx_word' id='word_1_283' title='bbox 1388 2188 1443 2236; x_wconf 88' lang='lat' dir='ltr'><strong><em>et</em></strong></span> <span class='ocrx_word' id='word_1_284' title='bbox 1469 2188 1785 2253; x_wconf 85' lang='lat' dir='ltr'><strong><em>negatorem</em></strong></span> 
     </span>
    </p>
   </div>
   <div class='ocr_carea' id='block_1_38' title="bbox 200 2269 1785 2347">
    <p class='ocr_par' dir='ltr' id='par_1_38' title="bbox 200 2269 1785 2347">
     <span class='ocr_line' id='line_1_38' title="bbox 200 2269 1785 2347; baseline -0.003 -17"><span class='ocrx_word' id='word_1_285' title='bbox 200 2275 431 2347; x_wconf 75' lang='lat' dir='ltr'><strong><em>negabit.</em></strong></span> <span class='ocrx_word' id='word_1_286' title='bbox 492 2275 681 2339; x_wconf 88' lang='lat' dir='ltr'><strong><em>Porro,</em></strong></span> <span class='ocrx_word' id='word_1_287' title='bbox 728 2272 775 2327; x_wconf 90' lang='lat' dir='ltr'><strong><em>si</em></strong></span> <span class='ocrx_word' id='word_1_288' title='bbox 825 2271 1105 2327; x_wconf 83' lang='lat' dir='ltr'><strong><em>confessor</em></strong></span> <span class='ocrx_word' id='word_1_289' title='bbox 1150 2277 1252 2337; x_wconf 88' lang='lat' dir='ltr'><strong><em>est,</em></strong></span> <span class='ocrx_word' id='word_1_290' title='bbox 1300 2270 1390 2326; x_wconf 90' lang='lat' dir='ltr'><strong><em>cui</em></strong></span> <span class='ocrx_word' id='word_1_291' title='bbox 1429 2269 1562 2325; x_wconf 89' lang='lat' dir='ltr'><strong><em>nihil</em></strong></span> <span class='ocrx_word' id='word_1_292' title='bbox 1592 2270 1785 2326; x_wconf 89' lang='lat' dir='ltr'><strong><em>timen-</em></strong></span> 
     </span>
    </p>
   </div>
   <div class='ocr_carea' id='block_1_39' title="bbox 199 2357 1788 2434">
    <p class='ocr_par' dir='ltr' id='par_1_39' title="bbox 199 2357 1788 2434">
     <span class='ocr_line' id='line_1_39' title="bbox 199 2357 1788 2434; baseline -0.005 -14"><span class='ocrx_word' id='word_1_293' title='bbox 199 2365 323 2423; x_wconf 89' lang='lat' dir='ltr'><strong><em>dum</em></strong></span> <span class='ocrx_word' id='word_1_294' title='bbox 379 2371 464 2420; x_wconf 90' lang='lat' dir='ltr'><strong><em>est</em></strong></span> <span class='ocrx_word' id='word_1_295' title='bbox 515 2368 643 2434; x_wconf 86' lang='lat' dir='ltr'><strong><em>post</em></strong></span> <span class='ocrx_word' id='word_1_296' title='bbox 678 2358 1029 2428; x_wconf 88' lang='lat' dir='ltr'><strong><em>occisionem,</em></strong></span> <span class='ocrx_word' id='word_1_297' title='bbox 1059 2364 1286 2433; x_wconf 79' lang='lat' dir='ltr'><strong><em>negator</em></strong></span> <span class='ocrx_word' id='word_1_298' title='bbox 1313 2357 1416 2413; x_wconf 88' lang='lat' dir='ltr'><strong><em>erit</em></strong></span> <span class='ocrx_word' id='word_1_299' title='bbox 1462 2357 1550 2413; x_wconf 87' lang='lat' dir='ltr'><strong><em>cui</em></strong></span> <span class='ocrx_word' id='word_1_300' title='bbox 1593 2357 1788 2413; x_wconf 90' lang='lat' dir='ltr'><strong><em>timen-</em></strong></span> 
     </span>
    </p>
   </div>
   <div class='ocr_carea' id='block_1_40' title="bbox 198 2446 1787 2521">
    <p class='ocr_par' dir='ltr' id='par_1_40' title="bbox 198 2446 1787 2521">
     <span class='ocr_line' id='line_1_40' title="bbox 198 2446 1787 2521; baseline -0.006 -11"><span class='ocrx_word' id='word_1_301' title='bbox 198 2455 319 2510; x_wconf 88' lang='lat' dir='ltr'><strong><em>dum</em></strong></span> <span class='ocrx_word' id='word_1_302' title='bbox 346 2460 433 2509; x_wconf 88' lang='lat' dir='ltr'><strong><em>est</em></strong></span> <span class='ocrx_word' id='word_1_303' title='bbox 461 2452 620 2508; x_wconf 88' lang='lat' dir='ltr'><strong><em>etiam</em></strong></span> <span class='ocrx_word' id='word_1_304' title='bbox 669 2458 792 2521; x_wconf 90' lang='lat' dir='ltr'><strong><em>post</em></strong></span> <span class='ocrx_word' id='word_1_305' title='bbox 831 2456 1083 2505; x_wconf 88' lang='lat' dir='ltr'><strong><em>mortem.</em></strong></span> <span class='ocrx_word' id='word_1_306' title='bbox 1128 2449 1309 2519; x_wconf 82' lang='lat' dir='ltr'><strong><em>Itaque</em></strong></span> <span class='ocrx_word' id='word_1_307' title='bbox 1353 2462 1477 2503; x_wconf 90' lang='lat' dir='ltr'><strong><em>cum</em></strong></span> <span class='ocrx_word' id='word_1_308' title='bbox 1520 2446 1787 2503; x_wconf 88' lang='lat' dir='ltr'><strong><em>Creatoris</em></strong></span> 
     </span>
    </p>
   </div>
   <div class='ocr_carea' id='block_1_41' title="bbox 198 2537 1786 2616">
    <p class='ocr_par' dir='ltr' id='par_1_41' title="bbox 198 2537 1786 2616">
     <span class='ocr_line' id='line_1_41' title="bbox 198 2537 1786 2616; baseline -0.005 -17"><span class='ocrx_word' id='word_1_309' title='bbox 198 2545 265 2601; x_wconf 86' lang='lat' dir='ltr'><strong><em>sit</em></strong></span> <span class='ocrx_word' id='word_1_310' title='bbox 303 2544 452 2616; x_wconf 74' lang='lat' dir='ltr'><strong><em>quod</em></strong></span> <span class='ocrx_word' id='word_1_311' title='bbox 487 2544 787 2598; x_wconf 89' lang='lat' dir='ltr'><strong><em>timendum</em></strong></span> <span class='ocrx_word' id='word_1_312' title='bbox 815 2548 898 2596; x_wconf 92' lang='lat' dir='ltr'><strong><em>est</em></strong></span> <span class='ocrx_word' id='word_1_313' title='bbox 932 2546 1058 2610; x_wconf 92' lang='lat' dir='ltr'><strong><em>post</em></strong></span> <span class='ocrx_word' id='word_1_314' title='bbox 1104 2546 1351 2604; x_wconf 90' lang='lat' dir='ltr'><strong><em>mortem,</em></strong></span> <span class='ocrx_word' id='word_1_315' title='bbox 1383 2538 1647 2610; x_wconf 80' lang='lat' dir='ltr'><strong><em>gehennae</em></strong></span> <span class='ocrx_word' id='word_1_316' title='bbox 1676 2537 1786 2592; x_wconf 91' lang='lat' dir='ltr'><strong><em>sci-</em></strong></span> 
     </span>
    </p>
   </div>
   <div class='ocr_carea' id='block_1_42' title="bbox 198 2625 1786 2705">
    <p class='ocr_par' dir='ltr' id='par_1_42' title="bbox 198 2625 1786 2705">
     <span class='ocr_line' id='line_1_42' title="bbox 198 2625 1786 2705; baseline -0.005 -16"><span class='ocrx_word' id='word_1_317' title='bbox 198 2635 317 2689; x_wconf 88' lang='lat' dir='ltr'><strong><em>licet</em></strong></span> <span class='ocrx_word' id='word_1_318' title='bbox 344 2648 527 2705; x_wconf 72' lang='lat' dir='ltr'><strong><em>pmna,</em></strong></span> <span class='ocrx_word' id='word_1_319' title='bbox 560 2640 616 2686; x_wconf 89' lang='lat' dir='ltr'><strong><em>et</em></strong></span> <span class='ocrx_word' id='word_1_320' title='bbox 641 2638 865 2702; x_wconf 77' lang='lat' dir='ltr'><strong><em>negator</em></strong></span> <span class='ocrx_word' id='word_1_321' title='bbox 919 2644 1048 2699; x_wconf 84' lang='lat' dir='ltr'><strong><em>ergo</em></strong></span> <span class='ocrx_word' id='word_1_322' title='bbox 1086 2626 1356 2683; x_wconf 86' lang='lat' dir='ltr'><strong><em>Creatoris</em></strong></span> <span class='ocrx_word' id='word_1_323' title='bbox 1382 2634 1478 2683; x_wconf 90' lang='lat' dir='ltr'><strong><em>est.</em></strong></span> <span class='ocrx_word' id='word_1_324' title='bbox 1512 2625 1569 2682; x_wconf 91' lang='lat' dir='ltr'><strong><em>Si</em></strong></span> <span class='ocrx_word' id='word_1_325' title='bbox 1608 2634 1786 2683; x_wconf 90' lang='lat' dir='ltr'><strong><em>autem</em></strong></span> 
     </span>
    </p>
   </div>
   <div class='ocr_carea' id='block_1_43' title="bbox 199 2715 1788 2790">
    <p class='ocr_par' dir='ltr' id='par_1_43' title="bbox 199 2715 1788 2790">
     <span class='ocr_line' id='line_1_43' title="bbox 199 2715 1788 2790; baseline -0.006 -13"><span class='ocrx_word' id='word_1_326' title='bbox 199 2729 251 2777; x_wconf 88' lang='lat' dir='ltr'><strong><em>et</em></strong></span> <span class='ocrx_word' id='word_1_327' title='bbox 273 2729 519 2790; x_wconf 84' lang='lat' dir='ltr'><strong><em>negator,</em></strong></span> <span class='ocrx_word' id='word_1_328' title='bbox 550 2731 606 2776; x_wconf 88' lang='lat' dir='ltr'><strong><em>et</em></strong></span> <span class='ocrx_word' id='word_1_329' title='bbox 650 2718 952 2785; x_wconf 87' lang='lat' dir='ltr'><strong><em>confessor,</em></strong></span> <span class='ocrx_word' id='word_1_330' title='bbox 987 2716 1080 2789; x_wconf 90' lang='lat' dir='ltr'><strong><em>qui</em></strong></span> <span class='ocrx_word' id='word_1_331' title='bbox 1108 2723 1231 2789; x_wconf 90' lang='lat' dir='ltr'><strong><em>post</em></strong></span> <span class='ocrx_word' id='word_1_332' title='bbox 1273 2715 1606 2773; x_wconf 89' lang='lat' dir='ltr'><strong><em>occisionem</em></strong></span> <span class='ocrx_word' id='word_1_333' title='bbox 1652 2715 1788 2769; x_wconf 86' lang='lat' dir='ltr'><strong><em>nihil</em></strong></span> 
     </span>
    </p>
   </div>
   <div class='ocr_carea' id='block_1_44' title="bbox 196 2804 1789 2880">
    <p class='ocr_par' dir='ltr' id='par_1_44' title="bbox 196 2804 1789 2880">
     <span class='ocr_line' id='line_1_44' title="bbox 196 2804 1789 2880; baseline -0.004 -15"><span class='ocrx_word' id='word_1_334' title='bbox 196 2810 261 2865; x_wconf 89' lang='lat' dir='ltr'><strong><em>ab</em></strong></span> <span class='ocrx_word' id='word_1_335' title='bbox 286 2810 504 2865; x_wconf 86' lang='lat' dir='ltr'><strong><em>homine</em></strong></span> <span class='ocrx_word' id='word_1_336' title='bbox 548 2824 809 2880; x_wconf 87' lang='lat' dir='ltr'><strong><em>passurus</em></strong></span> <span class='ocrx_word' id='word_1_337' title='bbox 859 2814 960 2874; x_wconf 92' lang='lat' dir='ltr'><strong><em>est,</em></strong></span> <span class='ocrx_word' id='word_1_338' title='bbox 989 2822 1021 2860; x_wconf 90' lang='lat' dir='ltr'><strong><em>a</em></strong></span> <span class='ocrx_word' id='word_1_339' title='bbox 1065 2807 1182 2861; x_wconf 91' lang='lat' dir='ltr'><strong><em>Deo</em></strong></span> <span class='ocrx_word' id='word_1_340' title='bbox 1229 2804 1388 2876; x_wconf 88' lang='lat' dir='ltr'><strong><em>plane</em></strong></span> <span class='ocrx_word' id='word_1_341' title='bbox 1433 2821 1693 2876; x_wconf 88' lang='lat' dir='ltr'><strong><em>passurus</em></strong></span> <span class='ocrx_word' id='word_1_342' title='bbox 1741 2804 1789 2859; x_wconf 90' lang='lat' dir='ltr'><strong><em>si</em></strong></span> 
     </span>
    </p>
   </div>
   <div class='ocr_carea' id='block_1_45' title="bbox 196 2895 1786 2973">
    <p class='ocr_par' dir='ltr' id='par_1_45' title="bbox 196 2895 1786 2973">
     <span class='ocr_line' id='line_1_45' title="bbox 196 2895 1786 2973; baseline -0.003 -18"><span class='ocrx_word' id='word_1_343' title='bbox 196 2907 431 2973; x_wconf 75' lang='lat' dir='ltr'><strong><em>negaret,</em></strong></span> <span class='ocrx_word' id='word_1_344' title='bbox 481 2908 645 2969; x_wconf 88' lang='lat' dir='ltr'><strong><em>atque</em></strong></span> <span class='ocrx_word' id='word_1_345' title='bbox 692 2899 767 2953; x_wconf 90' lang='lat' dir='ltr'><strong><em>ita</em></strong></span> <span class='ocrx_word' id='word_1_346' title='bbox 809 2896 1060 2952; x_wconf 87' lang='lat' dir='ltr'><strong><em>Christus</em></strong></span> <span class='ocrx_word' id='word_1_347' title='bbox 1102 2895 1367 2951; x_wconf 88' lang='lat' dir='ltr'><strong><em>Creatoris</em></strong></span> <span class='ocrx_word' id='word_1_348' title='bbox 1413 2902 1516 2960; x_wconf 92' lang='lat' dir='ltr'><strong><em>est,</em></strong></span> <span class='ocrx_word' id='word_1_349' title='bbox 1555 2895 1648 2967; x_wconf 90' lang='lat' dir='ltr'><strong><em>qui</em></strong></span> <span class='ocrx_word' id='word_1_350' title='bbox 1692 2910 1786 2951; x_wconf 89' lang='lat' dir='ltr'><strong><em>os-</em></strong></span> 
     </span>
    </p>
   </div>
   <div class='ocr_carea' id='block_1_46' title="bbox 197 2983 1788 3058">
    <p class='ocr_par' dir='ltr' id='par_1_46' title="bbox 197 2983 1788 3058">
     <span class='ocr_line' id='line_1_46' title="bbox 197 2983 1788 3058; baseline -0.003 -14"><span class='ocrx_word' id='word_1_351' title='bbox 197 2989 361 3044; x_wconf 86' lang='lat' dir='ltr'><strong><em>tendit</em></strong></span> <span class='ocrx_word' id='word_1_352' title='bbox 408 2996 698 3058; x_wconf 83' lang='lat' dir='ltr'><strong><em>negatores</em></strong></span> <span class='ocrx_word' id='word_1_353' title='bbox 742 3001 873 3043; x_wconf 86' lang='lat' dir='ltr'><strong><em>suos</em></strong></span> <span class='ocrx_word' id='word_1_354' title='bbox 921 2985 1189 3041; x_wconf 87' lang='lat' dir='ltr'><strong><em>Creatoris</em></strong></span> <span class='ocrx_word' id='word_1_355' title='bbox 1243 2985 1546 3055; x_wconf 82' lang='lat' dir='ltr'><strong><em>gehennam</em></strong></span> <span class='ocrx_word' id='word_1_356' title='bbox 1602 2983 1788 3039; x_wconf 89' lang='lat' dir='ltr'><strong><em>timere</em></strong></span> 
     </span>
    </p>
   </div>
   <div class='ocr_carea' id='block_1_47' title="bbox 194 3073 1787 3146">
    <p class='ocr_par' dir='ltr' id='par_1_47' title="bbox 194 3073 1787 3146">
     <span class='ocr_line' id='line_1_47' title="bbox 194 3073 1787 3146; baseline -0.004 -14"><span class='ocrx_word' id='word_1_357' title='bbox 194 3078 409 3135; x_wconf 88' lang='lat' dir='ltr'><strong><em>debere.</em></strong></span> <span class='ocrx_word' id='word_1_358' title='bbox 438 3079 569 3132; x_wconf 90' lang='lat' dir='ltr'><strong><em>Post</em></strong></span> <span class='ocrx_word' id='word_1_359' title='bbox 596 3075 905 3132; x_wconf 88' lang='lat' dir='ltr'><strong><em>deterritam</em></strong></span> <span class='ocrx_word' id='word_1_360' title='bbox 940 3075 1120 3146; x_wconf 85' lang='lat' dir='ltr'><strong><em>itaque</em></strong></span> <span class='ocrx_word' id='word_1_361' title='bbox 1147 3073 1517 3145; x_wconf 81' lang='lat' dir='ltr'><strong><em>negationem,</em></strong></span> <span class='ocrx_word' id='word_1_362' title='bbox 1548 3073 1787 3143; x_wconf 86' lang='lat' dir='ltr'><strong><em>sequitur</em></strong></span> 
     </span>
    </p>
   </div>
   <div class='ocr_carea' id='block_1_48' title="bbox 192 3161 1791 3238">
    <p class='ocr_par' dir='ltr' id='par_1_48' title="bbox 192 3161 1791 3238">
     <span class='ocr_line' id='line_1_48' title="bbox 192 3161 1791 3238; baseline -0.006 -13"><span class='ocrx_word' id='word_1_363' title='bbox 192 3179 247 3225; x_wconf 85' lang='lat' dir='ltr'><strong><em>et</em></strong></span> <span class='ocrx_word' id='word_1_364' title='bbox 272 3166 623 3238; x_wconf 67' lang='lat' dir='ltr'><strong><em>blaSphemiae</em></strong></span> <span class='ocrx_word' id='word_1_365' title='bbox 660 3165 1007 3222; x_wconf 83' lang='lat' dir='ltr'><strong><em>formidandae</em></strong></span> <span class='ocrx_word' id='word_1_366' title='bbox 1044 3161 1342 3218; x_wconf 88' lang='lat' dir='ltr'><strong><em>admonitio</em></strong></span> <span class='ocrx_word' id='word_1_367' title='bbox 1374 3179 1389 3217; x_wconf 89' lang='lat'><strong>:</strong></span> <span class='ocrx_word' id='word_1_368' title='bbox 1438 3162 1541 3230; x_wconf 89' lang='lat' dir='ltr'><strong><em>Qui</em></strong></span> <span class='ocrx_word' id='word_1_369' title='bbox 1578 3161 1791 3217; x_wconf 76' lang='lat' dir='ltr'><strong><em>dixerit</em></strong></span> 
     </span>
    </p>
   </div>
   <div class='ocr_carea' id='block_1_49' title="bbox 196 3253 1794 3325">
    <p class='ocr_par' dir='ltr' id='par_1_49' title="bbox 196 3253 1794 3325">
     <span class='ocr_line' id='line_1_49' title="bbox 196 3253 1794 3325; baseline -0.003 -13"><span class='ocrx_word' id='word_1_370' title='bbox 196 3259 262 3312; x_wconf 84' lang='lat' dir='ltr'><strong><em>in</em></strong></span> <span class='ocrx_word' id='word_1_371' title='bbox 280 3258 491 3314; x_wconf 83' lang='lat' dir='ltr'><strong><em>Filium</em></strong></span> <span class='ocrx_word' id='word_1_372' title='bbox 549 3256 788 3313; x_wconf 85' lang='lat' dir='ltr'><strong><em>hominis</em></strong></span> <span class='ocrx_word' id='word_1_373' title='bbox 850 3253 986 3325; x_wconf 77' lang='lat'><strong><em>(23),</em></strong></span> <span class='ocrx_word' id='word_1_374' title='bbox 1020 3253 1350 3310; x_wconf 87' lang='lat' dir='ltr'><strong><em>remittetur</em></strong></span> <span class='ocrx_word' id='word_1_375' title='bbox 1402 3253 1523 3318; x_wconf 88' lang='lat' dir='ltr'><strong><em>illi;</em></strong></span> <span class='ocrx_word' id='word_1_376' title='bbox 1563 3266 1658 3324; x_wconf 84' lang='lat' dir='ltr'><strong><em>qui</em></strong></span> <span class='ocrx_word' id='word_1_377' title='bbox 1686 3267 1794 3307; x_wconf 85' lang='lat' dir='ltr'><strong><em>au-</em></strong></span> 
     </span>
    </p>
   </div>
   <div class='ocr_carea' id='block_1_50' title="bbox 196 3342 1795 3415">
    <p class='ocr_par' dir='ltr' id='par_1_50' title="bbox 196 3342 1795 3415">
     <span class='ocr_line' id='line_1_50' title="bbox 196 3342 1795 3415; baseline -0.004 -13"><span class='ocrx_word' id='word_1_378' title='bbox 196 3352 310 3405; x_wconf 84' lang='lat' dir='ltr'><strong><em>tem</em></strong></span> <span class='ocrx_word' id='word_1_379' title='bbox 336 3347 613 3403; x_wconf 70' lang='lat' dir='ltr'><strong><em>55darerit</em></strong></span> <span class='ocrx_word' id='word_1_380' title='bbox 636 3346 697 3400; x_wconf 84' lang='lat' dir='ltr'><strong><em>in</em></strong></span> <span class='ocrx_word' id='word_1_381' title='bbox 718 3345 996 3415; x_wconf 85' lang='lat' dir='ltr'><strong><em>Spiritum</em></strong></span> <span class='ocrx_word' id='word_1_382' title='bbox 1022 3347 1304 3407; x_wconf 87' lang='lat' dir='ltr'><strong><em>sanctum,</em></strong></span> <span class='ocrx_word' id='word_1_383' title='bbox 1328 3356 1442 3397; x_wconf 88' lang='lat' dir='ltr'><strong><em>non</em></strong></span> <span class='ocrx_word' id='word_1_384' title='bbox 1461 3342 1795 3398; x_wconf 87' lang='lat' dir='ltr'><strong><em>remittetur</em></strong></span> 
     </span>
    </p>
   </div>
   <div class='ocr_carea' id='block_1_51' title="bbox 194 3429 1795 3506">
    <p class='ocr_par' dir='ltr' id='par_1_51' title="bbox 194 3429 1795 3506">
     <span class='ocr_line' id='line_1_51' title="bbox 194 3429 1795 3506; baseline -0.005 -14"><span class='ocrx_word' id='word_1_385' title='bbox 194 3454 263 3493; x_wconf 76' lang='lat' dir='ltr'><strong><em>ei.</em></strong></span> <span class='ocrx_word' id='word_1_386' title='bbox 294 3437 453 3506; x_wconf 87' lang='lat' dir='ltr'><strong><em>Quod</em></strong></span> <span class='ocrx_word' id='word_1_387' title='bbox 488 3434 535 3488; x_wconf 88' lang='lat' dir='ltr'><strong><em>si</em></strong></span> <span class='ocrx_word' id='word_1_388' title='bbox 559 3434 675 3503; x_wconf 89' lang='lat' dir='ltr'><strong><em>jam</em></strong></span> <span class='ocrx_word' id='word_1_389' title='bbox 719 3431 969 3488; x_wconf 89' lang='lat' dir='ltr'><strong><em>remissio</em></strong></span> <span class='ocrx_word' id='word_1_390' title='bbox 1000 3439 1054 3487; x_wconf 89' lang='lat' dir='ltr'><strong><em>et</em></strong></span> <span class='ocrx_word' id='word_1_391' title='bbox 1081 3432 1312 3486; x_wconf 89' lang='lat' dir='ltr'><strong><em>retentio</em></strong></span> <span class='ocrx_word' id='word_1_392' title='bbox 1341 3429 1518 3484; x_wconf 89' lang='lat' dir='ltr'><strong><em>delicti</em></strong></span> <span class='ocrx_word' id='word_1_393' title='bbox 1551 3429 1795 3499; x_wconf 89' lang='lat' dir='ltr'><strong><em>judicem</em></strong></span> 
     </span>
    </p>
   </div>
   <div class='ocr_carea' id='block_1_52' title="bbox 194 3519 1793 3595">
    <p class='ocr_par' dir='ltr' id='par_1_52' title="bbox 194 3519 1793 3595">
     <span class='ocr_line' id='line_1_52' title="bbox 194 3519 1793 3595; baseline -0.006 -13"><span class='ocrx_word' id='word_1_394' title='bbox 194 3527 367 3582; x_wconf 89' lang='lat' dir='ltr'><strong><em>Deum</em></strong></span> <span class='ocrx_word' id='word_1_395' title='bbox 419 3524 652 3595; x_wconf 88' lang='lat' dir='ltr'><strong><em>sapiunt,</em></strong></span> <span class='ocrx_word' id='word_1_396' title='bbox 700 3522 865 3593; x_wconf 86' lang='lat' dir='ltr'><strong><em>hujus</em></strong></span> <span class='ocrx_word' id='word_1_397' title='bbox 911 3522 961 3560; x_wconf 72' lang='grc'><strong><em>⁵6</em></strong></span> <span class='ocrx_word' id='word_1_398' title='bbox 1007 3520 1112 3577; x_wconf 88' lang='lat' dir='ltr'><strong><em>erit</em></strong></span> <span class='ocrx_word' id='word_1_399' title='bbox 1146 3519 1381 3591; x_wconf 87' lang='lat' dir='ltr'><strong><em>Spiritus</em></strong></span> <span class='ocrx_word' id='word_1_400' title='bbox 1428 3527 1644 3575; x_wconf 88' lang='lat' dir='ltr'><strong><em>sanctus</em></strong></span> <span class='ocrx_word' id='word_1_401' title='bbox 1684 3535 1793 3575; x_wconf 91' lang='lat' dir='ltr'><strong><em>non</em></strong></span> 
     </span>
    </p>
   </div>
   <div class='ocr_carea' id='block_1_53' title="bbox 193 3609 1790 3688">
    <p class='ocr_par' dir='ltr' id='par_1_53' title="bbox 193 3609 1790 3688">
     <span class='ocr_line' id='line_1_53' title="bbox 193 3609 1790 3688; baseline -0.002 -17"><span class='ocrx_word' id='word_1_402' title='bbox 193 3614 651 3688; x_wconf 87' lang='lat' dir='ltr'><strong><em>blasphemandus</em></strong></span> <span class='ocrx_word' id='word_1_403' title='bbox 674 3656 688 3682; x_wconf 88' lang='lat'><strong><em>,</em></strong></span> <span class='ocrx_word' id='word_1_404' title='bbox 738 3628 848 3670; x_wconf 92' lang='lat' dir='ltr'><strong><em>non</em></strong></span> <span class='ocrx_word' id='word_1_405' title='bbox 910 3611 1195 3668; x_wconf 89' lang='lat' dir='ltr'><strong><em>remissuri</em></strong></span> <span class='ocrx_word' id='word_1_406' title='bbox 1258 3609 1466 3666; x_wconf 87' lang='lat' dir='ltr'><strong><em>scilicet</em></strong></span> <span class='ocrx_word' id='word_1_407' title='bbox 1526 3610 1790 3681; x_wconf 87' lang='lat' dir='ltr'><strong><em>blasphe-</em></strong></span> 
     </span>
    </p>
   </div>
   <div class='ocr_carea' id='block_1_54' title="bbox 198 3699 1791 3776">
    <p class='ocr_par' dir='ltr' id='par_1_54' title="bbox 198 3699 1791 3776">
     <span class='ocr_line' id='line_1_54' title="bbox 198 3699 1791 3776; baseline -0.004 -15"><span class='ocrx_word' id='word_1_408' title='bbox 198 3708 391 3771; x_wconf 84' lang='lat' dir='ltr'><strong><em>miam;</em></strong></span> <span class='ocrx_word' id='word_1_409' title='bbox 422 3708 564 3762; x_wconf 88' lang='lat' dir='ltr'><strong><em>sicut</em></strong></span> <span class='ocrx_word' id='word_1_410' title='bbox 594 3713 648 3761; x_wconf 89' lang='lat' dir='ltr'><strong><em>et</em></strong></span> <span class='ocrx_word' id='word_1_411' title='bbox 686 3719 850 3776; x_wconf 89' lang='lat' dir='ltr'><strong><em>supra</em></strong></span> <span class='ocrx_word' id='word_1_412' title='bbox 901 3718 1013 3759; x_wconf 89' lang='lat' dir='ltr'><strong><em>non</em></strong></span> <span class='ocrx_word' id='word_1_413' title='bbox 1068 3699 1371 3773; x_wconf 89' lang='lat' dir='ltr'><strong><em>negandus,</em></strong></span> <span class='ocrx_word' id='word_1_414' title='bbox 1403 3700 1637 3756; x_wconf 90' lang='lat' dir='ltr'><strong><em>occisuri</em></strong></span> <span class='ocrx_word' id='word_1_415' title='bbox 1680 3701 1791 3757; x_wconf 91' lang='lat' dir='ltr'><strong><em>sci-</em></strong></span> 
     </span>
    </p>
   </div>
   <div class='ocr_carea' id='block_1_55' title="bbox 194 3788 1790 3866">
    <p class='ocr_par' dir='ltr' id='par_1_55' title="bbox 194 3788 1790 3866">
     <span class='ocr_line' id='line_1_55' title="bbox 194 3788 1790 3866; baseline -0.004 -17"><span class='ocrx_word' id='word_1_416' title='bbox 194 3794 323 3851; x_wconf 88' lang='lat' dir='ltr'><strong><em>licet</em></strong></span> <span class='ocrx_word' id='word_1_417' title='bbox 376 3795 539 3849; x_wconf 90' lang='lat' dir='ltr'><strong><em>etiam</em></strong></span> <span class='ocrx_word' id='word_1_418' title='bbox 584 3793 639 3847; x_wconf 93' lang='lat' dir='ltr'><strong><em>in</em></strong></span> <span class='ocrx_word' id='word_1_419' title='bbox 688 3793 1006 3866; x_wconf 85' lang='lat' dir='ltr'><strong><em>gehennam.</em></strong></span> <span class='ocrx_word' id='word_1_420' title='bbox 1056 3789 1216 3859; x_wconf 90' lang='lat' dir='ltr'><strong><em>Quod</em></strong></span> <span class='ocrx_word' id='word_1_421' title='bbox 1244 3788 1292 3844; x_wconf 91' lang='lat' dir='ltr'><strong><em>si</em></strong></span> <span class='ocrx_word' id='word_1_422' title='bbox 1320 3796 1376 3845; x_wconf 92' lang='lat' dir='ltr'><strong><em>et</em></strong></span> <span class='ocrx_word' id='word_1_423' title='bbox 1404 3788 1790 3861; x_wconf 87' lang='lat' dir='ltr'><strong><em>blasphemiam</em></strong></span> 
     </span>
    </p>
   </div>
   <div class='ocr_carea' id='block_1_56' title="bbox 197 3878 1796 3952">
    <p class='ocr_par' dir='ltr' id='par_1_56' title="bbox 197 3878 1796 3952">
     <span class='ocr_line' id='line_1_56' title="bbox 197 3878 1796 3952; baseline -0.004 -12"><span class='ocrx_word' id='word_1_424' title='bbox 197 3886 448 3940; x_wconf 84' lang='lat' dir='ltr'><strong><em>Christus</em></strong></span> <span class='ocrx_word' id='word_1_425' title='bbox 495 3884 527 3938; x_wconf 73' lang='lat' dir='ltr'><strong><em>a</em></strong></span> <span class='ocrx_word' id='word_1_426' title='bbox 559 3884 819 3939; x_wconf 90' lang='lat' dir='ltr'><strong><em>Creatore</em></strong></span> <span class='ocrx_word' id='word_1_427' title='bbox 848 3881 1060 3949; x_wconf 83' lang='lat' dir='ltr'><strong><em>avertit,</em></strong></span> <span class='ocrx_word' id='word_1_428' title='bbox 1110 3878 1391 3952; x_wconf 90' lang='lat' dir='ltr'><strong><em>quomodo</em></strong></span> <span class='ocrx_word' id='word_1_429' title='bbox 1455 3878 1796 3934; x_wconf 88' lang='lat' dir='ltr'><strong><em>adversarius</em></strong></span> 
     </span>
    </p>
   </div>
   <div class='ocr_carea' id='block_1_57' title="bbox 195 3968 1790 4040">
    <p class='ocr_par' dir='ltr' id='par_1_57' title="bbox 195 3968 1790 4040">
     <span class='ocr_line' id='line_1_57' title="bbox 195 3968 1790 4040; baseline -0.004 -9"><span class='ocrx_word' id='word_1_430' title='bbox 195 3975 250 4031; x_wconf 88' lang='lat' dir='ltr'><strong><em>ei</em></strong></span> <span class='ocrx_word' id='word_1_431' title='bbox 299 3974 523 4038; x_wconf 77' lang='lat' dir='ltr'><strong><em>venerit,</em></strong></span> <span class='ocrx_word' id='word_1_432' title='bbox 554 3987 667 4028; x_wconf 89' lang='lat' dir='ltr'><strong><em>non</em></strong></span> <span class='ocrx_word' id='word_1_433' title='bbox 715 3972 846 4027; x_wconf 88' lang='lat' dir='ltr'><strong><em>scio.</em></strong></span> <span class='ocrx_word' id='word_1_434' title='bbox 886 3973 993 4025; x_wconf 87' lang='lat' dir='ltr'><strong><em>Aut</em></strong></span> <span class='ocrx_word' id='word_1_435' title='bbox 1023 3970 1070 4024; x_wconf 88' lang='lat' dir='ltr'><strong><em>si</em></strong></span> <span class='ocrx_word' id='word_1_436' title='bbox 1099 3976 1154 4026; x_wconf 89' lang='lat' dir='ltr'><strong><em>et</em></strong></span> <span class='ocrx_word' id='word_1_437' title='bbox 1178 3983 1278 4040; x_wconf 91' lang='lat' dir='ltr'><strong><em>per</em></strong></span> <span class='ocrx_word' id='word_1_438' title='bbox 1305 3968 1424 4024; x_wconf 66' lang='lat' dir='ltr'><strong><em>hmo</em></strong></span> <span class='ocrx_word' id='word_1_439' title='bbox 1453 3968 1790 4025; x_wconf 83' lang='lat' dir='ltr'><strong><em>severitatem</em></strong></span> 
     </span>
    </p>
   </div>
   <div class='ocr_carea' id='block_1_58' title="bbox 193 4057 1789 4134">
    <p class='ocr_par' dir='ltr' id='par_1_58' title="bbox 193 4057 1789 4134">
     <span class='ocr_line' id='line_1_58' title="bbox 193 4057 1789 4134; baseline -0.003 -15"><span class='ocrx_word' id='word_1_440' title='bbox 193 4064 316 4134; x_wconf 87' lang='lat' dir='ltr'><strong><em>ejus</em></strong></span> <span class='ocrx_word' id='word_1_441' title='bbox 345 4060 597 4130; x_wconf 88' lang='lat' dir='ltr'><strong><em>infuscat,</em></strong></span> <span class='ocrx_word' id='word_1_442' title='bbox 636 4074 752 4116; x_wconf 91' lang='lat' dir='ltr'><strong><em>non</em></strong></span> <span class='ocrx_word' id='word_1_443' title='bbox 798 4058 1076 4115; x_wconf 86' lang='lat' dir='ltr'><strong><em>remissuri</em></strong></span> <span class='ocrx_word' id='word_1_444' title='bbox 1127 4057 1535 4129; x_wconf 89' lang='lat' dir='ltr'><strong><em>blasphemiam,</em></strong></span> <span class='ocrx_word' id='word_1_445' title='bbox 1581 4064 1635 4113; x_wconf 91' lang='lat' dir='ltr'><strong><em>et</em></strong></span> <span class='ocrx_word' id='word_1_446' title='bbox 1690 4075 1789 4117; x_wconf 90' lang='lat' dir='ltr'><strong><em>oc-</em></strong></span> 
     </span>
    </p>
   </div>
   <div class='ocr_carea' id='block_1_59' title="bbox 196 4146 1791 4222">
    <p class='ocr_par' dir='ltr' id='par_1_59' title="bbox 196 4146 1791 4222">
     <span class='ocr_line' id='line_1_59' title="bbox 196 4146 1791 4222; baseline -0.004 -13"><span class='ocrx_word' id='word_1_447' title='bbox 196 4153 359 4209; x_wconf 87' lang='lat' dir='ltr'><strong><em>cisuri</em></strong></span> <span class='ocrx_word' id='word_1_448' title='bbox 416 4150 660 4208; x_wconf 88' lang='lat' dir='ltr'><strong><em>etiamin</em></strong></span> <span class='ocrx_word' id='word_1_449' title='bbox 686 4149 1010 4222; x_wconf 82' lang='lat' dir='ltr'><strong><em>gehennam,</em></strong></span> <span class='ocrx_word' id='word_1_450' title='bbox 1051 4156 1299 4220; x_wconf 87' lang='lat' dir='ltr'><strong><em>superest</em></strong></span> <span class='ocrx_word' id='word_1_451' title='bbox 1340 4156 1398 4203; x_wconf 90' lang='lat' dir='ltr'><strong><em>ut</em></strong></span> <span class='ocrx_word' id='word_1_452' title='bbox 1442 4154 1499 4202; x_wconf 89' lang='lat' dir='ltr'><strong><em>et</em></strong></span> <span class='ocrx_word' id='word_1_453' title='bbox 1539 4146 1681 4203; x_wconf 88' lang='lat' dir='ltr'><strong><em>illius</em></strong></span> <span class='ocrx_word' id='word_1_454' title='bbox 1708 4148 1791 4203; x_wconf 90' lang='lat' dir='ltr'><strong><em>di-</em></strong></span> 
     </span>
    </p>
   </div>
   <div class='ocr_carea' id='block_1_60' title="bbox 196 4237 1798 4312">
    <p class='ocr_par' dir='ltr' id='par_1_60' title="bbox 196 4237 1798 4312">
     <span class='ocr_line' id='line_1_60' title="bbox 196 4237 1798 4312; baseline -0.004 -13"><span class='ocrx_word' id='word_1_455' title='bbox 196 4245 340 4300; x_wconf 81' lang='lat' dir='ltr'><strong><em>versi</em></strong></span> <span class='ocrx_word' id='word_1_456' title='bbox 408 4242 509 4299; x_wconf 88' lang='lat' dir='ltr'><strong><em>Dei</em></strong></span> <span class='ocrx_word' id='word_1_457' title='bbox 588 4241 809 4312; x_wconf 89' lang='lat' dir='ltr'><strong><em>impune</em></strong></span> <span class='ocrx_word' id='word_1_458' title='bbox 863 4247 919 4295; x_wconf 89' lang='lat' dir='ltr'><strong><em>et</em></strong></span> <span class='ocrx_word' id='word_1_459' title='bbox 988 4237 1221 4309; x_wconf 90' lang='lat' dir='ltr'><strong><em>Spiritus</em></strong></span> <span class='ocrx_word' id='word_1_460' title='bbox 1274 4238 1696 4310; x_wconf 81' lang='lat' dir='ltr'><strong><em>blasphematur,</em></strong></span> <span class='ocrx_word' id='word_1_461' title='bbox 1742 4245 1798 4293; x_wconf 85' lang='lat' dir='ltr'><strong><em>et</em></strong></span> 
     </span>
    </p>
   </div>
   <div class='ocr_carea' id='block_1_61' title="bbox 201 4325 1794 4404">
    <p class='ocr_par' dir='ltr' id='par_1_61' title="bbox 201 4325 1794 4404">
     <span class='ocr_line' id='line_1_61' title="bbox 201 4325 1794 4404; baseline -0.004 -17"><span class='ocrx_word' id='word_1_462' title='bbox 201 4332 445 4389; x_wconf 85' lang='lat' dir='ltr'><strong><em>Christus</em></strong></span> <span class='ocrx_word' id='word_1_463' title='bbox 491 4336 740 4404; x_wconf 81' lang='lat' dir='ltr'><strong><em>negetur,</em></strong></span> <span class='ocrx_word' id='word_1_464' title='bbox 798 4336 854 4385; x_wconf 92' lang='lat' dir='ltr'><strong><em>et</em></strong></span> <span class='ocrx_word' id='word_1_465' title='bbox 904 4327 1039 4384; x_wconf 87' lang='lat' dir='ltr'><strong><em>nihil</em></strong></span> <span class='ocrx_word' id='word_1_466' title='bbox 1093 4326 1309 4384; x_wconf 88' lang='lat' dir='ltr'><strong><em>intersit</em></strong></span> <span class='ocrx_word' id='word_1_467' title='bbox 1359 4326 1427 4383; x_wconf 85' lang='lat' dir='ltr'><strong><em>de</em></strong></span> <span class='ocrx_word' id='word_1_468' title='bbox 1468 4325 1618 4383; x_wconf 89' lang='lat' dir='ltr'><strong><em>cultu</em></strong></span> <span class='ocrx_word' id='word_1_469' title='bbox 1654 4326 1794 4395; x_wconf 90' lang='lat' dir='ltr'><strong><em>ejus,</em></strong></span> 
     </span>
    </p>
   </div>
   <div class='ocr_carea' id='block_1_62' title="bbox 198 4415 1796 4491">
    <p class='ocr_par' dir='ltr' id='par_1_62' title="bbox 198 4415 1796 4491">
     <span class='ocr_line' id='line_1_62' title="bbox 198 4415 1796 4491; baseline -0.001 -16"><span class='ocrx_word' id='word_1_470' title='bbox 198 4420 331 4479; x_wconf 84' lang='lat' dir='ltr'><strong><em>deve</em></strong></span> <span class='ocrx_word' id='word_1_471' title='bbox 377 4426 729 4491; x_wconf 86' lang='lat' dir='ltr'><strong><em>contemptu;</em></strong></span> <span class='ocrx_word' id='word_1_472' title='bbox 778 4424 835 4473; x_wconf 89' lang='lat' dir='ltr'><strong><em>et</em></strong></span> <span class='ocrx_word' id='word_1_473' title='bbox 878 4418 1016 4475; x_wconf 86' lang='lat' dir='ltr'><strong><em>sicut</em></strong></span> <span class='ocrx_word' id='word_1_474' title='bbox 1061 4417 1131 4472; x_wconf 89' lang='lat' dir='ltr'><strong><em>de</em></strong></span> <span class='ocrx_word' id='word_1_475' title='bbox 1159 4422 1475 4487; x_wconf 90' lang='lat' dir='ltr'><strong><em>contemptu</em></strong></span> <span class='ocrx_word' id='word_1_476' title='bbox 1501 4415 1645 4470; x_wconf 89' lang='lat' dir='ltr'><strong><em>nulla</em></strong></span> <span class='ocrx_word' id='word_1_477' title='bbox 1672 4432 1796 4488; x_wconf 77' lang='lat' dir='ltr'><strong><em>pue-</em></strong></span> 
     </span>
    </p>
   </div>
   <div class='ocr_carea' id='block_1_63' title="bbox 198 4504 1799 4579">
    <p class='ocr_par' dir='ltr' id='par_1_63' title="bbox 198 4504 1799 4579">
     <span class='ocr_line' id='line_1_63' title="bbox 198 4504 1799 4579; baseline -0.004 -13"><span class='ocrx_word' id='word_1_478' title='bbox 198 4525 286 4576; x_wconf 83' lang='lat' dir='ltr'><strong><em>na,</em></strong></span> <span class='ocrx_word' id='word_1_479' title='bbox 319 4512 394 4566; x_wconf 84' lang='lat' dir='ltr'><strong><em>ita</em></strong></span> <span class='ocrx_word' id='word_1_480' title='bbox 432 4520 488 4567; x_wconf 90' lang='lat' dir='ltr'><strong><em>et</em></strong></span> <span class='ocrx_word' id='word_1_481' title='bbox 533 4508 601 4564; x_wconf 90' lang='lat' dir='ltr'><strong><em>de</em></strong></span> <span class='ocrx_word' id='word_1_482' title='bbox 638 4507 788 4563; x_wconf 87' lang='lat' dir='ltr'><strong><em>cultu</em></strong></span> <span class='ocrx_word' id='word_1_483' title='bbox 826 4507 982 4563; x_wconf 82' lang='lat' dir='ltr'><strong><em>nulla</em></strong></span> <span class='ocrx_word' id='word_1_484' title='bbox 1011 4504 1279 4579; x_wconf 87' lang='lat' dir='ltr'><strong><em>speranda</em></strong></span> <span class='ocrx_word' id='word_1_485' title='bbox 1314 4504 1384 4559; x_wconf 85' lang='lat' dir='ltr'><strong><em>sit</em></strong></span> <span class='ocrx_word' id='word_1_486' title='bbox 1411 4518 1641 4559; x_wconf 90' lang='lat' dir='ltr'><strong><em>merces.</em></strong></span> <span class='ocrx_word' id='word_1_487' title='bbox 1670 4505 1799 4560; x_wconf 88' lang='lat' dir='ltr'><strong><em>Per-</em></strong></span> 
     </span>
    </p>
   </div>
   <div class='ocr_carea' id='block_1_64' title="bbox 198 4593 1801 4669">
    <p class='ocr_par' dir='ltr' id='par_1_64' title="bbox 198 4593 1801 4669">
     <span class='ocr_line' id='line_1_64' title="bbox 198 4593 1801 4669; baseline -0.003 -16"><span class='ocrx_word' id='word_1_488' title='bbox 198 4598 395 4657; x_wconf 82' lang='lat' dir='ltr'><strong><em>ductos</em></strong></span> <span class='ocrx_word' id='word_1_489' title='bbox 423 4599 472 4639; x_wconf 65' lang='grc' dir='ltr'><strong><em>εἳ</em></strong></span> <span class='ocrx_word' id='word_1_490' title='bbox 501 4597 572 4654; x_wconf 87' lang='lat' dir='ltr'><strong><em>ad</em></strong></span> <span class='ocrx_word' id='word_1_491' title='bbox 593 4603 915 4669; x_wconf 86' lang='lat' dir='ltr'><strong><em>potestates,</em></strong></span> <span class='ocrx_word' id='word_1_492' title='bbox 946 4596 1198 4668; x_wconf 88' lang='lat' dir='ltr'><strong><em>prohibet</em></strong></span> <span class='ocrx_word' id='word_1_493' title='bbox 1225 4594 1292 4651; x_wconf 92' lang='lat' dir='ltr'><strong><em>ad</em></strong></span> <span class='ocrx_word' id='word_1_494' title='bbox 1323 4593 1801 4664; x_wconf 79' lang='lat' dir='ltr'><strong><em>interrogationem</em></strong></span> 
     </span>
    </p>
   </div>
   <div class='ocr_carea' id='block_1_65' title="bbox 201 4681 1800 4764">
    <p class='ocr_par' dir='ltr' id='par_1_65' title="bbox 201 4681 1800 4764">
     <span class='ocr_line' id='line_1_65' title="bbox 201 4681 1800 4764; baseline -0.006 -18"><span class='ocrx_word' id='word_1_495' title='bbox 201 4692 442 4764; x_wconf 83' lang='lat' dir='ltr'><strong><em>cogitare</em></strong></span> <span class='ocrx_word' id='word_1_496' title='bbox 498 4687 568 4746; x_wconf 88' lang='lat' dir='ltr'><strong><em>de</em></strong></span> <span class='ocrx_word' id='word_1_497' title='bbox 627 4684 982 4760; x_wconf 88' lang='lat' dir='ltr'><strong><em>responsione</em></strong></span> <span class='ocrx_word' id='word_1_498' title='bbox 1033 4704 1047 4742; x_wconf 86' lang='lat'><strong>:</strong></span> <span class='ocrx_word' id='word_1_499' title='bbox 1093 4686 1335 4744; x_wconf 85' lang='lat' dir='ltr'><strong><em>Sanctus</em></strong></span> <span class='ocrx_word' id='word_1_500' title='bbox 1373 4684 1548 4752; x_wconf 86' lang='lat' dir='ltr'><strong><em>enim,</em></strong></span> <span class='ocrx_word' id='word_1_501' title='bbox 1605 4681 1800 4754; x_wconf 87' lang='lat' dir='ltr'><strong><em>inquit,</em></strong></span> 
     </span>
    </p>
   </div>
   <div class='ocr_carea' id='block_1_66' title="bbox 1893 1914 3489 1997">
    <p class='ocr_par' dir='ltr' id='par_1_66' title="bbox 1893 1914 3489 1997">
     <span class='ocr_line' id='line_1_66' title="bbox 1893 1914 3489 1997; baseline 0.008 -25"><span class='ocrx_word' id='word_1_502' title='bbox 1893 1920 2080 1972; x_wconf 79' lang='lat' dir='ltr'><strong><em>stram</em></strong></span> <span class='ocrx_word' id='word_1_503' title='bbox 2098 1919 2200 1970; x_wconf 88' lang='lat' dir='ltr'><strong><em>aut</em></strong></span> <span class='ocrx_word' id='word_1_504' title='bbox 2219 1914 2473 1986; x_wconf 88' lang='lat' dir='ltr'><strong><em>judicem</em></strong></span> <span class='ocrx_word' id='word_1_505' title='bbox 2501 1932 2674 1988; x_wconf 84' lang='lat' dir='ltr'><strong><em>super</em></strong></span> <span class='ocrx_word' id='word_1_506' title='bbox 2698 1934 2800 1974; x_wconf 92' lang='lat' dir='ltr'><strong><em>nos</em></strong></span> <span class='ocrx_word' id='word_1_507' title='bbox 2822 1919 2850 1972; x_wconf 83' lang='lat'><em>?</em></span> <span class='ocrx_word' id='word_1_508' title='bbox 2879 1920 3120 1978; x_wconf 89' lang='lat' dir='ltr'><strong><em>Christus</em></strong></span> <span class='ocrx_word' id='word_1_509' title='bbox 3146 1941 3274 1983; x_wconf 90' lang='lat' dir='ltr'><strong><em>vero</em></strong></span> <span class='ocrx_word' id='word_1_510' title='bbox 3303 1939 3489 1997; x_wconf 87' lang='lat' dir='ltr'><strong><em>postu-</em></strong></span> 
     </span>
    </p>
   </div>
   <div class='ocr_carea' id='block_1_67' title="bbox 1894 2004 3486 2084">
    <p class='ocr_par' dir='ltr' id='par_1_67' title="bbox 1894 2004 3486 2084">
     <span class='ocr_line' id='line_1_67' title="bbox 1894 2004 3486 2084; baseline 0.009 -25"><span class='ocrx_word' id='word_1_511' title='bbox 1894 2004 2035 2059; x_wconf 91' lang='lat' dir='ltr'><strong><em>latus</em></strong></span> <span class='ocrx_word' id='word_1_512' title='bbox 2063 2019 2095 2059; x_wconf 91' lang='lat' dir='ltr'><strong><em>a</em></strong></span> <span class='ocrx_word' id='word_1_513' title='bbox 2122 2004 2374 2075; x_wconf 88' lang='lat' dir='ltr'><strong><em>quodam,</em></strong></span> <span class='ocrx_word' id='word_1_514' title='bbox 2406 2010 2465 2059; x_wconf 89' lang='lat' dir='ltr'><strong><em>ut</em></strong></span> <span class='ocrx_word' id='word_1_515' title='bbox 2487 2011 2627 2061; x_wconf 90' lang='lat' dir='ltr'><strong><em>tnter</em></strong></span> <span class='ocrx_word' id='word_1_516' title='bbox 2654 2006 2804 2062; x_wconf 88' lang='lat' dir='ltr'><strong><em>illum</em></strong></span> <span class='ocrx_word' id='word_1_517' title='bbox 2826 2015 2877 2063; x_wconf 88' lang='lat' dir='ltr'><strong><em>et</em></strong></span> <span class='ocrx_word' id='word_1_518' title='bbox 2906 2010 3119 2067; x_wconf 90' lang='lat' dir='ltr'><strong><em>fratrem</em></strong></span> <span class='ocrx_word' id='word_1_519' title='bbox 3141 2014 3314 2084; x_wconf 88' lang='lat' dir='ltr'><strong><em>ipsius</em></strong></span> <span class='ocrx_word' id='word_1_520' title='bbox 3343 2017 3412 2073; x_wconf 92' lang='lat' dir='ltr'><strong><em>de</em></strong></span> <span class='ocrx_word' id='word_1_521' title='bbox 3437 2018 3486 2056; x_wconf 75' lang='grc' dir='ltr'><strong><em>δι</em></strong></span> 
     </span>
    </p>
   </div>
   <div class='ocr_carea' id='block_1_68' title="bbox 1893 2093 3484 2177">
    <p class='ocr_par' dir='ltr' id='par_1_68' title="bbox 1893 2093 3484 2177">
     <span class='ocr_line' id='line_1_68' title="bbox 1893 2093 3484 2177; baseline 0.007 -28"><span class='ocrx_word' id='word_1_522' title='bbox 1893 2093 2179 2150; x_wconf 88' lang='lat' dir='ltr'><strong><em>dividenda</em></strong></span> <span class='ocrx_word' id='word_1_523' title='bbox 2231 2093 2543 2149; x_wconf 86' lang='lat' dir='ltr'><strong><em>haereditate</em></strong></span> <span class='ocrx_word' id='word_1_524' title='bbox 2605 2107 2974 2170; x_wconf 88' lang='lat' dir='ltr'><strong><em>componeret,</em></strong></span> <span class='ocrx_word' id='word_1_525' title='bbox 3037 2116 3254 2172; x_wconf 85' lang='lat' dir='ltr'><strong><em>operam</em></strong></span> <span class='ocrx_word' id='word_1_526' title='bbox 3310 2122 3484 2177; x_wconf 86' lang='lat' dir='ltr'><strong><em>suam,</em></strong></span> 
     </span>
    </p>
   </div>
   <div class='ocr_carea' id='block_1_69' title="bbox 1891 2180 3488 2267">
    <p class='ocr_par' dir='ltr' id='par_1_69' title="bbox 1891 2180 3488 2267">
     <span class='ocr_line' id='line_1_69' title="bbox 1891 2180 3488 2267; baseline 0.008 -29"><span class='ocrx_word' id='word_1_527' title='bbox 1891 2191 1944 2239; x_wconf 91' lang='lat' dir='ltr'><strong><em>et</em></strong></span> <span class='ocrx_word' id='word_1_528' title='bbox 1973 2180 2189 2254; x_wconf 90' lang='lat' dir='ltr'><strong><em>quidam</em></strong></span> <span class='ocrx_word' id='word_1_529' title='bbox 2220 2189 2325 2236; x_wconf 90' lang='lat' dir='ltr'><strong><em>tam</em></strong></span> <span class='ocrx_word' id='word_1_530' title='bbox 2357 2182 2537 2250; x_wconf 70' lang='lat' dir='ltr'><strong><em>probae</em></strong></span> <span class='ocrx_word' id='word_1_531' title='bbox 2588 2198 2787 2252; x_wconf 84' lang='lat' dir='ltr'><strong><em>causae,</em></strong></span> <span class='ocrx_word' id='word_1_532' title='bbox 2831 2187 3138 2259; x_wconf 83' lang='lat' dir='ltr'><strong><em>denegavit.</em></strong></span> <span class='ocrx_word' id='word_1_533' title='bbox 3189 2193 3306 2249; x_wconf 86' lang='lat' dir='ltr'><strong><em>Jam</em></strong></span> <span class='ocrx_word' id='word_1_534' title='bbox 3355 2210 3488 2267; x_wconf 88' lang='lat' dir='ltr'><strong><em>ergo</em></strong></span> 
     </span>
    </p>
   </div>
   <div class='ocr_carea' id='block_1_70' title="bbox 1891 2269 3491 2352">
    <p class='ocr_par' dir='ltr' id='par_1_70' title="bbox 1891 2269 3491 2352">
     <span class='ocr_line' id='line_1_70' title="bbox 1891 2269 3491 2352; baseline 0.007 -25"><span class='ocrx_word' id='word_1_535' title='bbox 1891 2271 2084 2327; x_wconf 92' lang='lat' dir='ltr'><strong><em>melior</em></strong></span> <span class='ocrx_word' id='word_1_536' title='bbox 2124 2271 2336 2341; x_wconf 82' lang='lat' dir='ltr'><strong><em>Moyses</em></strong></span> <span class='ocrx_word' id='word_1_537' title='bbox 2383 2286 2542 2327; x_wconf 90' lang='lat' dir='ltr'><strong><em>meus</em></strong></span> <span class='ocrx_word' id='word_1_538' title='bbox 2581 2269 2793 2331; x_wconf 83' lang='lat' dir='ltr'><strong><em>Christo</em></strong></span> <span class='ocrx_word' id='word_1_539' title='bbox 2827 2281 2940 2344; x_wconf 89' lang='lat' dir='ltr'><strong><em>tuo,</em></strong></span> <span class='ocrx_word' id='word_1_540' title='bbox 2970 2277 3195 2335; x_wconf 89' lang='lat' dir='ltr'><strong><em>fratrum</em></strong></span> <span class='ocrx_word' id='word_1_541' title='bbox 3224 2284 3342 2352; x_wconf 91' lang='lat' dir='ltr'><strong><em>paci</em></strong></span> <span class='ocrx_word' id='word_1_542' title='bbox 3373 2290 3491 2339; x_wconf 85' lang='lat' dir='ltr'><strong><em>stu-</em></strong></span> 
     </span>
    </p>
   </div>
   <div class='ocr_carea' id='block_1_71' title="bbox 1891 2358 3491 2439">
    <p class='ocr_par' dir='ltr' id='par_1_71' title="bbox 1891 2358 3491 2439">
     <span class='ocr_line' id='line_1_71' title="bbox 1891 2358 3491 2439; baseline 0.009 -26"><span class='ocrx_word' id='word_1_543' title='bbox 1891 2361 2047 2426; x_wconf 90' lang='lat' dir='ltr'><strong><em>dens,</em></strong></span> <span class='ocrx_word' id='word_1_544' title='bbox 2080 2358 2295 2429; x_wconf 68' lang='lat' dir='ltr'><strong><em>injuria:</em></strong></span> <span class='ocrx_word' id='word_1_545' title='bbox 2327 2375 2637 2416; x_wconf 90' lang='lat' dir='ltr'><strong><em>occurrens.</em></strong></span> <span class='ocrx_word' id='word_1_546' title='bbox 2691 2363 2798 2418; x_wconf 90' lang='lat' dir='ltr'><strong><em>Sed</em></strong></span> <span class='ocrx_word' id='word_1_547' title='bbox 2836 2364 2985 2420; x_wconf 89' lang='lat' dir='ltr'><strong><em>enim</em></strong></span> <span class='ocrx_word' id='word_1_548' title='bbox 3036 2368 3230 2439; x_wconf 84' lang='lat' dir='ltr'><strong><em>Optimi</em></strong></span> <span class='ocrx_word' id='word_1_549' title='bbox 3282 2383 3336 2427; x_wconf 89' lang='lat' dir='ltr'><strong><em>et</em></strong></span> <span class='ocrx_word' id='word_1_550' title='bbox 3379 2388 3491 2430; x_wconf 89' lang='lat' dir='ltr'><strong><em>non</em></strong></span> 
     </span>
    </p>
   </div>
   <div class='ocr_carea' id='block_1_72' title="bbox 1887 2448 3494 2529">
    <p class='ocr_par' dir='ltr' id='par_1_72' title="bbox 1887 2448 3494 2529">
     <span class='ocr_line' id='line_1_72' title="bbox 1887 2448 3494 2529; baseline 0.009 -24"><span class='ocrx_word' id='word_1_551' title='bbox 1887 2449 2090 2523; x_wconf 91' lang='lat' dir='ltr'><strong><em>judicis</em></strong></span> <span class='ocrx_word' id='word_1_552' title='bbox 2121 2448 2220 2504; x_wconf 86' lang='lat' dir='ltr'><strong><em>Dei</em></strong></span> <span class='ocrx_word' id='word_1_553' title='bbox 2248 2448 2529 2507; x_wconf 85' lang='lat' dir='ltr'><strong><em>Christus:</em></strong></span> <span class='ocrx_word' id='word_1_554' title='bbox 2563 2452 2692 2520; x_wconf 90' lang='lat' dir='ltr'><strong><em>Quis</em></strong></span> <span class='ocrx_word' id='word_1_555' title='bbox 2720 2470 2830 2521; x_wconf 87' lang='lat' dir='ltr'><strong><em>me,</em></strong></span> <span class='ocrx_word' id='word_1_556' title='bbox 2863 2453 3057 2527; x_wconf 89' lang='lat' dir='ltr'><strong><em>inquit,</em></strong></span> <span class='ocrx_word' id='word_1_557' title='bbox 3082 2459 3340 2529; x_wconf 87' lang='lat' dir='ltr'><strong><em>judicem</em></strong></span> <span class='ocrx_word' id='word_1_558' title='bbox 3368 2479 3494 2519; x_wconf 90' lang='lat' dir='ltr'><strong><em>con-</em></strong></span> 
     </span>
    </p>
   </div>
   <div class='ocr_carea' id='block_1_73' title="bbox 1892 2540 3613 2611">
    <p class='ocr_par' dir='ltr' id='par_1_73' title="bbox 1892 2540 3613 2611">
     <span class='ocr_line' id='line_1_73' title="bbox 1892 2540 3613 2611; baseline 0.005 -14"><span class='ocrx_word' id='word_1_559' title='bbox 1892 2541 2089 2597; x_wconf 86' lang='lat' dir='ltr'><strong><em>stituit</em></strong></span> <span class='ocrx_word' id='word_1_560' title='bbox 2114 2556 2284 2611; x_wconf 86' lang='lat' dir='ltr'><strong><em>super</em></strong></span> <span class='ocrx_word' id='word_1_561' title='bbox 2308 2540 2447 2596; x_wconf 82' lang='lat' dir='ltr'><strong><em>vos?</em></strong></span> <span class='ocrx_word' id='word_1_562' title='bbox 2492 2540 2671 2596; x_wconf 82' lang='lat' dir='ltr'><strong><em>Aliam</em></strong></span> <span class='ocrx_word' id='word_1_563' title='bbox 2699 2557 2889 2599; x_wconf 91' lang='lat' dir='ltr'><strong><em>vocem</em></strong></span> <span class='ocrx_word' id='word_1_564' title='bbox 2928 2547 3288 2603; x_wconf 87' lang='lat' dir='ltr'><strong><em>excusationis</em></strong></span> <span class='ocrx_word' id='word_1_565' title='bbox 3332 2550 3493 2607; x_wconf 93' lang='lat' dir='ltr'><strong><em>inve-</em></strong></span> <span class='ocrx_word' id='word_1_566' title='bbox 3598 2540 3613 2549; x_wconf 68' lang='grc'><em>“</em></span> 
     </span>
    </p>
   </div>
   <div class='ocr_carea' id='block_1_74' title="bbox 1892 2629 3489 2709">
    <p class='ocr_par' dir='ltr' id='par_1_74' title="bbox 1892 2629 3489 2709">
     <span class='ocr_line' id='line_1_74' title="bbox 1892 2629 3489 2709; baseline 0.007 -22"><span class='ocrx_word' id='word_1_567' title='bbox 1892 2630 2007 2687; x_wconf 89' lang='lat' dir='ltr'><strong><em>nire</em></strong></span> <span class='ocrx_word' id='word_1_568' title='bbox 2036 2644 2145 2685; x_wconf 92' lang='lat' dir='ltr'><strong><em>non</em></strong></span> <span class='ocrx_word' id='word_1_569' title='bbox 2175 2629 2368 2702; x_wconf 90' lang='lat' dir='ltr'><strong><em>potuit,</em></strong></span> <span class='ocrx_word' id='word_1_570' title='bbox 2399 2646 2469 2685; x_wconf 90' lang='lat' dir='ltr'><strong><em>ne</em></strong></span> <span class='ocrx_word' id='word_1_571' title='bbox 2510 2646 2575 2686; x_wconf 91' lang='lat' dir='ltr'><strong><em>ea</em></strong></span> <span class='ocrx_word' id='word_1_572' title='bbox 2619 2639 2861 2689; x_wconf 90' lang='lat' dir='ltr'><strong><em>uteretur</em></strong></span> <span class='ocrx_word' id='word_1_573' title='bbox 2904 2650 3010 2707; x_wconf 90' lang='lat' dir='ltr'><strong><em>qua</em></strong></span> <span class='ocrx_word' id='word_1_574' title='bbox 3067 2637 3346 2708; x_wconf 88' lang='lat' dir='ltr'><strong><em>improbus</em></strong></span> <span class='ocrx_word' id='word_1_575' title='bbox 3388 2642 3489 2709; x_wconf 89' lang='lat' dir='ltr'><strong><em>vir,</em></strong></span> 
     </span>
    </p>
   </div>
   <div class='ocr_carea' id='block_1_75' title="bbox 1892 2718 3492 2797">
    <p class='ocr_par' dir='ltr' id='par_1_75' title="bbox 1892 2718 3492 2797">
     <span class='ocr_line' id='line_1_75' title="bbox 1892 2718 3492 2797; baseline 0.004 -21"><span class='ocrx_word' id='word_1_576' title='bbox 1892 2728 1949 2776; x_wconf 89' lang='lat' dir='ltr'><strong><em>et</em></strong></span> <span class='ocrx_word' id='word_1_577' title='bbox 1982 2719 2182 2790; x_wconf 88' lang='lat' dir='ltr'><strong><em>impius</em></strong></span> <span class='ocrx_word' id='word_1_578' title='bbox 2226 2718 2389 2774; x_wconf 88' lang='lat' dir='ltr'><strong><em>frater</em></strong></span> <span class='ocrx_word' id='word_1_579' title='bbox 2430 2730 2757 2776; x_wconf 87' lang='lat' dir='ltr'><strong><em>assertorem</em></strong></span> <span class='ocrx_word' id='word_1_580' title='bbox 2804 2722 3083 2791; x_wconf 89' lang='lat' dir='ltr'><strong><em>probitatis</em></strong></span> <span class='ocrx_word' id='word_1_581' title='bbox 3113 2733 3273 2797; x_wconf 87' lang='lat' dir='ltr'><strong><em>atque</em></strong></span> <span class='ocrx_word' id='word_1_582' title='bbox 3317 2728 3492 2797; x_wconf 87' lang='lat' dir='ltr'><strong><em>pieta-</em></strong></span> 
     </span>
    </p>
   </div>
   <div class='ocr_carea' id='block_1_76' title="bbox 1893 2808 3491 2886">
    <p class='ocr_par' dir='ltr' id='par_1_76' title="bbox 1893 2808 3491 2886">
     <span class='ocr_line' id='line_1_76' title="bbox 1893 2808 3491 2886; baseline 0.006 -23"><span class='ocrx_word' id='word_1_583' title='bbox 1893 2808 1962 2863; x_wconf 88' lang='lat' dir='ltr'><strong><em>tis</em></strong></span> <span class='ocrx_word' id='word_1_584' title='bbox 2035 2815 2362 2863; x_wconf 77' lang='lat' dir='ltr'><strong><em>excusserat.</em></strong></span> <span class='ocrx_word' id='word_1_585' title='bbox 2410 2808 2656 2878; x_wconf 86' lang='lat' dir='ltr'><strong><em>Denique</em></strong></span> <span class='ocrx_word' id='word_1_586' title='bbox 2702 2810 2952 2880; x_wconf 87' lang='lat' dir='ltr'><strong><em>probavit</em></strong></span> <span class='ocrx_word' id='word_1_587' title='bbox 3013 2816 3208 2869; x_wconf 87' lang='lat' dir='ltr'><strong><em>malam</em></strong></span> <span class='ocrx_word' id='word_1_588' title='bbox 3281 2832 3491 2886; x_wconf 88' lang='lat' dir='ltr'><strong><em>vocem,</em></strong></span> 
     </span>
    </p>
   </div>
   <div class='ocr_carea' id='block_1_77' title="bbox 1897 2894 3493 2971">
    <p class='ocr_par' dir='ltr' id='par_1_77' title="bbox 1897 2894 3493 2971">
     <span class='ocr_line' id='line_1_77' title="bbox 1897 2894 3493 2971; baseline 0.006 -20"><span class='ocrx_word' id='word_1_589' title='bbox 1897 2894 2101 2951; x_wconf 90' lang='lat' dir='ltr'><strong><em>utendo</em></strong></span> <span class='ocrx_word' id='word_1_590' title='bbox 2130 2910 2216 2960; x_wconf 89' lang='lat' dir='ltr'><strong><em>ea,</em></strong></span> <span class='ocrx_word' id='word_1_591' title='bbox 2257 2902 2311 2950; x_wconf 90' lang='lat' dir='ltr'><strong><em>et</em></strong></span> <span class='ocrx_word' id='word_1_592' title='bbox 2364 2895 2567 2950; x_wconf 88' lang='lat' dir='ltr'><strong><em>malum</em></strong></span> <span class='ocrx_word' id='word_1_593' title='bbox 2624 2896 2841 2965; x_wconf 90' lang='lat' dir='ltr'><strong><em>factum,</em></strong></span> <span class='ocrx_word' id='word_1_594' title='bbox 2900 2900 3047 2971; x_wconf 87' lang='lat' dir='ltr'><strong><em>pacis</em></strong></span> <span class='ocrx_word' id='word_1_595' title='bbox 3103 2902 3244 2959; x_wconf 89' lang='lat' dir='ltr'><strong><em>inter</em></strong></span> <span class='ocrx_word' id='word_1_596' title='bbox 3301 2905 3493 2963; x_wconf 89' lang='lat' dir='ltr'><strong><em>fratres</em></strong></span> 
     </span>
    </p>
   </div>
   <div class='ocr_carea' id='block_1_78' title="bbox 1899 2984 3495 3068">
    <p class='ocr_par' dir='ltr' id='par_1_78' title="bbox 1899 2984 3495 3068">
     <span class='ocr_line' id='line_1_78' title="bbox 1899 2984 3495 3068; baseline 0.007 -28"><span class='ocrx_word' id='word_1_597' title='bbox 1899 2984 2290 3054; x_wconf 88' lang='lat' dir='ltr'><strong><em>componendae</em></strong></span> <span class='ocrx_word' id='word_1_598' title='bbox 2353 2984 2736 3042; x_wconf 82' lang='lat' dir='ltr'><strong><em>declinatione.</em></strong></span> <span class='ocrx_word' id='word_1_599' title='bbox 2796 2990 2905 3042; x_wconf 88' lang='lat' dir='ltr'><strong><em>Aut</em></strong></span> <span class='ocrx_word' id='word_1_600' title='bbox 2968 2992 3230 3063; x_wconf 89' lang='lat' dir='ltr'><strong><em>numquid</em></strong></span> <span class='ocrx_word' id='word_1_601' title='bbox 3278 2992 3495 3068; x_wconf 78' lang='lat' dir='ltr'><strong><em>indigne</em></strong></span> 
     </span>
    </p>
   </div>
   <div class='ocr_carea' id='block_1_79' title="bbox 1820 3071 3495 3164">
    <p class='ocr_par' dir='ltr' id='par_1_79' title="bbox 1820 3071 3495 3164">
     <span class='ocr_line' id='line_1_79' title="bbox 1820 3071 3495 3164; baseline 0.009 -39"><span class='ocrx_word' id='word_1_602' title='bbox 1820 3086 1864 3164; x_wconf 65' lang='grc' dir='ltr'><em>ε</em></span> <span class='ocrx_word' id='word_1_603' title='bbox 1891 3071 2089 3138; x_wconf 88' lang='lat' dir='ltr'><strong><em>tulerit,</em></strong></span> <span class='ocrx_word' id='word_1_604' title='bbox 2156 3072 2262 3164; x_wconf 84' lang='lat' dir='ltr'><strong><em>hoc</em></strong></span> <span class='ocrx_word' id='word_1_605' title='bbox 2324 3071 2468 3164; x_wconf 80' lang='lat' dir='ltr'><strong><em>dicto</em></strong></span> <span class='ocrx_word' id='word_1_606' title='bbox 2519 3072 2762 3143; x_wconf 86' lang='lat' dir='ltr'><strong><em>fugatum</em></strong></span> <span class='ocrx_word' id='word_1_607' title='bbox 2819 3077 3045 3148; x_wconf 87' lang='lat' dir='ltr'><strong><em>Moysen</em></strong></span> <span class='ocrx_word' id='word_1_608' title='bbox 3076 3082 3103 3135; x_wconf 72' lang='lat' dir='ltr'><strong><em>‘P</em></strong></span> <span class='ocrx_word' id='word_1_609' title='bbox 3161 3081 3386 3154; x_wconf 90' lang='lat' dir='ltr'><strong><em>ideoque</em></strong></span> <span class='ocrx_word' id='word_1_610' title='bbox 3439 3085 3495 3140; x_wconf 92' lang='lat' dir='ltr'><strong><em>in</em></strong></span> 
     </span>
    </p>
   </div>
   <div class='ocr_carea' id='block_1_80' title="bbox 1906 3160 3497 3233">
    <p class='ocr_par' dir='ltr' id='par_1_80' title="bbox 1906 3160 3497 3233">
     <span class='ocr_line' id='line_1_80' title="bbox 1906 3160 3497 3233; baseline 0.006 -14"><span class='ocrx_word' id='word_1_611' title='bbox 1906 3178 2065 3219; x_wconf 87' lang='lat' dir='ltr'><strong><em>causa</em></strong></span> <span class='ocrx_word' id='word_1_612' title='bbox 2125 3161 2240 3231; x_wconf 91' lang='lat' dir='ltr'><strong><em>pari</em></strong></span> <span class='ocrx_word' id='word_1_613' title='bbox 2322 3160 2757 3232; x_wconf 27' lang='lat' dir='ltr'><strong><em>disceptantium,</em></strong></span> <span class='ocrx_word' id='word_1_614' title='bbox 2816 3164 3063 3233; x_wconf 83' lang='lat' dir='ltr'><strong><em>fratrum,</em></strong></span> <span class='ocrx_word' id='word_1_615' title='bbox 3139 3170 3304 3226; x_wconf 91' lang='lat' dir='ltr'><strong><em>voluit</em></strong></span> <span class='ocrx_word' id='word_1_616' title='bbox 3374 3173 3497 3229; x_wconf 92' lang='lat' dir='ltr'><strong><em>illos</em></strong></span> 
     </span>
    </p>
   </div>
   <div class='ocr_carea' id='block_1_81' title="bbox 1901 3250 3496 3320">
    <p class='ocr_par' dir='ltr' id='par_1_81' title="bbox 1901 3250 3496 3320">
     <span class='ocr_line' id='line_1_81' title="bbox 1901 3250 3496 3320; baseline 0.004 -11"><span class='ocrx_word' id='word_1_617' title='bbox 1901 3251 2407 3309; x_wconf 90' lang='lat' dir='ltr'><strong><em>commemoratione</em></strong></span> <span class='ocrx_word' id='word_1_618' title='bbox 2459 3250 2705 3320; x_wconf 85' lang='lat' dir='ltr'><strong><em>ejusdem</em></strong></span> <span class='ocrx_word' id='word_1_619' title='bbox 2760 3251 2892 3308; x_wconf 90' lang='lat' dir='ltr'><strong><em>dicti</em></strong></span> <span class='ocrx_word' id='word_1_620' title='bbox 2945 3254 3298 3315; x_wconf 78' lang='lat' dir='ltr'><strong><em>confudisse?</em></strong></span> <span class='ocrx_word' id='word_1_621' title='bbox 3338 3260 3496 3316; x_wconf 89' lang='lat' dir='ltr'><strong><em>Planc</em></strong></span> 
     </span>
    </p>
   </div>
   <div class='ocr_carea' id='block_1_82' title="bbox 1902 3339 3496 3416">
    <p class='ocr_par' dir='ltr' id='par_1_82' title="bbox 1902 3339 3496 3416">
     <span class='ocr_line' id='line_1_82' title="bbox 1902 3339 3496 3416; baseline 0.004 -19"><span class='ocrx_word' id='word_1_622' title='bbox 1902 3342 1997 3400; x_wconf 87' lang='lat' dir='ltr'><strong><em>ita.</em></strong></span> <span class='ocrx_word' id='word_1_623' title='bbox 2048 3342 2169 3411; x_wconf 88' lang='lat' dir='ltr'><strong><em>Ipse</em></strong></span> <span class='ocrx_word' id='word_1_624' title='bbox 2225 3339 2368 3396; x_wconf 90' lang='lat' dir='ltr'><strong><em>enim</em></strong></span> <span class='ocrx_word' id='word_1_625' title='bbox 2412 3347 2539 3395; x_wconf 90' lang='lat' dir='ltr'><strong><em>tunc</em></strong></span> <span class='ocrx_word' id='word_1_626' title='bbox 2581 3339 2754 3395; x_wconf 88' lang='lat' dir='ltr'><strong><em>fuerat</em></strong></span> <span class='ocrx_word' id='word_1_627' title='bbox 2798 3342 2851 3396; x_wconf 90' lang='lat' dir='ltr'><strong><em>in</em></strong></span> <span class='ocrx_word' id='word_1_628' title='bbox 2880 3343 3090 3415; x_wconf 85' lang='lat' dir='ltr'><strong><em>Moyse,</em></strong></span> <span class='ocrx_word' id='word_1_629' title='bbox 3121 3346 3213 3416; x_wconf 90' lang='lat' dir='ltr'><strong><em>qui</em></strong></span> <span class='ocrx_word' id='word_1_630' title='bbox 3238 3347 3364 3403; x_wconf 86' lang='lat' dir='ltr'><strong><em>talia</em></strong></span> <span class='ocrx_word' id='word_1_631' title='bbox 3392 3365 3496 3405; x_wconf 89' lang='lat' dir='ltr'><strong><em>au-</em></strong></span> 
     </span>
    </p>
   </div>
   <div class='ocr_carea' id='block_1_83' title="bbox 1901 3428 3499 3505">
    <p class='ocr_par' dir='ltr' id='par_1_83' title="bbox 1901 3428 3499 3505">
     <span class='ocr_line' id='line_1_83' title="bbox 1901 3428 3499 3505; baseline 0.006 -19"><span class='ocrx_word' id='word_1_632' title='bbox 1901 3431 2091 3497; x_wconf 91' lang='lat' dir='ltr'><strong><em>dierat,</em></strong></span> <span class='ocrx_word' id='word_1_633' title='bbox 2152 3428 2374 3500; x_wconf 89' lang='lat' dir='ltr'><strong><em>spiritus</em></strong></span> <span class='ocrx_word' id='word_1_634' title='bbox 2427 3428 2628 3485; x_wconf 89' lang='lat' dir='ltr'><strong><em>scilicet</em></strong></span> <span class='ocrx_word' id='word_1_635' title='bbox 2677 3430 2961 3488; x_wconf 89' lang='lat' dir='ltr'><strong><em>Creatoris.</em></strong></span> <span class='ocrx_word' id='word_1_636' title='bbox 3023 3434 3161 3490; x_wconf 90' lang='lat' dir='ltr'><strong><em>Puto</em></strong></span> <span class='ocrx_word' id='word_1_637' title='bbox 3211 3436 3325 3505; x_wconf 89' lang='lat' dir='ltr'><strong><em>jam</em></strong></span> <span class='ocrx_word' id='word_1_638' title='bbox 3370 3437 3499 3495; x_wconf 90' lang='lat' dir='ltr'><strong><em>alibi</em></strong></span> 
     </span>
    </p>
   </div>
   <div class='ocr_carea' id='block_1_84' title="bbox 1902 3518 3499 3594">
    <p class='ocr_par' dir='ltr' id='par_1_84' title="bbox 1902 3518 3499 3594">
     <span class='ocr_line' id='line_1_84' title="bbox 1902 3518 3499 3594; baseline 0.004 -17"><span class='ocrx_word' id='word_1_639' title='bbox 1902 3521 2032 3577; x_wconf 86' lang='lat' dir='ltr'><strong><em>satis</em></strong></span> <span class='ocrx_word' id='word_1_640' title='bbox 2058 3519 2466 3577; x_wconf 83' lang='lat' dir='ltr'><strong><em>commendasse</em></strong></span> <span class='ocrx_word' id='word_1_641' title='bbox 2503 3532 2604 3573; x_wconf 91' lang='lat' dir='ltr'><strong><em>nos</em></strong></span> <span class='ocrx_word' id='word_1_642' title='bbox 2643 3518 2951 3576; x_wconf 89' lang='lat' dir='ltr'><strong><em>divitiarum</em></strong></span> <span class='ocrx_word' id='word_1_643' title='bbox 2978 3521 3207 3594; x_wconf 80' lang='lat' dir='ltr'><strong><em>gloriam</em></strong></span> <span class='ocrx_word' id='word_1_644' title='bbox 3253 3527 3499 3585; x_wconf 88' lang='lat' dir='ltr'><strong><em>damnari</em></strong></span> 
     </span>
    </p>
   </div>
   <div class='ocr_carea' id='block_1_85' title="bbox 1901 3607 3500 3683">
    <p class='ocr_par' dir='ltr' id='par_1_85' title="bbox 1901 3607 3500 3683">
     <span class='ocr_line' id='line_1_85' title="bbox 1901 3607 3500 3683; baseline 0.005 -18"><span class='ocrx_word' id='word_1_645' title='bbox 1901 3626 1933 3665; x_wconf 91' lang='lat' dir='ltr'><strong><em>a</em></strong></span> <span class='ocrx_word' id='word_1_646' title='bbox 1961 3611 2076 3665; x_wconf 89' lang='lat' dir='ltr'><strong><em>Deo</em></strong></span> <span class='ocrx_word' id='word_1_647' title='bbox 2107 3617 2315 3679; x_wconf 89' lang='lat' dir='ltr'><strong><em>nostro,</em></strong></span> <span class='ocrx_word' id='word_1_648' title='bbox 2345 3607 2495 3680; x_wconf 92' lang='lat' dir='ltr'><strong><em>ipsos</em></strong></span> <span class='ocrx_word' id='word_1_649' title='bbox 2515 3608 2774 3679; x_wconf 87' lang='lat' dir='ltr'><strong><em>dynastas</em></strong></span> <span class='ocrx_word' id='word_1_650' title='bbox 2813 3610 3128 3668; x_wconf 89' lang='lat' dir='ltr'><strong><em>detrahente</em></strong></span> <span class='ocrx_word' id='word_1_651' title='bbox 3160 3613 3229 3670; x_wconf 89' lang='lat' dir='ltr'><strong><em>de</em></strong></span> <span class='ocrx_word' id='word_1_652' title='bbox 3257 3614 3412 3683; x_wconf 91' lang='lat' dir='ltr'><strong><em>solio,</em></strong></span> <span class='ocrx_word' id='word_1_653' title='bbox 3445 3626 3500 3673; x_wconf 89' lang='lat' dir='ltr'><strong><em>et</em></strong></span> 
     </span>
    </p>
   </div>
   <div class='ocr_carea' id='block_1_86' title="bbox 1901 3696 3496 3776">
    <p class='ocr_par' dir='ltr' id='par_1_86' title="bbox 1901 3696 3496 3776">
     <span class='ocr_line' id='line_1_86' title="bbox 1901 3696 3496 3776; baseline 0.004 -22"><span class='ocrx_word' id='word_1_654' title='bbox 1901 3714 2166 3769; x_wconf 88' lang='lat' dir='ltr'><strong><em>pauperes</em></strong></span> <span class='ocrx_word' id='word_1_655' title='bbox 2193 3698 2453 3752; x_wconf 88' lang='lat' dir='ltr'><strong><em>allevante</em></strong></span> <span class='ocrx_word' id='word_1_656' title='bbox 2486 3697 2549 3751; x_wconf 89' lang='lat' dir='ltr'><strong><em>de</em></strong></span> <span class='ocrx_word' id='word_1_657' title='bbox 2581 3696 2919 3768; x_wconf 89' lang='lat' dir='ltr'><strong><em>sterquilinio</em></strong></span> <span class='ocrx_word' id='word_1_658' title='bbox 2965 3700 3137 3771; x_wconf 88' lang='lat' dir='ltr'><strong><em>(Psal.</em></strong></span> <span class='ocrx_word' id='word_1_659' title='bbox 3196 3718 3335 3771; x_wconf 80' lang='lat' dir='ltr'><strong><em>exn,</em></strong></span> <span class='ocrx_word' id='word_1_660' title='bbox 3384 3705 3496 3776; x_wconf 89' lang='lat' dir='ltr'><strong><em>l3).</em></strong></span> 
     </span>
    </p>
   </div>
   <div class='ocr_carea' id='block_1_87' title="bbox 1900 3787 3499 3861">
    <p class='ocr_par' dir='ltr' id='par_1_87' title="bbox 1900 3787 3499 3861">
     <span class='ocr_line' id='line_1_87' title="bbox 1900 3787 3499 3861; baseline 0.004 -17"><span class='ocrx_word' id='word_1_661' title='bbox 1900 3790 1984 3844; x_wconf 89' lang='lat' dir='ltr'><strong><em>Ab</em></strong></span> <span class='ocrx_word' id='word_1_662' title='bbox 2037 3804 2102 3844; x_wconf 90' lang='lat' dir='ltr'><strong><em>eo</em></strong></span> <span class='ocrx_word' id='word_1_663' title='bbox 2133 3803 2264 3861; x_wconf 81' lang='lat' dir='ltr'><strong><em>ergo</em></strong></span> <span class='ocrx_word' id='word_1_664' title='bbox 2295 3788 2398 3842; x_wconf 90' lang='lat' dir='ltr'><strong><em>erit</em></strong></span> <span class='ocrx_word' id='word_1_665' title='bbox 2439 3793 2493 3841; x_wconf 90' lang='lat' dir='ltr'><strong><em>et</em></strong></span> <span class='ocrx_word' id='word_1_666' title='bbox 2545 3788 2804 3858; x_wconf 80' lang='lat' dir='ltr'><strong><em>parabole</em></strong></span> <span class='ocrx_word' id='word_1_667' title='bbox 2831 3787 3011 3847; x_wconf 88' lang='lat' dir='ltr'><strong><em>divitis</em></strong></span> <span class='ocrx_word' id='word_1_668' title='bbox 3038 3791 3364 3849; x_wconf 89' lang='lat' dir='ltr'><strong><em>blandientis</em></strong></span> <span class='ocrx_word' id='word_1_669' title='bbox 3396 3794 3499 3851; x_wconf 88' lang='lat' dir='ltr'><strong><em>sibi</em></strong></span> 
     </span>
    </p>
   </div>
   <div class='ocr_carea' id='block_1_88' title="bbox 1899 3877 3495 3950">
    <p class='ocr_par' dir='ltr' id='par_1_88' title="bbox 1899 3877 3495 3950">
     <span class='ocr_line' id='line_1_88' title="bbox 1899 3877 3495 3950; baseline 0.003 -16"><span class='ocrx_word' id='word_1_670' title='bbox 1899 3879 1968 3935; x_wconf 92' lang='lat' dir='ltr'><strong><em>de</em></strong></span> <span class='ocrx_word' id='word_1_671' title='bbox 2023 3884 2285 3949; x_wconf 89' lang='lat' dir='ltr'><strong><em>proventu</em></strong></span> <span class='ocrx_word' id='word_1_672' title='bbox 2343 3891 2593 3949; x_wconf 84' lang='lat' dir='ltr'><strong><em>agrorum</em></strong></span> <span class='ocrx_word' id='word_1_673' title='bbox 2647 3890 2873 3932; x_wconf 91' lang='lat' dir='ltr'><strong><em>suorum</em></strong></span> <span class='ocrx_word' id='word_1_674' title='bbox 2905 3919 2920 3946; x_wconf 89' lang='lat'><strong><em>,</em></strong></span> <span class='ocrx_word' id='word_1_675' title='bbox 2966 3877 3056 3934; x_wconf 91' lang='lat' dir='ltr'><strong><em>cui</em></strong></span> <span class='ocrx_word' id='word_1_676' title='bbox 3122 3880 3270 3937; x_wconf 88' lang='lat' dir='ltr'><strong><em>Deus</em></strong></span> <span class='ocrx_word' id='word_1_677' title='bbox 3323 3881 3495 3950; x_wconf 88' lang='lat' dir='ltr'><strong><em>dicit;</em></strong></span> 
     </span>
    </p>
   </div>
   <div class='ocr_carea' id='block_1_89' title="bbox 1901 3966 3500 4041">
    <p class='ocr_par' dir='ltr' id='par_1_89' title="bbox 1901 3966 3500 4041">
     <span class='ocr_line' id='line_1_89' title="bbox 1901 3966 3500 4041; baseline 0.002 -17"><span class='ocrx_word' id='word_1_678' title='bbox 1901 3969 2109 4036; x_wconf 84' lang='lat' dir='ltr'><strong><em>Stulte,</em></strong></span> <span class='ocrx_word' id='word_1_679' title='bbox 2140 3966 2243 4022; x_wconf 89' lang='lat' dir='ltr'><strong><em>hac</em></strong></span> <span class='ocrx_word' id='word_1_680' title='bbox 2271 3969 2434 4023; x_wconf 86' lang='lat' dir='ltr'><strong><em>nocte</em></strong></span> <span class='ocrx_word' id='word_1_681' title='bbox 2453 3967 2711 4021; x_wconf 85' lang='lat' dir='ltr'><strong><em>animam</em></strong></span> <span class='ocrx_word' id='word_1_682' title='bbox 2732 3968 2896 4022; x_wconf 87' lang='lat' dir='ltr'><strong><em>tuam</em></strong></span> <span class='ocrx_word' id='word_1_683' title='bbox 2912 3973 3236 4039; x_wconf 83' lang='lat' dir='ltr'><strong><em>reposcent:</em></strong></span> <span class='ocrx_word' id='word_1_684' title='bbox 3252 3986 3375 4041; x_wconf 77' lang='lat' dir='ltr'><strong><em>qua:</em></strong></span> <span class='ocrx_word' id='word_1_685' title='bbox 3395 3989 3500 4028; x_wconf 86' lang='lat' dir='ltr'><strong><em>au-</em></strong></span> 
     </span>
    </p>
   </div>
   <div class='ocr_carea' id='block_1_90' title="bbox 1901 4052 3499 4130">
    <p class='ocr_par' dir='ltr' id='par_1_90' title="bbox 1901 4052 3499 4130">
     <span class='ocr_line' id='line_1_90' title="bbox 1901 4052 3499 4130; baseline 0.002 -18"><span class='ocrx_word' id='word_1_686' title='bbox 1901 4060 2015 4112; x_wconf 88' lang='lat' dir='ltr'><strong><em>tem</em></strong></span> <span class='ocrx_word' id='word_1_687' title='bbox 2055 4055 2301 4127; x_wconf 86' lang='lat' dir='ltr'><strong><em>parasti,</em></strong></span> <span class='ocrx_word' id='word_1_688' title='bbox 2349 4055 2508 4124; x_wconf 86' lang='lat' dir='ltr'><strong><em>cujus</em></strong></span> <span class='ocrx_word' id='word_1_689' title='bbox 2538 4052 2588 4091; x_wconf 80' lang='grc' dir='ltr'><strong><em>σ²</em></strong></span> <span class='ocrx_word' id='word_1_690' title='bbox 2634 4058 2806 4110; x_wconf 89' lang='lat' dir='ltr'><strong><em>erunt</em></strong></span> <span class='ocrx_word' id='word_1_691' title='bbox 2837 4053 2865 4108; x_wconf 80' lang='lat'><em>?</em></span> <span class='ocrx_word' id='word_1_692' title='bbox 2893 4053 2983 4110; x_wconf 92' lang='lat' dir='ltr'><strong><em>Sic</em></strong></span> <span class='ocrx_word' id='word_1_693' title='bbox 3028 4057 3263 4130; x_wconf 89' lang='lat' dir='ltr'><strong><em>denique</em></strong></span> <span class='ocrx_word' id='word_1_694' title='bbox 3299 4074 3392 4115; x_wconf 87' lang='lat' dir='ltr'><strong><em>rex</em></strong></span> <span class='ocrx_word' id='word_1_695' title='bbox 3429 4060 3499 4116; x_wconf 89' lang='lat' dir='ltr'><strong><em>de</em></strong></span> 
     </span>
    </p>
   </div>
   <div class='ocr_carea' id='block_1_91' title="bbox 1896 4141 3502 4217">
    <p class='ocr_par' dir='ltr' id='par_1_91' title="bbox 1896 4141 3502 4217">
     <span class='ocr_line' id='line_1_91' title="bbox 1896 4141 3502 4217; baseline 0.006 -21"><span class='ocrx_word' id='word_1_696' title='bbox 1896 4144 2046 4214; x_wconf 78' lang='lat' dir='ltr'><strong><em>gazis</em></strong></span> <span class='ocrx_word' id='word_1_697' title='bbox 2110 4151 2165 4198; x_wconf 91' lang='lat' dir='ltr'><strong><em>et</em></strong></span> <span class='ocrx_word' id='word_1_698' title='bbox 2205 4142 2480 4214; x_wconf 89' lang='lat' dir='ltr'><strong><em>apothecis</em></strong></span> <span class='ocrx_word' id='word_1_699' title='bbox 2523 4141 2839 4199; x_wconf 90' lang='lat' dir='ltr'><strong><em>deliciarum</em></strong></span> <span class='ocrx_word' id='word_1_700' title='bbox 2878 4158 3095 4200; x_wconf 88' lang='lat' dir='ltr'><strong><em>suarum</em></strong></span> <span class='ocrx_word' id='word_1_701' title='bbox 3166 4148 3317 4217; x_wconf 90' lang='lat' dir='ltr'><strong><em>apud</em></strong></span> <span class='ocrx_word' id='word_1_702' title='bbox 3370 4151 3502 4205; x_wconf 86' lang='lat' dir='ltr'><strong><em>Per-</em></strong></span> 
     </span>
    </p>
   </div>
   <div class='ocr_carea' id='block_1_92' title="bbox 1903 4230 3496 4304">
    <p class='ocr_par' dir='ltr' id='par_1_92' title="bbox 1903 4230 3496 4304">
     <span class='ocr_line' id='line_1_92' title="bbox 1903 4230 3496 4304; baseline 0.005 -18"><span class='ocrx_word' id='word_1_703' title='bbox 1903 4250 1993 4292; x_wconf 78' lang='lat' dir='ltr'><strong><em>sas</em></strong></span> <span class='ocrx_word' id='word_1_704' title='bbox 2022 4230 2304 4304; x_wconf 81' lang='lat' dir='ltr'><strong><em>gloriatus,</em></strong></span> <span class='ocrx_word' id='word_1_705' title='bbox 2334 4245 2430 4301; x_wconf 90' lang='lat' dir='ltr'><strong><em>per</em></strong></span> <span class='ocrx_word' id='word_1_706' title='bbox 2458 4230 2650 4286; x_wconf 89' lang='lat' dir='ltr'><strong><em>Isaiam</em></strong></span> <span class='ocrx_word' id='word_1_707' title='bbox 2697 4231 2839 4302; x_wconf 90' lang='lat' dir='ltr'><strong><em>(cap.</em></strong></span> <span class='ocrx_word' id='word_1_708' title='bbox 2870 4237 3075 4304; x_wconf 75' lang='lat' dir='ltr'><strong><em>xxxrx)</em></strong></span> <span class='ocrx_word' id='word_1_709' title='bbox 3106 4236 3245 4290; x_wconf 89' lang='lat' dir='ltr'><strong><em>male</em></strong></span> <span class='ocrx_word' id='word_1_710' title='bbox 3273 4234 3496 4294; x_wconf 90' lang='lat' dir='ltr'><strong><em>audivit.</em></strong></span> 
     </span>
    </p>
   </div>
   <div class='ocr_carea' id='block_1_93' title="bbox 2474 4372 2946 4432">
    <p class='ocr_par' dir='ltr' id='par_1_93' title="bbox 2474 4372 2946 4432">
     <span class='ocr_line' id='line_1_93' title="bbox 2474 4372 2946 4432; baseline 0.013 -6"><span class='ocrx_word' id='word_1_711' title='bbox 2474 4372 2697 4429; x_wconf 88' lang='lat' dir='ltr'><strong><em>CAPUT</em></strong></span> <span class='ocrx_word' id='word_1_712' title='bbox 2732 4374 2946 4432; x_wconf 78' lang='lat' dir='ltr'><strong>XXIX.</strong></span> 
     </span>
    </p>
   </div>
   <div class='ocr_carea' id='block_1_94' title="bbox 1977 4499 3503 4573">
    <p class='ocr_par' dir='ltr' id='par_1_94' title="bbox 1977 4499 3503 4573">
     <span class='ocr_line' id='line_1_94' title="bbox 1977 4499 3503 4573; baseline 0.005 -16"><span class='ocrx_word' id='word_1_713' title='bbox 1977 4501 2112 4571; x_wconf 91' lang='lat' dir='ltr'><strong><em>Quis</em></strong></span> <span class='ocrx_word' id='word_1_714' title='bbox 2139 4499 2304 4557; x_wconf 90' lang='lat' dir='ltr'><strong><em>nollet</em></strong></span> <span class='ocrx_word' id='word_1_715' title='bbox 2332 4512 2519 4555; x_wconf 87' lang='lat' dir='ltr'><strong><em>curam</em></strong></span> <span class='ocrx_word' id='word_1_716' title='bbox 2547 4512 2648 4554; x_wconf 90' lang='lat' dir='ltr'><strong><em>nos</em></strong></span> <span class='ocrx_word' id='word_1_717' title='bbox 2676 4513 2834 4571; x_wconf 88' lang='lat' dir='ltr'><strong><em>agere</em></strong></span> <span class='ocrx_word' id='word_1_718' title='bbox 2863 4515 3055 4555; x_wconf 82' lang='lat' dir='ltr'><strong><em>animae</em></strong></span> <span class='ocrx_word' id='word_1_719' title='bbox 3111 4502 3179 4558; x_wconf 90' lang='lat' dir='ltr'><strong><em>de</em></strong></span> <span class='ocrx_word' id='word_1_720' title='bbox 3228 4503 3395 4573; x_wconf 90' lang='lat' dir='ltr'><strong><em>victu,</em></strong></span> <span class='ocrx_word' id='word_1_721' title='bbox 3446 4515 3503 4565; x_wconf 91' lang='lat' dir='ltr'><strong><em>et</em></strong></span> 
     </span>
    </p>
   </div>
   <div class='ocr_carea' id='block_1_95' title="bbox 1908 4586 3502 4665">
    <p class='ocr_par' dir='ltr' id='par_1_95' title="bbox 1908 4586 3502 4665">
     <span class='ocr_line' id='line_1_95' title="bbox 1908 4586 3502 4665; baseline 0.001 -16"><span class='ocrx_word' id='word_1_722' title='bbox 1908 4589 2151 4663; x_wconf 90' lang='lat' dir='ltr'><strong><em>corporis</em></strong></span> <span class='ocrx_word' id='word_1_723' title='bbox 2177 4589 2245 4646; x_wconf 90' lang='lat' dir='ltr'><strong><em>de</em></strong></span> <span class='ocrx_word' id='word_1_724' title='bbox 2289 4587 2511 4659; x_wconf 87' lang='lat' dir='ltr'><strong><em>vestitu,</em></strong></span> <span class='ocrx_word' id='word_1_725' title='bbox 2536 4586 2642 4644; x_wconf 91' lang='lat' dir='ltr'><strong><em>nisi</em></strong></span> <span class='ocrx_word' id='word_1_726' title='bbox 2671 4588 2764 4660; x_wconf 92' lang='lat' dir='ltr'><strong><em>qui</em></strong></span> <span class='ocrx_word' id='word_1_727' title='bbox 2818 4587 2922 4644; x_wconf 91' lang='lat' dir='ltr'><strong><em>ista</em></strong></span> <span class='ocrx_word' id='word_1_728' title='bbox 2948 4588 3155 4647; x_wconf 89' lang='lat' dir='ltr'><strong><em>homini</em></strong></span> <span class='ocrx_word' id='word_1_729' title='bbox 3192 4602 3318 4649; x_wconf 89' lang='lat' dir='ltr'><strong><em>ante</em></strong></span> <span class='ocrx_word' id='word_1_730' title='bbox 3373 4610 3502 4665; x_wconf 92' lang='lat' dir='ltr'><strong><em>pro-</em></strong></span> 
     </span>
    </p>
   </div>
   <div class='ocr_carea' id='block_1_96' title="bbox 1912 4679 3499 4753">
    <p class='ocr_par' dir='ltr' id='par_1_96' title="bbox 1912 4679 3499 4753">
     <span class='ocr_line' id='line_1_96' title="bbox 1912 4679 3499 4753; baseline 0.002 -17"><span class='ocrx_word' id='word_1_731' title='bbox 1912 4681 2109 4753; x_wconf 86' lang='lat' dir='ltr'><strong><em>spexit,</em></strong></span> <span class='ocrx_word' id='word_1_732' title='bbox 2150 4688 2206 4738; x_wconf 88' lang='lat' dir='ltr'><strong><em>et</em></strong></span> <span class='ocrx_word' id='word_1_733' title='bbox 2259 4680 2455 4738; x_wconf 84' lang='lat' dir='ltr'><strong><em>exinde</em></strong></span> <span class='ocrx_word' id='word_1_734' title='bbox 2490 4687 2774 4753; x_wconf 76' lang='lat' dir='ltr'><strong><em>praestans,</em></strong></span> <span class='ocrx_word' id='word_1_735' title='bbox 2829 4679 3023 4740; x_wconf 88' lang='lat' dir='ltr'><strong><em>merito</em></strong></span> <span class='ocrx_word' id='word_1_736' title='bbox 3069 4696 3252 4739; x_wconf 89' lang='lat' dir='ltr'><strong><em>curam</em></strong></span> <span class='ocrx_word' id='word_1_737' title='bbox 3311 4696 3499 4740; x_wconf 90' lang='lat' dir='ltr'><strong><em>eorum</em></strong></span> 
     </span>
    </p>
   </div>
   <div class='ocr_carea' id='block_1_97' title="bbox 1584 4807 2129 4871">
    <p class='ocr_par' dir='ltr' id='par_1_97' title="bbox 1584 4807 2129 4871">
     <span class='ocr_line' id='line_1_97' title="bbox 1584 4807 2129 4871; baseline -0.004 0"><span class='ocrx_word' id='word_1_738' title='bbox 1584 4807 1778 4871; x_wconf 79' lang='lat' dir='ltr'><strong><em>Variae</em></strong></span> <span class='ocrx_word' id='word_1_739' title='bbox 1818 4809 2129 4871; x_wconf 90' lang='lat' dir='ltr'><strong><em>lectiones.</em></strong></span> 
     </span>
    </p>
   </div>
   <div class='ocr_carea' id='block_1_98' title="bbox 270 4918 407 4980">
    <p class='ocr_par' dir='ltr' id='par_1_98' title="bbox 270 4918 407 4980">
     <span class='ocr_line' id='line_1_98' title="bbox 270 4918 407 4980; baseline -0.022 0"><span class='ocrx_word' id='word_1_740' title='bbox 270 4918 323 4961; x_wconf 76' lang='lat'><strong><em>52</em></strong></span> <span class='ocrx_word' id='word_1_741' title='bbox 352 4920 407 4980; x_wconf 89' lang='lat' dir='ltr'><strong><em>Si</em></strong></span> 
     </span>
    </p>
   </div>
   <div class='ocr_carea' id='block_1_99' title="bbox 394 4913 3501 4995">
    <p class='ocr_par' dir='ltr' id='par_1_99' title="bbox 394 4913 3501 4995">
     <span class='ocr_line' id='line_1_99' title="bbox 394 4913 3501 4995; baseline -0.002 -17"><span class='ocrx_word' id='word_1_742' title='bbox 394 4919 680 4995; x_wconf 79' lang='lat' dir='ltr'><strong><em>igniﬁcans</em></strong></span> <span class='ocrx_word' id='word_1_743' title='bbox 709 4921 899 4995; x_wconf 85' lang='lat' dir='ltr'><strong><em>omitt.</em></strong></span> <span class='ocrx_word' id='word_1_744' title='bbox 932 4919 1114 4995; x_wconf 56' lang='grc' dir='ltr'><strong><em>δθέιηζἱ</em></strong></span> <span class='ocrx_word' id='word_1_745' title='bbox 1134 4915 1197 4995; x_wconf 36' lang='grc' dir='ltr'><strong><em>ἓ,</em></strong></span> <span class='ocrx_word' id='word_1_746' title='bbox 1211 4915 1312 4973; x_wconf 87' lang='lat' dir='ltr'><strong><em>Hic</em></strong></span> <span class='ocrx_word' id='word_1_747' title='bbox 1336 4917 1561 4995; x_wconf 75' lang='lat' dir='ltr'><strong><em>Rigalt._</em></strong></span> <span class='ocrx_word' id='word_1_748' title='bbox 1588 4917 1772 4995; x_wconf 58' lang='lat' dir='ltr'><strong><em>Kenet.</em></strong></span> <span class='ocrx_word' id='word_1_749' title='bbox 1830 4914 1882 4995; x_wconf 52' lang='grc' dir='ltr'><strong><em>εἶά</em></strong></span> <span class='ocrx_word' id='word_1_750' title='bbox 1909 4913 2290 4995; x_wconf 55' lang='lat' dir='ltr'><strong><em>sustinendam</em></strong></span> <span class='ocrx_word' id='word_1_751' title='bbox 2322 4913 2623 4995; x_wconf 44' lang='lat' dir='ltr'><strong><em>Oberthf5</em></strong></span> <span class='ocrx_word' id='word_1_752' title='bbox 2650 4914 2733 4995; x_wconf 76' lang='lat' dir='ltr'><strong><em>I_ll_i</em></strong></span> <span class='ocrx_word' id='word_1_753' title='bbox 2759 4913 3062 4995; x_wconf 77' lang='lat' dir='ltr'><strong><em>autem_qui</em></strong></span> <span class='ocrx_word' id='word_1_754' title='bbox 3100 4916 3262 4995; x_wconf 78' lang='lat' dir='ltr'><strong><em>Pam.</em></strong></span> <span class='ocrx_word' id='word_1_755' title='bbox 3291 4913 3356 4995; x_wconf 40' lang='grc'><strong><em>⁵9-</em></strong></span> <span class='ocrx_word' id='word_1_756' title='bbox 3387 4915 3501 4995; x_wconf 58' lang='grc' dir='ltr'><strong><em>Οιιέ</em></strong></span> 
     </span>
    </p>
   </div>
   <div class='ocr_carea' id='block_1_100' title="bbox 197 4986 3502 5064">
    <p class='ocr_par' dir='ltr' id='par_1_100' title="bbox 197 4986 3502 5064">
     <span class='ocr_line' id='line_1_100' title="bbox 197 4986 3502 5064; baseline -0.001 -15"><span class='ocrx_word' id='word_1_757' title='bbox 197 4993 289 5062; x_wconf 84' lang='lat' dir='ltr'><strong><em>jus</em></strong></span> <span class='ocrx_word' id='word_1_758' title='bbox 317 4986 491 5052; x_wconf 61' lang='lat' dir='ltr'><strong><em>Senil.</em></strong></span> <span class='ocrx_word' id='word_1_759' title='bbox 514 4994 563 5032; x_wconf 81' lang='grc'><strong><em>⁵⁷</em></strong></span> <span class='ocrx_word' id='word_1_760' title='bbox 594 4994 902 5051; x_wconf 87' lang='lat' dir='ltr'><strong><em>Productos</em></strong></span> <span class='ocrx_word' id='word_1_761' title='bbox 955 4993 1034 5048; x_wconf 89' lang='lat' dir='ltr'><strong><em>al.</em></strong></span> <span class='ocrx_word' id='word_1_762' title='bbox 1066 4986 1477 5064; x_wconf 76' lang='lat' dir='ltr'><strong><em>58Eloquamini</em></strong></span> <span class='ocrx_word' id='word_1_763' title='bbox 1503 4989 1582 5047; x_wconf 90' lang='lat' dir='ltr'><strong><em>al.</em></strong></span> <span class='ocrx_word' id='word_1_764' title='bbox 1613 4989 1663 5028; x_wconf 81' lang='lat'><strong><em>59</em></strong></span> <span class='ocrx_word' id='word_1_765' title='bbox 1717 4988 1884 5062; x_wconf 81' lang='lat' dir='ltr'><strong><em>Regis</em></strong></span> <span class='ocrx_word' id='word_1_766' title='bbox 1922 4987 2090 5046; x_wconf 89' lang='lat' dir='ltr'><strong><em>Seml.</em></strong></span> <span class='ocrx_word' id='word_1_767' title='bbox 2120 4986 2172 5026; x_wconf 81' lang='grc' dir='ltr'><strong><em>δο</em></strong></span> <span class='ocrx_word' id='word_1_768' title='bbox 2211 4988 2281 5044; x_wconf 88' lang='grc' dir='ltr'><strong><em>Ει</em></strong></span> <span class='ocrx_word' id='word_1_769' title='bbox 2330 4989 2614 5061; x_wconf 81' lang='lat' dir='ltr'><strong><em>prcemitt.</em></strong></span> <span class='ocrx_word' id='word_1_770' title='bbox 2646 4987 2819 5045; x_wconf 82' lang='lat' dir='ltr'><strong><em>Rhen.</em></strong></span> <span class='ocrx_word' id='word_1_771' title='bbox 2851 4986 2899 5027; x_wconf 76' lang='lat'><strong><em>51</em></strong></span> <span class='ocrx_word' id='word_1_772' title='bbox 2932 4988 3014 5044; x_wconf 89' lang='lat' dir='ltr'><strong><em>De</em></strong></span> <span class='ocrx_word' id='word_1_773' title='bbox 3050 4990 3239 5046; x_wconf 88' lang='lat' dir='ltr'><strong><em>omitt.</em></strong></span> <span class='ocrx_word' id='word_1_774' title='bbox 3314 4990 3502 5049; x_wconf 82' lang='lat' dir='ltr'><strong><em>Venet.</em></strong></span> 
     </span>
    </p>
   </div>
   <div class='ocr_carea' id='block_1_101' title="bbox 201 5064 542 5124">
    <p class='ocr_par' dir='ltr' id='par_1_101' title="bbox 201 5064 542 5124">
     <span class='ocr_line' id='line_1_101' title="bbox 201 5064 542 5124; baseline -0.003 -1"><span class='ocrx_word' id='word_1_775' title='bbox 201 5064 250 5102; x_wconf 70' lang='grc'><strong><em>⁶²</em></strong></span> <span class='ocrx_word' id='word_1_776' title='bbox 278 5066 384 5123; x_wconf 88' lang='lat' dir='ltr'><strong><em>Cui</em></strong></span> <span class='ocrx_word' id='word_1_777' title='bbox 416 5069 542 5124; x_wconf 86' lang='lat' dir='ltr'><strong><em>Lat.</em></strong></span> 
     </span>
    </p>
   </div>
   <div class='ocr_carea' id='block_1_102' title="bbox 1606 5133 2103 5198">
    <p class='ocr_par' dir='ltr' id='par_1_102' title="bbox 1606 5133 2103 5198">
     <span class='ocr_line' id='line_1_102' title="bbox 1606 5133 2103 5198; baseline -0.002 -1"><span class='ocrx_word' id='word_1_778' title='bbox 1606 5133 2103 5198; x_wconf 87' lang='lat' dir='ltr'><strong><em>Commentarius.</em></strong></span> 
     </span>
    </p>
   </div>
   <div class='ocr_carea' id='block_1_103' title="bbox 274 5240 1806 5317">
    <p class='ocr_par' dir='ltr' id='par_1_103' title="bbox 274 5240 1806 5317">
     <span class='ocr_line' id='line_1_103' title="bbox 274 5240 1806 5317; baseline -0.005 -14"><span class='ocrx_word' id='word_1_779' title='bbox 274 5248 393 5317; x_wconf 79' lang='lat'><strong>(23)</strong></span> <span class='ocrx_word' id='word_1_780' title='bbox 435 5245 540 5316; x_wconf 85' lang='lat' dir='ltr'><strong><em>Qui</em></strong></span> <span class='ocrx_word' id='word_1_781' title='bbox 567 5244 784 5302; x_wconf 77' lang='lat' dir='ltr'><strong><em>dixerit</em></strong></span> <span class='ocrx_word' id='word_1_782' title='bbox 802 5246 875 5317; x_wconf 86' lang='lat' dir='ltr'><strong><em>in</em></strong></span> <span class='ocrx_word' id='word_1_783' title='bbox 895 5242 1396 5317; x_wconf 79' lang='lat' dir='ltr'><strong><em>Filiumhominis,</em></strong></span> <span class='ocrx_word' id='word_1_784' title='bbox 1428 5248 1534 5297; x_wconf 89' lang='lat' dir='ltr'><strong><em>etc.</em></strong></span> <span class='ocrx_word' id='word_1_785' title='bbox 1565 5240 1679 5296; x_wconf 87' lang='lat' dir='ltr'><strong><em>Etsi</em></strong></span> <span class='ocrx_word' id='word_1_786' title='bbox 1698 5255 1806 5317; x_wconf 86' lang='lat' dir='ltr'><strong><em>non</em></strong></span> 
     </span>
    </p>
   </div>
   <div class='ocr_carea' id='block_1_104' title="bbox 194 5314 1809 5388">
    <p class='ocr_par' dir='ltr' id='par_1_104' title="bbox 194 5314 1809 5388">
     <span class='ocr_line' id='line_1_104' title="bbox 194 5314 1809 5388; baseline -0.003 -16"><span class='ocrx_word' id='word_1_787' title='bbox 194 5314 497 5388; x_wconf 78' lang='lat' dir='ltr'><strong><em>exprimat,</em></strong></span> <span class='ocrx_word' id='word_1_788' title='bbox 569 5327 745 5373; x_wconf 88' lang='lat' dir='ltr'><strong><em>tamen</em></strong></span> <span class='ocrx_word' id='word_1_789' title='bbox 798 5314 1217 5388; x_wconf 87' lang='lat' dir='ltr'><strong><em>subintelligitur</em></strong></span> <span class='ocrx_word' id='word_1_790' title='bbox 1285 5314 1351 5368; x_wconf 91' lang='lat' dir='ltr'><strong><em>ab</em></strong></span> <span class='ocrx_word' id='word_1_791' title='bbox 1387 5320 1678 5388; x_wconf 73' lang='lat' dir='ltr'><strong><em>_auctore,_</em></strong></span> <span class='ocrx_word' id='word_1_792' title='bbox 1704 5314 1809 5388; x_wconf 71' lang='lat' dir='ltr'><strong><em>qui</em></strong></span> 
     </span>
    </p>
   </div>
   <div class='ocr_carea' id='block_1_105' title="bbox 207 5382 1808 5462">
    <p class='ocr_par' dir='ltr' id='par_1_105' title="bbox 207 5382 1808 5462">
     <span class='ocr_line' id='line_1_105' title="bbox 207 5382 1808 5462; baseline -0.003 -19"><span class='ocrx_word' id='word_1_793' title='bbox 207 5382 445 5447; x_wconf 67' lang='lat' dir='ltr'><strong><em>dixerit</em></strong></span> <span class='ocrx_word' id='word_1_794' title='bbox 474 5382 903 5462; x_wconf 86' lang='lat' dir='ltr'><strong><em>blasphemiam,</em></strong></span> <span class='ocrx_word' id='word_1_795' title='bbox 934 5402 1043 5462; x_wconf 82' lang='lat' dir='ltr'><strong><em>pro</em></strong></span> <span class='ocrx_word' id='word_1_796' title='bbox 1070 5382 1136 5442; x_wconf 75' lang='grc' dir='ltr'><strong><em>ἑο</em></strong></span> <span class='ocrx_word' id='word_1_797' title='bbox 1182 5387 1326 5456; x_wconf 88' lang='lat' dir='ltr'><strong><em>quod</em></strong></span> <span class='ocrx_word' id='word_1_798' title='bbox 1353 5382 1442 5462; x_wconf 65' lang='lat' dir='ltr'><strong><em>alii</em></strong></span> <span class='ocrx_word' id='word_1_799' title='bbox 1481 5401 1499 5462; x_wconf 88' lang='lat'><strong><em>:_</em></strong></span> <span class='ocrx_word' id='word_1_800' title='bbox 1529 5386 1624 5457; x_wconf 86' lang='lat' dir='ltr'><strong><em>qui</em></strong></span> <span class='ocrx_word' id='word_1_801' title='bbox 1660 5382 1808 5462; x_wconf 35' lang='lat' dir='ltr'><strong><em>aias:</em></strong></span> 
     </span>
    </p>
   </div>
   <div class='ocr_carea' id='block_1_106' title="bbox 184 5454 1811 5533">
    <p class='ocr_par' dir='ltr' id='par_1_106' title="bbox 184 5454 1811 5533">
     <span class='ocr_line' id='line_1_106' title="bbox 184 5454 1811 5533; baseline -0.006 -15"><span class='ocrx_word' id='word_1_802' title='bbox 184 5454 609 5533; x_wconf 63' lang='lat' dir='ltr'><strong><em>phemaverit,&#39;</em></strong></span> <span class='ocrx_word' id='word_1_803' title='bbox 644 5470 754 5533; x_wconf 82' lang='lat' dir='ltr'><strong><em>tam</em></strong></span> <span class='ocrx_word' id='word_1_804' title='bbox 797 5474 863 5515; x_wconf 82' lang='lat' dir='ltr'><strong><em>ex</em></strong></span> <span class='ocrx_word' id='word_1_805' title='bbox 892 5454 1117 5533; x_wconf 58' lang='lat' dir='ltr'><strong><em>&#39;Graeco</em></strong></span> <span class='ocrx_word' id='word_1_806' title='bbox 1170 5454 1333 5533; x_wconf 74' lang='lat' dir='ltr'><strong><em>quam</em></strong></span> <span class='ocrx_word' id='word_1_807' title='bbox 1381 5454 1624 5533; x_wconf 73' lang='lat' dir='ltr'><strong><em>Syriaco,</em></strong></span> <span class='ocrx_word' id='word_1_808' title='bbox 1648 5454 1811 5533; x_wconf 77' lang='lat' dir='ltr'><strong><em>sicuti</em></strong></span> 
     </span>
    </p>
   </div>
   <div class='ocr_carea' id='block_1_107' title="bbox 187 5526 1810 5603">
    <p class='ocr_par' dir='ltr' id='par_1_107' title="bbox 187 5526 1810 5603">
     <span class='ocr_line' id='line_1_107' title="bbox 187 5526 1810 5603; baseline -0.005 -13"><span class='ocrx_word' id='word_1_809' title='bbox 187 5526 353 5602; x_wconf 63' lang='lat' dir='ltr'><strong><em>patet</em></strong></span> <span class='ocrx_word' id='word_1_810' title='bbox 401 5549 473 5588; x_wconf 79' lang='lat' dir='ltr'><strong><em>ex</em></strong></span> <span class='ocrx_word' id='word_1_811' title='bbox 518 5526 701 5591; x_wconf 83' lang='lat' dir='ltr'><strong><em>verbis</em></strong></span> <span class='ocrx_word' id='word_1_812' title='bbox 756 5530 1128 5603; x_wconf 89' lang='lat' dir='ltr'><strong><em>sequentibus,</em></strong></span> <span class='ocrx_word' id='word_1_813' title='bbox 1144 5526 1336 5603; x_wconf 20' lang='lat' dir='ltr'><strong><em>ihujus</em></strong></span> <span class='ocrx_word' id='word_1_814' title='bbox 1392 5528 1501 5584; x_wconf 82' lang='lat' dir='ltr'><strong><em>erit</em></strong></span> <span class='ocrx_word' id='word_1_815' title='bbox 1560 5526 1810 5599; x_wconf 86' lang='lat' dir='ltr'><strong><em>Spiritus</em></strong></span> 
     </span>
    </p>
   </div>
   <div class='ocr_carea' id='block_1_108' title="bbox 184 5602 1279 5676">
    <p class='ocr_par' dir='ltr' id='par_1_108' title="bbox 184 5602 1279 5676">
     <span class='ocr_line' id='line_1_108' title="bbox 184 5602 1279 5676; baseline -0.006 -15"><span class='ocrx_word' id='word_1_816' title='bbox 184 5609 449 5661; x_wconf 75' lang='lat' dir='ltr'><strong><em>sanctus</em></strong></span> <span class='ocrx_word' id='word_1_817' title='bbox 469 5622 587 5662; x_wconf 87' lang='lat' dir='ltr'><strong><em>non</em></strong></span> <span class='ocrx_word' id='word_1_818' title='bbox 614 5602 1109 5676; x_wconf 80' lang='lat' dir='ltr'><strong><em>blasphemandus.</em></strong></span> <span class='ocrx_word' id='word_1_819' title='bbox 1142 5602 1279 5676; x_wconf 57' lang='lat' dir='ltr'><strong><em>Pani.</em></strong></span> 
     </span>
    </p>
   </div>
   <div class='ocr_carea' id='block_1_109' title="bbox 259 5669 1811 5761">
    <p class='ocr_par' dir='ltr' id='par_1_109' title="bbox 259 5669 1811 5761">
     <span class='ocr_line' id='line_1_109' title="bbox 259 5669 1811 5761; baseline -0.003 -26"><span class='ocrx_word' id='word_1_820' title='bbox 259 5678 397 5761; x_wconf 75' lang='grc'>(24)</span> <span class='ocrx_word' id='word_1_821' title='bbox 433 5677 634 5751; x_wconf 74' lang='lat' dir='ltr'><strong><em>Moyses</em></strong></span> <span class='ocrx_word' id='word_1_822' title='bbox 651 5669 979 5737; x_wconf 60' lang='lat' dir='ltr'><strong><em>riiantibus</em></strong></span> <span class='ocrx_word' id='word_1_823' title='bbox 1007 5671 1283 5750; x_wconf 77' lang='lat' dir='ltr'><strong><em>fratribus</em></strong></span> <span class='ocrx_word' id='word_1_824' title='bbox 1311 5672 1466 5731; x_wconf 82' lang='lat' dir='ltr'><strong><em>ultro</em></strong></span> <span class='ocrx_word' id='word_1_825' title='bbox 1485 5669 1811 5731; x_wconf 83' lang='lat' dir='ltr'><strong><em>intercedit.</em></strong></span> 
     </span>
    </p>
   </div>
   <div class='ocr_carea' id='block_1_110' title="bbox 1915 5239 3508 5313">
    <p class='ocr_par' dir='ltr' id='par_1_110' title="bbox 1915 5239 3508 5313">
     <span class='ocr_line' id='line_1_110' title="bbox 1915 5239 3508 5313; baseline 0.001 -16"><span class='ocrx_word' id='word_1_826' title='bbox 1915 5240 2131 5297; x_wconf 87' lang='lat' dir='ltr'><strong><em>Fratres</em></strong></span> <span class='ocrx_word' id='word_1_827' title='bbox 2175 5247 2351 5308; x_wconf 88' lang='lat' dir='ltr'><strong><em>vocat,</em></strong></span> <span class='ocrx_word' id='word_1_828' title='bbox 2382 5239 2476 5312; x_wconf 92' lang='lat' dir='ltr'><strong><em>qui</em></strong></span> <span class='ocrx_word' id='word_1_829' title='bbox 2531 5255 2595 5297; x_wconf 88' lang='lat' dir='ltr'><strong><em>ex</em></strong></span> <span class='ocrx_word' id='word_1_830' title='bbox 2641 5239 2835 5313; x_wconf 86' lang='lat' dir='ltr'><strong><em>eodem</em></strong></span> <span class='ocrx_word' id='word_1_831' title='bbox 2880 5247 3063 5297; x_wconf 88' lang='lat' dir='ltr'><strong><em>essent</em></strong></span> <span class='ocrx_word' id='word_1_832' title='bbox 3089 5257 3290 5313; x_wconf 79' lang='lat' dir='ltr'><strong><em>genere</em></strong></span> <span class='ocrx_word' id='word_1_833' title='bbox 3318 5243 3508 5309; x_wconf 87' lang='lat' dir='ltr'><strong><em>Israel,</em></strong></span> 
     </span>
    </p>
   </div>
   <div class='ocr_carea' id='block_1_111' title="bbox 1919 5312 3510 5386">
    <p class='ocr_par' dir='ltr' id='par_1_111' title="bbox 1919 5312 3510 5386">
     <span class='ocr_line' id='line_1_111' title="bbox 1919 5312 3510 5386; baseline 0 -18"><span class='ocrx_word' id='word_1_834' title='bbox 1919 5315 2079 5385; x_wconf 90' lang='lat' dir='ltr'><strong><em>paulo</em></strong></span> <span class='ocrx_word' id='word_1_835' title='bbox 2134 5323 2255 5384; x_wconf 90' lang='lat' dir='ltr'><strong><em>post</em></strong></span> <span class='ocrx_word' id='word_1_836' title='bbox 2282 5313 2503 5386; x_wconf 88' lang='lat' dir='ltr'><strong><em>prOprie</em></strong></span> <span class='ocrx_word' id='word_1_837' title='bbox 2541 5312 2751 5383; x_wconf 88' lang='lat' dir='ltr'><strong><em>accipit,</em></strong></span> <span class='ocrx_word' id='word_1_838' title='bbox 2776 5319 2839 5386; x_wconf 12' lang='lat' dir='ltr'><strong><em>iet</em></strong></span> <span class='ocrx_word' id='word_1_839' title='bbox 2863 5312 3209 5386; x_wconf 74' lang='lat' dir='ltr'><strong><em>injuriosum</em></strong></span> <span class='ocrx_word' id='word_1_840' title='bbox 3242 5315 3510 5386; x_wconf 87' lang='lat' dir='ltr'><strong><em>transtulit</em></strong></span> 
     </span>
    </p>
   </div>
   <div class='ocr_carea' id='block_1_112' title="bbox 1918 5382 3554 5457">
    <p class='ocr_par' dir='ltr' id='par_1_112' title="bbox 1918 5382 3554 5457">
     <span class='ocr_line' id='line_1_112' title="bbox 1918 5382 3554 5457; baseline 0.002 -18"><span class='ocrx_word' id='word_1_841' title='bbox 1918 5382 2026 5439; x_wconf 78' lang='lat' dir='ltr'><strong><em>ima</em></strong></span> <span class='ocrx_word' id='word_1_842' title='bbox 2054 5382 2188 5442; x_wconf 74' lang='lat' dir='ltr'><strong><em>voce</em></strong></span> <span class='ocrx_word' id='word_1_843' title='bbox 2215 5382 2359 5457; x_wconf 76' lang='lat' dir='ltr'><strong><em>quod</em></strong></span> <span class='ocrx_word' id='word_1_844' title='bbox 2392 5382 2592 5440; x_wconf 87' lang='lat' dir='ltr'><strong><em>Graece</em></strong></span> <span class='ocrx_word' id='word_1_845' title='bbox 2619 5382 2698 5439; x_wconf 84' lang='lat' dir='ltr'><strong><em>est</em></strong></span> <span class='ocrx_word' id='word_1_846' title='bbox 2742 5382 2932 5439; x_wconf 45' lang='lat' dir='ltr'><strong><em>Exod.‘</em></strong></span> <span class='ocrx_word' id='word_1_847' title='bbox 2969 5386 3037 5455; x_wconf 86' lang='lat' dir='ltr'><strong><em>Il,</em></strong></span> <span class='ocrx_word' id='word_1_848' title='bbox 3070 5456 3075 5457; x_wconf 14' lang='grc' dir='ltr'><em>γ</em></span> <span class='ocrx_word' id='word_1_849' title='bbox 3107 5382 3359 5438; x_wconf 76' lang='grc' dir='ltr'><strong><em>ἄδιχοῦντι</em></strong></span> <span class='ocrx_word' id='word_1_850' title='bbox 3388 5400 3509 5452; x_wconf 85' lang='lat' dir='ltr'><strong><em>.pro</em></strong></span> <span class='ocrx_word' id='word_1_851' title='bbox 3548 5438 3554 5443; x_wconf 88' lang='lat'><strong><em>.</em></strong></span> 
     </span>
    </p>
   </div>
   <div class='ocr_carea' id='block_1_113' title="bbox 1920 5456 3507 5528">
    <p class='ocr_par' dir='ltr' id='par_1_113' title="bbox 1920 5456 3507 5528">
     <span class='ocr_line' id='line_1_113' title="bbox 1920 5456 3507 5528; baseline -0.002 -16"><span class='ocrx_word' id='word_1_852' title='bbox 1920 5472 2007 5524; x_wconf 87' lang='lat' dir='ltr'><strong><em>eo,</em></strong></span> <span class='ocrx_word' id='word_1_853' title='bbox 2041 5457 2131 5528; x_wconf 91' lang='lat' dir='ltr'><strong><em>qui</em></strong></span> <span class='ocrx_word' id='word_1_854' title='bbox 2162 5456 2419 5526; x_wconf 86' lang='lat' dir='ltr'><strong><em>injuriam</em></strong></span> <span class='ocrx_word' id='word_1_855' title='bbox 2450 5457 2712 5526; x_wconf 87' lang='lat' dir='ltr'><strong><em>faciebat;</em></strong></span> <span class='ocrx_word' id='word_1_856' title='bbox 2756 5465 2809 5510; x_wconf 89' lang='lat' dir='ltr'><strong><em>et</em></strong></span> <span class='ocrx_word' id='word_1_857' title='bbox 2835 5458 2978 5527; x_wconf 89' lang='lat' dir='ltr'><strong><em>quod</em></strong></span> <span class='ocrx_word' id='word_1_858' title='bbox 3008 5456 3202 5510; x_wconf 90' lang='lat' dir='ltr'><strong><em>mirum</em></strong></span> <span class='ocrx_word' id='word_1_859' title='bbox 3233 5464 3338 5519; x_wconf 87' lang='lat' dir='ltr'><strong><em>est,</em></strong></span> <span class='ocrx_word' id='word_1_860' title='bbox 3378 5472 3507 5511; x_wconf 88' lang='lat' dir='ltr'><strong><em>ma-</em></strong></span> 
     </span>
    </p>
   </div>
   <div class='ocr_carea' id='block_1_114' title="bbox 1920 5528 3510 5600">
    <p class='ocr_par' dir='ltr' id='par_1_114' title="bbox 1920 5528 3510 5600">
     <span class='ocr_line' id='line_1_114' title="bbox 1920 5528 3510 5600; baseline 0 -18"><span class='ocrx_word' id='word_1_861' title='bbox 1920 5530 2164 5600; x_wconf 84' lang='lat' dir='ltr'><strong><em>gistrum</em></strong></span> <span class='ocrx_word' id='word_1_862' title='bbox 2192 5528 2480 5598; x_wconf 87' lang='lat' dir='ltr'><strong><em>transtulit,</em></strong></span> <span class='ocrx_word' id='word_1_863' title='bbox 2503 5529 2647 5600; x_wconf 90' lang='lat' dir='ltr'><strong><em>quod</em></strong></span> <span class='ocrx_word' id='word_1_864' title='bbox 2674 5528 2863 5600; x_wconf 69' lang='lat' dir='ltr'><strong><em>Graece</em></strong></span> <span class='ocrx_word' id='word_1_865' title='bbox 2901 5532 2982 5582; x_wconf 90' lang='lat' dir='ltr'><strong><em>est</em></strong></span> <span class='ocrx_word' id='word_1_866' title='bbox 3020 5528 3243 5599; x_wconf 79' lang='grc' dir='ltr'><strong><em>ἄρχοντα</em></strong></span> <span class='ocrx_word' id='word_1_867' title='bbox 3272 5539 3373 5598; x_wconf 91' lang='lat' dir='ltr'><strong><em>pro</em></strong></span> <span class='ocrx_word' id='word_1_868' title='bbox 3398 5541 3510 5598; x_wconf 91' lang='lat' dir='ltr'><strong><em>quo</em></strong></span> 
     </span>
    </p>
   </div>
   <div class='ocr_carea' id='block_1_115' title="bbox 1920 5599 3188 5675">
    <p class='ocr_par' dir='ltr' id='par_1_115' title="bbox 1920 5599 3188 5675">
     <span class='ocr_line' id='line_1_115' title="bbox 1920 5599 3188 5675; baseline 0.002 -20"><span class='ocrx_word' id='word_1_869' title='bbox 1920 5599 2118 5675; x_wconf 82' lang='lat' dir='ltr'><strong><em>ubique</em></strong></span> <span class='ocrx_word' id='word_1_870' title='bbox 2145 5600 2291 5672; x_wconf 88' lang='lat' dir='ltr'><strong><em>alibi,</em></strong></span> <span class='ocrx_word' id='word_1_871' title='bbox 2326 5609 2379 5659; x_wconf 89' lang='lat' dir='ltr'><strong><em>et</em></strong></span> <span class='ocrx_word' id='word_1_872' title='bbox 2413 5599 2650 5675; x_wconf 82' lang='lat' dir='ltr'><strong><em>proprie,</em></strong></span> <span class='ocrx_word' id='word_1_873' title='bbox 2667 5599 3007 5675; x_wconf 84' lang='lat' dir='ltr'><strong><em>principem.</em></strong></span> <span class='ocrx_word' id='word_1_874' title='bbox 3049 5600 3188 5657; x_wconf 71' lang='lat' dir='ltr'><strong><em>Pan.</em></strong></span> 
     </span>
    </p>
   </div>
  </div>
