3980 6144
586 362 686 418 ibi}

1270 350 1711 411 TERTULLIANI
1753 349 2021 411 OPERUM
2060 350 2225 410 PARS
2268 349 2335 408 ll.
2376 379 2447 393 -—
2483 348 2711 408 SERIES
2750 350 2789 415 Ι,
2832 347 3177 407 POLEMICA.
3726 351 3805 409 467i

584 491 832 549 tanquam
865 474 1109 529 aemulam
1140 451 1473 528 liberalitatis
1501 488 1634 542 sua},
1663 474 1931 544 prohibet,
1980 474 2072 544 qui
2119 480 2173 527 et
2205 487 2252 565 Α
2281 488 2382 528 nec
2418 473 2473 527 in
2501 473 2545 510 ⁷³
2567 472 2732 528 alium
2788 478 3051 538 spectant,
3080 488 3237 543 quam
3267 471 3351 527 cui
3416 487 3516 544 per
3541 475 3694 528 omnia
3733 491 3813 548 pa-

583 565 938 621 suhstantiam
985 562 1155 635 ipsius
1204 562 1415 616 animo:
1444 561 1873 616 accommodavit
1898 562 2174 635 potiorem

580 673 729 724 esca,
761 665 814 711 et
840 651 1117 708 materiam
1146 650 1317 720 ipsius
1345 652 1596 722 corporis
1620 648 1876 723 ﬁguravit
1898 652 2177 722 potiorem

583 747 819 811 tunica;
846 743 1003 811 cujus
1022 748 1073 795 et
1093 741 1245 797 corvi
1274 755 1387 796 non
1411 744 1634 803 serunt,
1657 754 1761 794 nec
1794 742 2042 804 metunt,
2074 756 2177 794 nec

582 836 646 889 in
664 834 963 907 apothecas
996 831 1270 894 condunt,
1311 833 1367 883 et
1406 832 1599 887 tamen
1636 829 1882 885 aluntur
1912 828 1979 883 ab
2009 828 2127 900 ipso
2157 849 2176 896 ;

583 925 743 993 cujus
772 929 826 977 et
858 921 981 977 lilia
1020 923 1076 973 et
1103 922 1301 990 fenum
1339 935 1453 974 non
1528 924 1754 985 texunt,
1794 933 1897 974 nec
1934 922 2092 981 nent,
2122 919 2179 972 et

586 1016 780 1067 tamen
825 1012 1155 1067 vestiuntur
1194 1008 1260 1064 ab
1301 1008 1451 1079 ipso;
1490 1009 1645 1077 cujus
1685 1015 1739 1062 et
1769 1007 2029 1064 Salomon
2057 1007 2174 1076 glo-

588 1102 935 1157 riosissimus
954 1113 1052 1154 nec
1077 1099 1196 1153 ullo
1229 1100 1421 1153 tamen
1449 1098 1679 1166 ﬂosculo
1709 1097 1919 1151 cultior
1949 1094 1976 1146 Ρ
2004 1094 2175 1148 Caete-

582 1205 701 1245 rum
724 1187 852 1241 nihil
881 1195 987 1241 tam
1018 1188 1320 1256 abruptum,
1353 1200 1516 1255 quam
1539 1192 1598 1240 ut
1618 1183 1753 1238 alius
1774 1188 2013 1256 praestet,
2037 1181 2176 1237 alius

581 1277 647 1332 de
677 1275 980 1347 praestantia
1007 1274 1120 1345 (25)
1151 1274 1269 1343 ejus
1316 1287 1511 1328 secure
1566 1272 1616 1310 53
1658 1287 1821 1345 agere
1859 1269 2092 1335 mandet,
2124 1276 2177 1324 et

582 1364 798 1436 quidem
814 1365 1104 1435 derOgator
1123 1361 1319 1433 ipsius.
1343 1360 1616 1433 Denique,
1634 1360 1697 1426 si,
1713 1359 1868 1432 quasi
1888 1361 2177 1430 derogator

582 1452 870 1517 Creatoris,
904 1467 1013 1507 non
1042 1450 1160 1507 vult
1196 1453 1265 1505 de
1294 1450 1565 1519 ejusmodi
1598 1448 1800 1505 frivolis
1829 1448 2075 1520 cogitari,
2108 1444 2175 1500 de

583 1541 780 1613 quibus
808 1556 907 1596 nec
935 1540 1082 1596 corvi
1112 1554 1213 1595 nec
1240 1538 1349 1593 lilia
1379 1538 1646 1607 laborent,
1674 1538 1814 1591 ultro
1845 1535 2047 1591 scilicet
2077 1548 2174 1606 pro

2284 563 2537 619 riaverint
2590 563 2659 618 72.
2705 561 2763 615 Id
2821 562 2871 599 73
2923 577 3113 616 sumus
3170 561 3333 626 servi,
3394 562 3663 618 Dominum
3702 567 3815 619 enim

2284 652 2550 707 habemus
2598 651 2793 705 Deum.
2850 648 3182 718 Succingere
3233 650 3498 705 debemus
3534 651 3733 716 lumbos,
3778 652 3819 705 id

2284 745 2387 809 est,
2438 739 2673 809 expediti
2710 754 2835 795 esse
2871 740 2938 792 ab
2985 737 3389 811 impedimentis
3431 738 3684 795 laciniosa:
3722 744 3821 797 vita

2286 839 2338 886 et
2364 828 2673 900 implicitas;
2734 828 2883 893 item,
2941 828 3192 883 lucernas
3240 829 3491 884 ardentes
3546 830 3736 894 habere,
3779 832 3823 886 id

2284 926 2385 988 est,
2439 924 2648 973 mentes
2677 933 2708 972 a
2758 916 2865 973 ﬁde
2894 932 3171 986 accensas,
3230 925 3284 971 et
3328 917 3586 988 operibus
3633 921 3828 977 veritatis

2281 1009 2614 1075 relucentes;
2673 1015 2829 1077 atque
2881 1006 2952 1061 ita
3007 1017 3315 1075 exspectare
3356 1006 3655 1073 Dominum,
3692 1008 3738 1063 id
3763 1020 3831 1067 est

2284 1095 2580 1153 Christum.
2645 1094 2793 1150 Unde
2831 1094 3149 1149 redeuntem
3177 1094 3205 1148 ?
3232 1094 3286 1148 Si
3315 1110 3346 1148 a
3374 1094 3612 1166 nuptiis:
3643 1096 3831 1152 Creato-

2281 1185 2357 1241 ris
2400 1192 2501 1253 est,
2541 1184 2700 1254 cujus
2742 1182 2961 1254 nuptiae.
3013 1183 3070 1239 Si
3125 1198 3232 1238 non
3288 1182 3700 1239 Creatorisznec
3738 1187 3835 1256 ipse

2282 1272 2519 1330 Marcion
2548 1273 2802 1329 invitatus
2830 1270 2896 1326 ad
2924 1272 3141 1342 nuptias
3192 1271 3341 1338 isset,
3372 1273 3544 1329 Deum
3595 1290 3732 1328 suum
3773 1276 3840 1331 in-

2282 1371 2442 1419 tuens
2496 1363 2546 1401 7"
2600 1360 2975 1417 detestatorem
3035 1361 3367 1433 nuptiarum.
3435 1362 3635 1418 Deiecit
3684 1366 3840 1436 itaque

2286 1452 2537 1522 parabola
2590 1450 2645 1505 in
2698 1464 2932 1520 persona
2969 1449 3204 1515 Domini,
3237 1450 3283 1505 si
3317 1464 3422 1505 non
3456 1459 3596 1505 esset
3637 1452 3717 1507 cui
3747 1468 3841 1507 nu-

2284 1540 2410 1611 ptiae
2439 1546 2771 1611 competunt.
2804 1539 2864 1592 In
2906 1537 3152 1609 sequenti
3199 1553 3413 1609 quoque
3460 1539 3701 1611 parabole
3725 1543 3843 1596 satis

583 1649 679 1686 sua
708 1631 911 1686 vilitate
941 1629 1218 1697 subjectis,
1255 1627 1415 1697 paulo
1445 1624 1816 1718 post-patebit.
1841 1623 2062 1718 Interim
2082 1639 2178 1718 cur
2212 1642 2255 1718 Β
2285 1638 2445 1694 errat,
2463 1628 2554 1700 qui
2565 1632 2753 1699 furem
2766 1628 3127 1698 illum,cujus
3156 1628 3353 1683 horam
3367 1628 3419 1685 si
3449 1631 3848 1701 paterfamilias

583 1721 707 1776 illos
745 1718 971 1775 modicae
1002 1716 1127 1771 ﬁdei
1164 1716 1393 1781 incusat,
1438 1710 1609 1768 433
1636 1712 1689 1767 id
1717 1722 1798 1768 est
1823 1713 1979 1782 cujus
2008 1710 2178 1768 ﬁdei?

583 1811 774 1878 ejusae
785 1823 945 1880 quam
960 1805 1198 1861 nondum
1210 1811 1456 1873 poterant
1471 1803 1758 1874 perfectam
1770 1801 2176 1866 exhibereDeo,

586 1904 795 1952 tantum
824 1894 969 1965 quod
1001 1892 1177 1948 velato
1207 1892 1257 1929 64
1307 1907 1430 1947 cum
1466 1890 1696 1946 maxime
1733 1891 2004 1947 discentes
2031 1905 2176 1955 eum,

586 2001 653 2040 an
685 1999 849 2057 quam
876 1983 981 2035 hoc
1008 1980 1128 2052 ipso
1147 1979 1303 2036 titulo
1326 1979 1591 2035 debebant
1613 1979 1874 2045 Creatori,
1895 1978 1971 2035 uti
1991 1979 2181 2035 crede-

584 2073 839 2129 rentharc
870 2071 1020 2126 illum
1053 2069 1197 2124 ultro
1234 2068 1420 2142 generi
1457 2069 1691 2124 humano
1727 2067 2175 2133 sumministrare,

583 2178 683 2218 nec
711 2162 762 2200 6⁵
789 2161 857 2215 de
889 2159 967 2216 eis
1002 2158 1342 2231 c0gitarent?
1373 2159 1510 2212 Nam
1538 2166 1591 2214 et
1618 2174 1744 2213 cum
1773 2157 2012 2226 subjicit,
2054 2159 2180 2213 Haec

585 2252 741 2310 enim
767 2251 1026 2306 nationes
1045 2247 1249 2303 mundi
1263 2250 1552 2320 qucerunt,
1572 2262 1679 2304 non
1698 2246 1966 2303 credendo
1978 2244 2183 2301 scilicet

584 2341 639 2395 in
670 2340 840 2397 Deum
859 2336 1197 2395 conditorem
1228 2336 1466 2392 omnium
1497 2344 1551 2391 et
1584 2335 1927 2406 praebitorem
1956 2334 2026 2404 66,
2044 2349 2181 2406 quos

583 2444 738 2501 pares
767 2424 1010 2498 gentium
1056 2422 1292 2488 nolebat,
1324 2423 1378 2477 in
1424 2421 1672 2479 eumdem
1721 2424 1895 2478 Deum
1940 2422 2180 2479 modicos

584 2516 706 2571 fidei
734 2513 1060 2585 increpabat,
1109 2512 1164 2567 in
1212 2527 1371 2584 quem
1413 2519 1606 2583 gentes
1652 2510 1953 2566 incredulas
1994 2511 2042 2549 57
2082 2526 2181 2567 no-

586 2606 750 2661 tabat.
783 2604 951 2660 Porro
972 2617 1094 2657 cum
1123 2608 1178 2655 et
1204 2598 1408 2668 adjicit,
1452 2601 1568 2657 Scit
1614 2604 1808 2656 autem
1842 2601 2015 2655 Pater
2045 2616 2180 2673 opus

582 2709 698 2749 esse
729 2693 845 2748 hinc
876 2689 1044 2753 vobis,
1079 2687 1229 2758 prius
1277 2703 1516 2760 quaeram
1555 2678 1725 2758 quem.
1764 2693 1969 2758 patrem
2011 2686 2178 2742 intel-

582 2782 677 2856 ligi
716 2780 844 2837 velit
891 2777 1152 2834 Christus.
1201 2775 1259 2831 Si
1310 2775 1554 2848 ipsorum
1609 2776 1915 2831 Creatorem
1958 2774 2181 2832 demon-

586 2879 738 2936 strat,
772 2876 825 2925 et
852 2869 1053 2925 bonum
1082 2864 1385 2933 conﬁrmat,
1415 2866 1508 2937 qui
1531 2865 1630 2922 scit
1649 2865 1699 2903 68
1727 2864 1856 2937 quid
1884 2862 2012 2920 ﬁliis
2040 2880 2181 2936 opus

583 2960 672 3017 sit.
712 2958 805 3015 Sin
845 2956 1012 3013 alium
1058 2955 1232 3011 Deum
1274 2971 1287 3008 :
1336 2953 1608 3024 quomodo
1666 2953 1766 3010 scit
1810 2952 2176 3009 necessarium

584 3064 704 3105 esse
761 3045 967 3102 homini
1022 3042 1219 3100 victum
1257 3051 1414 3113 atque
1450 3044 1717 3108 vestitum,
1767 3057 1998 3114 quorum
2043 3042 2178 3098 nihil

586 3135 836 3211 praestitit
864 3136 892 3189 ?
963 3132 1022 3188 Si
1087 3132 1234 3188 enim
1297 3131 1509 3197 scisset,
1578 3131 1934 3203 praestitisset.
2010 3132 2181 3188 Caete-

585 3243 727 3295 rum,
758 3223 804 3279 si
834 3222 935 3279 scit
960 3237 1083 3294 qua:
1112 3228 1237 3277 sunt
1264 3215 1471 3276 homini
1508 3220 1831 3291 necessaria,
1870 3235 1972 3277 nec
2001 3228 2183 3277 tamen

585 3313 855 3387 praestitit,
887 3319 979 3367 aut
1034 3308 1389 3383 malignitate,
1429 3316 1518 3363 aut
1545 3308 1853 3365 infirmitate
1884 3325 1992 3367 non
2033 3327 2182 3382 pra:-

587 3402 739 3459 stitit.
799 3398 1089 3456 Professus
1162 3406 1337 3453 autem
1396 3397 1709 3453 necessaria
1771 3399 1889 3454 haec
1951 3399 2180 3473 homini,

586 3494 775 3563 utique
802 3491 945 3546 bona
973 3486 1329 3545 conﬁrmavit.
1389 3484 1534 3541 Nihil
1586 3486 1730 3543 enim
1769 3487 1894 3542 mali
1935 3503 2184 3545 necessa-

584 3582 744 3638 rium.
775 3579 841 3634 Et
868 3593 975 3634 non
1004 3577 1108 3633 erit
1130 3577 1246 3646 jam
1287 3575 1614 3648 depretiator
1669 3591 1894 3647 operum
1920 3585 1975 3633 et
2005 3577 2187 3635 indul-

585 3668 891 3742 gentiarum
942 3664 1236 3735 Creatoris,
1290 3672 1350 3721 ut
1400 3665 1543 3736 quod
1601 3680 1766 3737 supra
1827 3666 2031 3733 distuli,
2084 3682 2184 3723 ex-

586 3755 890 3827 punxerim.
939 3755 1129 3823 Porro,
1188 3753 1232 3809 si
1280 3769 1403 3824 quae
1446 3756 1756 3809 necessaria
1809 3755 1910 3811 scit
1956 3756 2182 3824 homini,

585 3844 723 3898 alius
772 3852 826 3898 et
880 3841 1155 3913 prospexit
1205 3849 1259 3895 et
1316 3848 1551 3912 praestat,
1601 3843 1874 3913 quomodo
1914 3845 2031 3900 haec
2071 3846 2187 3917 ipse

587 3929 913 4003 repromittit
939 3929 1037 3984 69?
1075 3930 1158 3983 An
1189 3926 1256 3982 de
1301 3928 1476 3986 alieno
1530 3928 1706 3985 bonus
1745 3933 1882 3987 est?
1944 3935 2187 4001 Quazrite

587 4020 752 4085 enim,
785 4018 977 4090 inquit,
1018 4020 1383 4090 regnumDei,
1398 4022 1456 4074 et
1487 4017 1603 4073 haec
1632 4020 1780 4076 vobis
1809 4021 2180 4093 adﬁcientur.

588 4108 782 4180 Utique
809 4106 876 4161 ab
902 4106 1045 4177 ipso.
1093 4104 1252 4174 Quod
1309 4106 1355 4160 si
1400 4106 1468 4161 ab
1524 4106 1668 4179 ipso,
1724 4109 1897 4181 qualis
1960 4118 2042 4165 est
2087 4111 2184 4183 qui

585 4197 760 4254 aliena
789 4193 1115 4268 praestabit?
1144 4193 1203 4250 Si
1232 4209 1266 4249 a
1295 4194 1545 4251 Creatore
1591 4196 1748 4267 cujus
1797 4203 1851 4252 et
1879 4206 2021 4263 sunt,
2059 4200 2182 4271 quis

584 4293 667 4342 est
711 4284 805 4358 qui
834 4285 1009 4341 aliena
1036 4283 1361 4356 promittat?
1390 4284 1470 4339 Ea
1509 4284 1566 4339 in
1599 4300 1765 4357 regno
1799 4287 2051 4345 accedent
2106 4290 2175 4357 70,

586 4374 826 4431 secundo
853 4372 1024 4448 gradu
1064 4372 1433 4440 restituenda;
1478 4372 1597 4443 ejus
1625 4381 1707 4430 est
1734 4374 2004 4431 secundus
2042 4393 2175 4450 gra-

582 4466 707 4531 dus,
757 4464 916 4535 cujus
949 4470 1002 4519 et
1030 4463 1264 4534 primus;
1322 4462 1442 4532 ejus
1494 4460 1669 4519 victus
1718 4471 1879 4535 atque
1931 4467 2176 4538 vestitus,

581 4557 738 4625 cujus
766 4539 831 4611 et
855 4569 1107 4627 regnum.
1141 4554 1221 4608 Ita
1280 4560 1390 4609 tota
1444 4552 1737 4625 promissio
1776 4553 2049 4611 Creatoris
2097 4565 2179 4614 est

581 4645 961 4719 parabolarum
1008 4650 1202 4711 status,
1262 4640 1670 4701 similitudinem
1733 4644 2080 4718 pel-aequatio,
2128 4647 2176 4703 si

2284 1720 2478 1782 sciret,
2514 1714 2682 1772 434
2716 1731 2831 1772 non
2849 1717 3063 1773 sineret
3077 1717 3290 1787 sur/odi
3308 1717 3358 1754 ⁷⁵
3375 1716 3602 1776 domum
3614 1736 3784 1786 suam,
3800 1722 3849 1777 in

2288 1821 2572 1879 personam
2629 1804 2866 1875 disponit
2930 1802 3219 1860 Creatoris.
3288 1804 3397 1860 Fur
3457 1805 3597 1863 enim
3648 1806 3853 1865 Crantor

2285 1894 2558 1968 quomodo
2610 1891 2785 1948 videri
2830 1898 3006 1963 potest
3068 1890 3331 1948 Dominus
3388 1892 3550 1949 totius
3592 1894 3852 1953 hominis?

2286 1985 2457 2040 Nemo
2487 1978 2597 2039 sua
2638 1982 2845 2036 furatur
2872 1988 2963 2036 aut
3017 1980 3262 2047 suffodit,
3312 1979 3409 2037 sed
3463 1981 3550 2038 ille
3577 1984 3747 2052 potius
3771 1986 3853 2057 qui

2285 2071 2342 2128 in
2383 2071 2555 2127 aliena
2601 2069 2896 2135 descendit,
2950 2077 3004 2124 et
3059 2068 3331 2124 hominem
3383 2085 3415 2123 a
3473 2070 3697 2128 Domino
3743 2075 3856 2143 ejus

2286 2160 2503 2217 alienat.
2564 2160 2752 2223 Porro,
2784 2173 2908 2214 cum
2948 2156 3121 2212 furem
3150 2157 3309 2213 nobis
3336 2156 3603 2214 diabolum
3641 2162 3856 2218 demon-

2286 2256 2419 2306 stret
2447 2248 2516 2315 75,
2562 2248 2718 2317 cujus
2770 2246 2960 2302 horam
3015 2244 3173 2302 etiam
3229 2245 3284 2300 in
3315 2246 3606 2317 primordio
3632 2248 3677 2303 si
3704 2250 3859 2307 homo

2286 2337 2498 2406 scisset,
2528 2336 2817 2407 {nunquam
2859 2334 2926 2389 ab
2978 2350 3041 2391 eo
3077 2334 3345 2391 suffossus
3382 2345 3561 2405 esset;
3592 2347 3861 2411 prOpterea

2279 2427 2437 2497 jubet
2463 2431 2534 2483 ut
2559 2427 2752 2498 parati
2778 2427 2976 2495 simus,
3008 2425 3143 2497 quia
3162 2441 3272 2497 qua
3289 2441 3407 2482 non
3431 2431 3697 2498 putamus
3715 2430 3862 2497 hora,

2285 2516 2463 2573 Filius
2492 2515 2737 2571 hominis
2775 2514 3071 2580 adveniet;
3099 2528 3206 2570 non
3236 2513 3387 2585 quasi
3416 2514 3533 2587 ipse
3556 2515 3626 2572 sit
3639 2516 3742 2584 fur,
3773 2520 3863 2575 sed

2280 2603 2469 2674 judex,
2510 2601 2709 2658 scilicet
2763 2617 2950 2657 eorum
3002 2601 3095 2673 qui
3141 2618 3201 2659 se
3249 2616 3355 2657 non
3412 2604 3730 2674 paraverint,
3773 2624 3863 2663 nec

2285 2692 2520 2749 caverint
2565 2691 2755 2747 furem.
2815 2692 2962 2764 Ergo
3018 2690 3066 2747 si
3119 2690 3235 2763 ipse
3299 2700 3382 2747 est
3412 2692 3580 2750 Filius
3624 2695 3862 2761 hominis,

2281 2780 2517 2850 judicem
2566 2787 2743 2845 teneo,
2776 2785 2830 2834 et
2859 2779 2914 2832 in
2938 2778 3121 2848 judice
3165 2778 3472 2835 Creatorem
3528 2781 3780 2840 defendo.
3817 2787 3864 2841 Si

2287 2883 2412 2924 vero
2450 2868 2719 2924 Christum
2775 2866 3045 2923 Creatoris
3083 2866 3138 2921 in
3190 2867 3406 2924 nomine
3450 2870 3586 2926 Filii
3634 2872 3869 2931 hominis

2284 2958 2390 3014 hoc
2436 2956 2554 3013 loco
2611 2957 2865 3024 ostendit,
2913 2966 2972 3012 ut
3018 2972 3139 3012 eum
3194 2957 3371 3014 furem
3419 2962 3725 3029 portendat,
3785 2966 3873 3036 qui

2213 3082 2257 3159 ε
2284 3046 2501 3120 quando
2553 3054 2812 3103 venturus
2839 3048 2926 3114 sit,
2966 3046 3295 3118 ignoremus,
3338 3048 3509 3105 habes
3543 3066 3706 3123 supra
3750 3055 3877 3111 scri-

2293 3144 2438 3159 ..ι--...
2513 3136 2776 3159 ..-με-η...
2809 3135 2882 3159 -ΑΞ
2951 3152 3057 3159 ---μ
3090 3135 3256 3159 ι’.--,...
3295 3152 3406 3159 Α---
3432 3155 3443 3159 -
3486 3138 3617 3159 _-l-__
3688 3149 3725 3159 ,ι
3767 3142 3841 3159 0“,

2292 3144 2461 3206 ptum,
2512 3136 2780 3191 neminem
2809 3135 2885 3191 rei
2949 3152 3061 3191 suae
3089 3135 3260 3192 furem
3292 3152 3444 3193 esse:
3478 3138 3624 3195 salvo
3678 3149 3733 3196 et
3765 3142 3875 3207 illo,

2293 3223 2440 3297 quod
2482 3223 2538 3279 in
2583 3233 2841 3296 quantum
2882 3223 3173 3280 timendum
3204 3225 3517 3309 Creatorem
3563 3227 3782 3304 ingerit,
3829 3232 3881 3285 in

2292 3320 2499 3368 tantum
2535 3311 2610 3366 illi
2638 3315 2912 3387 negotium
2943 3328 3132 3387 agens,
3168 3314 3441 3370 Creatoris
3458 3323 3553 3373 est.
3591 3318 3781 3390 Itaque
3808 3321 3888 3374 in-

2296 3400 2590 3474 terroganti
2617 3402 2772 3458 Petro
2801 3401 2855 3457 in
2892 3402 3034 3470 illos,
3065 3419 3135 3460 an
3161 3413 3215 3459 et
3250 3404 3307 3458 in
3338 3421 3527 3462 omnes
3578 3410 3890 3479 parabolam

2293 3490 2551 3557 dixisset;
2613 3492 2681 3547 ad
2735 3491 2887 3563 ipsos
2938 3500 2993 3548 et
3036 3494 3103 3549 ad
3148 3493 3427 3551 universos
3480 3498 3577 3569 qui
3632 3499 3897 3556 Ecclesiis

2292 3580 2577 3652 praefuturi
2651 3592 2853 3649 essent,
2926 3581 3187 3654 preponit
3260 3593 3501 3641 actorum
3574 3585 3899 3645 similitudi-

2294 3685 2419 3725 nem
2457 3668 2572 3740 (26)
2601 3685 2826 3740 quorum
2859 3673 2957 3743 qui
2976 3671 3110 3728 bene
3136 3675 3470 3731 tractaverit
3491 3690 3798 3736 conservos
3814 3679 3907 3734 ab-

2293 3758 2475 3816 sentia
2504 3760 2731 3814 Domini
2746 3759 2883 3830 (27),
2904 3774 3124 3820 reverso
3145 3776 3207 3818 eo
3221 3763 3482 3819 omnibus
3501 3763 3664 3821 bonis
3676 3783 3909 3840 prapo-

2293 3851 2484 3914 netur,
2507 3849 2609 3922 qui
2632 3865 2756 3908 vero
2774 3864 2935 3905 secus
2954 3852 3146 3922 egerit,
3162 3867 3380 3908 reverso
3408 3855 3647 3912 Domino
3668 3874 3795 3929 qua
3816 3858 3909 3913 die

2294 3952 2410 3992 non
2443 3940 2749 4009 putaverit,
2773 3936 2909 3995 hora
2939 3956 3050 4011 qua
3075 3956 3191 3997 non
3217 3944 3432 4010 scierit,
3455 3942 3552 3998 illo
3573 3946 3801 4002 scilicet
3829 3947 3914 4002 Fi-

2291 4024 2365 4079 lio
2394 4024 2629 4081 hominis
2658 4025 2870 4082 Christo
2897 4027 3193 4095 Creatoris,
3223 4044 3333 4086 non
3384 4030 3522 4097 fure,
3555 4033 3659 4088 sed
3688 4036 3912 4104 judice,

2292 4115 2698 4186 segregabitur,
2730 4121 2786 4173 et
2802 4132 2935 4190 pars
2954 4118 3078 4188 eius
3106 4134 3239 4174 cum
3265 4118 3585 4189 inﬁdelibus
3609 4130 3917 4194 ponetur.

2292 4203 2525 4262 Proinde
2545 4204 2713 4277 igitur
2740 4213 2830 4261 aut
2858 4213 2913 4262 et
2938 4206 3027 4263 hic
3049 4207 3289 4277 judicem
3316 4208 3605 4267 Dominum
3638 4214 3921 4286 opponit,

2286 4298 2340 4347 et
2379 4291 2461 4349 illi
2512 4292 2847 4360 catechizat;
2902 4301 2993 4350 aut
3036 4294 3081 4349 si
3128 4296 3302 4352 Deum
3352 4297 3642 4368 optimum,
3674 4300 3812 4370 jam
3871 4310 3929 4357 et

2284 4380 2437 4436 illum
2466 4381 2706 4450 judicem
2752 4382 3001 4451 afﬁrmat,
3027 4383 3156 4442 licet
3196 4384 3332 4442 nolit
3362 4387 3685 4448 haereticus.
3732 4390 3929 4446 Tem-

2285 4485 2479 4543 perare
2506 4470 2649 4527 enim
2680 4480 2881 4529 tentant
2925 4474 3070 4531 hunc
3124 4490 3357 4544 sensum,
3409 4492 3533 4534 cum
3589 4478 3727 4535 Deo
3796 4481 3933 4550 ejus

2283 4560 2586 4618 vindicatur
2617 4579 2632 4616 :
2663 4562 2821 4634 quasi
2867 4564 3270 4636 tranquillitatis
3316 4566 3384 4623 sit
3406 4574 3461 4624 et
3507 4569 3939 4626 mansuetudi-

2283 4648 2389 4715 nis,
2431 4665 2719 4723 segregare
2757 4651 3100 4711 solummodo
3128 4662 3183 4711 et
3210 4664 3420 4727 partem
3452 4658 3573 4728 ejus
3600 4674 3755 4716 cum
3790 4656 3941 4715 inﬁ-

1980 4758 2169 4825 Variae
2194 4765 2503 4828 lectiones.

650 4889 701 4968 $3
726 4890 960 4968 Securos
996 4887 1288 4968 Oberthf’l
1313 4888 1571 4968 Revelata
1598 4890 1722 4968 Lat.
1757 4889 1923 4968 5§_Ne
1944 4894 2091 4968 ⁸ιᾳι.
2122 4894 2173 4968 6⁸
2209 4896 2563 4954 Probatorem
2617 4899 2791 4957 Seml.
2821 4901 2871 4940 5"
2909 4903 3217 4962 Incredulos
3242 4905 3414 4966 Seml.
3472 4904 3524 4947 ⁸⁸
3576 4904 3762 4967 Sciat
3796 4906 3943 4968 cod.

587 4960 1363 5056 tritanii)._’f€’nl:i-t)1nittit'Pr‘mi’.=
1383 4962 1740 5056 "igr‘aqced‘unt
1758 4964 1990 5056 "Qb'e‘rth.
2024 4966 2092 5056 71‘
2121 4967 2365 5056 In.abe’st
2383 4971 2503 5043 Rig.
2545 4972 2731 5030 Venet.
2761 4971 2811 5011 ⁷³
2837 4974 2992 5032 Paria
3019 4960 3457 5038 venerintal."73
3475 4980 3535 5036 Id
3563 4960 3762 5040 ὦνέξὶ

587 5033 773 5091 Venet.
804 5030 853 5071 74
880 5034 1129 5090 Metuens
1158 5035 1281 5091 Lat.
1313 5033 1363 5072 ⁷⁵
1389 5032 1573 5090 Effodi
1602 5035 1737 5090 Par.
1758 5034 1810 5074 ’⁷6
1836 5035 2230 5095 Demonstrarit
2255 5042 2336 5098 at.

1962 5162 2463 5234 Commentarius.

643 5268 757 5340 (25)
788 5269 861 5326 De
889 5272 1252 5345 praestantia.
1263 5343 1270 5345 _
1291 5266 1605 5345 Praestantia
1636 5264 1778 5326 idem
1826 5268 1916 5327 hic
1951 5271 2163 5345 signiﬁ-

570 5348 659 5397 cat
698 5357 762 5397 ac
790 5341 1084 5412 praestatio,
1131 5341 1414 5397 exhibitio.
1465 5342 1635 5398 SEML.

638 5413 751 5540 L(26)
765 5414 1046 5540 SActorum
1065 5412 1526 5471 similitudinem.
1557 5417 1738 5478 Actor,
1772 5412 1828 5468 id
1866 5422 1950 5470 est
1978 5431 2169 5486 procu-

653 5501 734 5540 or.
803 5500 937 5540 EML.

567 5496 734 5541 rator.
765 5496 937 5540 SEML.

636 5555 751 5630 (27)
773 5557 1022 5630 Quorum
1043 5557 1143 5630 qui
1157 5555 1645 5630 benetractaverit
1668 5572 1959 5614 conservos
1977 5559 2167 5617 absen-

566 5627 907 5697 tia'Domini,
929 5638 1032 5684 etc.
1050 5627 1394 5685 Generaliter
1408 5629 1544 5686 bene
1566 5630 1918 5697 tractaverit,
1936 5634 2166 5689 transtu-

561 5695 624 5752 lit
651 5697 739 5755 hic
767 5708 973 5768 auctor,
997 5715 1095 5779 pro
1123 5714 1188 5759 co
1217 5702 1368 5779 quod
1395 5701 1591 5774 Lucas,
1612 5704 1695 5758 τοῦ
1717 5695 1911 5758 διδόναι
1932 5704 1979 5760 ἐν
2007 5712 2164 5785 καιρῷ

2268 5270 2328 5362 Eb
2351 5278 2710 5362 ..σιτομέῖρξοῃ
2924 5290 3033 5362 est,
3089 5273 3228 5342 sicut
3295 5285 3548 5362 vulgatus
3609 5288 3941 5362 interpres

2271 5349 2532 5428 Daunus:
2563 5349 2628 5428 _Ut
2655 5354 2747 5428 det
2764 5355 2881 5410 illis
2911 5356 2974 5411 in
3004 5349 3258 5428 tempore
3289 5349 3475 5416 tritici
3513 5349 3940 5420 mensuram-

2272 5418 2456 5504 Quod"
2479 5423 2578 5478 etsi
2605 5425 2678 5504 ad_
2718 5440 2933 5504 omnem
2969 5418 3173 5504 cibum
3205 5430 3488 5504 pertineat,
3543 5418 3779 5491 tamen
3812 5418 3946 5487 Vni-

2274 5493 2375 5568 mis
2403 5493 2571 5568 libere
2609 5495 2769 5551 etiam
2800 5497 2886 5553 hic
2922 5493 3223 5568 castigavit‘
3249 5493 3483 5567 Clarius,
3507 5504 3950 5563 demensum.

2273 5562 2573 5636 Oportebat
2616 5568 2796 5639 itaque
2849 5570 3028 5639 potius
3056 5562 3236 5627 wsuam
3308 5562 3617 5631 versionem
3674 5562 3954 5633 inunca-

2269 5651 2446 5709 passe,
2476 5653 2635 5713 quam
2665 5641 2869 5714 vulgati
2906 5640 3221 5715 interpretis
3258 5644 3731 5721 castigationem.
3776 5649 3954 5707 Pax.
