4018 6192
228 266 336 333 465

1447 283 1571 346 LIB.
1641 283 1709 347 IV
1746 278 1902 347 ADV.
1945 282 2353 352 MARCIONEM.

3424 296 3529 359 406

229 402 441 507 delibus
470 422 694 507 ponere,
725 427 787 469 ac
814 412 859 469 si
900 429 1008 470 non
1036 411 1219 470 ethoc
1244 430 1423 486 ipsum
1444 413 1687 484 judicato
1715 413 1824 473 fiat.
1858 429 1904 507 Α
1931 415 2120 473 cecinit
2182 418 2484 491 prophetas,
2558 435 2750 478 vereor
2838 436 2905 478 ne
2987 420 3236 482 Michzeas
3283 425 3409 498 (vn,
3467 424 3527 499 6)

230 494 494 551 Stultitia!
555 498 688 566 Quis
728 502 829 557 erit
874 503 1050 559 exitus
1121 508 1579 580 segregatorum?
1636 507 1826 561 Nonne

228 584 449 642 amissio
513 588 739 645 salutis?
795 591 1068 664 Siquidem
1125 594 1194 648 ab
1248 595 1328 649 eis
1373 597 1823 668 segregabuntur,

227 674 315 745 qui
346 675 582 733 salutem
620 691 1032 754 consequentur.
1056 683 1188 753 Quis
1233 685 1280 723 τι
1330 684 1495 756 igitur
1529 684 1825 741 inﬁdelium

226 767 440 820 status?
496 768 691 824 Nonne
752 770 1066 828 damnatio?
1109 775 1215 828 Aut
1271 773 1318 829 si
1366 773 1500 829 nihil
1556 774 1827 844 patientur

225 855 499 928 segregati
526 865 581 912 et
625 858 889 927 inﬁdeles,
924 879 1080 936 aeque
1105 863 1162 919 in
1190 862 1407 922 diverso
1453 862 1589 919 nihil
1628 878 1822 919 conse-

225 953 461 1013 quentur
518 949 709 1002 retenti
763 956 818 1005 et
862 949 1066 1008 ﬁdeles.
1114 952 1171 1007 Si
1237 968 1368 1010 vero
1425 959 1824 1025 consequentur

224 1033 453 1088 salutem
502 1038 695 1092 retenti
739 1046 791 1095 et
841 1039 1047 1112 ﬁdeles,
1106 1042 1247 1098 hanc
1293 1042 1539 1097 amittant
1599 1056 1821 1098 necesse

222 1126 299 1174 est
328 1137 395 1176 ex
426 1122 646 1181 diverso
677 1128 948 1201 segregati
976 1138 1029 1184 et
1065 1129 1331 1190 infideles.
1381 1132 1493 1187 Hoc
1526 1130 1628 1184 erit
1670 1128 1823 1199 judi-

222 1205 382 1274 cium,
418 1212 566 1280 quod
596 1216 690 1284 qui
720 1216 965 1284 intendit,
998 1218 1272 1275 Creatoris
1301 1227 1403 1275 est.
1455 1218 1627 1287 Quem
1656 1217 1820 1273 alium

222 1293 541 1372 intelligam,
573 1305 878 1363 credentem
907 1324 1090 1365 servos
1115 1311 1318 1380 paucis
1345 1313 1449 1364 aut
1473 1308 1677 1364 multis
1698 1308 1818 1380 pla-

222 1388 325 1456 gis,
347 1394 403 1444 et
432 1399 613 1464 prout
642 1399 925 1452 commisit
946 1398 1090 1467 illis,
1109 1399 1195 1454 ita
1212 1404 1271 1456 et
1297 1400 1613 1470 exigentem
1631 1401 1697 1455 ab
1713 1400 1813 1465 eis,

222 1494 386 1547 quam
417 1482 795 1540 retributorem
819 1486 993 1541 Deum
1016 1488 1044 1542 ?
1066 1488 1163 1543 Cui
1192 1504 1278 1543 me
1307 1488 1461 1544 decet
1489 1487 1539 1525 78
1568 1486 1811 1559 obsequi,

223 1566 324 1621 nisi
345 1572 743 1627 remuneratori
765 1574 792 1628 ‘I
823 1573 988 1631 {135
1011 1575 1308 1644 Proclamat
1354 1576 1600 1631 Christus
1641 1583 1765 1630 tuus
1798 1593 1811 1630 :

222 1656 407 1728 Ignem
429 1660 561 1716 veni
585 1664 817 1720 mittere
844 1666 905 1719 in
937 1670 1172 1734 terram,
1212 1665 1300 1721 ille
1329 1666 1583 1736 Optimus,
1616 1663 1816 1720 nullius

1934 504 2147 563 Christo
2196 509 2483 565 Marcionis
2528 509 2856 582 praedicarit.
2916 512 2981 568 Et
3046 513 3165 570 ideo
3204 516 3527 588 hypocritas

1934 597 2334 665 pronuntiabat,
2348 601 2475 657 caeli
2493 601 2719 673 quidem
2735 604 2792 657 et
2810 604 2981 658 terra:
2989 604 3195 673 faciem
3203 606 3525 677 probantes,

1937 687 2156 757 tempus
2197 702 2322 746 vero
2379 688 2531 745 illud
2578 705 2694 745 non
2745 687 3120 761 dinoscentes,
3154 706 3263 763 quo
3321 694 3527 750 scilicet

1933 772 2232 845 adimpleus
2260 777 2439 832 omnia
2488 793 2608 850 quae
2657 794 2822 852 super
2870 780 3021 849 ipsos
3075 780 3287 836 fuerunt
3324 783 3526 851 praedi-

1930 870 2067 936 cata,
2090 881 2191 921 nec
2218 866 2372 922 aliter
2401 867 2625 935 docens,
2668 868 2927 927 debuerat
2957 871 3203 943 agnosci.
3236 870 3519 941 Caeterum,

1928 952 2053 1024 quis
2108 965 2294 1026 posset
2353 958 2474 1027 ejus
2534 965 2776 1029 tempora
2825 975 3008 1029 nosse,
3061 960 3217 1030 cujus
3260 975 3359 1032 per
3404 975 3523 1031 qua:

1931 1043 2182 1112 probaret
2239 1060 2349 1101 non
2406 1046 2692 1102 habebat?
2739 1048 2931 1104 Merito
2980 1049 3271 1117 exprobrat
3334 1048 3516 1115 etiam,

1928 1135 2070 1205 quod
2087 1136 2315 1205 justum
2345 1152 2461 1191 non
2488 1153 2523 1190 a
2540 1139 2853 1210 semetipsis
2866 1138 3219 1207 judicarent.
3243 1136 3383 1193 Olim
3414 1137 3521 1192 hoc

1928 1222 2144 1278 mandat
2176 1240 2270 1293 per
2297 1223 2600 1278 Zachariam
2632 1226 2775 1295 (vm,
2812 1227 2903 1297 16)
2937 1244 2948 1280 :
2983 1229 3211 1283 Iustum
3233 1226 3520 1298 judicium

1927 1316 1985 1368 et
2028 1312 2391 1383 pacatorium
2424 1312 2703 1383 judicate.
2740 1314 2845 1369 Per
2888 1314 3174 1369 Jeremiam
3221 1314 3379 1383 (xxu,
3412 1313 3466 1370 3)
3502 1330 3515 1366 :
3564 1338 3573 1347 -

1928 1401 2124 1456 Facite
2152 1400 2437 1470 judicium
2459 1405 2516 1459 et
2542 1404 2859 1472 justitiam.
2890 1404 2989 1456 Per
3009 1404 3207 1457 Isaiam
3236 1403 3297 1471 (ι.
3336 1406 3428 1467 l7;
3463 1418 3515 1466 v,

1926 1488 1980 1558 6)
2017 1505 2030 1542 :
2063 1489 2323 1546 Judicate
2341 1491 2580 1560 pupillo,
2618 1496 2671 1546 et
2692 1491 3017 1561 justiﬁcate
3044 1492 3294 1555 viduam,
3334 1492 3514 1563 impu-

1924 1584 2043 1632 tans
2076 1576 2237 1632 etiam
2265 1576 2437 1632 vineae
2470 1576 2640 1634 436
2677 1578 2900 1645 Sorech,
2922 1578 3065 1650 quod
3095 1594 3211 1634 non
3228 1580 3516 1650 judicium

1924 1663 2155 1730 fecisset,
2189 1664 2285 1721 sed
2318 1666 2647 1721 clamorem.
2680 1666 2783 1733 Qui
2826 1681 2959 1737 ergo
3004 1668 3260 1722 docuerat
3289 1677 3346 1722 ut
3377 1668 3515 1721 face-
3588 1672 3593 1677 '

243 1713 268 1728 .,
327 1713 336 1715 τ
1212 1713 1298 1721 --η
1333 1713 1357 1721 ν
1407 1713 1583 1731 -------,
1616 1713 1814 1720 ——---—~
1924 1713 2155 1730 "mw.
2189 1713 2281 1721 η-
2319 1713 2647 1721 ν---ηνν-ν--η
2686 1713 2783 1733 ῑ-·
2829 1713 2956 1737 ν-υν
3007 1713 3260 1722 *νυ-ηκ-
3291 1713 3346 1722 --
3377 1713 3488 1721 -—--

226 1747 486 1818 gehennae
514 1750 811 1822 Dominus;
865 1753 963 1826 qui
1007 1755 1167 1823 paulo
1213 1762 1338 1809 ante
1366 1713 1690 1825 ldiscipulos,
1749 1769 1817 1809 ne
1849 1713 1892 1790 Β
1926 1761 2128 1808 rentex
2149 1759 2439 1826 prmcepto,
2472 1753 2518 1807 is
2545 1752 2793 1826 exigebat
2823 1763 2880 1808 ut
2918 1753 3157 1809 facerent
3203 1763 3256 1809 et
3311 1771 3376 1809 ex
3419 1770 3513 1809 ar-

230 1831 416 1905 ignem
444 1840 778 1908 postularent
825 1840 1272 1899 inhumanissimo
1318 1843 1509 1908 viculo,
1562 1856 1817 1899 coercue-

236 1931 337 1979 rat.
389 1923 604 1993 Quando
643 1927 745 1986 iste
776 1929 1066 1986 Sodomam
1124 1939 1177 1988 et
1214 1931 1575 1988 Gomorrham
1631 1931 1815 1986 nimbo

227 2012 397 2081 igneo
437 2016 675 2075 exussit?
713 2018 941 2087 Quando
979 2029 1251 2076 cantatum
1303 2028 1386 2076 est
1418 2040 1431 2075 :
1475 2022 1625 2092 Ignis
1681 2024 1815 2077 ante

224 2102 407 2173 ipsum
430 2106 715 2176 praecedet
743 2108 811 2174 79,
831 2113 886 2166 et
906 2111 1180 2166 cremabit
1210 2110 1475 2167 inimicos
1496 2112 1617 2181 ejus
1638 2110 1811 2180 (Psal.
1846 2153 1853 2159 .

218 2205 376 2260 1cm,
409 2192 515 2264 3)?
566 2193 796 2262 Quando
845 2207 898 2253 et
949 2188 1047 2267 per
1093 2198 1232 2256 Osee
1284 2199 1640 2255 comminatus
1683 2207 1808 2254 est:

216 2280 409 2352 Ignem
429 2286 694 2341 emittam
726 2288 789 2341 in
825 2288 1085 2345 civitates
1123 2289 1283 2345 Juda:
1302 2289 1353 2326 3°
1381 2289 1531 2358 (vm,
1560 2287 1644 2359 14)
1673 2288 1701 2340 ‘2
1723 2285 1813 2343 vel

217 2385 310 2440 per
342 2373 529 2427 Isaiam
561 2375 648 2429 διε
690 2376 846 2449 Ignis
888 2379 1106 2433 exarsit
1136 2395 1208 2435 ea:
1253 2379 1649 2448 indignatione
1685 2392 1812 2433 mea

216 2469 383 2529 (xxx,
417 2463 561 2531 27)?
588 2465 709 2519 Non
741 2468 1048 2523 mentiatur.
1097 2466 1153 2522 Si
1184 2482 1294 2522 non
1347 2477 1427 2523 est
1469 2467 1560 2523 ille
1600 2465 1693 2540 qui
1746 2466 1813 2522 de

218 2548 356 2606 rubo
414 2568 629 2624 quoque
672 2555 880 2612 ardenti
932 2571 1124 2613 vocem
1194 2573 1346 2612 suam
1401 2557 1600 2627 emisit,
1658 2555 1811 2614 vide-

218 2637 283 2691 rit
338 2638 390 2676 ⁸2
442 2657 606 2712 quem
663 2641 843 2717 ignem
919 2644 1325 2719 intelligendum
1382 2645 1671 2703 contendat
1737 2646 1807 2701 8³.

216 2725 439 2782 Etiams‘i
469 2728 648 2801 ﬁgura
685 2739 786 2797 est,
820 2734 924 2790 hoc
952 2735 1072 2806 ipso
1105 2734 1255 2807 quod
1291 2735 1361 2791 de
1388 2750 1510 2792 meo
1541 2735 1811 2793 elemento

215 2825 532 2886 argumenta
560 2820 744 2874 sensui
765 2837 862 2875 suo
892 2823 1073 2890 sumit,
1114 2839 1271 2879 meus
1312 2832 1413 2893 est,
1443 2823 1539 2897 qui
1569 2822 1637 2878 de
1674 2821 1810 2878 meis

1922 1841 2103 1896 bitrio.
2136 1840 2241 1910 Qui
2271 1842 2625 1898 seminaverat
2664 1850 3013 1914 praeceptum,
3061 1842 3152 1897 ille
3210 1850 3264 1896 et
3319 1845 3516 1900 redun-

1923 1928 2161 1983 dantiam
2200 1930 2319 1999 ejus
2363 1930 2604 2002 urgebat.
2653 1930 2769 1984 Jam
2826 1944 2958 1985 vero
3017 1945 3177 2001 quam
3226 1930 3513 1985 absurdum

1921 2024 1982 2074 ut
2009 2016 2100 2073 ille
2128 2018 2409 2073 mandaret
2434 2019 2582 2088 juste
2619 2018 2881 2087 judicare,
2929 2017 3020 2090 qui
3068 2018 3238 2073 Deum
3272 2018 3512 2087 judicem

1916 2105 2124 2175 justum
2169 2107 2663 2162 destruebatham
2694 2115 2749 2162 et
2782 2107 3040 2179 judicem
3078 2109 3180 2180 qui
3220 2110 3402 2164 mittit
3451 2110 3511 2165 in

1922 2211 2226 2262 carcerem,
2240 2213 2341 2254 nec
2357 2197 2511 2252 ducit
2524 2196 2673 2265 inde,
2693 2198 2810 2252 nisi
2820 2197 3006 2252 soluto
3024 2198 3200 2251 etiam
3214 2198 3513 2253 novissimo

1919 2282 2258 2356 quadrante,
2290 2284 2344 2338 in
2387 2299 2615 2354 persona
2649 2283 2920 2351 Creatoris
2950 2284 3352 2340 obtrectationis
3410 2301 3511 2341 no-

1920 2370 2065 2426 mine
2103 2371 2395 2428 disserunt.
2419 2372 2498 2427 Ad
2519 2372 2663 2443 quod
2687 2388 2906 2429 necesse
2925 2372 3101 2428 habeo
3129 2374 3320 2428 eodem
3340 2374 3509 2447 gradu

1923 2474 2232 2518 occurrere.
2279 2461 2715 2534 Quotiescunque
2770 2461 2913 2517 enim
2936 2462 3193 2520 severitas
3247 2464 3514 2521 Creatoris

1918 2549 2229 2621 apponitur,
2265 2551 2460 2606 totiens
2485 2550 2627 2606 illius
2663 2558 2747 2607 est
2773 2550 3037 2618 Christus,
3087 2552 3171 2608 cui
3205 2569 3303 2624 per
3346 2553 3507 2610 timo-

1919 2654 2034 2694 rem
2065 2640 2212 2712 cogit
2241 2639 2583 2711 obsequium.

2482 2781 2706 2839 CAPUT
2752 2781 2939 2838 XXX.

217 2901 403 2958 utitur.
434 2904 586 2960 Illius
614 2907 718 2962 erit
759 2908 1055 2967 similitudo
1101 2910 1266 2982 ignis,
1298 2889 1551 2981 cujuset
1587 2911 1808 2966 veritas.
1842 2889 1886 2967 Β
1989 2907 2360 2976 Quaestionem
2397 2924 2588 2965 rursus
2616 2909 2683 2965 de
2711 2908 3013 2966 curatione
3050 2908 3282 2965 Sabbato
3333 2914 3503 2980 facta,

216 2991 335 3060 Ipse
363 2994 558 3051 melius
600 2996 1038 3070 interpretabitnr
1083 2999 1223 3073 ignis
1259 3000 1415 3055 istius
1470 2998 1800 3072 qualitatem,

212 3080 469 3148 adjiciens
502 3103 514 3140 :
540 3087 767 3142 Putatis
804 3090 1020 3146 venisse
1046 3106 1136 3146 me
1149 3105 1346 3162 pacem
1364 3092 1594 3147 mittere
1619 3092 1681 3145 in
1699 3092 1805 3147 ter-

224 3185 345 3224 ram
368 3171 398 3223 .9
424 3173 569 3239 Non,
601 3173 722 3231 dico
749 3177 915 3245 vobis,
967 3179 1061 3235 sed
1088 3180 1530 3251 separationem.
1564 3177 1802 3234 Machin-

213 3273 335 3315 ram
361 3261 586 3329 quidem
615 3264 879 3336 scriptum
911 3274 993 3322 est
1021 3268 1133 3337 (28)
1161 3286 1175 3334 ;
1219 3266 1313 3323 sed
1346 3268 1584 3323 Marcion
1630 3280 1803 3321 emen-

208 3346 295 3401 dat
328 3350 467 3421 (29),
499 3352 650 3422 quasi
679 3368 785 3409 non
836 3363 888 3410 et
937 3356 1202 3427 separatio
1251 3371 1389 3427 Opus
1443 3355 1513 3410 sit
1567 3355 1804 3409 machae-

212 3453 280 3491 ra:
310 3439 451 3508 (30).
497 3440 668 3511 Igitur
721 3450 773 3498 et
826 3444 1012 3516 ignem
1068 3445 1366 3501 eversionis
1421 3443 1668 3508 intendit,
1711 3443 1804 3515 qui

211 3542 398 3595 pacem
433 3530 674 3600 negavit.
710 3530 876 3599 Quale
907 3533 1176 3603 praelium,
1212 3535 1315 3590 tale
1370 3542 1425 3588 et
1470 3531 1799 3589 incendium.

211 3608 391 3683 Qualis
421 3621 710 3690 machaera,
743 3622 865 3680 talis
893 3631 944 3678 et
979 3626 1209 3689 ﬂamma,
1260 3632 1449 3681 neutra
1494 3636 1803 3695 congruens

211 3702 461 3761 Domino.
480 3706 741 3780 Denique,
768 3711 1075 3777 Dividetur,
1094 3712 1285 3784 inquit,
1313 3714 1482 3784 p’ater
1510 3714 1571 3767 in
1590 3711 1799 3781 ﬁlium,

215 3798 269 3848 et
288 3796 440 3863 ﬁlius
475 3799 536 3852 in
563 3802 826 3869 patrem;
855 3804 911 3856 et
940 3805 1128 3858 mater
1164 3803 1227 3856 in
1264 3802 1449 3871 ﬁliam
1482 3805 1538 3856 et
1567 3801 1695 3870 ﬁlia
1739 3802 1803 3856 in

222 3882 470 3950 matrem,
504 3886 762 3939 etnurus
792 3887 855 3941 in
884 3901 1131 3951 socrum,
1174 3890 1230 3943 et
1257 3903 1446 3943 socrus
1476 3887 1537 3940 in
1562 3901 1798 3942 nurum.

220 3967 324 4023 Hoc
346 3970 590 4041 praelium
629 3970 773 4027 inter
817 3980 1065 4043 parentes
1106 3974 1152 4028 si
1192 3971 1245 4028 in
1275 3974 1409 4045 ipsis
1448 3974 1629 4029 verbis
1675 3972 1803 4028 tuba

1911 2996 2192 3068 quomodo
2221 2996 2508 3052 discussit:
2548 2999 2902 3069 Unusquique
2956 3000 3209 3052 vestrum
3257 2998 3508 3055 Sabbatis

1912 3100 2025 3142 non
2047 3085 2213 3140 solvit
2245 3084 2472 3140 asinum
2502 3082 2616 3155 (3t)
2645 3090 2751 3140 aut
2779 3085 2967 3140 bovem
2994 3101 3162 3140 suum
3182 3102 3217 3139 a
3244 3104 3506 3159 prwsepz,

1910 3177 1967 3228 et
2016 3173 2173 3228 ducit
2208 3172 2280 3229 ad
2313 3177 2515 3245 potum
2540 3172 2568 3225 .9
2597 3172 2739 3246 Ergo
2785 3173 3084 3228 secundum
3141 3175 3509 3231 conditionem

1911 3260 2075 3334 Legis
2119 3270 2396 3331 operatus,
2429 3260 2633 3336 Legem
2675 3259 3034 3330 conﬁrmavit,
3078 3279 3186 3319 non
3240 3263 3505 3331 dissolvit,

1906 3351 2180 3419 jubeutem
2211 3350 2417 3406 nullum
2448 3365 2586 3422 opus
2640 3349 2777 3419 ﬁeri,
2821 3350 2925 3406 nisi
2968 3351 3115 3423 quod
3158 3351 3308 3408 ﬁeret
3362 3355 3508 3409 omni

1911 3439 2106 3494 animae
2133 3439 2273 3511 (32),
2324 3448 2525 3512 quanto
2563 3441 2743 3512 potius
2792 3439 3076 3498 humanae!
3125 3443 3505 3498 Parabolarum

1911 3528 2326 3600 congruentiam
2356 3526 2561 3600 ubique
2589 3542 2949 3601 recognoscor
2967 3530 3017 3567 84
3047 3529 3286 3604 exigere.
3310 3532 3506 3588 Simile

1910 3622 1994 3674 est
2021 3632 2262 3688 regnum
2291 3618 2409 3682 Dei,
2435 3616 2625 3688 inquit,
2657 3633 2833 3689 grano
2853 3619 3091 3689 sinapis,
3124 3620 3268 3691 quod
3288 3623 3505 3691 accepit

1912 3705 2091 3772 homo,
2124 3707 2181 3760 et
2207 3706 2513 3761 seminavit
2555 3707 2619 3760 in
2658 3704 2818 3761 horto
2847 3721 2968 3761 suo.
3001 3705 3134 3774 Quis
3164 3705 3218 3760 in
3273 3722 3507 3776 persona

1908 3792 2144 3849 hominis
2179 3792 2568 3865 intelligendus
2588 3795 2617 3851 ‘2
2647 3793 2846 3866 Utique
2874 3793 3123 3850 Christus
3163 3814 3175 3853 :
3209 3795 3335 3867 quia
3377 3796 3504 3852 licet

1912 3880 2214 3947 Marcionis,
2257 3879 2400 3936 ﬁlius
2432 3882 2665 3939 hominis
2706 3890 2788 3937 est
2836 3881 3027 3950 dictus,
3076 3884 3169 3956 qui
3213 3885 3418 3956 accepit
3474 3902 3506 3939 a

1909 3969 2066 4024 Patre
2103 3985 2283 4025 semen
2326 3970 2499 4044 regni,
2538 3986 2843 4026 sermonem
2876 3971 3077 4027 scilicet
3120 3974 3421 4048 Evangelii,
3451 3984 3504 4031 et

280 4143 325 4222 7?
352 4144 496 4212 Quid
517 4149 683 4222 Pam.
716 4149 766 4187 73
795 4151 966 4206 Docet
992 4151 1162 4207 Fran.
1204 4154 1364 4207 Pam.
1397 4150 1446 4190 ’³9
1477 4070 1808 4222 Ρτοοξίῗὲξῗ)

1916 4076 2236 4222 ξιὲοῐῗξιῗᾶξεω
2296 4146 2468 4222 serat.
2499 4147 2547 4185 ει
2597 4148 2884 4222 Jeremiam
2921 4151 3028 4222 leg.
3075 4152 3496 4221 Jun.,diserta,

219 4215 366 4274 verba
392 4221 630 4275 exstant
665 4222 927 4279 Ieremia:
954 4237 1045 4290 xv,
1074 4225 1160 4277 14.
1190 4223 1240 4261 ⁸2
1279 4221 1487 4279 Videris
1518 4222 1688 4279 Seml.
1720 4219 1771 4258 8³
1799 4216 2102 4274 Contendas
2130 4217 2289 4272 Pam.
2319 4217 2371 4255 8"
2387 4220 2774 4292 Recognoscite
2803 4223 2925 4277 Lat.

1585 4318 2061 4381 Commentarius

274 4394 388 4474 j28)
408 4397 742 4474 {mensuram
757 4400 979 4474 quidem
997 4401 1278 4474 scriptum
1296 4406 1399 4458 est.
1422 4397 1797 4474 ln_Evang_el_io

221 4467 407 4523 scilicet
428 4469 729 4535 Marcionis,
765 4467 866 4527 hoc
902 4479 1003 4538 est,
1052 4467 1218 4527 Lucae
1272 4488 1305 4527 a
1334 4469 1607 4528 Marcione.
1632 4467 1793 4524 adul-

222 4540 753 4615 t_eratq._Cujus_modi
780 4541 1159 4615 _Evaugelium
1205 4559 1499 4615 provocare
1545 4557 1605 4596 se
1654 4540 1793 4615 dicit

222 4560 397 4592 iurato.
433 4560 753 4610 hlljllSlIlODl
805 4560 948 4596 DVBO
995 4560 1159 4598 Ellum
1205 4560 1499 4615 provocare
1545 4560 1605 4596 se
1660 4560 1793 4595 αιοιι

218 4560 1110 4686 Iertullianusinitiohujusiibri,
1152 4622 1212 4670 ut
1258 4631 1322 4671 ex
1373 4630 1439 4671 eo
1486 4613 1605 4685 ipso
1652 4613 1795 4668 Mar-

219 4683 409 4733 eionem
437 4684 723 4738 convincat
750 4683 995 4741 insaniae.
1022 4685 1150 4741 th.

279 4749 388 4821 (29)
422 4753 530 4810 Sed
573 4754 823 4813 Marcion
853 4757 1130 4814 emendat.
1164 4757 1382 4814 Etenim
1424 4756 1597 4813 Lucas
1635 4752 1792 4821 dixit,

216 4812 541 4896 «impigram.
573 4824 703 4879 Ηια.

277 4896 385 4963 (30)
419 4896 592 4964 Quasi
608 4912 738 4972 non
764 4900 822 4951 et
864 4899 1149 4972 separatio
1178 4916 1330 4972 Opus
1352 4899 1429 4955 sit
1470 4899 1792 4972 machwrce.

211 4960 385 5043 lioque
426 4960 619 5043 :sensu
688 4966 893 5043 dixerat
922 4960 1246 5043 {Matthaau's
1304 4972 1563 5043 λμάχᾳιροιν
1640 4969 1796 5043 quod

210 5031 366 5110 bacas
418 5031 768 5110 διαμεριᾳμόν,
818 5048 879 5095 ut
930 5042 1043 5110 jam
1090 5057 1226 5096 vana
1272 5031 1341 5097 si't
1390 5031 1686 5097 lila'rcionis
1739 5041 1795 5095 in

210 5104 389 5181 bacam
445 5104 773 5181 emendatio.
833 5104 1070 5181 Hujusce
1137 5121 1320 5168 autem
1368 5129 1477 5168 non
1553 5112 1797 5168 meminit

209 5176 551 5247 Epiphanius.
576 5180 701 5235 Bia.

269 5251 382 5321 (3t)
408 5252 792 5324 Unusquisque
814 5257 1059 5310 vestrum
1080 5254 1333 5312 Sabbatis
1354 5272 1468 5319 non
1487 5256 1656 5313 solvit
1675 5256 1792 5310 asi-

206 5335 355 5396 num,
385 5332 491 5378 etc.
527 5322 783 5396 [studlin
830 5339 936 5396 quo
964 5326 1137 5382 solum
1184 5327 1252 5381 ab
1307 5326 1425 5381 aliis
1461 5335 1647 5382 auctor
1685 5325 1797 5380 dif-

201 5389 314 5478 fert,
339 5389 1269 5478 .legens‘Sabbqtis'p‘r‘onﬁabb’gto)
1298 5414 1423 5478 pou
1478 5399 1615 5478 ursit
1648 5398 1793 5478 .Epi-

197 5462 444 5534 phanius,
474 5466 571 5520 sed
604 5462 828 5533 (confut.
862 5462 954 5537 39)
970 5468 1102 5525 illud
1133 5462 1329 5523 Christi
1350 5469 1493 5542 quod
1514 5462 1789 5543 sequitur:

1912 4412 1935 4444 ι
1969 4394 2117 4447 Hanc
2146 4398 2321 4446 autem
2369 4390 2535 4447 tiliam
2593 4393 2844 4471 abrahgs,
2882 4411 3058 4471 quam
3116 4397 3355 4471 alligavit
3391 4400 3500 4456 Sa-

1906 4472 2092 4537 tanas;
2124 4482 2154 4537 _»
2215 4478 2297 4537 ex
2339 4479 2445 4537 quo
2503 4465 2716 4537 probat,
2769 4465 3042 4521 Christum
3072 4484 3190 4524 esse
3211 4465 3499 4537 "ejusdem

1903 4534 2020 4611 Dei,
2051 4534 2205 4604 cujus
2235 4534 2527 4611 Abraham:
2570 4534 2743 4611 quue
2771 4551 2838 4591 eo
2896 4539 3090 4611 magis,
3138 4539 3218 4594 uti
3266 4534 3497 4611 (confut.

1901 4608 1992 4677 40)
2053 4606 2417 4676 prosequitur,
2477 4608 2621 4676 quod
2675 4606 2840 4662 etiam
2880 4606 3171 4665 resciderat
3224 4606 3358 4665 illud
3396 4614 3498 4667 sub

1900 4676 2062 4731 finem
2092 4677 2256 4746 hujus
2301 4694 2419 4749 cap.
2462 4677 2661 4733 Lucaa:
2714 4679 2850 4735 Cum
2892 4680 3147 4737 videritis
3194 4680 3494 4748 Abraham,

1903 4749 2061 4824 Isaac
2094 4753 2149 4824 et
2177 4750 2360 4813 Iacob,
2403 4753 2457 4824 et
2486 4766 2677 4808 omnes
2730 4750 3139 4824 praphetasin
3176 4768 3344 4823 regno
3376 4755 3494 4817 Dei,

1900 4821 2085 4897 legens
2104 4821 2380 4897 duntaxat,
2399 4823 2539 4877 Cum
2560 4821 2749 4897 omnes
2761 4821 2949 4897 justh
2970 4823 3227 4897 videritis
3240 4821 3309 4878 in
3330 4840 3497 4897 regno

1901 4891 2018 5019 ﬂet.
2058 4891 2144 5017 Itis)
2180 4892 2327 4962 quod
2383 4901 2567 4949 auctor
2621 4891 2827 4967 omisit,
2882 4892 2970 4950 ille
3008 4895 3119 4950 fere
3156 4902 3336 4967 urget,
3368 4891 3493 4953 a'dv.

1955 4979 2072 5019 arc.
2148 4977 2248 5019 AM.

1955 4979 2072 5020 ανε.
2106 4977 2248 5019 ΒΑΜ.

1970 5034 2089 5110 (32)
2120 5034 2351 5110 Nullum
2371 5051 2510 5110 Opus
2540 5038 2814 5107 ﬁeri,nisi
2841 5037 2985 5110 quod
3012 5038 3175 5110 ﬁeret
3189 5041 3347 5096 omni
3370 5040 3500 5095 ani-

1902 5123 2031 5161 mae.
2062 5106 2176 5160 Iam
2203 5105 2578 5180 adnotavimus
2608 5105 2915 5180 versionem
2942 5105 3097 5164 LXX
3117 5109 3496 5180 interpretum,

1899 5193 2065 5252 quam
2114 5178 2477 5252 sequebatur‘
2513 5179 2889 5247 Tertulliauus,
2954 5181 3061 5252 alio
3117 5178 3282 5237 modo
3339 5178 3498 5252 posse

1901 5246 2269 5323 intelligi,g_qui
2299 5264 2421 5323 cum
2454 5247 2685 5323 ingenio
2723 5246 2926 5307 Grande
2954 5251 3157 5323 linguae
3204 5260 3256 5307 et
3282 5246 3495 5319 signifi-

1901 5319 2117 5396 catione
2147 5319 2423 5396 Ilebraicas
2453 5319 2702 5396 lectionis
2739 5323 2913 5396 magis
2940 5319 3242 5380 cou'vcniat.
3277 5324 3411 5379 Vide
3441 5325 3494 5376 in

1903 5405 2021 5463 cap.
2059 5392 2124 5445 12
2162 5390 2326 5460 hujus
2354 5391 2498 5451 libri.
2532 5396 2673 5449 Enn.
