4018 6192
443 246 554 313 467

1148 262 1583 332 'I‘ERTULLIANI
1618 268 1881 333 OPERUM
1915 269 2085 334 PARS
2121 270 2191 333 II.
2228 300 2300 317 --
2335 271 2559 337 SERIES
2596 275 2636 345 Ι,
2677 274 3020 337 POLBMICA.

3626 271 3739 341 468

442 378 729 492 seminavit
755 381 827 492 ὴὲ,
838 382 995 492 horto
1023 401 1142 488 suo,
1171 391 1356 464 utique
1392 395 1446 450 in
1477 398 1700 464 mundo,
1742 406 1870 469 puta
1887 413 2032 456 nunc
2060 411 2109 492 Α
2140 386 2284 462 tecto
2303 408 2460 472 sunt,
2479 404 2650 460 indue
2666 405 2727 460 in
2747 403 2978 461 domum
2999 406 3192 470 tuam;
3215 400 3309 476 qui
3326 399 3526 460 scilicet
3545 401 3738 458 huma-

442 466 497 523 in
523 469 764 528 homine.
792 472 897 528 Sed
925 491 1048 532 cum
1077 477 1130 533 in
1161 495 1260 536 suo
1289 484 1446 541 horto
1473 487 1687 555 dixerit,
1728 466 1832 544 nec
1877 504 2034 546 mun-

439 555 542 650 dus
565 567 745 650 autem
775 578 877 619 nec
903 565 1066 623 homo
1091 568 1238 626 illius
1277 573 1363 641 sit,
1395 576 1492 629 sed
1535 576 1846 647 Creatoris;
1904 594 2036 650 ergo

439 645 533 715 qui
560 647 615 702 in
661 666 819 705 suum
866 657 1165 725 seminarit,
1217 677 1316 718 nec
1351 664 1401 701 8⁵
1442 664 1664 722 Creator
1709 645 2031 726 ostenditur.

442 736 551 791 Aut
579 736 646 805 si,
677 747 735 794 ut
774 743 917 799 hunc
944 744 1195 819 laqueum
1235 753 1485 824 evadant,
1532 757 1893 815 converterint
1927 758 2033 814 ho-

440 825 598 881 minis
626 844 913 897 personam
942 850 973 888 a
1002 838 1213 896 Christo
1252 841 1306 896 in
1349 844 1649 913 hominem,
1683 847 2036 917 accipientem

439 927 628 970 semen
668 919 840 991 regni,
896 929 949 977 et
986 925 1341 985 seminantem
1399 932 1456 987 in
1511 937 1665 991 horto
1697 936 1875 993 cordis
1911 937 2030 1001 sui;

439 1004 701 1094 necgipsa
757 1012 980 1067 materia
1042 1015 1131 1070 alii
1203 1021 1488 1076 conveniet
1537 1040 1698 1094 quam
1770 1024 2033 1083 Creatori.

441 1087 613 1157 Quale
642 1103 725 1150 est
753 1098 875 1153 enin
914 1108 972 1155 ut
1026 1101 1286 1161 lenissimi
1341 1109 1442 1164 Dei
1506 1087 1733 1181 regnum
1771 1113 2038 1186 signiﬁcet

439 1195 628 1237 semen
655 1185 724 1251 86,
771 1188 917 1257 quod
962 1191 1121 1245 etiam
1165 1194 1352 1262 judicii
1382 1196 1561 1255 fervor
1596 1185 1899 1271 lacrymosa
1938 1217 2036 1257 au-

407 1310 422 1322 .
440 1272 677 1360 steritate
704 1275 1048 1347 subsequitur
1076 1283 1124 1320 87
1145 1284 1174 1337 ‘2
1214 1283 1308 1340 Dei
1353 1289 1598 1356 sequenti
1646 1290 1805 1360 plane
1834 1291 2036 1346 simili-

440 1356 630 1451 t_udine
645 1375 858 1430 vereor,
889 1381 956 1420 ne
976 1366 1114 1426 forte
1165 1372 1385 1429 alterius
1406 1374 1501 1431 Dei
1520 1356 1695 1451 regno
1715 1378 2033 1450 'portendat.

439 1445 731 1539 Ii‘erm‘ento
760 1453 905 1508 enim
943 1463 1276 1531 comparavit
1303 1464 1459 1531 illud,
1496 1445 1617 1522 nor;
1652 1445 1876 1539 azvmis,
1915 1485 2036 1538 qum

439 1534 792 1627 familiariora
824 1553 951 1602 sunt
995 1550 1258 1607 Creatori.
1307 1554 1571 1627 Congruit
1627 1564 1682 1612 et
1719 1534 1843 1613 haec
1895 1534 2030 1613 con-

436 1624 650 1718 jectura
722 1634 1152 1694 mendicantibus
1198 1624 1531 1714 argumenta.
1582 1644 1768 1716 Itaque
1820 1654 1874 1700 et
1928 1662 2028 1718 ego

440 1715 734 1771 vanitatem
772 1721 1002 1778 vanitate
1033 1724 1199 1782 437
1236 1728 1521 1799 depellam,
1563 1715 2029 1791 fermentationem

443 1817 989 1896 quoqiiecongruere
1019 1811 1206 1870 dicens
1252 1831 1420 1888 regno
1466 1819 1757 1888 Creatoris,
1790 1824 1881 1896 qui
1913 1833 2036 1895 post

444 1889 588 1981 illam
619 1893 867 1981 clibanus
894 1899 975 1953 vel
1013 1899 1199 1957 furnus
1225 1907 1487 1974 gehennae
1551 1889 1826 1981 sequatur:
1886 1889 2033 1979 Quo-

440 1975 542 2030 ties
572 1978 748 2068 adhuc
784 1997 845 2036 se
864 1984 1097 2051 judicem
1128 1994 1381 2063 ostendit,
1409 2003 1459 2051 et
1487 1996 1541 2050 in
1584 1975 1769 2068 judice
1807 1975 2035 2057 Creato-

442 2065 583 2157 rem!
620 2065 848 2157 Quoties
892 2074 1079 2148 utique
1129 2080 1308 2149 ejecit,
1357 2092 1410 2139 et
1455 2065 1671 2142 damnat
1713 2088 2029 2157 rejiciendo!

438 2154 706 2250 Sicut-hic
738 2175 953 2234 quoque
987 2183 1000 2219 :
1038 2168 1175 2225 Cum
1214 2176 1557 2239 surrexerit,
1596 2154 1787 2248 inquit,
1830 2184 2033 2250 pater-

440 2246 700 2337 familias
748 2250 816 2306 δε.
877 2252 1019 2321 Quo,
1060 2257 1166 2313 nisi
1211 2276 1321 2330 quo
1376 2262 1515 2319 dixit
1558 2246 1724 2321 Isaias
1768 2246 1852 2335 (u',
1897 2267 2030 2337 i9):

448 2334 586 2388 Cum
624 2342 940 2398 surrexerit
986 2348 1372 2408 comminuere
1404 2354 1657 2407 terram?
1703 2334 2035 2412 Etrcluserit

441 2422 672 2516 ostium,
705 2426 888 2499 utique
919 2432 1266 2491 excludendis
1309 2438 1525 2510 iniquis,
1568 2442 1764 2512 quibus
1790 2446 2036 2516 pulsan-

445 2511 594 2569 tibus
622 2518 979 2588 respondebit
1009 2541 1026 2575 :
1057 2525 1252 2581 Nescio
1308 2528 1463 2583 unde
1490 2511 1657 2587 sitis?
1695 2532 1763 2586 Et
1790 2511 1988 2587 rursus
2018 2550 2032 2587 :

444 2601 925 2664 Enumerantibus
942 2613 1087 2681 quod
1105 2629 1296 2671 coram
1316 2618 1360 2672 il
1368 2620 1416 2673 Io
1438 2619 1680 2686 ederint,
1698 2626 1753 2677 et
1772 2621 2033 2691 biberint,

443 2692 501 2742 et
518 2691 581 2743 in
600 2694 805 2763 plateis
824 2712 1018 2753 eorum
1038 2700 1316 2774 docuerit,
1330 2707 1563 2776 adjiciet
1583 2727 1599 2760 :
1620 2709 1875 2766 Recedite
1892 2725 1926 2762 a
1946 2726 2037 2764 me

441 2793 617 2836 annes
636 2787 883 2851 operarii
894 2788 1217 2861 iniquitatis
1231 2812 1251 2847 :
1271 2793 1393 2849 illic
1409 2797 1518 2851 erit
1536 2797 1704 2864 ﬂetus
1725 2802 1779 2853 et
1799 2797 2033 2868 frendor

444 2868 725 2927 dentium.
749 2873 898 2929 Ubi?
917 2877 1069 2933 Foris
1090 2880 1312 2949 scilicet,
1332 2884 1423 2938 ubi
1462 2892 1619 2940 erunt
1639 2872 1870 2953 eiclusi,
1890 2885 2029 2941 ostio

2142 492 2324 549 nitatis
2354 492 2511 548 istius
2547 493 2723 548 vicem
2752 493 3054 549 retribuere
3085 509 3191 552 non
3228 493 3459 563 possint.
3512 492 3661 549 Hanc
3688 490 3736 547 si

2143 581 2387 637 Christus
2410 581 2612 652 captari
2642 589 2803 651 vetat,
2855 582 2911 637 in
2953 581 3340 638 resurrectione
3369 596 3488 636 eam
3538 595 3732 651 repro-

2142 670 2383 736 mittens,
2404 670 2675 726 Creatoris
2695 679 2776 729 est
2805 670 2998 738 forma,
3020 672 3110 729 cui
3133 687 3237 727 non
3260 671 3473 740 placent
3492 677 3737 727 amantes

2140 776 2386 826 munera,
2446 768 2709 817 sectantes
2757 761 3187 817 retributionem.
3216 758 3389 816 Etiam
3432 758 3738 816 invitatoris

2140 849 2398 919 parabola
2425 850 2513 905 cui
2542 849 2716 921 magis
2736 848 2877 921 parti
2901 860 3166 914 occurrat,
3196 848 3438 919 expende
3452 849 3520 901 89.
3552 850 3734 905 Homo

2141 938 2371 1013 quidam
2387 940 2524 1011 fecit
2543 956 2783 1005 cumam,
2801 941 3087 997 etvocavit
3099 941 3331 995 multos.
3346 937 3547 1008 Utique
3557 953 3735 993 omnm

2140 1036 2392 1098 paratura
2409 1026 2534 1084 vitae
2559 1037 2777 1085 aeternae
2795 1029 3121 1085 saturitatem
3138 1027 3356 1101 ﬁgurat.
3377 1026 3509 1083 Dico
3531 1026 3730 1098 primo,

2140 1125 2420 1172 extraneos
2449 1124 2503 1172 et
2531 1118 2732 1174 nullius
2758 1117 2896 1188 juris
2922 1116 3114 1173 afﬁnes
3149 1116 3362 1172 invitari
3414 1115 3483 1170 ad
3523 1112 3732 1171 omnem

2143 1219 2253 1260 non
2278 1206 2488 1275 solere;
2521 1214 2666 1262 certe
2684 1196 2907 1261 facilius
2935 1206 3110 1262 solere
3155 1204 3479 1260 domesticos
3536 1211 3591 1259 et
3644 1203 3730 1258 fa-

2143 1294 2397 1349 miliares.
2428 1294 2572 1369 Ergo
2602 1294 2872 1351 Creatoris
2898 1302 2983 1350 est
3009 1293 3281 1359 invitasse,
3311 1292 3379 1348 ad
3406 1308 3566 1364 quem
3599 1307 3731 1362 per-

2142 1384 2381 1439 tinebant
2406 1384 2498 1456 qui
2529 1386 2907 1450 invitabantur,
2954 1394 3008 1440 et
3054 1399 3152 1456 per
3204 1382 3374 1438 Adam
3426 1397 3528 1452 qua
3557 1381 3735 1437 homi-

2142 1489 2258 1540 nes,
2291 1482 2345 1528 et
2374 1491 2469 1545 per
2496 1482 2677 1545 patres
2718 1490 2825 1545 qua
2875 1472 3107 1539 Iudaici,
3158 1487 3265 1529 non
3308 1472 3428 1541 ejus
3474 1470 3540 1525 ad
3568 1486 3733 1542 quem

2142 1576 2316 1632 neque
2346 1571 2535 1617 natura
2572 1562 2931 1633 pertinebant,
2972 1576 3144 1634 neque
3201 1559 3574 1631 prierOgativa.
3625 1559 3737 1613 De-

2140 1649 2283 1716 hinc,
2318 1649 2363 1705 si
2406 1650 2452 1704 is
2491 1652 2650 1706 mittit
2691 1652 2755 1706 ad
2806 1650 3078 1718 convivas,
3119 1650 3210 1721 qui
3254 1665 3462 1705 coenam
3503 1647 3729 1718 paravit,

2143 1736 2221 1792 sic
2247 1753 2465 1808 quoque
2495 1738 2762 1795 Creatoris
2792 1748 2870 1796 est
2900 1756 3078 1808 coena,
3101 1739 3193 1809 qui
3213 1738 3449 1794 misitad
3477 1736 3735 1791 convivas

2144 1824 2531 1890 admonendos,
2563 1837 2686 1883 ante
2727 1829 2838 1897 jam
2884 1836 3104 1883 vocatos
3161 1843 3258 1897 per
3302 1832 3504 1896 patres.
3542 1822 3736 1877 δάπισ-

2143 1915 2350 1969 nendos
2395 1924 2574 1969 autem
2620 1932 2717 1987 per
2745 1918 3034 1987 prophetas
3086 1933 3098 1971 :
3162 1930 3268 1970 non
3316 1914 3415 1985 qui
3462 1911 3732 1967 neminem

2143 2002 2352 2058 miserit
2379 2004 2445 2059 ad
2474 2006 2824 2071 mouendum,
2878 2022 2973 2061 nec
3000 2005 3090 2077 qui
3123 2004 3256 2059 nihil
3287 2003 3434 2074 prius
3462 2000 3634 2074 egerit
3660 1999 3730 2054 ad

2142 2092 2464 2159 vocandum,
2489 2093 2586 2149 sed
2606 2093 2721 2163 ipse
2743 2093 3079 2150 descenderit
3103 2090 3268 2148 438
3283 2090 3465 2145 subito
3488 2108 3499 2143 :
3527 2097 3735 2143 tantum

2142 2181 2288 2251 quod
2310 2182 2670 2248 innotescens,
2682 2183 2795 2252 jam
2815 2183 3039 2239 invitans
3054 2200 3068 2248 ;
3086 2191 3291 2237 tantum
3311 2178 3459 2251 quod
3479 2177 3734 2239 invitans,

2140 2269 2248 2336 jam
2281 2270 2333 2323 in
2366 2270 2672 2328 convivium
2714 2287 2952 2343 cOgens;
3012 2272 3255 2327 eamdem
3300 2267 3499 2324 faciens
3544 2266 3734 2320 horam

2144 2359 2411 2428 coenandi,
2452 2368 2505 2415 et
2540 2361 2606 2414 ad
2644 2377 2852 2417 caenam
2907 2359 3181 2415 invitandi.
3239 2358 3511 2413 Excusant
3538 2371 3596 2409 se
3641 2354 3733 2407 in-

2142 2446 2351 2502 vitanti.
2411 2447 2468 2501 Si
2496 2448 2562 2501 ab
2588 2448 2689 2502 alio
2717 2448 2854 2514 Deo,
2888 2450 3102 2513 merito,
3134 2447 3262 2519 quia
3291 2444 3472 2501 subito
3502 2439 3733 2496 invitati.

2144 2534 2204 2591 Si
2232 2549 2339 2591 non
2374 2537 2584 2602 merito,
2632 2552 2762 2611 ergo
2792 2552 2892 2592 nec
2937 2537 3137 2593 subito.
3187 2534 3244 2589 Si
3279 2540 3456 2589 autem
3502 2544 3608 2584 non
3636 2545 3736 2584 su-

2144 2623 2254 2679 bito
2292 2623 2518 2691 invitati,
2549 2640 2683 2697 ergo
2712 2641 2747 2679 a
2790 2625 3064 2691 Creatore,
3112 2639 3144 2678 a
3200 2638 3312 2693 quo
3365 2621 3512 2677 olim.
3563 2618 3738 2687 Cujus

2145 2711 2376 2783 denique
2432 2713 2833 2770 declinaverant
2910 2713 3268 2777 vocationem,
3347 2720 3472 2765 tunc
3551 2706 3737 2779 primo

2145 2800 2384 2856 dicentes
2460 2803 2526 2856 ad
2591 2804 2864 2858 Aaronem
2931 2802 3132 2873 (Exod.
3211 2815 3392 2863 xxxu,
3456 2799 3504 2863 1)
3561 2814 3573 2852 :
3626 2799 3737 2852 Fac

2144 2891 2300 2947 nobis
2321 2891 2467 2956 deos,
2500 2894 2597 2966 qui
2623 2897 2880 2964 prweant
2896 2891 3082 2959 nobis;
3111 2900 3269 2960 atque
3286 2886 3625 2957 exinde(Isa.
3654 2900 3733 2948 vr,

442 2956 592 3012 cluso
618 2959 685 3013 ab
711 2976 812 3016 eo:
847 2979 975 3033 ergo
1015 2966 1115 3022 erit
1163 2985 1338 3037 paena,
1372 2987 1402 3026 a
1442 2987 1549 3043 quo
1598 2973 1658 3049 ﬁt
1715 2974 1956 3030 exclusio
1984 2973 2040 3028 in
2071 2974 2113 3052 ε
2144 2979 2234 3049 10)
2268 2996 2281 3033 :
2314 2980 2463 3037 Aure
2492 2956 2786 3037 audientes
2816 2984 2871 3037 et
2902 2996 3018 3037 non
3054 2956 3372 3041 audientes,
3392 2972 3734 3031 vocationem

443 3059 683 3134 pcenam,
713 3064 837 3104 cum
864 3051 1129 3110 videbunt
1151 3056 1333 3124 justos
1362 3058 1697 3118 introeuntes
1716 3061 1771 3116 in
1800 3078 2032 3134 regnum

440 3132 562 3199 Dei,
595 3151 655 3191 se
682 3153 810 3192 vero
838 3140 1064 3198 detineri
1093 3143 1245 3201 foris.
1275 3150 1322 3204 A
1351 3164 1461 3219 quo
1481 3150 1510 3205 ‘i
1560 3149 1618 3205 Si
1670 3166 1702 3204 a
1755 3132 2031 3216 Creatore,

443 3225 569 3313 quis
599 3226 703 3281 erit
756 3244 887 3299 ergo
944 3232 1089 3289 intus
1135 3236 1398 3311 recipiens
1441 3240 1613 3309 justos
1652 3239 1708 3294 in
1760 3241 2032 3313 regnum?

440 3311 583 3368 Deus
608 3316 807 3375 bonus.
840 3319 979 3387 Quid
1011 3338 1145 3395 ergo
1185 3323 1311 3379 illuc
1339 3326 1599 3396 Creatori,
1638 3337 1698 3381 ut
1727 3311 1859 3382 foris
1888 3326 2032 3382 deti-

440 3410 567 3457 neat
593 3403 647 3458 in
671 3423 907 3477 poenam,
940 3425 1075 3481 quos
1104 3412 1447 3469 adversarius
1472 3417 1591 3483 ejus
1633 3415 1878 3480 exclusit,
1910 3430 2032 3470 sus-

441 3490 722 3561 cipiendos
751 3510 781 3549 a
810 3511 887 3561 se,
920 3496 1110 3568 utique
1155 3500 1329 3572 magis
1374 3501 1428 3554 in
1481 3502 1771 3559 adversarii
1819 3502 2033 3559 bilem?

440 3578 545 3634 Sed
577 3589 630 3635 et
663 3582 752 3639 ille
794 3584 1112 3642 exclusurus
1167 3586 1405 3659 iniquos,
1452 3590 1586 3646 sciat
1630 3594 1818 3661 utique
1860 3592 2031 3647 Crea-

440 3674 609 3721 torem
643 3670 763 3725 illos
816 3672 1162 3730 detenturum
1210 3676 1265 3730 in
1321 3693 1555 3747 poenam,
1607 3689 1698 3733 aut
1736 3694 1844 3733 non
1901 3680 2031 3735 sciat

441 3762 676 3821 oportet.
718 3758 883 3829 Ergo,
915 3768 1004 3815 aut
1043 3764 1257 3819 nolente
1304 3779 1370 3821 eo
1417 3767 1816 3836 detinebuntur,
1839 3778 1891 3823 et
1921 3768 2029 3822 mi-

440 3856 542 3896 nor
569 3852 650 3899 est
684 3844 775 3899 illo
807 3847 895 3917 qui
934 3849 1152 3917 detinet,
1212 3853 1413 3909 cedens
1455 3856 1504 3910 ei
1562 3858 1789 3926 nolens;
1837 3866 1927 3913 aut
1984 3858 2029 3912 si

438 3932 551 3987 vult
587 3931 659 3988 ita
696 3932 833 4000 ﬁeri,
871 3935 989 4007 ipse
1038 3938 1111 3993 ita
1150 3940 1452 3999 faciendum
1491 3945 1769 4014 judicavit,
1819 3954 1873 4001 et
1918 3961 2028 4001 non

438 4021 539 4075 erit
567 4021 759 4078 melior
787 4025 1053 4093 Creatore,
1085 4028 1202 4100 ipse
1240 4041 1429 4087 auctor
1466 4032 1704 4089 infamiae
1735 4035 2025 4092 Creatoris.

436 4109 563 4165 Haec
602 4110 647 4166 si
685 4101 830 4167 nulla
880 4115 1087 4172 ratione
1141 4119 1455 4189 consistunt,
1500 4129 1560 4177 ut
1616 4124 1752 4177 alius
1810 4124 2019 4195 punire,

434 4200 574 4255 alius
623 4201 852 4258 liberare
907 4205 1180 4277 credatur,
1240 4209 1403 4268 unius
1448 4210 1554 4266 erit
1606 4218 1708 4267 tam
1761 4214 2024 4283 judicium

434 4305 597 4361 quam
622 4300 674 4346 et
703 4307 964 4363 regnum;
1001 4303 1053 4350 et
1082 4297 1221 4353 dum
1251 4301 1424 4357 unius
1454 4304 1538 4359 est
1558 4308 1890 4377 utr-umque,
1927 4308 2024 4378 qui

435 4382 492 4435 et
509 4380 751 4451 judicat,
784 4382 1051 4439 Creatoris
1070 4394 1171 4442 est.

944 4584 955 4594 .
995 4533 1223 4592 CAPUT
1250 4534 1449 4592 XXXI.

500 4652 582 4709 Ad
606 4655 914 4725 prandium
942 4658 1030 4715 vel
1057 4659 1130 4715 ad
1154 4675 1372 4717 orenam
1399 4664 1584 4734 quales
1611 4667 1800 4721 vocari
1817 4634 2018 4739 jubet?

424 4740 631 4811 Quales
660 4745 965 4801 ostenderat
992 4762 1091 4817 per
1117 4748 1309 4804 Isaiam
1336 4749 1516 4821 (LVIII,
1547 4752 1609 4823 7)
1651 4770 1667 4808 :
1713 4754 2015 4829 Confringe

422 4847 631 4903 panem
660 4836 826 4890 tuum
846 4837 1126 4892 esurienti
1154 4841 1211 4895 et
1229 4839 1510 4901 mendicos
1532 4843 1669 4915 (33),
1693 4849 1748 4902 et
1767 4846 1868 4918 qui
1886 4848 2011 4902 sine

1472 5010 1484 5037 Ι

2141 3067 2349 3124 scilicet
2402 3069 2500 3124 Dei
2524 3087 2540 3141 ;
2571 3070 2663 3141 qui
2692 3069 3144 3141 pertinentissime
3175 3068 3241 3121 ad
3262 3067 3401 3120 hanc
3419 3061 3734 3134 parabolam

2138 3172 2239 3227 per
2268 3159 2552 3215 Jeremiam
2582 3160 2689 3231 (χι,
2723 3161 2790 3214 40
2820 3158 3013 3229 seqq),
3044 3157 3269 3224 Audite,
3309 3154 3503 3225 inquit,
3544 3166 3737 3207 vocem

2139 3261 2348 3309 meam,
2380 3252 2435 3304 et
2461 3264 2552 3303 ero
2572 3249 2722 3305 vobis
2741 3251 2803 3305 in
2826 3250 3149 3311 Dominum,
3191 3250 3243 3301 et
3266 3260 3354 3300 vos
3369 3242 3514 3296 mihi
3542 3242 3603 3295 in
3631 3257 3734 3311 po-

2134 3336 2370 3405 pulum;
2405 3342 2460 3392 et
2498 3336 2651 3392 ibitis
2682 3338 2742 3390 in
2773 3336 3027 3394 omnibus
3056 3338 3159 3391 viis
3196 3335 3333 3389 meis
3370 3344 3735 3403 quascunque

2138 3424 2482 3481 mandavero
2516 3426 2681 3483 vobis.
2722 3426 2858 3481 Ecce
2889 3423 3129 3479 invitatio
3156 3422 3272 3476 Dei.
3294 3425 3365 3477 Et
3393 3434 3509 3474 non
3543 3417 3735 3472 audie-

2138 3517 2303 3584 runt,
2320 3511 2512 3585 inquit,
2537 3518 2591 3569 et
2625 3530 2739 3571 non
2758 3514 3133 3570 adverterunt
3162 3527 3361 3567 aurem
3391 3524 3573 3564 suam.
3596 3506 3700 3561 Ecc
3724 3523 3735 3555 ε

2139 3601 2406 3655 recusatio
2437 3602 2639 3671 populi.
2675 3602 2778 3659 Sed
2806 3602 3072 3658 abierunt
3102 3601 3166 3655 in
3193 3602 3262 3655 iis
3283 3616 3405 3671 quae
3433 3597 3739 3666 concupie-

2136 3692 2284 3746 runt
2313 3689 2477 3746 corde
2505 3706 2606 3746 suo
2630 3693 2801 3748 malo.
2831 3693 3043 3762 Agrum
3069 3688 3200 3753 emi,
3232 3693 3287 3743 et
3332 3687 3484 3743 boves
3512 3699 3738 3739 merca-

2138 3783 2227 3834 tus
2257 3796 2402 3846 sum,
2451 3783 2506 3834 et
2544 3797 2781 3837 uxorem
2811 3780 2971 3836 duxi.
3004 3780 3069 3833 Et
3124 3778 3301 3851 adhuc
3354 3773 3551 3847 ingerit
3599 3775 3731 3843 (vn,

2137 3868 2205 3920 24
2227 3868 2407 3939 seqq.)
2433 3885 2444 3923 :
2470 3870 2541 3923 Et
2560 3870 2725 3926 emisi
2743 3870 2815 3925 ad
2835 3886 2925 3927 vos
2946 3885 3139 3925 omnes
3159 3866 3407 3937 famulos
3428 3880 3577 3920 meos
3594 3879 3735 3934 pro-

2131 3956 2354 4029 phetas.
2387 3957 2482 4014 Hic
2509 3959 2609 4014 erit
2642 3958 2872 4031 Spiritus
2896 3966 3112 4014 sanctus
3130 3956 3438 4011 admonitor
3468 3952 3734 4011 conviva-

2138 4062 2276 4112 rum,
2301 4045 2387 4101 die
2410 4055 2461 4101 et
2482 4057 2604 4102 ante
2624 4048 2821 4103 lucem.
2847 4050 2917 4104 Et
2937 4063 3053 4102 non
3072 4045 3256 4102 audiit
3283 4043 3521 4117 populus
3540 4057 3732 4106 meus,

2132 4138 2189 4189 et
2215 4152 2331 4191 non
2356 4136 2607 4193 intendit
2638 4137 2872 4193 auribus
2911 4138 3048 4200 suis,
3090 4140 3145 4190 et
3178 4134 3472 4193 obduravit
3513 4131 3732 4187 collum

2128 4242 2318 4283 suum.
2337 4229 2453 4284 Hoc
2474 4234 2540 4284 ut
2551 4229 2965 4301 patrifamilias
2979 4230 3383 4285 renuntiatum
3404 4226 3508 4289 est,
3532 4228 3734 4281 motus

2133 4319 2273 4372 tunc
2302 4316 2464 4387 (bene
2501 4319 2646 4388 quod
2675 4327 2728 4373 et
2755 4326 2958 4388 motus;
2983 4326 3145 4387 negat
3172 4318 3315 4373 enim
3340 4313 3577 4371 Marcion
3614 4330 3735 4367 mo-

2057 4415 2102 4492 n
2133 4404 2247 4462 veri
2270 4404 2437 4461 Deum
2466 4421 2641 4473 suum,
2658 4405 2729 4461 ita
2751 4412 2804 4462 et
2820 4406 2925 4462 hoc
2951 4421 3104 4461 meus
3120 4406 3243 4476 est),
3259 4403 3499 4460 mandat
3516 4404 3584 4458 de
3600 4402 3736 4472 pla-

2135 4495 2241 4549 teis
2276 4499 2331 4550 et
2361 4497 2499 4551 vicis
2520 4496 2775 4552 civitatis
2787 4499 2974 4568 facere
2989 4494 3405 4553 sublectionem.
3432 4491 3735 4546 Videamus

2127 4596 2195 4638 an
2225 4598 2290 4639 eo
2320 4599 2486 4639 sensu
2516 4600 2624 4653 quo
2652 4600 2844 4639 rursus
2864 4600 2965 4654 per
2985 4584 3270 4639 Jeremiam
3287 4581 3477 4653 (11,31)
3503 4598 3517 4638 :
3543 4581 3735 4637 Num-

2123 4672 2259 4742 quid
2277 4672 2521 4729 solitudo
2550 4675 2743 4743 factus
2771 4690 2898 4729 sum
2926 4674 3121 4729 domui
3138 4670 3404 4729 Israelis?
3423 4673 3531 4727 aut
3560 4675 3731 4726 terra

2117 4760 2183 4814 in
2194 4760 2483 4816 incultum
2494 4760 2761 4816 derelicta
2776 4760 2864 4815 ἔδίά
2879 4759 3255 4833 est,Numquid
3265 4774 3373 4815 non
3384 4759 3557 4815 habeo
3567 4773 3640 4828 qu
3650 4758 3729 4812 od

2115 4846 2364 4922 allegam,
2398 4854 2493 4904 aut
2511 4849 2654 4904 unde
2674 4849 2904 4922 allegam
2922 4848 2951 4904 ‘i
2986 4850 3263 4919 Quoniam
3281 4848 3437 4906 dixit
3467 4847 3729 4920 populus

1779 5013 1970 5078 Varia)
2013 5018 2325 5081 lectiones.

696 5135 882 5222 omitt.
904 5137 1066 5222 Pam‘.
1095 5136 1147 5176 85
1176 5138 1455 5222 Significat
1476 5156 1659 5222 semen
1689 5142 2181 5222 nonﬁhabetfam.
2200 5145 2306 5205 Sed
2332 5151 2421 5222 est
2439 5148 2500 5205 in
2528 5148 2648 5222 cod.
2689 5150 2891 5209 Wouw.
2920 5149 2969 5189 8⁷
2989 5147 3259 5207 Iudicium
3288 5146 3516 5207 fervoris
3537 5145 3732 5222 lacry-

415 5220 579 5260 mosae
610 5209 1375 5282 austeritates,subsequuntur
1402 5214 1523 5271 cod.
1566 5215 1768 5271 Wouw.
1789 5213 1839 5252 88
1868 5215 2109 5270 Familite
2139 5220 2293 5274 Pam.
2327 5220 2377 5259 ⁸9
2405 5221 2662 5293 Expendo
2690 5224 2851 5278 Pam.

1822 5362 2320 5433 Commentarius.

483 5490 625 5581 £33)"
641 5494 946 5581 Confringe
975 5508 1181 5567 panem
1213 5497 1377 5552 tuum
1408 5498 1702 5569 esurienti,
1725 5503 1782 5555 et
1812 5499 2113 5571 mendicos,
2147 5511 2254 5561 etc.
2296 5503 2591 5573 Mendicos,
2625 5520 2721 5577 pro
2750 5519 2859 5578 quo
2887 5506 3153 5580 Vulgatus
3171 5524 3385 5581 egenos,
3415 5512 3529 5567 sive
3567 5527 3719 5563 πτω-

410 5564 545 5627 χούς.
586 5566 724 5621 PLM.
