4018 6192
213 257 310 326 469

213 401 383 455 meus,
417 385 540 445 Non
559 384 809 442 venimus
828 381 902 439 ad
932 383 1005 439 te.
1028 383 1216 454 Itaque
1243 379 1390 437 misit
1417 381 1486 437 ad
1520 379 1653 438 alios
1698 393 1800 437 vo—
1832 389 1878 468 Α

215 475 424 542 candos,
458 491 527 531 ex
549 473 734 530 eadem
761 472 937 530 adhuc
967 470 1202 528 civitate.
1236 469 1444 526 Dehinc
1484 470 1605 526 loco
1634 469 1802 526 abun-

215 569 383 632 dante,
409 563 673 637 praecepit
721 562 880 619 etiam
911 562 980 618 de
1001 561 1102 617 viis
1148 568 1202 617 et
1249 561 1468 630 sepibus
1497 559 1701 636 colligi,
1749 560 1804 614 id

215 665 306 724 est,
337 669 442 711 nos
467 656 580 726 jam
605 654 674 709 de
702 652 970 709 extraneis
999 651 1283 726 gentibus;
1306 652 1401 706 illa
1419 652 1620 709 scilicet
1638 667 1805 706 aemu-

216 746 425 815 latione,
456 759 566 815 qua
593 743 648 798 in
669 741 1096 798 Deuteronomio
1125 742 1333 814 (χχχιι,
1372 742 1464 812 20)
1494 759 1509 796 :
1541 742 1806 798 Avertam

213 836 416 907 faciem
441 849 630 890 meam
667 834 734 890 ab
754 834 856 902 eis,
888 835 944 888 et
973 833 1299 890 monstrabo
1319 833 1454 904 quid
1481 831 1601 888 illis
1627 833 1689 887 in
1711 847 1808 887 no-

215 925 471 990 vissimis,
505 921 560 976 id
593 929 678 977 est
705 921 838 975 alios
859 935 1202 990 posscssuros
1223 921 1395 977 locum
1427 935 1614 976 eorum
1640 935 1651 974 :
1677 936 1810 992 quo-

217 1017 360 1072 niam
383 1013 657 1084 genitura
677 1025 941 1083 perversa
965 1013 1068 1078 est,
1089 1011 1203 1080 filii
1213 1013 1278 1066 in
1314 1011 1510 1084 quib-us
1529 1011 1663 1080 ﬁdes
1692 1025 1810 1064 non

216 1107 312 1162 est.
328 1103 425 1160 Illi
441 1101 770 1160 obtemulati
781 1102 918 1156 sunt
947 1114 1036 1154 me
1055 1100 1120 1154 in
1138 1115 1252 1157 non
1272 1102 1400 1170 Deo,
1417 1104 1474 1156 et
1490 1115 1812 1171 provocave-

219 1197 348 1252 runt
377 1193 444 1247 in
471 1194 628 1247 iram
655 1192 718 1245 in
747 1187 909 1246 idolis
938 1190 1098 1256 suis;
1129 1193 1184 1246 et
1213 1205 1307 1261 ego
1328 1189 1702 1246 obwmulabor
1721 1205 1810 1246 eos
1881 1233 1884 1236 μ

217 1286 272 1342 in
298 1297 414 1338 non
433 1281 691 1345 natione,
711 1281 772 1335 in
799 1279 1038 1334 natione
1066 1279 1373 1350 insipienti
1386 1279 1686 1351 provocabo
1722 1295 1811 1336 eos

219 1375 270 1430 in
287 1370 552 1438 iram;in
597 1368 756 1424 nobis
793 1367 1022 1436 scilicet,
1063 1384 1290 1440 quorum
1345 1385 1496 1438 spem
1544 1369 1594 1406 90
1641 1368 1811 1424 Judaei

217 1467 424 1534 gerunt,
457 1457 526 1513 de
549 1472 658 1529 qua
680 1456 800 1512 illos
833 1463 1146 1527 gustaturos
1165 1464 1326 1528 negat
1354 1456 1624 1511 Dominus
1643 1455 1760 1527 (34)
1795 1473 1808 1510 :

217 1552 482 1608 derelicta
503 1549 671 1604 Sione
691 1548 818 1615 (Isa.
851 1545 894 1612 Ι,
919 1547 972 1614 8)
1001 1550 1282 1618 tanquam
1311 1548 1540 1619 specula
1561 1549 1626 1602 in
1645 1547 1808 1603 vinea

218 1647 270 1700 et
289 1643 352 1696 in
379 1639 772 1696 cucumerario
793 1635 1008 1700 casula,
1027 1643 1374 1706 posteaquam
1395 1646 1446 1690 et
1461 1635 1808 1691 novissimam

219 1731 272 1784 in
301 1727 516 1785 Christo
543 1726 590 1763 91
621 1721 988 1778 invitationem
1021 1723 1306 1780 recusavit.
1332 1723 1470 1794 Quid
1501 1740 1566 1779 ex
1595 1725 1696 1780 hoc
1725 1739 1812 1780 or—

227 1813 352 1868 dine
383 1812 674 1866 secundum
705 1810 1088 1881 dispositiones
1118 1819 1173 1866 et
1201 1812 1608 1882 priedicationes
1644 1813 1811 1870 Crea-

233 1901 368 1957 toris
403 1898 721 1956 recensendo
749 1906 1060 1970 competere
1118 1907 1301 1970 potest
1345 1899 1442 1968 illi,
1490 1903 1644 1971 cujus
1707 1919 1810 1960 nec

232 1991 474 2046 ordinem
493 1989 666 2054 habet,
700 2004 799 2043 nec
829 1987 1240 2060 dispositionem
1279 1988 1347 2042 ad
1381 1991 1650 2060 parabolae
1677 2007 1811 2048 con-

225 2079 592 2151 Spirationem,
679 2077 768 2148 qui
826 2083 997 2133 totum
1050 2093 1190 2148 opus
1245 2080 1410 2134 semel
1480 2080 1652 2137 fecit?
1709 2083 1816 2138 Aut

225 2183 340 2238 quae
369 2165 472 2222 erit
503 2165 674 2236 prima
699 2164 912 2220 vocatio
957 2166 1102 2236 ejus,
1153 2173 1206 2221 et
1233 2181 1354 2238 quae
1401 2169 1646 2225 secundo
1693 2177 1815 2227 actu

223 2255 514 2310 admonitio
531 2253 560 2307 1'
580 2256 716 2309 Ante
736 2252 930 2308 debent
949 2252 1040 2307 alii
1054 2268 1334 2324 excusare,
1357 2263 1546 2327 postea
1579 2256 1670 2312 alii
1691 2272 1818 2314 con-

223 2344 456 2400 venisse.
475 2341 650 2399 439
676 2343 830 2398 Nunc
857 2349 1038 2397 autem
1068 2343 1272 2414 pariter
1301 2351 1582 2416 utramque
1611 2354 1816 2417 partem

227 2434 446 2488 invitare
475 2432 644 2500 venit,
675 2431 742 2486 de
772 2431 1006 2496 civitate,
1037 2431 1106 2486 de
1135 2433 1374 2502 sepibus,
1406 2435 1666 2492 adversus
1693 2451 1819 2505 spe-

226 2524 406 2579 culum
439 2519 733 2592 parabolae.
771 2520 886 2576 Nec
922 2529 1100 2590 potest
1141 2521 1253 2590 jam
1301 2520 1612 2580 fastidiosos
1660 2525 1813 2594 judi-

227 2629 363 2677 care,
425 2625 568 2682 quos
622 2625 902 2680 nunquam
957 2617 1102 2666 retro
1156 2609 1416 2678 invitavit,
1481 2628 1618 2686 quos
1693 2630 1816 2668 cum

225 2701 454 2758 maxime
487 2699 822 2772 aggreditur.
879 2700 990 2755 Aut
1038 2699 1177 2756 side
1235 2701 1412 2758 futuro
1469 2718 1566 2758 eos
1615 2703 1820 2772 judicat

225 2797 626 2861 contempturus
683 2788 1036 2855 vocationem,
1104 2805 1236 2860 ergo
1295 2800 1350 2846 et
1429 2792 1818 2848 sublectionem

229 2882 344 2938 loco
385 2895 576 2936 eorum
619 2895 684 2935 ex
713 2878 968 2951 gentibus
996 2879 1063 2934 de
1101 2877 1279 2936 futuro
1335 2882 1627 2950 portendit.
1663 2883 1819 2938 Plane

1410 252 1536 318 LIB.
1577 249 1645 315 IV
1685 249 1794 312 AD.
1833 247 2240 314 MARCIONEM.

1910 395 2023 443 tum
2067 389 2226 442 vacat
2262 378 2408 438 circa
2463 392 2610 447 eum,
2655 375 2812 445 cujus
2865 387 2971 428 non
3025 367 3272 428 estovis
3329 383 3504 440 neque

3397 239 3504 302 470

1913 475 2190 545 drachma,
2221 472 2273 528 id
2295 477 2376 525 est
2405 469 2586 524 homo.
2626 465 2750 520 Non
2779 461 2922 518 enim
2961 460 3210 533 perdidit,
3241 457 3366 530 quia
3396 473 3504 514 nou

1913 563 2128 630 habuit;
2173 575 2274 616 nec
2301 554 2600 629 requisivit,
2649 552 2778 625 quia
2813 566 2922 606 non
2969 548 3236 621 perdidit;
3275 564 3374 603 nec
3417 548 3503 603 in-

1913 653 2082 718 venit,
2113 652 2238 723 quia
2265 665 2365 706 nec
2399 643 2704 716 requisivit;
2755 656 2858 695 nec
2904 638 3210 708 exsultavit,
3242 637 3366 706 quia
3397 653 3504 692 non

1917 741 2136 798 invenit.
2171 742 2346 812 Atque
2401 736 2542 790 adeo
2588 732 2860 788 exsultare
2891 727 3035 782 illius
3082 733 3164 780 est
3218 725 3285 779 de
3325 726 3505 795 pumi-

1916 831 2080 886 tentia
2117 829 2232 902 (36)
2261 823 2579 898 peccatoris,
2623 821 2676 876 id
2725 827 2824 886 est,
2876 817 2944 872 de
2983 814 3178 886 perditi
3219 829 3506 884 recupera-

1917 922 2082 990 tione,
2105 919 2196 990 qui
2227 933 2286 972 se
2314 913 2594 988 professus
2624 917 2704 966 est
2733 909 2862 966 olim
2889 906 3030 961 male
3057 903 3362 978 peccatoris
3383 919 3506 974 poe-

1917 1010 2193 1068 nitentiam
2219 1023 2380 1080 quam
2407 1011 2652 1061 mortem.

2441 1146 2664 1204 CAPUT
2719 1141 2983 1200 XXXIII.

1990 1277 2200 1346 Quibus
2231 1275 2440 1332 duobus
2473 1271 2718 1328 domi-nis
2748 1275 2908 1341 neget
2937 1280 3098 1337 posse
3127 1267 3350 1330 servirt,
3376 1265 3509 1336 quia

1919 1371 2167 1428 alterum
2189 1365 2404 1439 offendi
2432 1364 2512 1420 sit
2537 1375 2774 1422 necesse,
2812 1359 3064 1414 alterum
3095 1355 3340 1426 defendi,
3395 1353 3512 1424 ipse

1921 1459 2175 1528 declarat,
2213 1459 2388 1514 De-um
2417 1465 2726 1523 proponens
2773 1453 2826 1502 et
2865 1461 3274 1502 mammonam.
3308 1442 3512 1498 Deinde

1916 1561 2280 1608 mammonam
2310 1557 2470 1612 quem
2500 1537 2724 1610 intelligi
2763 1535 2890 1594 velit
2919 1533 3056 1606 (3’7),
3091 1533 3137 1587 si
3159 1532 3508 1601 interpretem

1917 1655 2025 1697 non
2055 1637 2246 1700 habes,
2280 1633 2346 1686 ab
2385 1629 2502 1700 ipso
2535 1635 2689 1698 potes
2730 1623 2959 1680 discere.
3009 1622 3324 1677 Admonens
3367 1618 3512 1673 enim

1919 1744 2041 1794 nos,
2069 1727 2139 1782 de
2175 1719 2527 1780 saecularibus
2554 1714 2817 1785 suffragia
2846 1710 3002 1766 nobis
3029 1709 3342 1782 prospicere
3369 1708 3510 1762 ami-

1921 1817 2188 1879 citiarum,
2219 1809 2530 1869 secundum
2558 1803 2704 1860 servi
2731 1801 2891 1856 illius
2921 1799 3260 1870 exemplum,
3309 1797 3406 1868 qui
3447 1798 3514 1852 ab

1921 1912 2084 1963 actus
2101 1895 2720 1964 ummotus,dominicos
2733 1890 3007 1946 debitores
3017 1887 3370 1944 diminutis93
3383 1903 3512 1942 cau-

1926 1993 2170 2053 tionibus
2191 1989 2402 2046 revelat
2422 1987 2484 2040 in
2497 1983 2810 2042 subsidium
2828 1979 2952 2035 sibi.
2977 1981 3047 2032 Et
3063 1992 3173 2049 ego,
3191 1974 3509 2047 inquit,dico

1921 2083 2088 2148 vobis,
2109 2081 2284 2152 facite
2314 2075 2458 2132 vobis
2488 2073 2698 2130 amicos
2719 2069 2784 2124 de
2810 2081 3139 2122 mammona
3167 2062 3508 2134 injustitiaz;

1925 2173 1990 2226 de
2017 2149 2242 2228 nummo
2271 2164 2496 2228 scilicet,
2525 2161 2594 2216 de
2621 2172 2727 2231 quo
2755 2163 2808 2211 et
2838 2169 3024 2210 servus
3067 2152 3182 2208 ille.
3229 2149 3512 2216 Injustitize

1925 2261 2070 2317 enim
2100 2265 2376 2314 auctorem
2409 2260 2463 2308 et
2488 2249 2878 2306 dominatorem
2917 2243 3082 2300 totius
3128 2241 3312 2297 saeculi
3359 2256 3514 2294 num-

1925 2367 2074 2407 mum
2112 2347 2313 2404 scimus
2353 2357 2562 2399 omnes.
2591 2337 2688 2396 Cui
2731 2335 3048 2392 famulatum
3092 2332 3279 2388 videns
3325 2329 3515 2386 Phari-

1924 2452 2160 2494 saeorum
2213 2430 2580 2502 cupiditatem,
2659 2423 3002 2481 ammentavit
3085 2422 3224 2476 hanc
3295 2426 3516 2474 senten-

1927 2527 2058 2584 tiam
2087 2525 2202 2598 (38)
2235 2541 2247 2576 :
2282 2523 2402 2578 Non
2426 2516 2798 2591 potestisDeo
2829 2514 3040 2570 servire
3067 2515 3125 2568 et
3153 2527 3513 2566 mammonae.

1926 2597 2226 2672 Irridebant
2251 2608 2484 2680 denique
2513 2602 2766 2660 Pharisaei
2813 2600 3059 2673 pecuniae
3115 2598 3317 2668 cupidi,
3373 2597 3518 2667 quod

1927 2703 2312 2762 intellexissent
2350 2697 2554 2752 scilicet
2591 2707 2952 2748 mammonam
2985 2688 3157 2743 4:10
3192 2689 3260 2741 dc
3295 2701 3518 2742 nummo

1931 2796 2154 2859 dictum,
2205 2805 2273 2844 ne
2302 2787 2423 2858 quis
2471 2783 2736 2839 existimet
2771 2780 2826 2835 in
2855 2793 3162 2832 mammona
3210 2777 3516 2830 Creatorem

1927 2879 2352 2953 intelligendum,
2383 2881 2435 2928 et
2463 2870 2738 2928 Christum
2767 2885 2798 2922 a
2826 2865 3095 2922 Creatoris
3123 2863 3244 2918 illos
3265 2862 3519 2918 servitute
3606 2895 3608 2897 ›

228 2971 292 3024 ad
320 2972 425 3026 hoc
465 2969 702 3024 secundo
723 2950 1004 3025 iventurus
1041 2977 1126 3024 est
1170 2975 1228 3024 ut
1256 2971 1506 3041 gentibus
1542 2971 1819 3041 praedicet.
1855 2967 1898 3044 ο
1929 2950 2230 3027 revocasse.
2264 2962 2405 3031 Quid
2426 2959 2454 3014 τ
2487 2973 2632 3014 nunc
2663 2956 2838 3025 potius
2883 2969 2948 3008 ex
2990 2954 3096 3007 hoc
3143 2950 3311 3018 disce,
3350 2966 3520 3006 unum

227 3061 336 3115 Etsi
365 3067 626 3116 venturus
653 3063 732 3113 est
769 3065 970 3123 autem,
995 3065 1146 3127 puto,
1181 3073 1288 3114 non
1333 3058 1488 3130 quasi
1535 3067 1819 3115 vocaturus

227 3149 398 3204 adhuc
423 3149 702 3213 convivas,
737 3147 834 3202 sed
871 3149 980 3216 jam
1022 3145 1408 3204 collocaturus.
1468 3149 1679 3204 Interea
1731 3147 1824 3218 qui

229 3253 396 3294 arenae
423 3237 582 3293 istius
609 3236 946 3292 vocationem
975 3235 1025 3274 92
1065 3237 1286 3293 caeleste
1315 3236 1622 3293 convivium
1651 3237 1822 3294 inter-

229 3328 460 3398 pretaris
515 3324 773 3396 spiritalis
819 3325 1112 3380 saturitatis
1164 3335 1218 3383 et
1279 3325 1654 3398 jucunditatis,
1709 3340 1824 3381 me-

227 3421 404 3470 mento
439 3425 498 3470 et
515 3421 756 3470 terrenas
787 3413 1176 3484 promissiones
1222 3415 1332 3473 viui
1363 3425 1416 3471 et
1445 3415 1550 3472 olei
1598 3415 1714 3487 (35)
1768 3421 1822 3471 et

225 3503 500 3568 frumenti,
531 3511 585 3560 et
612 3501 782 3574 ipsius
809 3501 1058 3570 civitatis,
1093 3519 1248 3576 aeque
1297 3505 1352 3561 in
1382 3503 1640 3577 Spiritalia
1683 3502 1820 3575 ﬁgu-

225 3593 326 3649 rari
353 3611 388 3650 a
409 3593 687 3650 Creatore.

765 3741 993 3799 CAPUT
1050 3741 1288 3799 XXXII.

287 3865 446 3921 Ovem
467 3868 524 3920 et
545 3864 877 3923 drachmam
883 3868 1172 3940 perditam
1187 3867 1315 3940 quis
1335 3865 1613 3940 requirit?
1629 3864 1826 3923 Nonne

237 3952 321 4022 qui
351 3953 634 4022 perdidit?
669 3955 805 4024 Quis
835 3963 1012 4012 autem
1049 3955 1326 4028 perdidit?
1373 3957 1568 4010 Nonne
1596 3953 1689 4026 qui
1737 3955 1828 4008 ha-

241 4041 392 4096 buit?
421 4041 558 4109 Quis
584 4059 716 4101 vero
747 4045 970 4102 habuit?
989 4047 1184 4102 Nonne
1212 4046 1370 4114 cujus
1399 4044 1540 4099 fuit?
1570 4042 1626 4096 Si
1658 4042 1824 4114 igitur

237 4128 391 4185 homo
419 4146 528 4186 non
557 4131 778 4188 alterius
803 4141 884 4189 est
905 4149 1012 4200 res,
1043 4150 1206 4205 quam
1242 4133 1552 4197 Creatoris;
1603 4131 1648 4184 is
1697 4146 1818 4186 eum

237 4218 436 4284 habuit,
465 4221 625 4290 cujus
655 4221 773 4277 fuit.
797 4224 850 4277 Is
874 4223 1123 4296 perdidit,
1151 4224 1246 4295 qui
1290 4222 1498 4276 habuit.
1549 4220 1603 4275 Is
1633 4219 1817 4290 requi-

239 4307 376 4373 sivit,
405 4309 499 4380 qui
531 4309 781 4380 perdidit.
814 4312 866 4366 Is
892 4311 1114 4382 invenit,
1147 4311 1244 4384 qui
1263 4308 1530 4382 quaesivit.
1564 4307 1616 4362 Is
1643 4306 1820 4362 exsul-

243 4395 375 4468 tavit,
397 4397 494 4469 qui
523 4397 746 4456 invenit.
775 4399 854 4455 Ita
899 4400 1184 4472 utriusque
1223 4398 1494 4471 parabole:
1522 4411 1820 4469 argumen-

1931 3076 1962 3114 a
2001 3055 2212 3114 Christo
2240 3054 2413 3106 Deum
2453 3055 2743 3102 ostensum.
2777 3045 2926 3098 Duos
2955 3041 3098 3095 enim
3125 3040 3374 3096 dominos
3415 3053 3519 3093 no-
3621 3056 3635 3076 ο

1933 3145 2176 3211 minavit,
2207 3141 2380 3196 Deum
2399 3143 2452 3190 et
2484 3145 2866 3196 mammonam,
2897 3129 3208 3183 Creatorem
3255 3135 3310 3181 et
3365 3141 3522 3180 num-

1932 3252 2094 3294 mum.
2139 3232 2402 3299 Denique,
2433 3238 2549 3280 non
2568 3220 2802 3295 potestis
2825 3221 2932 3274 Deo
2953 3219 3161 3272 servire
3183 3235 3201 3270 :
3231 3213 3417 3285 utique
3448 3212 3520 3276 ei,

1933 3328 2020 3386 cui
2051 3323 2254 3381 servire
2282 3317 2634 3378 videbantur;
2683 3313 2740 3366 et
2793 3320 3152 3370 mammonae,
3209 3301 3298 3357 cui
3347 3301 3526 3374 magis

1933 3413 2359 3473 destinabantur.
2390 3403 2546 3471 Quod
2579 3400 2624 3456 si
2671 3398 2787 3468 ipse
2831 3395 2994 3450 alium
3035 3408 3094 3447 se
3150 3399 3359 3463 ageret,
3415 3404 3523 3444 non

1932 3508 2069 3562 duas
2095 3498 2367 3561 dominos,
2399 3493 2492 3550 sed
2541 3499 2650 3546 tres
2695 3487 3139 3542 demonstrasset.
3179 3481 3248 3536 Et
3302 3481 3526 3535 Creator

1933 3594 2076 3652 enim
2102 3587 2388 3651 Dominus,
2446 3580 2570 3654 quia
2597 3579 2765 3634 Deus.
2813 3576 2882 3630 Et
2908 3572 3094 3642 utique
3131 3569 3308 3643 magis
3345 3567 3523 3624 domi-

1933 3701 2052 3749 nus,
2085 3663 2248 3752 quam
2276 3684 2640 3736 mammonas;
2689 3663 2968 3738 magisque
3005 3659 3386 3726 observandus,
3421 3674 3528 3729 qua

1933 3748 2120 3844 magis
2135 3765 2406 3824 dominus.
2436 3761 2617 3832 Quare
2644 3763 2726 3812 est
2756 3753 2921 3818 enim,
2953 3757 3012 3806 ut
3039 3748 3131 3820 qui
3161 3762 3528 3803 mammonam

1933 3837 2218 3918 dominum
2247 3853 2476 3919 dixerat,
2498 3856 2551 3904 et
2580 3861 2698 3902 cum
2722 3845 2838 3900 Deo
2857 3841 3132 3910 junxerat,
3151 3837 3530 3907 vereipsorum

1934 3951 2216 4007 dominum
2269 3947 2486 4004 taceret,
2515 3937 2570 3992 id
2615 3942 2698 3992 est
2742 3930 3094 3988 Creatorem?
3127 3929 3236 3984 Aut
3273 3923 3528 3998 numquid

1934 4039 2163 4096 tacendo
2193 4049 2280 4098 eo,
2313 4027 2580 4088 concessit
2607 4021 2960 4080 serviendum
2987 4018 3039 4075 ei
3072 4033 3212 4083 esse,
3242 4016 3288 4072 si
3328 4016 3532 4071 solum—

1927 4127 2092 4183 modo
2121 4123 2226 4180 sibi
2251 4129 2306 4177 et
2333 4129 2658 4174 mammona:
2685 4109 2904 4185 negavit
2933 4123 3093 4179 posse
3125 4104 3318 4164 serviri
3341 4105 3370 4157 ‘?
3431 4104 3528 4168 Ita,

1927 4229 2052 4272 cum
2071 4225 2242 4269 unum
2273 4209 2450 4262 Deum
2475 4200 2626 4273 ponit
2669 4197 3046 4254 nominaturus
3103 4199 3158 4250 et
3191 4192 3525 4248 Creatorem.

1928 4303 1976 4358 si
2003 4301 2142 4358 alius
2195 4303 2338 4352 esset
2376 4293 2513 4364 ipse,
2543 4290 2852 4346 CreaIOrem
2881 4282 3194 4346 numinavit,
3239 4295 3397 4352 quem
3427 4277 3530 4333 do-

1929 4393 2138 4446 minum
2168 4385 2286 4441 sine
2331 4381 2438 4438 alio
2475 4381 2592 4434 Deo
2641 4391 2752 4432 non
2807 4373 3012 4444 posuit.
3064 4373 3135 4426 Et
3179 4369 3312 4425 illud
3357 4369 3534 4441 itaque

1617 4515 1810 4580 Variae
1839 4517 2149 4578 lectiones.

306 4623 354 4662 9°
379 4623 630 4696 Speciem
657 4627 780 4684 Lat.
814 4625 862 4664 91
892 4625 1168 4684 Christum
1193 4628 1354 4682 Pam.
1385 4627 1558 4683 Fran.
1580 4624 1704 4696 Rig.
1735 4623 1867 4678 Par.
1896 4617 1947 4657 92
1977 4619 2036 4673 In
2063 4615 2250 4672 abesse
2275 4610 2402 4666 vult
2437 4609 2695 4665 Ciaccon.
2720 4601 2772 4642 93
2801 4597 3070 4656 Diminuit
3101 4599 3262 4654 Pam.

1641 4745 2142 4812 Commentarius.

307 4863 414 4933 (3d)
431 4863 506 4918 De
541 4876 650 4934 qua
671 4859 800 4934 illos
833 4861 1166 4934 gustaturos
1177 4856 1648 4934 negat_Dominu_s.
1665 4855 1835 4934 Docet

240 4925 352 4990 haec
379 4925 1092 5004 interpretatiorepudiatos
1117 4929 1188 4984 ob
1210 4925 1565 5004 pervicaciam
1594 4925 1830 5004 Judmos,

240 4995 677 5074 Christianosque
707 5001 774 5055 ad
803 4995 1034 5066 omnem,
1068 5017 1186 5074 seu,
1210 4995 1287 5074 ut
1314 4998 1563 5069 explicat,
1597 4997 1664 5051 ad
1709 4995 1833 5053 vitae

237 5077 466 5132 caelestis
493 5072 836 5128 saturitatem
866 5081 1109 5128 vocatos.
1141 5072 1216 5126 Ln
1239 5073 1335 5126 Pa.

304 5151 413 5218 (.35)
441 5149 708 5204 Terrenas
725 5144 1130 5218 promissio-nes
1151 5143 1273 5200 vini
1293 5147 1350 5198 et
1371 5141 1509 5218 olei.
1523 5139 1722 5218 Quales
1747 5138 1838 5191 ha-

239 5213 426 5275 bentur
457 5213 762 5288 saepissime
795 5216 850 5268 in
875 5215 1454 5288 VeteriiTestameuto.
1489 5213 1564 5268 Ls
1597 5213 1689 5288 Pu.

303 5292 414 5362 (36)
431 5284 744 5348 Exsultare
759 5288 926 5344 illius
947 5291 1028 5345 est
1046 5287 1113 5342 de
1127 5286 1487 5362 paenitentia
1503 5284 1832 5362 peccatoris.

233 5354 352 5418 Non
379 5354 542 5417 video
571 5376 670 5415 cur
711 5366 994 5429 tantopere
1041 5373 1102 5413 se
1127 5354 1400 5429 'torqueat
1455 5354 1729 5429 Pamelius
1777 5361 1836 5408 ut

235 5438 372 5489 hunc
417 5435 600 5488 locum
663 5427 907 5502 explicet.
963 5431 1115 5502 Cum,
1148 5428 1296 5483 enim
1349 5427 1666 5502 angelgrum
1701 5441 1834 5502 esse

233 5507 307 5560 ait
341 5521 406 5560 ex
445 5512 704 5560 contextu
732 5496 1071 5574 evangelica,
1105 5501 1336 5574 ideoque
1393 5499 1477 5553 hic
1495 5497 1618 5574 Deo
1651 5496 1834 5553 tribuit

233 5577 378 5650 quod
419 5577 488 5632 de
510 5575 723 5647 angelis
758 5567 966 5631 dictum
997 5581 1102 5638 est,
1137 5567 1384 5628 attendat
1416 5567 1606 5626 sedulo
1644 5581 1714 5623 ne
1741 5583 1835 5624 se-

1940 4831 2078 4903 riem
2111 4837 2374 4898 sermonis
2403 4835 2722 4892 interturhet
2749 4831 3168 4904 disjungatque;
3217 4839 3378 4904 nam__
3401 4824 3536 4904 ordo

1940 4897 2215 4974 etv—scnsus
2249 4909 2442 4966 iaciilis
2481 4917 2586 4976 est,
2614 4907 2682 4960 de
2711 4920 2776 4962 eo
2805 4897 2900 4976 q'ui
2927 4897 3059 4958 dixit
3089 4897 3221 4970 (Deo
3267 4897 3494 4976 scilicet)
3520 4916 3532 4954 :

1945 4970 2084 5046 Illalo
2105 4983 2510 5052 paenitentiam
2529 4970 2860 5052 peccatoris,
2874 4992 3044 5052 quam
3064 4976 3327 5052 mortem.
3351 4970 3535 5052 [δεξεμ

2012 5041 2128 5130 (373
2163 5041 2542 5130 Μα-ηυηοηατη⁸
2563 5041 3012 5130 (μιςφηλὶηιεμὶρί
3037 5045 3206 5130 velit.
3225 5041 3382 5130 Quod
3428 5044 3535 5130 lfu-

1941 5115 2048 5188 nici
2085 5115 2270 5184 dicunt
2307 5115 2604 5186 mammori,
2649 5120 2838 5176 Latine
2881 5115 3093 5176 lucrum
3149 5121 3394 5172 vocatur.
3429 5115 3538 5167 Au-

1943 5209 2268 5279 gust._se_rm.
2301 5193 2678 5279 35,-deuV'erb.
2709 5193 2867 5279 Dom.
2903 5192 3021 5279 lite.

2016 5255 2128 5345 (38)
2143 5255 2530 5345 Ᾱηῑ-ητθηίαῃὶῤ
2549 5265 2692 5345 hanc
2711 5265 3082 5345 sentqntiam.
3102 5260 3172 5345 Ut
3186 5255 3540 5345 jacqlqmin-

1943 5327 2125 5404 torsit:
2151 5342 2314 5400 Varie
2349 5339 2600 5396 scribitur
2651 5337 2704 5390 in
2745 5333 2896 5390 MSS.
2948 5327 3258 5404 Amentum,
3291 5327 3536 5404 Adment

1943 5395 2553 5476 tum-vet'dmmcntum.
2585 5409 2836 5464 Grmcum
2885 5415 2970 5460 est
3010 5405 3173 5474 ἅμμα.
3213 5395 3437 5476 Βιᾳκ-
3479 5395 3534 5448 Id

1943 5464 2488 5560 ﬁculni—tigna;
2520 5480 2700 5560 emisit
2741 5479 2846 5534 :ab
2875 5464 3116 5560 amento,
3165 5467 3334 5560 quod“
3356 5464 3532 5520 lorum

1943 5542 2234 5636 Qigfhiaeii,
2269 5542 2566 5614 deductum
2591 5554 2814 5609 verbum
2844 5552 3135 5604 amentare.
3174 5542 3355 5597 Rana.
