3980 6144
432 249 533 314 471

1119 254 1567 323 TERTULLIANI
1604 261 1867 325 OPERUM
1903 262 2069 326 PARS
2106 264 2175 327 II.
2222 296 2294 312 -
2329 262 2556 329 SERIES
2592 268 2635 336 Ι,
2676 262 3017 328 POLEMIGA.

3602 249 3698 313 472

424 379 709 446 reiucebit,
729 380 1003 454 quomodo
1022 381 1260 441 dictum:
1297 387 1358 443 Si
1374 388 1438 443 in
1452 405 1777 448 mammona
1800 395 2015 466 injusto
2044 405 2091 485 Α
2123 401 2246 451 runt
2284 411 2422 453 nova
2466 394 2725 452 interstite
2758 394 2986 458 Joanne,
3026 405 3136 446 non
3167 386 3269 485 erit
3320 381 3518 485 ῐῐξίωξξι
3571 379 3699 482 quo}!

421 471 617 541 ﬁdeles
637 488 752 528 non
771 474 1098 539 exstitistis,
1113 476 1258 547 quod
1276 493 1471 535 verum
1490 485 1575 536 est
1596 484 1718 554 quis
1736 482 1882 540 vobis
1902 500 2017 542 cre-

420 561 556 618 det?
576 562 633 615 In
650 577 874 618 nummo
895 564 1104 620 scilicet
1122 564 1339 635 injuste,
1356 583 1463 623 non
1484 568 1536 623 in
1555 570 1833 639 Creatore,
1850 590 2014 645 quem

419 658 474 705 et
496 650 735 706 Marcion
752 652 957 721 justum
978 653 1127 709 facit.
1153 658 1222 710 Et
1240 658 1289 712 si
1305 658 1367 711 in
1384 660 1569 716 alieno
1586 661 1776 730 ﬁdeles
1797 664 2018 720 inventi

418 754 532 794 non
553 742 708 808 estis,
723 742 871 811 quod
887 758 1082 798 meum
1099 748 1181 800 est
1197 746 1320 816 quis
1333 748 1381 785 9"
1394 749 1544 805 dabit
1567 752 1715 809 vobis
1728 752 1756 805 .9
1766 752 2014 808 Alienum

417 827 564 882 enim
613 827 775 883 debet
815 845 933 885 esse
980 846 1010 883 a
1055 832 1229 888 servis
1269 835 1385 901 Dei,
1408 837 1552 908 quod
1601 839 1863 908 injustum
1911 848 2011 899 est.

418 915 637 971 Creator
662 925 862 986 autem,
896 921 1168 988 quomodo
1208 923 1259 961 95
1299 925 1506 982 alienus
1549 937 1663 984 erat
1707 930 2010 997 Pharisaeis,

415 1005 669 1074 proprius
694 1006 840 1061 Deus
865 1008 1108 1065 Judaicas
1154 1013 1371 1083 gentis?
1406 1015 1463 1071 Si
1493 1032 1622 1088 ergo
1652 1019 1768 1075 haec
1789 1035 1898 1075 non
1927 1035 2018 1075 ca-

418 1091 553 1147 dunt
582 1093 637 1148 in
668 1095 997 1162 Creatorem,
1029 1098 1125 1153 sed
1170 1099 1228 1156 in
1272 1118 1653 1177 mammonam,
1696 1108 1817 1178 quis
1861 1109 2016 1164 vobis

417 1182 599 1237 credet
625 1184 774 1254 quod
815 1185 995 1241 verius
1041 1187 1156 1243 est?
1209 1200 1264 1247 et
1307 1193 1429 1262 quis
1474 1195 1629 1252 vobis
1671 1196 1820 1252 dabit
1868 1197 2017 1270 quod

418 1285 602 1325 meum
631 1274 755 1327 est?
782 1275 901 1329 Non
933 1282 1112 1346 potest
1138 1279 1291 1349 quasi
1320 1281 1459 1336 alius
1504 1283 1713 1340 dixisse
1766 1285 1835 1340 de
1881 1285 2018 1342 alte-

421 1357 532 1412 rius
553 1359 651 1414 Dei
683 1361 876 1434 gratia.
910 1363 1061 1419 Tunc
1097 1366 1242 1420 enim
1271 1367 1539 1425 videretur
1576 1372 1650 1428 ita
1692 1373 1919 1446 dixisse,
1967 1374 2015 1429 si

423 1464 518 1505 eos
564 1449 621 1504 in
654 1452 981 1519 Creatorem,
1021 1469 1127 1511 non
1156 1456 1214 1509 in
1244 1474 1603 1516 mammonam
1635 1462 1879 1518 inﬁdeles
1907 1478 2013 1519 no-

424 1538 608 1609 tando,
666 1555 767 1611 per
822 1542 1091 1599 Creatoris
1137 1547 1468 1603 mentionem
1516 1549 1881 1607 distinctiones
1936 1551 2015 1607 fe-

426 1629 585 1683 cisset
614 1629 715 1684 Dei
749 1631 988 1703 alterius,
1022 1649 1125 1689 non
1165 1637 1505 1694 commissuri
1533 1654 1685 1694 suam
1726 1640 2014 1697 veritatem

428 1714 732 1772 infidelibus
759 1718 1047 1778 Creatoris.
1094 1723 1379 1793 Quomodo
1411 1734 1538 1783 tunc
1574 1727 1797 1783 alterius
1824 1729 2019 1786 videri-

427 1812 625 1875 potest,
665 1804 711 1860 si
738 1821 845 1862 non
875 1808 941 1863 ad
969 1810 1074 1867 hoc
1101 1822 1453 1884 proponatur,
1510 1826 1570 1871 ut
1614 1832 1647 1870 a
1686 1832 1743 1872 re
1786 1816 1854 1871 de
1911 1834 2021 1890 qua

425 1891 606 1961 agitur
634 1898 953 1965 separetur?
982 1898 1038 1953 Si
1068 1907 1248 1956 autem
1276 1910 1330 1957 et
1362 1903 1722 1972 justiticantes
1749 1921 1807 1961 se
1836 1922 2020 1962 coram

426 1979 737 2037 hominibus
765 1984 1035 2055 Pharisaei,
1070 2004 1223 2061 Spem
1256 1992 1522 2048 mercedis
1569 1994 1625 2048 in
1656 1994 1875 2051 homine
1920 2012 2018 2067 po-

424 2069 642 2136 nebant,
674 2070 765 2127 illo
795 2088 890 2129 eos
928 2090 1093 2131 sensu
1139 2078 1471 2152 increpabat,
1502 2098 1611 2153 quo
1649 2092 1704 2137 et
1751 2086 2019 2155 prOpheta

421 2157 679 2215 Jeremias
707 2162 865 2231 (xvn,
891 2166 943 2233 5)
977 2183 989 2219 :
1017 2166 1177 2223 Miser
1214 2170 1395 2237 homo,
1419 2172 1518 2243 qui
1544 2190 1697 2244 spem
1718 2174 1875 2229 habet
1903 2174 2020 2246 (39)

423 2248 485 2301 in
518 2248 761 2307 homine.
791 2252 848 2308 Si
878 2262 930 2308 et
957 2254 1155 2324 adjecit
1187 2278 1199 2314 :
1256 2260 1374 2315 Scit
1423 2265 1615 2318 autem
1660 2264 1805 2318 Deus
1851 2263 2018 2319 corda

423 2347 641 2407 vestra;
672 2340 818 2396 illius
845 2343 947 2397 Dei
976 2343 1085 2398 vim
1115 2349 1590 2415 commemorabat,
1624 2350 1715 2420 qui
1747 2350 2016 2406 lucernam

422 2444 483 2483 se
506 2430 902 2499 pronuntiabat,
934 2442 1259 2491 scrutantem
1286 2452 1445 2492 renes
1474 2446 1527 2493 et
1553 2439 1736 2495 corda.
1762 2439 1819 2495 Si
1831 2456 2017 2509 super-

420 2518 567 2572 biam
586 2520 758 2590 tangit
775 2536 788 2576 :
812 2522 962 2588 Quod
979 2524 1195 2579 elatum
1212 2530 1295 2581 est
1309 2526 1460 2596 apud
1476 2527 2018 2602 homines,per0sum

421 2610 505 2664 est
533 2608 663 2675 Deo,
695 2609 888 2663 Isaiam
909 2611 1098 2683 (11,12)
1118 2613 1269 2683 ponit
1305 2623 1427 2669 ante
1466 2617 1654 2671 oculos
1678 2633 1690 2672 :
1712 2619 1841 2674 Dies
1861 2620 2016 2675 enim

419 2696 648 2754 Domini
661 2697 920 2766 Sabaoth,
936 2704 996 2756 in
1016 2719 1241 2759 omnem
1260 2705 1733 2762 contumeliosum
1750 2711 1806 2763 et
1823 2718 2019 2780 super-73

422 2785 572 2853 bum,
594 2788 657 2842 in
671 2803 894 2844 omnem
908 2791 1204 2846 sublimem
1225 2796 1279 2846 et
1296 2793 1514 2850 elatum
1526 2814 1545 2862 ;
1559 2799 1613 2850 et
1628 2796 2019 2853 humiliabun-

427 2876 541 2927 tur.
574 2873 800 2929 Possum
826 2873 983 2929 441
1010 2878 1121 2945 jam
1141 2879 1419 2950 colligere,
1442 2898 1536 2938 cur
1557 2890 1702 2938 tanto
1724 2900 1840 2939 aevo
1861 2886 2008 2941 Deus

418 2958 704 3015 Marcionis
717 2961 875 3016 fuerit
893 2962 948 3017 in
967 2965 1200 3022 occulto.
1214 2969 1592 3039 Exspectabat,
1607 2974 1818 3043 opinor,
1832 2972 2010 3029 donec

420 3047 539 3102 haec
567 3050 750 3103 omnia
778 3049 1005 3107 disceret
1032 3068 1064 3107 a
1102 3054 1370 3112 Creatore.
1404 3058 1602 3114 Didicit
1657 3076 1790 3133 ergo
1841 3077 2012 3134 usque

382 3138 397 3149 '
420 3134 487 3191 ad
507 3135 729 3192 Joannis
759 3145 1015 3211 tempora,
1047 3150 1207 3214 atque
1237 3146 1309 3201 ita
1338 3147 1534 3203 exinde
1579 3152 1852 3219 processit
1906 3167 2012 3206 an-

418 3223 665 3280 nuntiare
694 3242 925 3301 regnum
954 3230 1054 3286 Dei
1082 3232 1271 3288 dicens
1305 3252 1317 3288 :
1352 3238 1464 3291 Lex
1508 3242 1567 3293 et
1604 3240 1893 3310 propheta:
1921 3258 2015 3297 us-

419 3327 523 3384 que
544 3314 625 3370 ad
643 3316 916 3372 Joannem
934 3318 1069 3390 (40),
1084 3338 1154 3377 ea:
1174 3338 1279 3394 quo
1309 3340 1548 3394 regnum
1568 3328 1667 3383 Dei
1693 3331 2013 3384 annuntia-

423 3404 537 3456 tur.
571 3398 734 3469 Quasi
777 3419 885 3460 non
924 3415 978 3462 et
1018 3423 1117 3464 nos
1146 3409 1373 3465 limitem
1403 3413 1692 3483 quemdam
1739 3429 2013 3488 agnosca-

420 3504 544 3544 mus
572 3491 833 3548 Joannem
862 3497 1214 3553 constitutum
1241 3499 1381 3554 inter
1409 3508 1593 3556 vetera
1642 3510 1696 3558 et
1724 3518 1881 3571 nova,
1946 3506 2014 3561 ad

420 3593 583 3648 quem
612 3578 877 3637 desineret
903 3583 1231 3652 Judaismus,
1256 3594 1310 3641 et
1346 3604 1377 3643 a
1412 3604 1517 3660 quo
1549 3589 1811 3662 inciperet
1850 3592 2013 3647 Chri-

420 3663 767 3722 stianismus:
799 3684 909 3723 non
952 3680 1130 3727 tamen
1170 3680 1230 3727 ut
1266 3676 1333 3729 ab
1371 3675 1477 3731 alia
1520 3677 1715 3733 virtute
1766 3679 1909 3735 facta
1944 3679 2015 3735 sit

420 3751 627 3807 sedatio
677 3754 836 3828 Legis
875 3763 930 3810 et
957 3761 1363 3828 prophetarum,
1419 3772 1475 3819 et
1544 3765 1774 3822 initiatio
1832 3768 2012 3823 Evan-

421 3839 568 3910 gelii,
604 3840 661 3895 in
691 3857 798 3913 quo
826 3852 908 3898 est
952 3846 1052 3900 Dei
1106 3863 1360 3920 regnum,
1407 3850 1650 3910 Christus
1698 3855 1834 3927 ipse.
1880 3858 2013 3913 Nam

421 3927 527 3983 etsi
555 3930 902 3999 probavimus
924 3941 979 3989 et
1025 3942 1208 3991 vetera
1256 3939 1539 3996 transitura
1594 3949 1648 3997 et
1702 3958 1847 4000 nova
1893 3963 2016 4002 suc-

420 4031 641 4072 cessura
670 4017 801 4089 (Isa,
832 4036 991 4088 mu,
1027 4027 1118 4095 19)
1148 4026 1427 4094 praedicari
1473 4045 1503 4084 a
1541 4030 1827 4100 Creatore;
1872 4034 1918 4090 si
1963 4043 2017 4092 et

418 4103 654 4162 Joannes
691 4114 1003 4167 antecursor
1031 4120 1084 4168 et
1112 4123 1442 4185 praeparator
1468 4119 1766 4177 ostenditur
1804 4121 2010 4179 viarum

2124 502 2191 543 ex
2220 485 2572 558 dispositione
2608 493 2688 542 est
2742 484 3026 549 Creatoris,
3074 489 3135 537 ut
3189 479 3409 535 aliunde
3455 475 3506 515 96
3542 470 3701 545 magis

2124 578 2396 649 probetur,
2438 592 2595 648 quam
2623 592 2691 631 ex
2718 575 2877 649 Legis
2924 581 2976 630 et
3018 573 3396 646 prophetarum
3455 567 3511 620 in
3549 564 3701 619 Joan-

2122 680 2250 721 nem
2279 681 2496 732 occasu,
2529 673 2585 720 et
2615 664 2811 721 exinde
2853 671 2996 733 ortu,
3029 676 3258 734 regnum
3287 656 3406 712 Dei.
3447 653 3701 711 Transeat

2120 754 2287 826 igitur
2315 757 2518 811 caelum
2549 760 2602 812 et
2637 761 2788 812 terra
2810 755 3001 818 citius,
3032 752 3170 808 sicut
3190 750 3456 840 etLexet
3483 743 3703 840 prephec

2123 850 2383 917 tae,quam
2400 860 2547 900 unus
2566 861 2712 916 apex
2730 843 3026 902 verborum
3037 839 3283 899 Domini.
3300 836 3527 895 Verbum
3548 836 3698 895 enim,

2122 933 2300 1007 inquit
2327 934 2490 989 Isaias
2517 933 2632 1004 (XL,
2670 932 2743 1002 8),
2783 934 2882 989 Dei
2938 929 3105 987 nostri
3139 929 3333 983 manet
3381 925 3445 977 in
3503 937 3695 977 sevum.

2121 1025 2259 1079 Nam
2288 1022 2540 1094 quoniam
2586 1022 2640 1076 in
2688 1021 2830 1077 Isaia
2855 1022 2969 1090 jam
3015 1026 3145 1074 tunc
3201 1014 3463 1082 Christus,
3523 1011 3699 1066 Sermo

2124 1112 2327 1168 scilicet
2363 1120 2417 1166 et
2454 1111 2675 1182 spiritus
2716 1108 3003 1172 Creatoris,
3054 1106 3319 1196 Joannem
3367 1099 3696 1196 praedicaret,

2125 1216 2311 1258 vocem
2332 1202 2637 1257 clamantis
2658 1201 2720 1257 in
2739 1198 2979 1264 deserto,
2999 1210 3203 1269 parare
3222 1195 3373 1248 viam
3393 1188 3632 1284 Domini,
3651 1188 3698 1284 in

2122 1289 2228 1345 hoc
2252 1296 2541 1345 venturum
2572 1294 2632 1344 ut
2665 1286 2825 1358 Legis
2867 1292 2922 1340 et
2948 1282 3334 1356 prophetarum
3361 1275 3701 1375 ordoexinde

2124 1386 2377 1444 cessaret,
2429 1394 2527 1450 per
2570 1375 3031 1446 adimpletionem,
3079 1386 3189 1427 non
3242 1384 3341 1466 per
3395 1367 3704 1466 destructio-

2125 1483 2266 1533 nem,
2299 1473 2351 1521 et
2380 1481 2605 1537 regnum
2631 1463 2736 1520 Dei
2781 1479 2814 1518 a
2840 1464 3055 1519 Christo
3094 1457 3537 1522 annuntiaretur;
3590 1455 3704 1511 ideo

2121 1554 2411 1620 subtexuit,
2433 1553 2669 1626 facilius
2689 1554 2971 1611 elementa
2995 1553 3336 1614 transitura,
3351 1547 3521 1621 quam
3547 1543 3704 1603 verba

2121 1663 2246 1711 sua,
2279 1643 2609 1703 conﬁrmans
2660 1644 2769 1699 hoc
2818 1657 3058 1715 quoque,
3090 1641 3238 1714 quod
3267 1638 3334 1696 de
3376 1637 3583 1693 Joanne
3624 1634 3706 1690 di-

2044 1717 2092 1795 Β
2124 1742 2293 1805 xerat,
2322 1749 2428 1790 non
2450 1732 2795 1806 praeteriisse.

2658 1874 2880 1933 CAPUT
2916 1872 3178 1930 XXXIV.

2202 2024 2225 2053 α
2256 2000 2363 2057 Sed
2418 2000 2665 2057 Christus
2708 1999 2996 2054 divortium
3027 1995 3297 2069 prohibet,
3339 1993 3527 2049 dicens
3558 2008 3571 2048 :
3609 1991 3714 2059 Qui

2126 2090 2415 2145 dimiserit
2433 2105 2671 2146 uxorem
2698 2104 2877 2152 suam,
2901 2092 2957 2143 et
2985 2086 3163 2142 aliam
3200 2083 3454 2147 duxerit,
3486 2079 3709 2136 adulte-

2125 2178 2281 2235 rium
2300 2178 2611 2234 committit
2632 2177 2762 2248 :qui
2790 2176 3082 2230 dimissam
3111 2190 3146 2227 a
3168 2173 3284 2228 viro
3305 2169 3541 2227 duxerit
3563 2183 3715 2239 €8un

2125 2268 2349 2323 adulter
2377 2270 2481 2322 est.
2504 2267 2573 2321 Ut
2600 2265 2679 2320 sic
2707 2280 2925 2336 quoque
2957 2262 3236 2334 prohibeat
3263 2261 3576 2325 divortium,
3604 2255 3708 2309 illi-

2125 2355 2292 2411 citum
2330 2354 2458 2412 facit
2502 2353 2799 2425 repudiatae
2845 2350 3261 2407 matrimonium.
3322 2349 3534 2420 Moyses
3584 2360 3711 2401 vero

2124 2443 2385 2515 permittit
2440 2442 2724 2512 repudium
2782 2441 2837 2496 in
2892 2439 3310 2496 Deuteronomio
3363 2438 3548 2506 (xxxv,
3599 2438 3646 2503 1)
3695 2451 3712 2488 ;

2126 2533 2185 2589 Si
2210 2534 2517 2605 sumpserit
2532 2534 2656 2603 quis
2684 2545 2943 2594 uxorem,
2967 2533 3022 2585 et
3046 2527 3386 2585 habitaverit
3403 2543 3536 2583 eum
3556 2541 3638 2592 ea,
3660 2540 3716 2579 ei

2125 2624 2375 2678 evenerit
2389 2639 2504 2679 non
2520 2620 2781 2677 invenire
2793 2636 2917 2677 eam
2927 2618 3075 2691 apud
3086 2634 3215 2674 eum
3227 2617 3565 2690 gratiam,eo
3577 2615 3717 2688 quod

2124 2710 2422 2766 inventum
2463 2711 2540 2765 sit
2569 2710 2633 2764 in
2660 2708 2764 2764 illa
2799 2706 3155 2781 impudicum
3194 2708 3504 2777 negotium,
3550 2701 3718 2758 442

2124 2801 2326 2857 scribet
2352 2798 2602 2855 libellum
2617 2797 2863 2870 repudii,
2879 2800 2935 2853 et
2955 2796 3111 2851 dabit
3130 2796 3195 2849 in
3209 2791 3544 2864 manu'ejus,
3558 2793 3718 2848 etdi-

2114 2889 2311 2944 mittet
2329 2888 2493 2944 illam
2513 2887 2578 2944 de
2597 2886 2755 2943 domo
2776 2902 2894 2941 sua.
2913 2883 3076 2939 Vides
3093 2881 3456 2938 diversitatem
3476 2879 3638 2951 Legis
3663 2889 3721 2935 et

2109 2974 2406 3047 Evangelii,
2422 2974 2656 3046 Moysiet
2675 2974 2908 3032 Christi?
2931 2993 2954 3022 κ
2980 2971 3295 3033 Plane.Non
3306 2969 3449 3026 enim
3466 2968 3721 3039 recepisti

2120 3064 2255 3120 illud
2267 3078 2482 3135 quoque
2497 3063 2862 3135 Evangelium
2879 3060 3104 3132 (Matth.
3123 3058 3306 3131 xtx,8)
3317 3056 3567 3130 ejusdem
3582 3057 3726 3114 veri-

2123 3155 2276 3219 tatis,
2304 3160 2358 3208 et
2384 3152 2630 3223 ejusdem
2656 3150 2873 3219 Christi,
2888 3149 2943 3203 in
2965 3164 3072 3219 quo
3093 3146 3382 3218 prohibens
3401 3143 3721 3207 divortium,

2120 3239 2394 3311 pr0priam
2422 3239 2775 3311 quaestionem
2824 3236 2943 3309 ejus
2987 3236 3261 3292 absolvit:
3299 3237 3504 3307 Moyses
3543 3250 3721 3306 prop-

2123 3333 2210 3386 ter
2227 3330 2502 3386 duritiam
2525 3328 2704 3385 cordis
2729 3330 2903 3385 vestri
2924 3328 3196 3400 praecepit
3220 3325 3475 3381 libellum
3496 3324 3725 3395 repudii

2120 3418 2279 3484 dari;
2296 3434 2331 3472 a
2342 3415 2648 3489 primordio
2665 3420 2859 3472 autem
2870 3432 2986 3471 non
2997 3416 3115 3486 fuit
3127 3415 3228 3479 sic,
3246 3415 3378 3486 quia
3389 3413 3613 3469 scilicet
3625 3412 3725 3483 qui

2119 3523 2339 3563 marem
2368 3511 2423 3562 et
2450 3506 2731 3577 feminam
2750 3506 2986 3575 fecerat,
3011 3506 3198 3560 Erunt
3221 3502 3349 3571 duo,
3369 3502 3626 3567 dixerat,
3659 3502 3723 3555 in

2120 3611 2293 3650 carne
2310 3612 2458 3662 una;
2477 3594 2622 3668 quod
2633 3597 2776 3650 Deus
2790 3594 2975 3665 itaque
2984 3594 3215 3664 junxit,
3238 3592 3398 3649 homo
3421 3590 3723 3662 disjunxe-

2120 3685 2204 3739 rit
2230 3683 2317 3738 98?
2348 3684 2460 3739 Hoc
2490 3682 2635 3739 enim
2667 3697 2954 3752 responso,
2996 3687 3050 3734 et
3080 3679 3248 3751 Moysi
3277 3678 3723 3735 constitutionem

2122 3771 2372 3842 protexit,
2413 3779 2473 3825 ut
2503 3771 2616 3842 sui;
2650 3778 2704 3825 et
2743 3769 3018 3825 Creatoris
3075 3768 3468 3824 institutionem
3497 3766 3722 3835 direxit,

2121 3866 2182 3915 ut
2234 3857 2482 3914 Christus
2532 3856 2727 3927 ipsius.
2788 3855 2895 3911 Sed
2951 3865 3330 3927 quatenusxex
3387 3855 3471 3911 his
3528 3854 3721 3910 revin-

2120 3946 2320 4003 cendus
2365 3962 2442 4014 es,
2475 3962 2597 4016 quae
2643 3943 2916 4015 recepisti,
2975 3943 3057 4000 sic
3130 3943 3226 3998 tibi
3292 3959 3599 4009 occurram,
3660 3957 3727 3997 ac

2123 4034 2170 4091 si
2196 4050 2349 4090 meus
2377 4032 2637 4089 Christus.
2686 4033 2877 4088 Nonne
2918 4040 2984 4100 et.
3027 4032 3143 4103 ipse
3186 4030 3477 4101 prohibens
3534 4030 3727 4087 divor-

2121 4123 2274 4190 tium,
2315 4130 2369 4179 et
2398 4129 2605 4194 patrem
2648 4128 2829 4176 tamen
2874 4130 3095 4189 gestans
3131 4121 3181 4159 99
3219 4135 3343 4175 eum
3370 4119 3464 4191 qui
3512 4135 3728 4175 marem

1112 4173 1127 4184 .
1225 4173 1242 4185 .
1564 4173 1575 4175 ἡ
1817 4173 2010 4179 --η-κ-
2126 4173 2274 4190 --__-,
2320 4173 2604 4194 --τ----η
2874 4173 2935 4189 η-
3380 4173 3427 4191 τ
3576 4173 3579 4174 ν
3648 4173 3679 4175 η

422 4193 657 4263 Domini,
689 4196 1042 4272 Evangelium
1086 4206 1485 4275 superducturi,
1529 4216 1581 4264 et
1638 4225 1867 4281 regnum
1910 4213 2011 4270 Dei
2044 4173 2090 4250 Β
2125 4223 2179 4269 et
2198 4213 2428 4269 feminan
2447 4211 2648 4283 junxit,
2669 4212 2993 4269 excusaverit
3019 4209 3197 4281 potius
3217 4225 3374 4281 quam
3393 4208 3734 4265 destruxerit

422 4285 849 4357 promulgaturi;
883 4297 936 4343 et
979 4305 1043 4345 ex
1083 4291 1184 4347 hoc
1206 4295 1317 4364 jam
1372 4296 1515 4366 quod
1563 4298 1794 4355 Joannes
1844 4301 2007 4369 venit,

419 4371 538 4442 ipse
566 4374 668 4430 erit
698 4375 959 4445 Christus,
994 4379 1086 4452 qui
1123 4382 1390 4439 Joannem
1427 4393 1541 4441 erat
1596 4389 2007 4457 subsecuturus,

422 4467 481 4515 ut
515 4471 945 4534 antecursorem;
988 4475 1042 4524 et
1088 4469 1133 4524 si
1170 4469 1444 4530 desierunt
1479 4481 1677 4542 vetera,
1723 4485 1775 4534 et
1824 4492 2011 4551 coepe-

2122 4302 2326 4374 Moysi'
2360 4300 2798 4358 constitutionem
2825 4300 2854 4354 Ὺ
2935 4298 3043 4354 Sed
3100 4313 3228 4355 ecce
3305 4297 3384 4354 sic
3457 4304 3582 4353 tuus
3654 4298 3735 4355 sit

2117 4390 2218 4447 iste
2245 4390 2487 4446 Christus
2534 4388 2860 4446 contrarium
2903 4387 3106 4444 docens
3152 4386 3322 4455 Moysi
3359 4393 3413 4442 et
3457 4384 3734 4441 Creatori.

2119 4486 2178 4534 ut
2230 4479 2276 4534 si
2333 4494 2443 4535 non
2494 4476 2822 4535 contrarium
2877 4474 3185 4541 ostendero,
3244 4489 3398 4530 meus
3443 4473 3531 4528 sit.
3584 4473 3733 4528 Dico

1798 4629 1987 4694 Variae
2036 4634 2345 4695 lectiones.

489 4755 538 4792 9"
569 4754 909 4831 Estistneum
937 4758 1059 4831 quis
1088 4760 1257 4817 Seml.
1309 4760 1359 4800 95
1395 4760 1585 4818 Autem
1614 4763 1717 4819 alio
1737 4763 1900 4822 modo
1932 4766 2107 4822 Rhen.
2136 4765 2187 4806 95
2215 4764 2371 4822 Unde
2398 4766 2557 4821 Pam.
2599 4762 2741 4818 unde
2767 4761 2917 4818 unde
2936 4762 3059 4818 Lat.
3089 4759 3137 4799 97
3186 4760 3247 4814 In
3285 4772 3498 4815 carnem
3552 4773 3735 4814 unam

421 4826 593 4882 Fran.
615 4827 666 4865 98
701 4827 825 4884 Non
852 4826 1119 4902 disj'ungit
1146 4833 1241 4889 Fr.
1271 4832 1323 4871 98
1351 4833 1577 4891 Testans
1605 4835 1726 4891 Lat.

1804 4933 2304 4999 Commentarius.

2118 5065 2263 5122 alibi.
2322 5064 2514 5137 Quid?
2565 5063 2708 5137 quod
2766 5061 3102 5137 Epiphanius
3141 5059 3368 5130 (confut.
3428 5060 3743 5137 L3)_inde

2118 5132 2610 5208 probetfeumdem
2638 5151 2757 5208 esse
2803 5132 2979 5208 Deum
3036 5134 3369 5208 Creatorem,
3424 5140 3479 5186 et
3536 5132 3741 5188 Deum

2119 5204 2337 5285 Christi,
2369 5210 2520 5285 quod
2528 5207 2858 5285 __nominans_
2890 5206 3069 5278 legem
3109 5204 3504 5285 etprophetas,
3538 5219 3746 5284 neque

2117 5275 2451 5353 iniquitatem
2507 5280 2612 5353 illis
2634 5275 3002 5353 __adscribens,
3090 5275 3278 5353 eidem_
3342 5275 3740 5353 testimonium

2117 5344 2372 5425 praebeat.
2421 5350 2584 5423 Atqui
2631 5347 2967 5431 Epiphanius
3013 5347 3190 5431 magis
3232 5345 3389 5431 clare.
3415 5344 3596 5431 vertit,
3624 5363 3741 5431 ἐκ

2115 5414 2180 5480 ὸο
2210 5431 2480 5495 tempore,
2514 5414 2643 5495 nam
2672 5414 2864 5478 Graece
2892 5414 3265 5495 apud_Lucam
3315 5424 3398 5473 est
3449 5414 3541 5469 ἀπὸ
3571 5419 3737 5483 τότε,

2117 5502 2170 5552 et
2189 5490 2375 5552 auctor
2403 5492 2711 5561 obscurius,
2750 5507 2823 5549 ex
2850 5507 2978 5564 quo.
3028 5490 3167 5548 Plut.

491 5056 605 5126 (39)
638 5057 799 5134 Miser
828 5059 989 5117 homo
1017 5062 1117 5132 qui
1149 5078 1307 5134 spem
1332 5062 1517 5133 habet,
1554 5070 1659 5119 etc.
1693 5064 1893 5122 Debuit
1922 5066 2011 5121 di-

419 5143 564 5209 cere“
601 5129 936 5199 maledictus,
1016 5129 1137 5186 nam
1179 5129 1400 5190 'Graece
1484 5129 1567 5192 est
1639 5140 2005 5209 ὶπικαταρατος.

416 5200 495 5255 LE
529 5200 626 5254 Pa.
962 5234 963 5237 η

488 5270 603 5350 (40)
624 5272 739 5350 Lex
758 5273 1121 5350 et_pr0phetas
1138 5292 1308 5350 usque
1334 5278 1407 5335 ad
1433 5279 1728 5345 Joannem,
1753 5290 1856 5336 etc.
1879 5280 2010 5335 Fre-

415 5341 764 5421 quentissime
815 5341 1319 5421 hanescripturam
1375 5350 1621 5421 allegavit
1646 5341 1834 5407 auctor
1878 5353 2004 5408 adv.

418 5417 757 5493 Marcionem
798 5416 917 5493 _hoc
969 5416 1294 5493 ipso’lihro,
1337 5435 1402 5493 eo
1454 5416 1600 5493 quod
1655 5438 1775 5477 eam
1822 5424 2009 5478 citaret

415 5502 514 5552 pro
551 5502 611 5561 se
650 5485 922 5551 Marcion;
974 5485 1069 5561 sed
1111 5485 1332 5561 pulchre
1362 5485 1596 5559 deducit,
1628 5494 1785 5547 etiam
1833 5494 2005 5549 Joan-

412 5572 506 5611 nes
535 5557 820 5615 adventum
846 5557 1162 5631 prsedictum
1207 5580 1239 5620 a
1281 5562 1550 5631 Creatore,
1584 5557 1697 5622 tum
1749 5564 1855 5631 hic,
1889 5572 2003 5621 tum
