4018 6192
239 245 338 309 473

1449 241 1577 306 LIB.
1618 243 1687 306 iV
1725 244 1883 309 ADV.
1926 245 2332 310 MARCIONEM.

3424 245 3534 309 474

238 368 375 427 enim
404 367 556 426 illum
595 365 1024 467 conditionaliter
1060 382 1206 424 nunc
1233 363 1426 449 iecisse
1451 367 1669 425 divortii
1698 387 1825 442 pro»
1856 387 1902 467 Α
1937 379 2018 430 tro
2044 372 2266 445 vestigia
2305 372 2502 444 ubique
2533 371 2804 431 Creatoris
2841 371 3139 446 ineuntem,
3181 380 3287 430 tam
3315 371 3371 430 in
3402 389 3531 446 per-

237 459 572 529 bibitionem,
602 458 648 516 si
693 457 811 514 ideo
858 458 980 531 quis
1025 457 1259 513 dimittat
1280 444 1531 523 uxorem,
1565 465 1624 513 ut
1664 459 1826 516 aliam

236 549 391 605 ducat
423 563 439 603 :
466 549 574 617 Qui
591 547 893 615 dimiserit,
914 546 1107 617 inquit,
1139 562 1401 618 uxorem,
1435 550 1491 604 et
1512 547 1690 603 aliam
1721 548 1827 604 du-

234 641 399 707 xerit,
424 639 782 695 adulterium
803 638 1113 702 commisit,
1137 640 1192 693 et
1215 637 1367 708 quia
1393 638 1605 693 marito
1625 636 1826 695 dimis-

233 746 348 785 sam
394 728 649 795 duxerit,
680 742 837 798 neque
885 726 1116 782 adulter
1152 730 1275 792 est;
1306 740 1373 780 ex
1410 726 1596 781 eadem
1635 726 1825 795 utique

235 832 417 872 caussa
439 817 480 881 ι,
510 832 615 886 qua
642 814 891 871 nonlicet
917 813 1133 881 dimitti,
1150 813 1335 869 utalia
1356 813 1618 871 ducatur:
1644 814 1825 871 illicite

236 904 372 961 enim
392 903 672 959 dimissam
693 920 791 975 pro
813 902 1090 958 indimissa
1111 903 1339 974 ducens,
1362 902 1575 957 adulter
1594 911 1695 959 est.
1719 902 1825 957 Ma-

235 1001 317 1049 net
344 993 489 1049 enim
509 992 915 1049 matrimonium
944 990 1091 1063 quod
1117 1006 1226 1048 non
1248 991 1347 1047 rite
1374 991 1694 1061 diremptum
1717 1001 1819 1048 est.

235 1084 475 1139 Manente
522 1081 880 1147 matrimonio,
914 1082 1115 1136 nubere
1154 1080 1476 1137 adulterium
1504 1088 1605 1136 est.
1654 1082 1730 1136 Ita
1778 1079 1829 1137 si

234 1171 666 1227 conditionaliter
731 1169 1006 1241 prohibuit
1061 1168 1334 1225 dimittere
1398 1184 1653 1235 uxorem,
1713 1184 1823 1225 non

233 1260 284 1315 in
313 1268 486 1317 totum
506 1259 821 1332 prohibuit;
855 1266 910 1314 et
934 1259 1081 1332 quod
1101 1275 1209 1315 non
1229 1258 1510 1331 prohibuit
1539 1259 1592 1315 in
1632 1268 1819 1326 totum,

236 1350 472 1419 permisit
497 1349 656 1418 alias,
690 1350 779 1405 ubi
809 1364 1002 1405 caussa
1030 1357 1206 1405 cessat
1234 1348 1350 1419 (41)
1388 1351 1458 1405 ob
1506 1365 1664 1419 quam
1695 1362 1823 1418 pro-

234 1438 422 1495 hibuit.
467 1440 640 1495 Etiam
690 1454 798 1495 non
838 1439 1170 1496 contrarium
1217 1438 1392 1511 Moysi
1440 1439 1616 1511 docet,
1666 1440 1825 1510 cujus

236 1537 560 1599 praeceptum
593 1527 804 1584 alicubi
835 1534 1141 1592 conservat,
1182 1528 1422 1583 nondum
1453 1527 1595 1592 dico,
1626 1526 1824 1583 conﬁr-

235 1626 359 1675 mat.
416 1619 526 1673 Aut
570 1617 617 1672 si
666 1616 888 1674 omnino
940 1632 1107 1690 negas
1165 1615 1403 1688 permitti
1448 1615 1738 1673 divortium
1794 1632 1823 1670 a

237 1706 468 1769 Christo,
510 1706 782 1779 quomodo
822 1718 877 1762 tu
918 1684 1135 1777 nuptias
1166 1684 1407 1770 idirimis,
1457 1721 1556 1760 nec
1602 1706 1827 1776 conjun-
1857 1684 1903 1762 Β

242 1811 374 1867 gens
402 1811 600 1850 marem
636 1801 691 1849 et
738 1794 1012 1861 feminam,
1055 1810 1157 1850 nec
1203 1793 1333 1849 alibi
1380 1796 1701 1863 conjunctos
1758 1794 1825 1849 ad

249 1888 627 1939 sacramentum
684 1883 1019 1953 baptismatis
1075 1892 1129 1938 et
1206 1881 1557 1938 Eucharistite
1627 1883 1823 1937 admit-

250 1981 384 2037 tens,
417 1972 514 2027 nisi
541 1973 688 2028 inter
734 1988 793 2028 se
839 1972 1241 2042 conjuraverint
1284 1971 1545 2029 adversus
1592 1971 1824 2026 fructum

236 2060 542 2128 nuptiarum
600 2062 734 2134 (42),
792 2068 849 2116 ut
904 2061 1166 2116 adversus
1223 2060 1402 2128 ipsum
1460 2060 1825 2115 Creatorem?

237 2148 392 2206 Certe
419 2150 545 2219 quid
568 2149 736 2221 facit.2
765 2149 907 2221 apud
930 2159 980 2205 te
1012 2148 1255 2214 maritus,
1289 2147 1334 2202 si
1368 2163 1504 2203 uxor
1533 2148 1651 2217 ejus
1681 2162 1825 2203 com-

235 2238 431 2294 miserit
461 2238 782 2295 adulterium
804 2240 834 2294 ?
864 2239 1158 2294 habebitne
1186 2237 1331 2292 illam
1350 2236 1377 2290 ἱ)
1407 2236 1511 2291 Sed
1541 2252 1641 2292 nec
1671 2243 1825 2292 tuum

233 2328 533 2397 apostolum
566 2328 748 2384 sinere
777 2329 801 2367 3
829 2328 933 2383 scis
960 2326 1217 2399 conjungi
1245 2326 1554 2399 prostitutae
1584 2327 1826 2381 membra

234 2415 446 2474 Christi.
480 2418 655 2473 Habet
683 2417 862 2487 itaque
890 2424 944 2472 et
973 2417 1241 2471 Christum
1270 2418 1593 2472 assertorem
1622 2415 1828 2484 justitia

232 2506 442 2561 divortii
493 2508 631 2576 (43).
678 2507 797 2560 Jam
840 2506 966 2560 hinc
1022 2503 1187 2561 443
1218 2503 1562 2560 conﬁrmatur
1608 2504 1676 2558 ab
1734 2503 1825 2558 illo

234 2595 465 2666 Moyses,
490 2586 573 2651 ‘ex
604 2595 796 2651 eodem
844 2594 1000 2650 titulo
1039 2594 1339 2666 prohibens
1380 2592 1686 2663 repudium,
1718 2608 1826 2664 quo

234 2693 285 2739 et
328 2685 597 2753 Christus,
627 2685 675 2739 si
726 2685 1002 2739 inventum
1049 2682 1213 2738 fuerit
1268 2683 1322 2737 in
1378 2682 1607 2737 muliere
1664 2697 1827 2753 nego«

236 2775 359 2828 tium
393 2774 745 2843 impudicum.
777 2773 914 2827 Nam
943 2781 997 2827 et
1034 2771 1089 2826 in
1126 2769 1419 2842 Evangelio
1464 2769 1698 2824 Matthaai
1749 2770 1825 2839 (ν.

234 2863 318 2930 32)
356 2879 370 2914 :
410 2863 519 2931 Qui
575 2862 882 2926 dimiserit,
928 2861 1121 2932 inquit,
1180 2876 1421 2916 uxorem
1465 2876 1631 2914 suam
1678 2878 1826 2932 prce-

1934 463 2194 519 mittendo
2223 461 2466 532 repudio,
2500 478 2658 534 quam
2688 462 2741 517 in
2771 462 3123 533 prohibendo.
3165 463 3342 521 Habes
3371 465 3531 521 etiam

1933 551 2239 623 nuptiarum
2311 566 2529 623 quoquo
2600 549 2729 607 velis
2783 561 3202 622 prospectorem,
3260 569 3394 624 quas
3432 568 3532 609 nec

1937 639 2173 708 separari
2210 639 2344 707 vult,
2387 637 2728 710 prohibendo
2759 639 3065 709 repudium;
3106 656 3205 696 nec
3249 657 3371 697 cum
3416 659 3531 697 ma-

1931 727 2049 783 cula
2090 727 2295 795 haberi,
2337 735 2465 783 tunc
2510 725 2869 798 permittendo
2909 726 3222 784 divortium.
3255 729 3531 788 Erubesce

1932 831 2039 871 non
2081 818 2440 891 conjungens,
2488 832 2625 890 quos
2671 825 2800 874 tuus
2854 832 3075 888 quoque
3119 818 3366 875 Christus
3392 835 3527 875 con-

1926 907 2124 977 junxit.
2166 908 2430 964 Erubesce
2468 910 2628 964 etiam
2672 908 2990 978 disjungens
3028 906 3145 963 sine
3191 923 3258 965 eo
3303 910 3525 985 merito,

1932 1011 2038 1067 quo
2089 996 2324 1071 disjungi
2371 998 2537 1055 voluit
2581 1006 2633 1053 et
2668 1004 2793 1053 tuus
2837 998 3105 1053 Christus.
3148 997 3332 1055 Debeo
3387 1014 3530 1054 nunc

1932 1094 1985 1142 et
2022 1085 2151 1141 illud
2182 1087 2484 1155 ostendere,
2526 1086 2668 1142 unde
2710 1088 2849 1143 hanc
2884 1085 3205 1142 sententiam
3242 1087 3531 1146 deduxerit

1930 1176 2211 1247 Dominus,
2268 1193 2447 1249 quove
2476 1175 2749 1233 direxerit.
2812 1175 2888 1231 Ita
2925 1173 3067 1231 enim
3129 1175 3335 1246 plenius
3394 1192 3529 1233 con-

1932 1265 2108 1331 stabit,
2150 1282 2273 1322 eum
2311 1282 2417 1322 non
2454 1266 2521 1321 ad
2559 1267 2783 1337 Moysen
2822 1264 3209 1322 destruendum
3249 1272 3531 1337 spectasse

1933 1371 2028 1426 per
2096 1354 2311 1427 repudii
2369 1355 2794 1428 prOpositionem
2866 1353 3042 1408 subito
3114 1353 3528 1425 interpositam;

1931 1441 2058 1512 quia
2100 1458 2202 1499 nec
2237 1442 2418 1500 subito
2459 1443 2774 1513 interposita
2802 1449 2907 1512 est,
2943 1440 3145 1495 habens
3178 1440 3412 1497 radicem
3457 1456 3530 1498 ex

1933 1540 2122 1596 eadem
2157 1540 2376 1596 Joannis
2426 1539 2717 1596 mentione.
2766 1541 3001 1594 Joannes
3045 1537 3191 1594 enim
3230 1538 3530 1595 retundens

1933 1628 2224 1692 Herodem,
2281 1628 2429 1701 quod
2495 1628 2753 1682 adversus
2828 1627 3000 1697 legem
3064 1640 3286 1682 uxorem
3350 1624 3528 1687 fratris

1933 1719 2023 1775 sui
2071 1717 2309 1773 defuncti
2347 1715 2609 1782 duxisset,
2648 1714 2893 1769 habentis
2939 1714 3100 1769 tiliam
3146 1731 3211 1771 ex
3258 1715 3352 1770 illa
3395 1716 3526 1785 (non

1933 1806 2065 1862 alias
2094 1808 2197 1863 hoc
2224 1807 2588 1879 permittente,
2619 1805 2725 1860 imo
2747 1812 2801 1859 et
2829 1802 3183 1876 praecipiente
3200 1804 3316 1876 lege
3338 1804 3524 1872 (Deut.

1932 1898 2097 1967 xxv),
2136 1912 2301 1968 quam
2344 1896 2390 1950 si
2429 1895 2592 1950 frater
2634 1891 2857 1950 illiberis
2906 1894 3015 1962 (45)
3043 1892 3361 1958 decesserit,
3408 1902 3529 1948 uta

1931 1985 2096 2041 fratre
2137 1985 2305 2058 ipsius
2340 1992 2392 2040 et
2436 2000 2500 2039 ex
2531 1991 2676 2039 costa
2720 1982 2889 2054 ipsius
2912 1988 3234 2053 supparetur
3280 1981 3305 2019 δ
3343 1996 3526 2036 semen

1932 2074 2008 2131 illi
2055 2076 2332 2146 conjectus
2376 2073 2429 2130 in
2477 2088 2745 2129 carcerem
2787 2070 3011 2139 fuerat,
3062 2071 3129 2126 ab
3172 2068 3363 2125 eodem
3418 2071 3523 2125 Hc-

1934 2166 2065 2223 rode
2111 2166 2133 2204 7
2187 2164 2525 2236 postmodum
2571 2171 2628 2220 et
2680 2164 2911 2220 occisus.
2951 2162 3109 2218 Facta
3162 2160 3327 2232 igitur
3372 2177 3526 2215 men-

1934 2255 2079 2314 tione
2114 2255 2357 2323 Joannis,
2388 2262 2441 2311 et
2496 2254 2684 2327 utique
2728 2268 3013 2308 successus
3063 2250 3240 2307 exitus
3278 2251 3416 2320 ejus,
3460 2250 3529 2304 il-

1933 2344 2200 2401 licitorum
2245 2345 2707 2400 matrimoniorum
2751 2352 2805 2400 et
2848 2340 3094 2398 adulterii
3136 2339 3337 2414 ﬁguras
3365 2340 3390 2376 θ
3439 2338 3526 2408 ja-

1935 2434 2143 2490 culatus
2196 2442 2277 2490 est
2340 2434 2391 2488 in
2443 2433 2743 2500 Herodem;
2801 2432 3100 2487 adulterum
3168 2428 3527 2503 pronuntians

1934 2522 2095 2577 etiam
2138 2521 2231 2593 qui
2269 2520 2546 2577 dimissam
2575 2537 2607 2575 a
2634 2520 2750 2576 viro
2778 2521 3015 2585 duxerit;
3050 2533 3157 2589 quo
3194 2516 3373 2590 magis
3418 2514 3524 2569 im-

1935 2610 2189 2682 pietatem
2235 2609 2464 2667 Herodis
2508 2615 2780 2675 oneraret,
2829 2606 2918 2677 qui
2971 2620 3082 2660 non
3118 2605 3298 2660 minus
3356 2612 3527 2659 morte

1934 2714 2095 2770 quam
2147 2698 2371 2770 repudio
2423 2695 2708 2750 dimissam
2760 2710 2793 2748 a
2845 2693 2958 2749 viro
3011 2692 3265 2761 duxerat;
3326 2698 3379 2746 et
3427 2693 3530 2746 hoc

1936 2787 2102 2845 fratre
2155 2788 2387 2843 habente
2443 2784 2610 2841 444
2642 2799 2715 2839 ex
2744 2782 2833 2838 illa
2876 2781 3057 2849 ﬁliam,
3090 2790 3143 2834 et
3179 2779 3262 2836 vel
3309 2795 3374 2835 eo
3422 2795 3527 2835 no-

1935 2879 2079 2932 mine
2120 2874 2344 2942 illicite;
2384 2888 2456 2930 ex
2483 2871 2738 2935 libidinis,
2791 2886 2898 2925 non
2946 2886 3011 2926 ex
3050 2867 3188 2939 legis
3235 2866 3522 2935 instinctu;

236 2954 319 3007 ἴεν
364 2966 607 3042 Qui“???
643 2951 935 3015 αάηιίθνὶίν
974 2952 1117 3020 fac“
1164 2964 1288 3042 ἔφη
1334 2948 1694 3042 αάῖξῖξᾷναΐίὶ
1732 2953 1825 3003 αι-
1857 2964 1901 3042 c
1934 2980 1997 3019 ac
2068 2970 2349 3033 propterea
2412 2962 2706 3030 prOpheten
2749 2973 2962 3028 quoque
3008 2964 3333 3011 assertorem
3391 2953 3526 3025 legis

233 3054 338 3110 que
367 3040 453 3093 ita
481 3040 506 3076 4
536 3040 761 3097 adulter
785 3043 1053 3096 censetur
1090 3043 1145 3093 et
1174 3038 1291 3097 ille.
1334 3037 1436 3108 qui
1465 3036 1758 3092 dimissam
1789 3054 1825 3091 a

234 3130 349 3184 viro
386 3127 641 3185 duxerit.
674 3130 959 3195 Caeterum,
1000 3135 1198 3199 praeter
1229 3141 1300 3181 ex
1337 3140 1504 3181 causa
1547 3124 1819 3192 adulterii,

232 3232 327 3271 nec
356 3217 578 3273 Creator
615 3217 890 3288 disjungit,
935 3216 1079 3288 quod
1117 3215 1237 3286 ipse
1284 3213 1486 3269 scilicet
1522 3213 1824 3283 conjunxit,

228 3309 414 3361 eodem
456 3305 584 3359 alibi
641 3306 821 3376 Moyse
867 3304 1226 3362 constituente
1284 3303 1471 3371 (Deut.
1524 3317 1669 3367 χχιι,
1731 3304 1819 3370 28)

226 3409 344 3450 eum
383 3394 475 3465 qui
516 3411 579 3452 ex
610 3394 1011 3465 compressione
1032 3391 1436 3448 matrimonium
1458 3389 1653 3446 fecerat
1685 3390 1820 3462 (44),

226 3499 329 3538 non
359 3499 524 3555 posse
572 3482 842 3538 dimittere
871 3496 1098 3537 uxorem
1129 3481 1183 3535 in
1210 3495 1371 3535 omne
1394 3487 1627 3548 tempus.
1660 3477 1821 3547 Quod

225 3572 267 3623 si
298 3588 362 3625 ex
400 3572 659 3629 violentia
688 3577 931 3627 coactum
957 3568 1360 3624 matrimonium
1390 3566 1574 3636 stabit,
1614 3578 1815 3638 quanto

226 3662 397 3732 magis
426 3677 492 3715 ex
544 3658 925 3715 convenientia
969 3657 1380 3713 voluntarium?
1427 3655 1567 3711 sicut
1604 3664 1655 3711 et
1694 3671 1817 3727 pro:

230 3747 417 3816 pbetia:
444 3749 469 3785 5
509 3747 823 3803 auctoritate
851 3745 1121 3817 (Malach.
1174 3760 1235 3811 ιι,
1269 3744 1359 3814 15)
1404 3760 1418 3798 :
1457 3746 1693 3803 Uxorem
1714 3745 1816 3816 ju-

231 3840 469 3895 ventutis
488 3841 604 3894 tua:
618 3852 734 3893 non
753 3836 1000 3895 dimitte.
1028 3836 1206 3891 Habes
1230 3832 1412 3906 itaque
1444 3833 1718 3890 Christum
1739 3834 1815 3887 ul-

1935 3051 2224 3109 occiderat.
2301 3050 2416 3104 Hoc
2461 3047 2594 3102 mihi
2636 3046 2955 3102 disseruisse
3016 3044 3259 3114 proficiet
3313 3044 3527 3100 ctiam9

1934 3141 2269 3210 subsequens
2314 3142 2689 3207 argumentum
2752 3132 2930 3186 divitis
2986 3131 3130 3201 apud
3173 3132 3375 3186 inferos
3409 3131 3521 3185 do-

1934 3228 2112 3294 lentis,
2157 3236 2211 3282 et
2264 3224 2515 3296 pauperis
2561 3222 2619 3277 in
2669 3222 2788 3276 sinu
2837 3219 3067 3274 Abrahae
3116 3218 3522 3289 requiescentis.

1930 3317 2069 3370 Nam
2114 3324 2165 3371 et
2199 3314 2347 3383 illud,
2396 3318 2671 3385 quamtum
2710 3309 2776 3363 ad
2828 3309 3119 3377 Scripturaa
3163 3304 3522 3375 superficiem,

1929 3406 2108 3463 subito
2175 3403 2515 3474 prOpositum
2584 3407 2684 3465 est,
2742 3406 3004 3469 quantum
3061 3395 3129 3450 ad
3173 3393 3524 3449 intentionem

1927 3510 2140 3559 sensus,
2189 3500 2242 3547 et
2295 3491 2474 3561 ipsum
2525 3489 2764 3544 cohaeret
2818 3485 3074 3540 mentioni
3122 3482 3343 3540 Joannis
3390 3481 3528 3537 male

1927 3581 2155 3649 tractati,
2188 3587 2243 3635 et
2288 3576 2603 3651 suggillatui
2651 3577 2697 3614 ιο
2739 3574 2967 3630 Herodis
3012 3574 3146 3627 male
3184 3570 3416 3628 meritati
3458 3571 3529 3642 ιι,

1917 3671 2194 3740 utriusque
2269 3667 2471 3723 exitum
2539 3662 2868 3733 deformans,
2926 3659 3155 3717 Herodis
3231 3667 3524 3731 tormenta,

1917 3770 1972 3816 et
2022 3758 2245 3815 Joannis
2302 3755 2609 3829 refrigeria;
2674 3762 2731 3809 ut
2806 3754 2920 3824 jam
2984 3751 3188 3808 audiret
3240 3750 3524 3808 Herodes:

1918 3852 2131 3907 Habent
2157 3848 2282 3905 illic
2306 3849 2523 3919 Moysen
2544 3848 2599 3904 et
2615 3844 2915 3918 prophetas
2939 3843 3076 3915 (t6),
3097 3841 3228 3899 illos
3258 3840 3521 3897 audiant.

1597 3967 1787 4030 Variae
1837 3971 2154 4030 lectiones.

301 4077 318 4112 ι
344 4075 629 4130 Dimissam
668 4036 801 4131 add.
837 4036 1057 4132 Oberth.
1098 4075 1122 4112 ²
1142 4074 1327 4129 Faciet
1353 4074 1472 4129 cod.
1516 4074 1775 4129 Wouwer.
1808 4086 1832 4118 3
1860 4071 1976 4126 Scis
2005 4074 2194 4127 omitt.
2256 4070 2431 4129 Rhen.
2468 4071 2494 4109 ἰ
2527 4071 2605 4127 Ita
2635 4070 2824 4131 omitt.
2870 4068 3040 4126 Semt.
3087 4082 3237 4138 aeque
3264 4066 3363 4136 ita,
3391 4069 3523 4138 Par,

235 4147 387 4200 Fran.
427 4147 451 4184 ⁵
482 4148 768 4217 PrOphetm
796 4149 921 4203 Lat.
955 4147 979 4184 δ
1007 4148 1409 4217 Suppararetur
1428 4147 1589 4217 Pam.
1621 4144 1642 4180 ⁷
1677 4144 2097 4217 Herodeomitt.
2131 4142 2353 4198 Oberth.
2382 4142 2408 4179 8
2435 4142 2637 4213 Figura
2666 4146 2827 4201 Pam.
2860 4142 3088 4215 fulgura,
3125 4136 3381 4197 Ciaccon.
3410 4136 3529 4193 9Ad

237 4219 571 4275 inser.Semi.
591 4213 655 4257 ἰο
686 4218 971 4290 Saggillati
999 4213 1160 4273 Pam.
1196 4216 1243 4253 ιι
1281 4215 1512 4270 Maritati
1542 4216 1674 4269 Par.
1710 4213 1923 4279 irritati,
1956 4215 2092 4271 Jun.

1623 4312 2125 4375 Commentarius.

302 4424 406 4508 (Η)
440 4426 507 4508 Et
535 4424 680 4508 quod
706 4437 819 4479 non
846 4420 1144 4508 prohibuit
1170 4423 1236 4477 in
1276 4423 1481 4508 totum,
1504 4417 1806 4508 .p‘etmisit:
1843 4433 1887 4508 Β
1920 4416 2203 4508 φρχξξῑειι
2227 4417 2392 4508 inrita
2582 4415 3223 4508 E‘Umorenil'uuen'tu‘t‘is
3238 4417 3371 4508 _tuk¢_e
3412 4431 3528 4508 non

237 4487 395 4549 Aliud
413 4499 496 4549 est
524 4487 619 4550 ubi
658 4487 862 4549 caussa
894 4498 1094 4550 cessat.
1126 4492 1189 4546 ιη
1224 4487 1530 4561 exemplari
1548 4488 1774 4561 legitur;
1794 4501 1807 4541 :

242 4582 264 4610 ι
294 4563 345 4618 in
366 4572 533 4636 totum
575 4563 851 4636 permisit.
871 4565 989 4636 Alia
1032 4562 1228 4636 subjici
1260 4559 1699 4636 caussa_ccssat_»
1732 4559 1811 4612 Ex

238 4636 380 4707 cujus
407 4631 689 4706 scripturae
718 4634 963 4707 vestigiis
1009 4634 1087 4689 sic
1131 4631 1406 4707 emendari
1436 4631 1809 4707 deberehunc

236 4704 398 4760 locum
435 4701 757 4761 arbitramur
791 4723 804 4758 :
844 4701 967 4759 (Et
1003 4704 1151 4776 quod
1196 4719 1305 4759 non
1335 4701 1611 4776 prohibuit
1642 4701 1696 4755 in
1722 4710 1810 4757 to-

232 4777 813 4904 ltltitltjnnpermlisit'alias,
849 4776 937 4831 ubi
967 4775 1156 4833 caussa
1174 4785 1349 4832 cessat
1391 4775 1462 4831 ob
1491 4788 1651 4847 quam
1680 4788 1810 4846 pro-

320 4864 367 4902 ut
398 4893 412 4904 .
455 4870 478 4897 ι
572 4864 648 4903 ια.

320 4856 412 4908 uit.
455 4870 478 4897 ι
525 4856 648 4904 Hm.

294 4919 708 5044 (λίὲὲῖκίάυενευε
733 4919 1381 5004 fructumnuptiarum.
1410 4917 1567 5000 Quod
1596 4931 1814 4986 nempe,

294 5006 340 5044 ο.
444 5035 458 5044 .
495 4994 749 5044 fructum
778 4990 1039 5044 connubii
1069 4994 1224 5044 dum.
1273 4991 1378 5044 hoc
1415 4999 1496 5044 est
1520 4989 1814 5044 hberorum

229 5002 340 5060 cap.
371 4989 458 5055 23,
491 4989 749 5061 fructum
778 4990 1040 5046 connubii
1069 4989 1224 5056 dixit,
1273 4991 1378 5046 hoc
1415 4999 1496 5045 est
1520 4989 1814 5045 liberorum

233 5064 673 5127 procreationem.
709 5062 789 5116 De
830 5062 910 5115 his
929 5077 1026 5117 nos
1051 5062 1201 5116 alibi.
1234 5061 1315 5117 LE
1345 5061 1443 5116 Pu.

292 5133 405 5201 (43)
436 5134 678 5188 Iustitia
704 5132 959 5189 divortii.
1000 5132 1099 5188 Hic
1127 5132 1345 5189 videtur
1372 5133 1589 5187 illorum
1629 5130 1811 5186 favere

229 5203 529 5269 sententiae,
559 5206 653 5276 qui
685 5204 789 5258 etsi
816 5220 915 5276 per
945 5220 1001 5258 se
1031 5203 1171 5258 mala
1201 5218 1289 5276 res
1328 5210 1471 5276 esset
1498 5203 1810 5276 divortium,

225 5279 394 5330 tamen
423 5292 489 5347 ex
520 5272 629 5345 quo
658 5291 773 5347 Aper
815 5272 1034 5347 Moysen
1092 5275 1406 5347 permissum
1449 5272 1568 5340 fuit,
1609 5274 1814 5347 justum

219 5354 373 5416 atque
398 5342 610 5401 licitum
652 5342 820 5401 fuisse
850 5342 1054 5403 volunt.
1097 5344 1299 5416 Verum
1330 5345 1397 5416 si
1422 5345 1699 5416 sequentia
1727 5342 1815 5416 dii-

218 5412 451 5485 ligenter
484 5416 860 5485 inspiciantur,
890 5417 1017 5471 illud
1048 5416 1223 5470 solum
1255 5412 1571 5486 intelligitur
1601 5412 1818 5486 permis-

215 5490 415 5556 sum,si
428 5493 729 5560 inuentum
746 5490 926 5560 fuerit
942 5490 1004 5544 in
1020 5487 1262 5560 muliere
1277 5486 1561 5560 negotium
1584 5485 1819 5557 impudi-

216 5576 366 5628 cum,
391 5575 493 5632 pro
513 5575 623 5631 quo
643 5556 767 5615 facit
787 5560 945 5616 etiam
967 5558 1255 5632 prophetia
1276 5556 1550 5614 Malachiae
1574 5572 1633 5621 ιι,
1657 5556 1818 5628 quam
1864 5624 1868 5628 Α

1920 4488 2196 4545 dimittes.
2230 4486 2328 4541 Cui
2368 4485 2492 4539 addi
2541 4493 2753 4556 potest,
2789 4484 2931 4556 quod
2986 4484 3187 4539 ibidem
3237 4484 3529 4556 subjungit

1921 4560 2208 4631 propheta:
2260 4556 2459 4614 Sed’si
2485 4555 2871 4631 _odioihabens
2918 4555 3203 4631 dimiseris
3244 4570 3391 4631 eam,
3432 4555 3526 4612 di-

1916 4628 1995 4687 cit
2024 4631 2296 4689 Dominus
2320 4632 2459 4686 Deus
2475 4628 2673 4695 Israel,
2695 4630 2905 4699 aperiet
2936 4629 3195 4700 impietas
3230 4628 3525 4696 cogitatio-

1915 4718 2017 4758 nes
2039 4707 2185 4759 tuas.
2216 4702 2351 4755 PAM.

1990 4774 2102 4843 (44)
2146 4771 2252 4838 Qui
2292 4787 2366 4827 ex
2393 4770 2802 4843 compressione
2828 4769 3262 4843 matrimonium
3285 4770 3525 4843 fecerat.

1920 4836 2037 4899 Vim
2070 4836 2265 4896 illatam
2304 4849 2399 4896 aut
2427 4836 2665 4911 stuprum
2695 4840 2888 4910 innuit,
2923 4840 2989 4911 in
3006 4839 3204 4911 quibus
3232 4836 3327 4911 seu
3365 4836 3524 4911 ad_ul-

1921 4923 1999 4970 ter
2024 4929 2123 4968 seu
2173 4914 2423 4983 impurus
2476 4903 2639 4966 homo
2686 4903 2901 4976 βιάζετοὶι
2946 4903 3272 4983 τὴπίοηλεῖοεν.
3306 4910 3378 4983 Le
3426 4909 3525 4964 Pa.

1920 5057 1953 5109 ἄ
1995 4979 2323 5111 (45)Ι⁴ρίιιιξηι
2371 4982 2421 5039 si
2471 4983 2657 5052 frater
2685 4984 2944 5040 illiberis.
2999 4982 3155 5051 Quod
3201 4979 3410 5037 Graecis
3444 4989 3533 5036 est

1955 5074 2085 5111 παις.
2161 5071 2192 5110 e
2264 5071 2316 5109 ιι.

1955 5074 2085 5115 παις.
2116 5071 2192 5111 Le
2224 5071 2316 5110 ΥΒ.

1991 5126 2103 5197 (46)
2151 5126 2363 5183 Habent
2399 5124 2521 5200 illic
2561 5125 2783 5200 Moysen
2831 5129 2902 5200 et
2932 5123 3253 5200 prophetas.
3303 5121 3532 5200 Addidit

1922 5193 2129 5263 auctor,
2176 5199 2317 5264 illic,
2360 5197 2426 5252 ad
2468 5193 2730 5266 majorém
2762 5193 3063 5270 emphasin,
3111 5210 3306 5270 nempe
3345 5193 3399 5249 in
3425 5210 3529 5270 _sy-

1921 5287 2134 5344 nagoga
2181 5269 2682 5344 Judteorum;_nam
2712 5266 2885 5340 neque
2931 5268 3091 5344 etiam
3148 5266 3391 5344 Graece.
3419 5266 3527 5344 Sy-

1922 5335 2192 5399 ria‘ce'aut
2221 5340 2404 5413 Latine
2444 5335 2660 5412 legitur,
2692 5335 2865 5413 neque
2905 5340 3085 5413 etiam
3106 5337 3247 5408 apud
3294 5335 3528 5413 Epipha-

1924 5414 2073 5469 nium
2107 5414 2195 5485 qui
2242 5412 2464 5483 (confut.
2500 5407 2605 5482 756)
2638 5407 2797 5467 etiam
2837 5412 2976 5485 istud
3025 5407 3283 5485 adversus
3312 5407 3527 5485 Μαδαῖο-

1924 5502 2047 5541 nem
2078 5480 2372 5556 retorquet,
2421 5480 2642 5555 Moysen
2682 5493 2735 5539 et
2771 5483 3060 5553 prOphcta=
3102 5480 3520 5549 impugnantem.

1927 5560 2061 5614 Pw.
