3980 6144
391 318 499 382 475

1075 310 1517 379 TBRTULLIANI
1554 309 1820 377 OPERUM
1854 308 2046 387 PARS,
2084 309 2151 375 ΙΙ.
2194 342 2265 357 -
2301 311 2528 375 SERIES
2565 311 2609 385 Ι,
2653 309 3003 375 POLEMICA.

3581 304 3684 370 476

387 445 493 504 Sed
537 437 779 501 Marcion
835 437 1092 497 aliorsum
1136 438 1299 513 cogit,
1356 437 1558 496 scilicet
1610 436 1657 477 ¹²
1711 446 1994 509 utramque
2022 454 2069 537 Α
2102 438 2279 511 Moysi
2316 446 2372 496 et
2399 438 2699 511 prephetis.
2744 438 2859 496 Nec
2887 435 3030 495 enim
3080 433 3376 510 accepisset
3426 432 3473 473 19
3502 433 3685 491 Petrus

391 541 691 599 mercedem
739 537 1033 607 Creatoris,
1074 538 1189 594 sive
1249 536 1525 603 tormenti,
1566 536 1680 593 sive
1721 531 1989 608 refrigerii

2099 529 2284 587 dicere
2317 544 2330 583 :
2370 531 2445 588 Tu
2473 547 2532 589 es
2567 529 2844 595 Christus,
2879 537 3166 601 antequam
3193 522 3486 584 audivisset
3512 530 3565 582 et
3585 539 3688 581 cre-

389 632 529 703 apud
563 630 779 695 inferos,
810 628 1129 685 determinat
1168 627 1214 666 13
1252 626 1331 682 eis
1370 625 1596 698 positam
1635 624 1729 697 qui
1766 624 1899 697 Legi
1939 630 1992 678 et
2096 614 2323 703 didisset
2361 615 2535 688 Moysi
2582 624 2637 703 et
2690 613 3282 703 prophetis,_a‘quibus
3336 610 3468 668 solis
3514 609 3687 667 adhuc

390 719 667 794 prophetis
696 717 1022 785 obedierint,
1054 715 1250 773 Christi
1287 731 1414 774 vero
1457 723 1511 770 et
1546 714 1646 770 Dei
1678 714 1762 770 sui
1806 712 1993 770 coeles-

390 818 497 866 tem
546 808 731 865 deﬁnit
781 809 826 846 14
872 809 1050 863 sinum
1096 814 1152 864 et
1205 814 1442 879 portum.
1498 803 1987 877 Respondebimus,

390 906 445 955 et
486 900 586 956 hac
632 898 755 970 ipsa
810 896 1076 968 scriptura
1111 895 1423 953 revincente
1451 894 1638 951 oculos
1683 894 1824 963 ejus,
1869 908 1992 963 quae

390 987 457 1044 ab
478 988 683 1060 inferis
714 987 760 1024 1⁵
775 985 1035 1042 discernit
1061 985 1298 1042 Abrahae
1329 986 1523 1040 sinum
1548 984 1807 1055 pauperi.
1828 980 1992 1038 Aliud

390 1077 531 1132 enim
575 1074 753 1144 inferi,
797 1082 856 1132 ut
911 1083 1063 1149 puto,
1105 1074 1248 1129 aliud
1296 1088 1514 1144 quoque
1550 1071 1782 1127 Abrahae
1820 1069 1990 1127 sinus.

388 1166 523 1220 Nam
551 1172 599 1220 et
620 1180 896 1235 magnum
914 1164 989 1219 ait
1008 1162 1340 1218 intercedere
1369 1162 1416 1200 ιδ
1442 1161 1693 1234 regiones
1713 1160 1845 1215 istas
1862 1176 1998 1234 pro-

392 1253 639 1326 fundum
670 1251 801 1326 (47),
846 1261 900 1310 et
934 1251 1215 1308 transitum
1250 1249 1501 1322 utrinque
1540 1248 1841 1321 prohibere.
1887 1246 1995 1303 Sed

285 1417 289 1421 ἢ
393 1358 494 1398 nec
540 1341 822 1399 allevasset
877 1341 1029 1399 dives
1077 1340 1285 1406 oculos,
1334 1347 1388 1395 et
1428 1339 1645 1412 quidem
1675 1337 1744 1394 de
1773 1337 1996 1409 longin-

392 1447 522 1502 quo,
584 1448 681 1502 per
739 1431 1058 1486 immensam
1101 1429 1246 1485 illam
1291 1427 1595 1485 distantiam
1635 1426 1993 1484 sublimitatis

393 1526 447 1575 et
493 1518 888 1589 profunditatis.
922 1519 1075 1576 Unde
1120 1527 1348 1591 apparet
1374 1515 1605 1587 sapienti
1642 1515 1857 1587 cuique,
1901 1514 1996 1585 qui

393 1607 684 1679 aliquando
743 1607 953 1679 Elysios
1000 1607 1249 1673 audierit,
1311 1621 1430 1661 esse
1489 1605 1714 1675 aliquam
1769 1602 1996 1658 localem

394 1696 896 1753 determinationem
922 1740 934 1763 ,
976 1712 1095 1767 quae
1143 1695 1294 1751 sinus
1343 1695 1483 1748 dicta
1514 1693 1583 1747 sit
1635 1692 1889 1762 Abrahae,
1926 1690 1994 1745 ad

2098 700 2345 758 Christus
2372 702 2806 759 annuntiabatur.
2846 701 2974 757 Haec
3001 698 3170 775 igitur
3198 696 3329 755 ﬁdes
3359 712 3551 753 eorum
3578 710 3688 751 me—

2100 802 2305 860 ruerat,
2342 800 2404 849 ut
2455 793 2621 849 etiam
2664 808 2799 851 voce
2844 790 3049 849 caelesti
3107 789 3541 853 confirmaretur,
3596 787 3684 856 ju-

2099 882 2260 938 bente
2288 881 2447 938 illum
2490 881 2686 949 audiri,
2733 897 2892 955 quem
2949 894 3082 953 ergo
3123 886 3474 952 agnoverant,
3512 891 3686 932 evan-

2100 971 2443 1042 gelizantem
2482 986 2698 1043 pacem,
2736 971 3218 1043 euangelizantem
3263 967 3426 1033 bona,
3459 981 3687 1022 annun-

2104 1062 2350 1119 tiantem
2381 1062 2564 1119 locum
2594 1067 2893 1124 aeternum,
2929 1058 3310 1128 aediﬁcantem
3337 1056 3458 1112 illis
3497 1070 3689 1111 ascen-

2101 1165 2229 1207 sum
2244 1167 2412 1207 suum
2432 1152 2496 1207 in
2515 1130 2717 1209 cretum
2736 1150 2971 1223 (Isa.Ln,
2987 1149 3022 1203 ’1
3044 1165 3058 1214 ;
3083 1160 3291 1212 χχχιιι,
3310 1146 3378 1201 14
3394 1164 3409 1214 ;
3434 1146 3599 1201 Amos
3611 1157 3685 1208 ιχ,

2103 1240 2178 1310 6).
2211 1239 2373 1312 Apud
2401 1239 2606 1296 inferos
2634 1248 2810 1296 autem
2843 1238 2908 1295 de
2938 1237 3018 1295 eis
3063 1235 3263 1292 dictum
3311 1240 3395 1290 est
3435 1249 3450 1287 :
3481 1233 3689 1290 Habent

2103 1330 2227 1386 illic
2248 1332 2304 1388 et
2328 1330 2654 1404 prophetas,
2687 1328 2935 1386 audiant
2954 1327 3084 1386 illos
3114 1325 3265 1398 (Luc,
3296 1338 3418 1389 χνι,
3452 1322 3545 1393 29)
3570 1341 3584 1390 ;
3607 1319 3691 1392 qui

2104 1432 2212 1473 non
2244 1417 2556 1483 credebant,
2607 1418 2695 1473 vel
2735 1416 2831 1489 qui
2875 1432 2978 1472 nec
3024 1414 3247 1471 omnino
3286 1412 3367 1469 sic
3408 1410 3695 1469 credebant

2103 1521 2222 1562 esse
2267 1515 2392 1576 post
2436 1517 2665 1562 mortem
2712 1505 2980 1577 superbiae
3034 1501 3359 1566 divitiarum,
3400 1506 3456 1556 et
3511 1498 3694 1572 gloriae

2103 1592 2415 1650 deliciarum
2446 1594 2712 1668 supplicia
2766 1591 3079 1649 annuntiata
3132 1607 3164 1646 a
3215 1589 3401 1663 Moyse
3456 1594 3511 1644 et
3569 1602 3695 1659 pro-

2104 1682 2278 1750 phetis
2316 1700 2328 1739 :
2371 1683 2586 1739 decreta
2623 1691 2803 1739 autem
2834 1685 2903 1738 ab
2941 1696 3005 1737 eo
3037 1683 3176 1750 Deo,
3209 1678 3301 1751 qui
3347 1678 3518 1749 (Psal.
3559 1693 3691 1742 exn,

395 1785 728 1855 recipiendas
768 1755 1255 1839 animas-filiorum
1286 1782 1424 1851 ejus,
1456 1781 1615 1837 etiam
1649 1797 1716 1836 ex
1757 1755 1994 1836 nationi-
2029 1755 2072 1833 Β
2106 1771 2161 1842 6)
2200 1773 2265 1830 de
2298 1774 2516 1830 thronis
2545 1772 2775 1847 deponit
2801 1773 3096 1845 dynastas,
3131 1773 3187 1827 et
3208 1770 3275 1827 de
3296 1768 3628 1825 sterculim’s
3650 1766 3700 1855 ξι)

395 1874 520 1943 bus,
564 1873 732 1943 patris
772 1872 976 1929 scilicet
1014 1871 1309 1926 multarum
1348 1870 1632 1927 nationum
1668 1869 1726 1924 in
1763 1868 1996 1925 Abrahae

397 1977 619 2019 censum
666 1959 1114 2030 deputandarum,
1166 1966 1219 2014 et
1265 1976 1333 2015 ex
1379 1960 1567 2015 eadem
1618 1958 1743 2024 ﬁde,
1789 1974 1896 2031 qua
1945 1964 1998 2013 et

402 2048 677 2105 Abraham
722 2051 836 2105 Deo
865 2047 1114 2117 credidit,
1147 2047 1295 2102 nullo
1344 2048 1447 2103 sub
1496 2049 1633 2122 jugo
1680 2046 1839 2121 legis,
1897 2061 1997 2101 nec

392 2137 447 2193 in
497 2139 655 2212 signo
698 2136 1138 2194 circumcisionis.
1171 2138 1307 2192 Eam
1356 2138 1535 2207 itaque
1580 2137 1874 2210 regionem,
1930 2133 2001 2188 si-

392 2244 522 2283 num
561 2227 682 2283 dico
716 2226 966 2291 Abrahae,
996 2225 1095 2281 etsi
1153 2242 1259 2281 non
1298 2225 1594 2291 caelestem,
1625 2224 1997 2279 sublimiorem

395 2324 571 2371 tamen
615 2314 822 2384 inferis,
863 2314 1076 2371 interim
1118 2313 1457 2385 refrigerium
1492 2312 1837 2384 praebituram
1876 2310 1998 2365 ani-

392 2404 584 2459 mabus
633 2403 933 2472 justorum,
982 2402 1155 2457 donec
1203 2402 1598 2457 consummatio
1657 2416 1833 2455 rerum
1908 2415 1996 2454 re-

393 2490 787 2547 surrectionem
826 2490 1071 2544 omnium
1118 2490 1452 2562 plenitudine
1497 2490 1762 2543 mercedis
1790 2503 1998 2559 expun-

393 2590 520 2652 gat;
581 2588 704 2636 tunc
763 2579 1073 2652 apparitura
1121 2579 1330 2635 caelesti
1396 2577 1759 2649 promissione
1830 2592 1998 2647 quam

394 2669 630 2725 Marcion
667 2684 769 2725 suo
811 2669 855 2707 17
885 2667 1137 2734 vindicat,
1170 2666 1324 2739 quasi
1377 2681 1486 2721 non
1518 2683 1549 2721 a
1576 2668 1832 2723 Creatore
1872 2679 1997 2734 pro-

394 2760 703 2832 mulgatam.
746 2758 832 2812 Ad
860 2774 1026 2829 quam
1054 2773 1351 2814 ascensum
1380 2772 1550 2813 suum
1577 2754 1821 2810 Christus
1851 2754 1997 2810 cedi-

392 2849 525 2917 ﬁcat
545 2849 608 2904 in
633 2848 853 2914 caelum,
877 2848 1172 2903 secundum
1194 2849 1362 2903 Amos
1384 2845 1555 2916 (ιχ,6)
1580 2864 1593 2911 ;
1618 2843 1802 2916 utique
1826 2842 1995 2900 445

391 2939 527 3007 suis,
559 2937 652 2992 ubi
681 2946 761 2992 est
788 2945 841 2992 et
861 2938 1013 2993 locus
1043 2935 1396 3001 ceternus,de
1433 2951 1540 3008 quo
1559 2934 1726 2990 Isaias
1758 2933 1992 3006 (χχχιιι,

2105 1860 2286 1917 elevat
2316 1864 2532 1935 inopes.
2564 1863 2642 1916 Ita
2682 1878 2807 1918 cum
2850 1860 3103 1932 utrinque
3137 1855 3592 1929 pronuntiationis
3623 1854 3698 1910 di-

2102 1949 2333 2005 versitas
2358 1958 2633 2021 competat
2660 1950 2925 2015 Creatori,
2959 1963 3069 2004 non
3093 1949 3197 2005 erit
3225 1944 3566 2001 divinitatum
3594 1950 3700 1999 sta-

2104 2038 2302 2094 tuenda
2328 2037 2598 2109 distantia,
2629 2038 2726 2096 sed
2745 2039 2988 2111 ipsarum
3022 2036 3386 2093 materiarum.

2684 2179 2911 2238 CAPUT
2939 2179 3108 2235 XXV.

2174 2321 2483 2378 Conversus
2533 2322 2736 2379 ibidem
2766 2322 2831 2377 ad
2887 2320 3181 2395 discipulos
3231 2320 3385 2392 (Luc.
3416 2320 3587 2390 xvn),
3618 2336 3695 2374 vce

2106 2409 2236 2466 dicit
2253 2414 2479 2469 auctori
2499 2412 2902 2470 scandalorum
2933 2431 2952 2468 :
2978 2411 3264 2485 expedisse
3292 2410 3336 2448 ²¹
3369 2411 3421 2467 ei
3447 2410 3501 2464 si
3526 2413 3699 2463 natus

2104 2515 2219 2557 non
2245 2501 2467 2572 fuisset,
2491 2505 2593 2556 aut
2620 2502 2671 2557 si
2698 2502 2911 2559 melino
2940 2518 3077 2558 saxo
3106 2500 3179 2555 ad
3210 2499 3421 2557 collum
3460 2498 3700 2568 deligata

2101 2591 2500 2663 praecipitatus
2521 2597 2665 2649 esset
2685 2592 2749 2647 in
2766 2592 3130 2664 pro/undam,
3151 2606 3320 2665 quam
3342 2605 3526 2645 unum
3546 2604 3620 2645 ex
3639 2587 3703 2642 il-

2108 2681 2177 2735 lis
2206 2681 2457 2749 modicis,
2501 2680 2686 2752 utique
2715 2681 3000 2754 discipulis
3047 2680 3189 2750 ejus,
3237 2680 3696 2737 scandalizasset.

2108 2768 2329 2824 Estima
2372 2770 2530 2841 quale
2576 2769 2897 2840 supplicium
2946 2768 3305 2826 comminatur
3351 2767 3430 2823 illi
3477 2767 3549 2825 ²².
3588 2766 3704 2821 Nec

2103 2856 2247 2911 enim
2275 2856 2415 2913 alius
2446 2858 2733 2915 ulciscetur
2767 2857 3083 2915 scandalum
3116 2856 3509 2929 discipulorum
3552 2855 3697 2925 ejus.

2102 2944 2357 3017 Agnosce
2401 2946 2568 3019 igitur
2617 2953 2672 3003 et
2711 2946 2969 3016 judicem,
3009 2955 3064 3001 et
3101 2946 3192 3002 illo
3230 2945 3428 3002 affectu
3462 2958 3702 3016 pronun-

397 3032 484 3103 14)
517 3047 531 3084 :
565 3030 701 3099 Quis
747 3031 1082 3088 annuntiabit
1123 3031 1279 3089 vobis
1328 3031 1511 3089 locum
1540 3033 1846 3094 aeternum,
1891 3029 1997 3084 nisi
2034 3095 2072 3108 _
2105 3036 2327 3091 tiantem
2381 3035 2449 3091 de
2506 3051 2634 3092 cura
2687 3050 2936 3101 suorum,
3002 3050 3112 3108 quo
3164 3040 3218 3090 et
3280 3033 3507 3090 Creator
3559 3040 3709 3087 retro

393 3095 611 3175 scilicet
636 3119 879 3175 Christus
921 3120 1177 3177 incedens
1213 3120 1268 3175 in
1304 3118 1536 3190 justitia,
1579 3119 1809 3191 loquens
1852 3117 1996 3173 viam
2032 3095 2076 3172 C
2108 3123 2282 3182 446
2310 3124 2497 3197 (Zach.
2532 3141 2593 3190 ιι,
2624 3124 2680 3196 8)
2716 3138 2729 3178 :
2768 3126 2872 3195 Qui
2902 3095 3155 3197 tetiéerit
3197 3138 3308 3189 vos,
3342 3138 3408 3179 ac
3436 3124 3488 3179 si
3513 3122 3709 3194 pupil-

393 3217 611 3275 rectam,
670 3210 797 3266 odio
858 3210 1064 3266 habens
1110 3209 1449 3279 injustitiam,
1492 3215 1548 3265 et
1621 3208 1999 3280 iniquitatem?

390 3299 544 3369 Quod
585 3300 632 3355 si
688 3306 924 3356 aeternus
965 3300 1120 3357 locus
1164 3298 1578 3370 repromittitur,
1637 3305 1693 3351 et
1742 3312 2002 3353 ascensus

388 3389 446 3444 in
478 3390 675 3445 cwlum
731 3389 1026 3445 aedificatur
1068 3405 1099 3443 a
1128 3388 1401 3455 Creatore,
1452 3384 1796 3457 promittente
1840 3385 1999 3439 etiam

388 3494 576 3534 semen
624 3479 856 3534 Abrahae
886 3478 1031 3533 velut
1060 3477 1239 3532 stellas
1268 3474 1390 3533 caeli
1420 3474 1675 3539 futurum,
1710 3472 1897 3544 utique
1928 3473 2000 3528 ob

390 3570 661 3624 caelestem
701 3567 1141 3641 promissionem,
1183 3565 1329 3621 salva
1367 3580 1431 3621 ea
1479 3562 1857 3635 promissione,
1899 3577 1999 3618 cur

390 3671 503 3711 non
545 3656 724 3728 cupiat
760 3657 936 3712 sinum
983 3655 1215 3712 Abrahae
1260 3653 1363 3709 dici
1402 3653 1518 3725 (48)
1557 3650 1853 3721 temporale
1896 3650 1997 3705 ali-

392 3744 539 3815 quod
577 3744 882 3798 animarum
920 3743 1158 3797 fidelium
1200 3742 1612 3812 receptaculum,
1649 3739 1705 3793 in
1739 3754 1848 3812 quo
1880 3740 1995 3810 jam

389 3831 690 3887 delineetur
764 3830 928 3885 futuri
982 3832 1162 3902 imago
1194 3871 1208 3897 ,
1268 3845 1330 3885 ac
1385 3830 1433 3867 ιθ
1479 3828 1703 3885 candida
1753 3829 2001 3899 quaedam

389 3919 670 3992 utriusque
690 3919 879 3990 judicii
909 3920 1021 3992 (49)
1069 3917 1467 3990 prospiciatur?
1508 3916 1824 3974 Admonens
1864 3933 2003 3988 quo-

394 4026 501 4081 que
531 4025 629 4065 vos
652 4010 959 4075 haereticos,
992 4008 1120 4064 dum
1149 4008 1205 4064 in
1233 4007 1340 4064 vita
1358 4006 1508 4074 estis,
1531 4007 1755 4078 Moysen
1785 4016 1838 4063 et
1866 4023 2001 4079 pro-

389 4098 577 4168 phetas
605 4114 772 4155 unum
802 4098 973 4152 Deum
1001 4095 1357 4168 praedicantes
1388 4096 1719 4161 Creatorem,
1751 4103 1804 4151 et
1831 4111 2002 4151 unum

391 4186 659 4243 Christum
700 4185 1056 4258 praedicantes
1100 4186 1241 4256 ejus,
1286 4192 1343 4240 et
1389 4190 1678 4254 utrumque
1710 4184 1996 4254 judicium,

389 4294 569 4350 patum
622 4282 677 4333 et
723 4275 913 4332 salutis
962 4282 1199 4344 aeternae,
1231 4272 1376 4346 apud
1425 4274 1645 4330 unicum
1690 4274 1863 4331 Deum
1901 4289 1999 4345 po-

2111 3213 2225 3268 lam
2262 3215 2416 3271 oculi
2463 3214 2578 3271 mei
2617 3215 2837 3287 tangat.
2870 3213 3019 3268 Idem
3067 3228 3265 3268 sensus
3292 3210 3538 3282 ejusdem
3568 3218 3655 3265 est
3691 3224 3706 3265 :

2111 3309 2419 3374 peccantem
2447 3301 2660 3357 fratrem
2681 3302 2837 3372 jubet
2863 3301 3095 3372 corripi;
3128 3300 3273 3373 quod
3296 3299 3388 3372 qui
3419 3314 3528 3354 non
3559 3298 3714 3354 fece-

2108 3391 2199 3460 rit,
2224 3389 2408 3462 utique
2437 3389 2682 3462 deliquit,
2713 3398 2805 3446 aut
2830 3405 2898 3446 ex
2920 3391 3045 3448 odio
3065 3391 3251 3448 volens
3278 3388 3495 3445 fratrem
3526 3387 3582 3443 in
3612 3388 3710 3443 de-

2110 3478 2236 3534 licto
2267 3493 2641 3551 perseverare,
2682 3489 2774 3534 aut
2820 3494 2884 3535 ex
2922 3478 3236 3550 acceptione
3289 3491 3539 3548 personae
3576 3492 3712 3547 par-

2107 3584 2233 3624 cens
2279 3569 2375 3637 ei;
2415 3568 2620 3623 habens
2673 3567 2972 3625 Leviticum
3010 3567 3154 3640 (χιχ,
3193 3568 3282 3637 17)
3334 3583 3348 3623 :
3394 3567 3515 3624 Non
3557 3564 3711 3622 adies

2106 3659 2356 3729 fratrem
2402 3660 2567 3713 tuum
2612 3658 2677 3713 in
2723 3657 2913 3717 ani-mo
2946 3662 3064 3721 tuo,
3105 3657 3463 3715 traductione
3508 3641 3717 3712 tradu;

2109 3761 2239 3803 cens
2258 3746 2307 3785 2³
2336 3746 2666 3818 proximum
2696 3749 2860 3803 tuum
2884 3767 2903 3816 ,-
2929 3747 3113 3818 utique
3142 3754 3197 3801 et
3226 3745 3442 3801 fratrem
3467 3761 3483 3812 ;
3515 3748 3716 3802 etnon

2110 3850 2296 3891 sumes
2323 3838 2559 3908 propter
2604 3835 2773 3893 illum
2820 3834 3119 3892 delictum.
3149 3835 3265 3891 Nec
3291 3834 3510 3901 mirum,
3543 3831 3591 3887 si
3634 3832 3712 3887 ita

2109 3924 2271 3979 docet
2311 3923 2402 3996 qui
2432 3939 2626 3996 pecora
2665 3939 2880 3996 quoque
2908 3923 3086 3980 fratris
3131 3923 3228 3989 tui,
3261 3922 3495 3978 errantia
3536 3921 3595 3977 in
3625 3921 3717 3978 via

2108 4011 2409 4084 inveneris,
2442 4013 2695 4085 prohibet
2732 4012 3002 4085 deSpicias
3041 4013 3243 4085 (Exod.
3288 4012 3493 4078 χχιιι,4
3523 4010 3564 4082 ),
3597 4027 3717 4084 quo

2111 4103 2289 4157 minus
2317 4118 2380 4158 ea
2410 4102 2639 4160 reducas
2666 4102 2821 4158 fratri
2868 4112 2962 4159 tuo
2994 4102 3043 4142 24
3073 4118 3091 4171 ;
3121 4101 3322 4158 nedum
3367 4100 3547 4172 ipsum
3578 4100 3713 4155 sibi.

2108 4191 2217 4248 Sed
2248 4198 2303 4246 et
2355 4194 2581 4249 veniam
2611 4191 2706 4247 des
2742 4193 2922 4264 fratri
2957 4192 3019 4246 in
3051 4193 3106 4246 te
3144 4190 3501 4261 delinquenti
3522 4187 3717 4258 jubet,

2107 4281 2281 4336 etiam
2318 4283 2539 4353 septies.
2584 4280 2783 4335 Parum
2839 4278 3019 4350 plane.
3059 4277 3193 4333 Plus
3246 4283 3328 4333 est
3382 4275 3527 4331 enim
3563 4274 3718 4346 apud

390 4368 573 4433 situm,
613 4367 703 4438 qui
747 4365 955 4421 occidat
1005 4373 1057 4420 et
1102 4363 1348 4422 viviﬁcet.
1410 4364 1547 4432 Imo,
1594 4363 1782 4435 inquit,
1826 4362 1996 4420 nostri

2108 4369 2438 4435 Creatorem,
2486 4370 2579 4442 qui
2630 4384 2731 4425 nec
2785 4367 3005 4424 modum
3061 4365 3265 4431 statuit,
3324 4364 3381 4420 in
3436 4362 3718 4419 inﬁnitum

388 4456 489 4513 Dei
519 4456 732 4512 monela
758 4455 827 4512 de
865 4456 1006 4511 coelo
1062 4469 1171 4510 non
1225 4454 1451 4526 Moysen
1493 4461 1551 4509 et
1586 4454 1848 4524 propheta
1870 4454 1998 4524 jus-
2032 4454 2059 4456 ⁷
2107 4458 2461 4534 pronuntians
2493 4460 2691 4529 (Leuit,
2721 4473 2848 4527 χιχ,
2882 4457 2967 4526 18)
3008 4472 3023 4513 :
3066 4457 3285 4513 Fratris
3312 4454 3560 4511 malitiae
3592 4467 3720 4509 me-

390 4545 459 4601 sit
541 4543 713 4600 audiri
773 4543 872 4601 sed
930 4542 1207 4600 Christum
1256 4561 1271 4600 :
1320 4545 1481 4600 Hunc
1529 4543 1743 4600 audite.
1789 4541 1997 4598 Merito.
2108 4565 2235 4606 mor
2275 4564 2348 4605 ne
2378 4549 2477 4605 sis.
2526 4548 2642 4603 Nec
2690 4547 2741 4586 25
2778 4545 2980 4618 petenti
3033 4560 3155 4600 eam
3213 4550 3437 4615 praestes
3463 4540 3716 4606 mandat,

388 4637 540 4692 Tunc
594 4633 738 4692 enim
778 4633 1009 4706 apostoli
1041 4633 1173 4689 satis
1228 4634 1345 4705 jam
1374 4631 1657 4688 audierant
1693 4632 1919 4705 Moysen
1945 4639 2003 4687 et
2107 4638 2208 4693 sed
2233 4644 2285 4693 et
2313 4652 2420 4695 non
2449 4636 2674 4708 petenti.
2704 4635 2828 4693 Non
2875 4635 3017 4692 enim
3045 4634 3216 4691 dones
3253 4630 3524 4689 offensam
3566 4630 3718 4695 vult.

389 4724 700 4797 prophetas,
759 4723 853 4797 qui
921 4722 1097 4779 secuti
1160 4729 1315 4779 erant
1370 4720 1664 4787 Christum,
1726 4720 1999 4778 credendo
2106 4726 2203 4781 sed
2231 4724 2587 4783 obliviscaris.
2630 4724 2744 4782 Lex
2800 4725 3144 4797 leprosorum
3169 4722 3372 4795 (Leuit.
3422 4736 3552 4793 χιιι,
3583 4721 3720 4788 xlv)

1760 4842 1954 4907 Varias
2019 4849 2330 4912 lectiones.

464 4983 513 5022 ι²
550 4982 620 5039 Ut
648 4985 828 5040 inser.
883 4980 1104 5041 Oberth.
1159 4978 1208 5019 13
1259 4976 1593 5036 Determinet
1649 4976 1820 5034 Semt.
1863 4977 1912 5015 1‘
1941 4975 2174 5035 Deﬁniat
2229 4979 2400 5037 Seml.
2441 4978 2489 5017 ¹⁵
2516 4978 2599 5035 Ad
2627 4977 2836 5035 inferos
2870 4976 3093 5035 Oberth.
3128 4975 3178 5016 1⁸
3237 4976 3386 5031 Inter
3442 4975 3619 5033 Seml.
3663 4973 3716 5011 ιτ

394 5054 607 5111 Christo
639 5053 771 5110 add.
810 5054 1069 5112 Ciaccon.
1105 5051 1152 5090 1⁸
1179 5051 1246 5107 Et
1274 5054 1394 5109 Lat.
1432 5050 1479 5088 19
1534 5048 1802 5123 Cmpisset
1831 5051 2029 5123 Petrus
2064 5050 2320 5109 Ciaccon.
2359 5051 2411 5090 2°
2436 5049 2801 5123 Sterquiliniis
2822 5052 2988 5123 Pam.
3020 5049 3069 5089 ²ι
3107 5047 3433 5121 Expedisset
3485 5049 3626 5103 Par.
3661 5045 3723 5083 ²²

393 5127 492 5182 Ille
523 5127 647 5183 Lat.
675 5125 726 5163 ²³
751 5126 874 5183 Non
905 5125 1151 5182 traduces
1180 5124 1359 5181 Seml.
1397 5137 1507 5178 non
1533 5122 1689 5178 abest
1717 5121 1940 5179 Pam.“
1967 5120 2085 5176 Tuo
2122 5124 2314 5179 omitt.
2341 5120 2643 5182 Oiberthf25
2671 5122 2754 5179 Ne
2793 5122 2982 5180 Venet.

1803 5246 2304 5311 Commentarius.

464 5358 582 5432 (4⁵7)
631 5358 795 5432 Nam
814 5359 873 5414 et
916 5372 1190 5432 magnum
1227 5357 1317 5432 ait
1362 5356 1721 5432 intercedere
1759 5356 2010 5432 regiones
2110 5356 2306 5432 templ.
2337 5361 2440 5413 etc.
2456 5354 2553 5432 _s_ic
2580 5354 2636 5411 in
2664 5353 2730 5412 de
2762 5357 2992 5432 Resurr.
3016 5353 3227 5432 carnis
3251 5370 3285 5432 ε.
3317 5351 3553 5432 Terram
3569 5363 3729 5404 san-

392 5421 514 5489 stas
538 5421 1144 5504 ῥνρίιιηάιιτηαάᾶμας
1175 5426 1320 5504 quod
1348 5428 1436 5483 alii
1457 5428 1651 5504 dixere
1677 5421 2006 5504 chaoslilu.
2109 5421 2644 5504 ctam,paradisu_m_,
2668 5430 2911 5504 quamet
2924 5430 3159 5504 patrum
3170 5424 3285 5482 dici
3295 5421 3720 5504 capiatﬁgnx.

467 5492 581 5573 (4ἑ)
618 5492 730 5583 (fur
793 5492 1142 5584 nimicap'iat'
1178 5492 1375 5557 sinum
1426 5500 1661 5558 Abrahae
1715 5500 1847 5557 dici.
1903 5498 2011 5555 hoc
2151 5492 2401 5626 .‘(49')'Ac
2428 5492 2953 5573 candida‘qucedam
2972 5499 3274 5569 utriusque
3289 5492 3518 5574 judicii.
3554 5492 3729 5546 Can—

467 5576 621 5626 rbum
666 5590 721 5626 1n
769 5571 1143 5626 superioribus
1188 5586 1333 5626 saepe
1377 5573 1485 5626 iam
1532 5571 1691 5626 nobis
1742 5569 1998 5626 occurrit.
2109 5567 2167 5625 dt
2205 5586 2237 5625 a
2264 5586 2361 5626 pro
2381 5586 2479 5626 sne
2505 5580 2558 5626 et
2577 5570 2996 5626 exspectatione.
3026 5568 3211 5626 Vestis
3242 5573 3358 5622 erat
3385 5572 3725 5626 petitorum.

394 5567 621 5631 verbum
666 5573 721 5628 in
769 5567 1143 5644 superioribus
1188 5586 1333 5642 saepe
1372 5573 1485 5644 jam
1532 5571 1691 5628 nobis
1742 5569 1998 5644 occurrit.
2109 5567 2237 5626 dida
2264 5586 2361 5641 pro
2381 5586 2479 5643 spe
2505 5580 2558 5628 et
2577 5567 2996 5644 exspectatione.
3026 5567 3211 5627 Vestis
3242 5573 3358 5622 erat
3385 5567 3725 5638 petitorum,

394 5646 602 5705 Sensus
630 5645 718 5705 hic
758 5640 886 5704 est':
914 5647 1028 5709 Cur
1062 5659 1178 5705 non
1203 5640 1388 5719 possit
1398 5643 1515 5703 dici
1549 5644 1714 5702 sinus
1742 5640 1997 5709 Abrahae,
2111 5647 2172 5699 ut
2201 5640 2365 5718 supra
2400 5640 2798 5702 annotavimus.
2830 5642 3022 5700 llam.
