3980 6144
267 302 367 365 477

267 438 470 503 quantm
536 426 608 486 sit
678 427 1133 504 interpretationis
1185 448 1317 510 erga
1390 433 1601 507 species
1674 433 1846 508 ipsius

176 506 193 527 ⁶
272 520 408 588 vitii,
486 530 542 577 et
596 519 1008 593 inspectationis
1078 506 1276 582 summi
1345 506 1666 598 sacerdotis,
1699 506 1841 583 Vno-

271 617 431 665 stram
487 610 594 666 erit
656 611 796 668 scire
817 630 832 681 ;

270 712 557 769 apponere,
587 706 647 754 ut
685 708 741 756 et
778 700 867 757 hic
912 702 1184 760 Christum
1230 702 1484 760 aemulum
1530 705 1646 774 ejus
1692 703 1847 760 afﬁr-

269 795 371 842 met
398 788 817 856 praevenientem
868 791 1127 848 solemnia
1172 792 1313 867 legis
1350 794 1514 848 etiam
1572 794 1625 848 in
1682 809 1846 849 cura-

269 874 403 931 tione
430 876 623 932 decem
655 878 1023 952 leprosorum,
1049 898 1185 954 quos
1217 883 1611 943 tantummodo
1636 884 1720 939 ire
1734 883 1849 952 jus-

267 976 350 1018 sos
375 969 434 1016 ut
460 980 520 1021 se
547 966 910 1026 ostenderent
937 970 1318 1027 sacerdotibus
1363 971 1523 1043 (Luc.
1572 974 1733 1041 xvn),
1782 973 1846 1027 in

266 1052 463 1110 itinere
483 1057 776 1127 purgauit,
806 1057 923 1112 sine
970 1064 1111 1114 tactu
1145 1061 1256 1128 jam
1296 1068 1353 1116 et
1378 1062 1496 1117 sine
1538 1062 1726 1133 verbo,
1758 1067 1847 1115 ta-

261 1140 357 1196 cita
409 1151 696 1212 potestate,
766 1155 818 1202 et
882 1147 996 1202 sola
1045 1149 1353 1220 voluntate;
1411 1152 1570 1222 quasi
1625 1165 1845 1206 necesse

262 1228 344 1294 sit,
398 1230 572 1285 semel
623 1235 979 1291 remediatore
1052 1236 1378 1309 languorum
1450 1246 1506 1294 et
1591 1238 1842 1295 vitiorum

258 1318 570 1375 annuntiato
633 1332 688 1377 et
747 1323 817 1380 de
871 1326 1162 1383 effectibus
1229 1327 1487 1399 probato,
1564 1328 1633 1384 de
1705 1342 1842 1400 qua-

256 1405 481 1462 litatibus
549 1411 889 1471 curationum
954 1417 1229 1473 retractari
1289 1432 1302 1471 :
1373 1425 1464 1473 aut
1534 1418 1840 1474 Creatorem

257 1494 308 1549 in
362 1496 580 1554 Christo
635 1502 703 1556 ad
758 1503 939 1578 legem
993 1507 1328 1580 provocari:
1386 1507 1431 1562 si
1486 1505 1616 1578 quid
1686 1505 1843 1560 aliter

249 1599 405 1655 quam
467 1586 589 1660 lege
638 1590 909 1664 distinxit,
966 1595 1083 1666 ipse
1140 1595 1366 1668 perfecit
1424 1612 1438 1650 :
1499 1610 1625 1651 cum
1683 1594 1839 1648 aliter

250 1672 426 1743 utique
477 1676 945 1755 Dominuszﬁper
988 1683 1337 1755 semetipsum
1387 1691 1664 1754 Operetur,
1719 1681 1836 1737 sive

1470 304 1598 371 LIB.
1639 306 1709 371 IV
1746 304 1905 372 ADV.
1945 308 2335 379 MARCIONEM

908 614 1214 682 Marcionis,
1272 615 1640 672 morositatem
1711 616 1850 688 legis

3437 302 3591 377 478’

1877 469 1925 550 Α
1957 440 2244 550 Creatoris.
2284 442 2423 550 Satis
2469 443 2764 550 respondi;
2940 443 3037 546 qui
3076 438 3323 550 credidit,
3376 437 3544 497 intel-

1954 529 2069 605 ligit
2120 531 2282 589 etiam
2328 534 2485 592 altius
2533 534 2754 607 aliquid.
2809 533 2971 591 Disce
3023 532 3183 606 igitur
3227 540 3281 589 et
3327 545 3535 588 causas.

1957 624 2024 678 In
2067 623 2343 681 Samaria:
2388 625 2705 698 regionibus
2735 641 2821 681 res
2849 624 3126 697 agebatur,
3166 622 3310 677 unde
3335 626 3449 676 erat
3484 622 3540 677 et

1954 727 2105 770 unus
2144 714 2383 772 interim
2412 731 2485 771 ea:
2521 714 2770 789 leprosis.
2806 713 3045 770 Samaria
3072 719 3246 767 autem
3288 707 3538 766 descive-

1954 812 2038 857 rat
2078 802 2145 856 ab
2195 802 2406 871 Israele,
2454 805 2658 860 habens
2703 803 2938 859 schisma
2981 801 3115 857 illud
3157 815 3222 855 ex
3279 798 3461 853 decem
3490 796 3540 836 29

1966 890 2240 959 tribubus,
2271 910 2407 964 quas
2428 896 2640 950 avulsas
2668 909 2769 965 per
2799 891 3021 950 Achiam
3050 890 3390 963 prophetam,
3421 885 3539 942 col-

1953 979 2223 1038 locaverat
2266 983 2410 1055 apud
2438 984 2733 1040 Samariam
2759 984 3045 1039 Jeroboam
3077 980 3196 1048 (III
3220 980 3350 1049 Reg.
3396 990 3452 1031 ιι
3490 983 3543 1031 et

1954 1070 2101 1142 xvi).
2134 1071 2243 1126 Sed
2279 1080 2333 1128 et
2377 1074 2508 1129 alias
2556 1088 2768 1144 semper
2798 1073 2899 1128 sibi
2932 1072 3206 1141 placentes
3254 1064 3539 1157 erantSa-

1955 1158 2197 1213 maritani
2244 1161 2312 1215 de
2359 1162 2632 1217 montibus
2676 1168 2731 1215 et
2784 1159 2961 1233 puteis
2999 1164 3241 1228 patrum;
3299 1149 3438 1205 sicut
3484 1149 3537 1200 in
3598 1152 3603 1157 '

1951 1246 2244 1318 Evangelio
2286 1249 2507 1305 Joannis
2538 1252 2683 1320 (cap.
2712 1250 2795 1320 ιν)
2833 1247 3165 1304 Samaritana
3192 1242 3283 1296 illa
3323 1239 3384 1337 in
3418 1234 3539 1337 col-

1950 1336 2132 1408 loquio
2162 1339 2378 1395 Domini
2424 1340 2566 1410 apud
2596 1346 2815 1410 puteum
2849 1357 2863 1394 :
2897 1341 2993 1395 Na:
3022 1337 3073 1375 3°
3104 1340 3169 1392 tu
3214 1332 3399 1402 major
3437 1332 3536 1389 sis.

1951 1431 2006 1482 et
2031 1434 2244 1483 caetera.
2274 1428 2340 1483 Et
2368 1444 2595 1485 rursus:
2628 1431 2826 1484 Patres
2853 1426 3038 1483 nostri
3079 1425 3143 1479 in
3188 1423 3297 1477 isto
3345 1416 3540 1473 monte

1950 1514 2415 1580 adoraverunt,et
2436 1534 2528 1574 vos
2548 1516 2739 1571 dicitis
2759 1516 2892 1587 quia
2911 1508 3304 1579 Hierosolymis
3314 1503 3537 1598 oportet

1950 1604 2205 1661 adorare.
2240 1606 2448 1675 Itaque,
2483 1606 2572 1676 qui
2602 1614 2655 1660 et
2691 1620 2785 1675 per
2813 1602 2980 1658 Amos
3006 1602 3052 1641 31
3087 1602 3189 1669 (vr,
3224 1598 3301 1668 l);
3338 1609 3423 1677 vce
3448 1591 3536 1644 di-

1946 1692 2082 1747 xerit
2112 1696 2209 1760 cis,
2235 1696 2332 1766 qui
2351 1695 2697 1763 conﬁderent
2726 1693 2775 1731 ³2
2806 1694 2866 1748 in
2882 1694 3070 1747 monte
3102 1684 3379 1745 Samaria:
3398 1676 3533 1747 (ὅο),

252 1776 347 1833 Per
404 1762 625 1830 Filium»
685 1769 840 1825 aliter
896 1787 993 1843 per
1063 1774 1353 1845 prophetas
1408 1771 1642 1829 famulos
1697 1786 1828 1826 SUOS
1870 1759 1913 1836 Β
1940 1780 2054 1849 jam
2084 1791 2137 1838 et
2166 1759 2336 1854 ipsam
2368 1759 2655 1839 restituere
2688 1782 2964 1853 dignatus,
2999 1778 3068 1832 de
3115 1771 3395 1833 industria,
3441 1769 3535 1835 ju-

263 1850 499 1908 maximae
567 1856 615 1893 2⁷
689 1860 1016 1915 documenta
1092 1862 1312 1918 virtutis
1386 1870 1440 1917 et
1513 1860 1834 1931 potestatis;

264 1952 381 2009 quae
426 1951 485 1995 ut
517 1944 736 2001 clariora
774 1957 829 2005 et
874 1949 1148 2016 validiora,
1207 1967 1312 2021 qua
1357 1952 1595 2022 propria,
1639 1950 1839 2004 distare

264 2041 295 2079 ι
351 2027 551 2085 vicariis
606 2033 686 2088 fas
740 2043 840 2093 est.
901 2038 1011 2093 Sed
1086 2039 1350 2109 ejusmodi
1416 2047 1468 2094 et
1522 2037 1649 2093 alibi
1727 2036 1841 2105 jam

255 2112 396 2170 dicta
452 2128 597 2190 sunt,
653 2123 710 2179 in
781 2125 1104 2183 documento
1159 2127 1447 2198 superiori.
1516 2127 1670 2182 Nunc
1742 2123 1841 2179 etsi

253 2204 508 2273 praefatus
535 2221 635 2280 est,
668 2215 882 2272 multos
914 2220 1052 2272 tunc
1096 2218 1274 2288 fuisse
1306 2219 1545 2289 leprosos
1572 2215 1723 2288 apud
1759 2215 1842 2269 Is-

243 2293 455 2349 raelem
513 2298 581 2353 in
639 2299 827 2358 diebus
858 2304 1081 2360 Heliscei
1108 2304 1420 2377 prophetae;
1465 2308 1521 2361 et
1552 2304 1841 2361 neminem

252 2395 445 2439 eorum
494 2393 811 2459 purgatum
847 2392 965 2449 nisi
1016 2393 1272 2450 Naaman
1303 2395 1505 2466 Syrum
1551 2396 1700 2464 (Luc.
1759 2406 1834 2456 ιν,

251 2471 340 2540 27)
371 2491 385 2525 :
419 2489 531 2530 non
578 2477 762 2548 utique
789 2480 841 2517 28
868 2496 1126 2536 numerus
1171 2482 1328 2538 faciet
1376 2483 1459 2537 ad
1483 2480 1839 2538 differentiam

248 2556 492 2631 deorum,
541 2562 596 2616 in
644 2565 1059 2625 destructionem
1103 2570 1390 2637 Creatoris,
1446 2586 1611 2626 unum
1658 2585 1839 2625 reme-

245 2646 467 2715 diantis,
500 2660 552 2707 et
589 2655 957 2725 praelationem
1000 2660 1120 2728 ejus
1156 2660 1249 2732 qui
1296 2661 1482 2718 decem
1510 2659 1833 2716 emundarit.

246 2736 380 2806 Quis
408 2738 554 2795 enim
600 2740 859 2801 dubitabit
906 2748 1089 2818 plures
1134 2749 1377 2819 potuisse
1425 2750 1601 2806 curari
1650 2750 1717 2804 ab
1747 2764 1833 2815 eo,

243 2827 335 2896 qui
364 2844 537 2885 unum
561 2844 822 2901 curasset,
856 2853 1016 2908 quam
1063 2839 1131 2893 ab
1168 2839 1264 2895 illo
1293 2839 1504 2909 decem,
1550 2840 1641 2913 qui
1691 2855 1835 2893 nun-

245 2932 408 2985 quam
433 2930 580 2977 retro
612 2939 779 2979 unum
800 2926 828 2980 ?
859 2925 963 2981 Sed
993 2928 1094 2984 hac
1139 2944 1262 2985 cum
1306 2929 1538 2984 maxime
1589 2944 1837 3000 pronun-

246 3004 470 3062 tiatione
499 3009 854 3067 difﬁdentiam
885 3014 1097 3072 lsraelis
1124 3018 1207 3073 vel
1254 3018 1567 3087 superbiam
1615 3017 1834 3089 pulsat;

245 3096 393 3163 quod
439 3112 562 3153 cum
611 3101 766 3157 multi
811 3111 991 3158 essent
1036 3105 1148 3162 illic
1176 3106 1405 3177 leprosi,
1439 3118 1495 3162 et
1544 3108 1839 3178 prOphetes

247 3198 360 3238 non
400 3186 635 3255 deesset,
675 3190 835 3245 etiam
884 3193 1033 3251 edito
1067 3196 1412 3261 documento,
1461 3211 1619 3251 nemo
1667 3197 1836 3250 decu-

247 3276 508 3331 currisset
543 3278 611 3333 ad
643 3279 813 3335 Deum
842 3291 1157 3353 operantem
1214 3285 1268 3339 in
1313 3284 1606 3356 prOphetis.
1642 3285 1835 3356 Igitur,

252 3361 416 3419 ιιιτ
452 3366 707 3436 quoniam
746 3369 860 3439 ipse
906 3380 1018 3425 erat
1063 3373 1403 3430 authenticus
1450 3373 1688 3445 pontifex
1734 3372 1836 3427 Dei

248 3451 435 3517 Patris,
468 3454 702 3526 inspexit
727 3457 852 3513 illos
869 3460 1169 3516 secundum
1198 3462 1334 3532 legis
1362 3477 1637 3528 arcanum,
1671 3462 1835 3533 signi-

247 3537 452 3598 ﬁcantis
479 3544 749 3601 Christum
792 3563 912 3604 esse
938 3565 1123 3605 verum
1171 3551 1590 3622 disceptatorem
1637 3559 1691 3605 et
1728 3551 1832 3608 eli-

247 3644 504 3688 matorem
550 3634 897 3691 humanaram
932 3639 1289 3695 macularum.
1328 3641 1430 3697 Sed
1480 3648 1534 3695 et
1582 3640 1725 3712 quod
1776 3640 1831 3695 in

247 3718 526 3777 mnifesto
555 3722 656 3777 fuit
676 3723 830 3797 legis,
870 3727 1113 3799 praecipit
1145 3745 1158 3786 :
1183 3731 1284 3796 Ite,
1326 3727 1610 3788 ostendite
1627 3749 1720 3789 vos
1748 3748 1833 3789 sa-

247 3808 580 3867 cerdotibus.
635 3812 764 3878 Cur,
792 3814 837 3868 si
884 3814 1006 3870 illos
1048 3823 1172 3872 ante
1226 3829 1341 3873 erat
1392 3819 1831 3875 emundaturus?

249 3897 331 3949 An
360 3900 511 3968 quasi
541 3899 674 3973 legis
701 3902 907 3970 illusor,
950 3912 1005 3959 ut
1048 3905 1105 3961 in
1152 3906 1343 3963 itinere
1391 3908 1589 3965 curatis
1638 3916 1829 3965 osten-

246 3982 413 4057 deret,
455 3987 585 4043 nihil
631 4005 749 4046 esse
806 3994 978 4064 legem
1031 4009 1153 4051 cum
1209 3996 1343 4067 ipsis
1397 3997 1766 4053 sacerdotibus
1800 3999 1829 4053 ?

245 4071 311 4127 Et
354 4077 535 4149 utique
575 4079 791 4142 viderit,
842 4081 888 4136 si
930 4082 1017 4137 cui
1065 4091 1173 4139 tam
1231 4085 1510 4155 Opiniosus
1563 4086 1830 4142 videbitur

246 4158 506 4221 Christus.
537 4166 653 4222 Imo
696 4167 943 4239 digniora
991 4179 1117 4226 sunt
1161 4171 1582 4243 interpretanda,
1613 4182 1666 4228 et
1703 4174 1829 4229 ﬁdei

241 4247 488 4315 justiora.
530 4256 659 4311 Ideo
705 4257 828 4312 illos
870 4259 1213 4325 remediatos,
1266 4277 1373 4332 qua
1424 4264 1724 4318 secundum
1752 4261 1830 4320 le-

242 4353 369 4409 gem
388 4344 523 4411 jussi
571 4345 722 4402 abire
758 4347 825 4401 ad
871 4349 1205 4415 sacerdotes,
1256 4350 1613 4407 obaudierant

241 4442 352 4495 que
409 4433 551 4486 enim
606 4434 862 4491 credibile
908 4444 1025 4504 est,
1084 4438 1377 4495 emeruisse
1424 4439 1748 4496 medicinam
1803 4458 1835 4496 a

237 4512 570 4579 destructore
606 4523 745 4596 legis
790 4525 1166 4584 observatores
1204 4526 1357 4599 legis.
1408 4527 1515 4583 Sed
1569 4542 1667 4584 cur
1713 4528 1826 4598 pri-

235 4605 384 4664 stino
410 4610 625 4683 leproso
645 4613 777 4669 nihil
809 4614 913 4668 tale
942 4614 1251 4688 praecepit?
1281 4616 1421 4687 Quia
1448 4633 1550 4674 nec
1596 4617 1831 4674 Elisaeus

234 4694 378 4765 Syro
433 4701 707 4772 Naaman;
768 4709 823 4758 et
875 4712 1054 4760 tamen
1110 4720 1216 4762 non
1272 4705 1477 4763 idcirco
1551 4722 1659 4764 non
1715 4715 1831 4765 erat

1945 1870 2039 1925 bet
2065 1872 2353 1928 ostendere
2380 1888 2439 1928 se
2478 1871 2861 1934 sacerdotibus,
2896 1869 3082 1937 utique
3114 1862 3206 1935 qui
3233 1875 3340 1915 non
3388 1863 3537 1911 erant

1945 1957 2050 2013 nisi
2080 1960 2172 2015 ubi
2202 1968 2256 2016 et
2293 1961 2583 2033 templum;
2631 1958 2929 2031 subjicicns
2959 1951 3277 2011 Samaritam
3326 1944 3535 2033 Judatff.

1947 2048 2200 2118 quoniam
2228 2065 2294 2105 ex
2329 2030 2531 2105 Judaeis
2574 2030 2745 2104 salus
2778 2046 3031 2102 Israelita;
3060 2050 3115 2097 et
3158 2034 3434 2094 Samaritae
3464 2030 3533 2082 33.

1948 2136 2085 2192 Tota
2114 2138 2258 2193 enim
2294 2127 2586 2209 promissio
2616 2135 2783 2192 tribui
2823 2135 2975 2189 Judee
3022 2129 3269 2188 Christus
3300 2123 3441 2188 fuit;
3478 2126 3537 2174 ut

1949 2225 2151 2281 scirent
2175 2226 2563 2297 Hierosolymis
2591 2242 2710 2283 esse
2739 2232 2794 2279 et
2819 2222 3131 2279 sacerdotes
3165 2224 3220 2273 et
3248 2211 3531 2283 templum.

1949 2319 2002 2367 et
2031 2314 2307 2370 matricem
2337 2314 2637 2387 religionis,
2671 2323 2725 2370 et
2755 2314 2983 2382 fontem,
3008 2325 3117 2366 non
3165 2314 3410 2377 puteum,
3442 2313 3533 2353 88'

1948 2400 2092 2457 lutis.
2142 2404 2213 2458 Et
2258 2403 2399 2468 ideo,
2432 2411 2492 2458 ut
2540 2403 2674 2459 vidit
2726 2401 3031 2488 agnovisse
3064 2398 3189 2488 illos
3245 2387 3532 2488 legenti",

1946 2489 2332 2563 Hierosolymis
2386 2491 2830 2563 expungendam,
2888 2506 2953 2546 ex
3008 2486 3112 2542 ﬁde
3162 2484 3275 2557 jam
3332 2476 3533 2550 justiﬁ-

1948 2580 2149 2636 candos
2176 2581 2292 2637 sine
2321 2581 2460 2656 legis
2488 2580 2680 2637 ordine
2711 2578 3047 2637 remediavit.
3081 2575 3236 2665 Unde
3282 2577 3335 2625 et
3362 2581 3534 2665 unum

1946 2667 2100 2723 illum
2128 2671 2365 2726 solutum
2391 2669 2441 2709 35
2471 2686 2537 2726 ex
2564 2670 2767 2734 decem,
2801 2683 3091 2723 memorem
3117 2661 3311 2720 divinae
3348 2661 3535 2730 graliEB

1948 2756 2248 2813 Samariten
2294 2758 2537 2824 miratus,
2583 2772 2691 2813 non
2740 2755 2957 2811 mandat
2997 2752 3195 2809 offerre
3226 2761 3420 2803 munus
3463 2757 3534 2796 ex

1946 2846 2094 2916 lege;
2126 2846 2252 2919 quia
2280 2846 2543 2916 satis~jam
2566 2846 2854 2911 obtulerat,
2877 2842 3108 2916 gloriam
3136 2840 3251 2895 Deo
3279 2832 3528 2893 reddens,

1945 2933 2048 2989 hoc
2080 2942 2134 2990 et
2163 2934 2395 2989 Domino
2423 2935 2632 2991 volente
2658 2931 2997 3003 interpretari
3026 2931 3227 2998 legem.
3254 2925 3320 2981 Et
3356 2931 3534 2979 tamen

1946 3021 2036 3077 cui
2090 3023 2207 3077 Deo
2245 3023 2472 3094 gratiam
2520 3021 2751 3076 reddidit
2807 3020 3119 3084 Samarites,
3169 3016 3386 3088 quando
3432 3027 3535 3067 nec

1948 3110 2219 3164 lsraelites
2247 3110 2410 3163 alium
2458 3110 2632 3163 Deum
2660 3125 2831 3178 usque
2860 3109 3039 3163 adhuc
3067 3104 3388 3162 didicisset?
3434 3100 3532 3155 Cui

1946 3198 2056 3264 alii,
2079 3213 2238 3269 quam
2269 3196 2359 3253 cui
2387 3212 2576 3252 omnes
2600 3196 2875 3252 remediati
2907 3204 3049 3250 retro
3069 3211 3100 3249 a
3120 3192 3378 3248 Christo?
3406 3189 3533 3243 Ideo

1943 3287 2121 3353 Fides,
2157 3286 2322 3343 448
2357 3292 2460 3343 tua
2478 3290 2532 3342 te
2548 3288 2769 3343 salvum
2797 3288 2950 3357 fecit,
2984 3282 3170 3348 audit;
3201 3282 3326 3353 quia
3366 3277 3533 3331 intel-

1941 3376 2144 3432 lexerat
2171 3392 2356 3432 veram
2385 3391 2446 3433 se
2481 3378 2598 3431 Deo
2628 3374 2982 3445 omnipotenti
3011 3371 3362 3439 oblationem,
3391 3364 3533 3437 apud

1942 3482 2128 3522 verum
2161 3465 2423 3538 templum
2452 3473 2507 3520 et
2526 3481 2714 3521 verum
2745 3463 3055 3535 pontiﬁcem
3095 3462 3213 3531 ejus
3257 3456 3552 3516 Christum.

1943 3554 2119 3611 facere
2170 3554 2392 3610 debere.
2424 3554 2531 3609 Sed
2561 3570 2661 3610 nec
2708 3552 2964 3609 Pharisaei
2991 3555 3219 3622 possunt
3258 3544 3430 3604 videri
3469 3544 3535 3596 do

1940 3643 2160 3700 alterius
2206 3643 2307 3699 Dei
2354 3659 2522 3718 regno
2568 3643 2902 3699 consuluisse
2949 3640 3273 3704 Dominum,
3319 3633 3534 3711 quando

1940 3740 2229 3788 venturum
2261 3733 2348 3796 sit,
2379 3731 2639 3803 quamdiu
2669 3730 2807 3787 alius
2852 3744 2882 3782 a
2921 3727 3136 3786 Christo
3165 3725 3342 3782 editus
3388 3722 3534 3775 Deus

1938 3835 2048 3877 non
2095 3828 2226 3886 erat,
2279 3835 2381 3875 nec
2432 3820 2519 3874 ille
2568 3819 2636 3873 de
2683 3818 2902 3874 alterius
2940 3830 3112 3888 regno
3161 3809 3531 3881 respondisse.

1939 3925 2101 3980 quam
2129 3908 2196 3963 de
2226 3909 2381 3977 cujus
2418 3908 2813 3964 consulebatur.
2846 3908 2967 3963 Non
2993 3907 3172 3971 venit,
3207 3897 3401 3970 inquit,
3442 3912 3533 3950 re-

1937 4015 2116 4069 gnum
2168 3999 2268 4054 Dei
2322 4015 2453 4055 cum
2500 3996 2925 4065 observatione;
2966 4011 3069 4051 nec
3120 3993 3355 4055 dicunt,
3398 3990 3535 4043 Ecce

1940 4085 2047 4149 hic,
2079 4102 2200 4142 ecce
2229 4087 2370 4151 illic,
2404 4089 2543 4142 Ecce
2571 4087 2725 4141 enim
2745 4100 2981 4155 regnum
3014 4083 3112 4139 Dei
3138 4084 3301 4138 intra
3329 4094 3420 4135 vos
3449 4079 3534 4133 est

1941 4175 2091 4246 (Luc.
2131 4189 2275 4239 xvn,
2333 4178 2423 4229 20.
2467 4175 2581 4245 2i).
2614 4174 2749 4242 Quis
2790 4189 2898 4228 non
2946 4173 3019 4226 ita
3062 4165 3530 4263 interpretabitur,

1943 4265 2099 4320 intra
2136 4280 2225 4321 vos
2255 4268 2356 4327 est,
2391 4264 2446 4317 id
2477 4273 2557 4319 est
2585 4263 2639 4317 in
2666 4278 2853 4330 manu,
2881 4262 2934 4315 in
2965 4264 3229 4330 potestate
3259 4262 3456 4324 vestra,
3488 4262 3533 4306 si

1665 4370 1678 4405 :
1722 4368 1829 4409 ne-
1867 4312 1912 4388 Β
1944 4351 2196 4417 audiatis,
2227 4353 2272 4407 si
2304 4350 2513 4406 faciatis
2535 4350 2970 4420 Deipraeceptum
2990 4349 3018 4402 Ὺ
3046 4345 3203 4413 Quod
3233 4344 3281 4399 si
3306 4342 3362 4397 in
3392 4356 3534 4415 prae-

1941 4450 2100 4511 cepto
2120 4448 2203 4497 est
2226 4439 2323 4495 Dei
2352 4455 2599 4510 regnum,
2631 4453 2873 4509 propone
2902 4435 3070 4507 igitur
3091 4442 3296 4499 contra,
3339 4445 3534 4488 secun-

1936 4530 2065 4585 dum
2092 4540 2303 4586 nostras
2332 4528 2623 4583 antitheses
2644 4524 2786 4597 (51),
2818 4527 3059 4596 Moysen,
3092 4530 3146 4579 et
3170 4537 3279 4577 una
3309 4527 3531 4576 senten-

1940 4619 2011 4673 tia
2039 4626 2140 4673 est.
2171 4620 2553 4689 Praeceptum,
2583 4613 2756 4685 inquit
2777 4612 2960 4685 (Deut.
2998 4627 3142 4666 xxx.
3179 4608 3395 4678 11-14),
3426 4622 3532 4661 ex—

1939 4710 2151 4766 celsum
2178 4724 2295 4764 non
2324 4710 2429 4773 est,
2462 4721 2565 4762 nec
2597 4705 2755 4777 longe
2798 4721 2835 4760 a
2865 4707 2941 4761 te.
2991 4702 3111 4758 Non
3156 4704 3241 4757 est
3272 4699 3337 4754 in
3374 4695 3529 4759 coelo,

1610 4831 1804 4896 Varia:
1842 4835 2148 4896 lectiones.

300 4926 357 5003 2⁵
379 4930 935 5009 Alter_nti_l_)ominus
962 4931 1236 5009 sive‘Lat.
1268 4936 1573 5009 977Maxime
1594 4941 1713 5009 Rig.
1749 4938 1798 4976 28
1824 4936 1890 4993 Et
1912 4937 2051 5009 add.
2075 4936 2246 4994 Seml.
2275 4936 2325 5009 29
2351 4936 2560 5009 Novem
2595 4933 2815 5009 Oberth.
2850 4933 2900 4972 3°
2918 4932 3002 4989 Ne
3033 4930 3208 4990 Seml.
3241 4929 3289 4969 31
3333 4926 3529 4985 Isaiam

230 4997 410 5057 Rhen.
440 5003 490 5042 ³2
520 5002 803 5059 Conﬂdent
839 5006 1022 5062 Venet.
1055 5005 1106 5044 33
1132 5007 1478 5063 Samaritana:
1517 4997 1704 5068 Venci.
1754 5009 2005 5083 34Legem
2024 5008 2144 5064 illos
2176 5008 2348 5065 Seml.
2382 5006 2431 5046 35
2456 5006 2643 5063 Solum
2683 5008 2963 5064 Wouwer.
3506 5012 3515 5023 '

1632 5131 2127 5197 Commentarius.

257 5313 271 5323 ι
300 5245 558 5323 (50)__Qut
588 5250 938 5323 conﬁderent
961 5252 1025 5307 in
1066 5255 1261 5309 monte
1303 5254 1594 5310 Samaria.
1643 5254 1824 5311 Histo-

224 5320 364 5396 riam
394 5320 544 5396 illius
572 5321 1092 5396 schismatissupra
1138 5324 1333 5396 attigit,
1378 5325 1432 5379 in
1477 5341 1585 5395 quo
1628 5326 1825 5383 Hiero-

222 5384 387 5444 boam
419 5391 609 5446 decem
640 5392 816 5448 tribus
861 5394 929 5448 ab
980 5384 1100 5449 aliis
1140 5384 1352 5451 avulsas
1399 5384 1692 5452 Samariam
1724 5399 1823 5452 dc-

217 5458 399 5536 dunit,
432 5464 535 5536 ubi
583 5478 680 5536 rex
735 5472 943 5519 creatus
979 5475 1080 5521 est.
1146 5467 1386 5536 Reliquae
1438 5468 1578 5533 dum,
1631 5484 1826 5536 nempe

217 5485 399 5526 υυιιι,
435 5485 525 5517 unt
583 5485 680 5518 rex
735 5485 943 5519 creatus
979 5485 1080 5521 est.
1146 5485 1386 5536 uenquas
1438 5485 1578 5533 ante,
1631 5485 1751 5523 nem
1795 5488 1824 5526 e

214 5530 381 5613 Iudae
409 5541 466 5587 et
506 5534 810 5613 Benjamip,
860 5537 962 5591 sub
989 5537 1267 5613 Roboamo
1296 5548 1722 5611 permanserunt.
1759 5485 1824 5597 id

213 5600 459 5663 refertur
483 5620 547 5661 tu
576 5600 716 5679 Reg.
746 5606 826 5662 La
852 5622 939 5663 ea.

2012 5255 2127 5327 (51)
2180 5255 2501 5314 Secundum
2554 5258 2781 5312 nostras
2826 5253 3186 5327 antitheses._
3224 5251 3529 5327 Antitheses

1935 5322 2276 5401 compegerat
2301 5328 2551 5401 Marcion
2568 5326 2622 5381 in
2669 5326 2865 5401 quibus
2911 5328 3089 5401 legem
3132 5324 3299 5401 Mosis
3345 5322 3525 5401 Evan-

1935 5395 2082 5470 gelio
2130 5401 2461 5482 opponebat.
2508 5395 2871 5482 Tertul‘liands
2919 5395 3051 5453 alias
3104 5395 3527 5482 antitheses_iis

1929 5461 2219 5598 ξβεοευῗξ
2241 5471 2295 5597 i3
2314 5472 2509 5541 quibus
2535 5470 2710 5542 legem
2732 5478 2965 5528 veterem
3001 5482 3126 5524 cum
3155 5480 3294 5521 nova
3340 5461 3525 5519 conci~

1951 5558 2001 5598 1a
2041 5551 2115 5598 at.
2189 5558 2224 5598 Ε
2294 5559 2348 5598 ιι.

1951 5551 2115 5599 labat.
2144 5551 2224 5599 LE
2254 5551 2348 5599 Ριι.
