3980 6144
378 286 487 350 479

1063 288 1503 358 TERTULLIANI
1542 293 1809 358 OPERUM
1844 291 2033 357 PARS‘
2069 292 2139 355 II.
2177 322 2247 338 -
2284 292 2513 356 SERIES
2551 292 2593 365 Ι,
2634 291 2977 358 POLEMICA.

3559 297 3668 362 480

382 415 632 515 utid-icas
654 419 839 515 :‘UQttts
875 420 1138 479 ascendet
1164 421 1214 463 36
1259 426 1322 480 in
1368 424 1593 489 caelum,
1626 426 1683 482 et
1728 422 1969 496 deponet
2000 434 2047 515 Α
2078 421 2262 515 utique
2289 420 2535 515 docendo
2566 436 2669 515 qua
2700 420 3003 492 disciplina
3039 420 3109 479 sit
3154 422 3418 515 orandum
3460 428 3667 515 consti-

380 505 535 561 nobis
562 506 608 545 3"
641 508 791 564 illud
808 514 864 566 et
885 511 1148 568 auditum
1176 512 1321 570 illud
1335 515 1614 584 faciemus
1635 512 1663 566 .9
1689 528 1790 571 nec
1811 513 1969 567 ultra

379 610 540 653 mare
579 602 681 667 est,
725 603 794 654 ut
824 599 980 657 dicas
1010 619 1028 655 :
1075 601 1207 669 Quis
1258 602 1666 673 transfretabit
1694 607 1750 659 et
1784 604 1969 658 sumet

382 685 531 743 illud
566 688 741 752 nobis,
771 693 827 745 et
863 691 1128 747 auditum
1173 693 1319 750 illud
1359 695 1669 765 faciemus?
1703 694 1879 765 Prope
1914 695 1969 749 te

383 778 467 830 est
488 776 741 842 verbum,
770 778 833 834 in
863 794 957 834 ore
985 784 1099 845 tuo,
1135 786 1192 837 et
1221 784 1285 837 in
1324 782 1488 838 corde
1517 784 1636 847 tuo,
1671 785 1727 837 et
1756 784 1819 836 in
1844 798 1969 838 ma-

381 866 547 921 nibus
577 868 693 922 tuis
722 870 910 938 facere
939 871 1109 927 illud.
1142 871 1257 927 Hoc
1301 870 1425 927 erit.
1457 872 1578 930 Non
1608 872 1715 937 hic,
1756 888 1856 928 nec
1894 870 1970 926 il-

386 952 496 1019 lic;
529 970 653 1011 ecce
681 957 835 1014 enim
864 959 1023 1015 intra
1049 976 1140 1016 vos
1168 965 1254 1016 est
1283 976 1519 1031 regnum
1545 962 1663 1016 Dei.
1695 960 1762 1015 Et
1789 976 1856 1015 ne
1885 975 1970 1015 ar-

383 1050 726 1112 gumentetur
770 1046 994 1103 audacia
1033 1049 1303 1114 haeretica,
1353 1049 1418 1104 de
1462 1065 1633 1124 regno
1678 1047 1967 1115 Creatoris,

382 1127 450 1184 de
480 1146 587 1202 quo
608 1134 1008 1205 consulebatur,
1039 1151 1147 1192 non
1179 1137 1245 1192 de
1276 1152 1377 1192 suo
1408 1136 1752 1207 respondisse
1776 1136 1973 1191 eisDo-

382 1217 608 1285 minum,
635 1223 911 1293 sequentia
938 1224 1224 1279 obsistunt.
1257 1226 1452 1281 Dicens
1483 1226 1626 1281 enim
1646 1226 1856 1281 Filium
1886 1226 1975 1282 ho-

381 1310 558 1364 minis
586 1313 724 1365 ante
752 1312 939 1368 multa
967 1315 1109 1387 pati,
1133 1318 1189 1371 et
1219 1314 1506 1385 reprobari
1527 1317 1804 1386 oportere,
1837 1317 1973 1368 ante

382 1395 692 1454 adventum
729 1416 921 1466 suum,
953 1400 1008 1455 in
1051 1418 1159 1473 quo
1197 1409 1249 1456 et
1276 1417 1502 1473 regnum
1549 1400 1975 1457 substantialiter

383 1484 727 1551 revelabitur,
761 1504 919 1546 suum
958 1489 1196 1546 ostendit
1225 1498 1279 1545 et
1325 1506 1551 1561 regnum
1600 1490 1670 1545 de
1715 1506 1821 1561 quo
1862 1505 1975 1545 res-

384 1573 661 1643 ponderat,
694 1578 841 1647 quod
870 1579 1155 1649 passiones
1173 1584 1231 1637 et
1260 1580 1671 1651 reprobationcs
1689 1578 1858 1649 ipsius
1878 1595 1974 1634 ex-

383 1663 647 1732 pectabat.
680 1664 975 1737 Reprobari
1005 1676 1183 1724 autem
1213 1668 1414 1722 habens
1442 1675 1495 1722 et
1524 1676 1712 1737 postea
1757 1666 1973 1740 agnosci

380 1758 433 1805 et
460 1752 664 1807 assumi
691 1762 745 1808 et
786 1756 990 1820 extolli,
1031 1756 1194 1811 etiam
1222 1755 1399 1825 ipsum
1431 1756 1653 1811 verbum
1685 1758 1977 1830 reprobari
2009 1721 2053 1798 Β

382 1838 509 1895 inde
528 1840 798 1911 decerpsit
825 1844 892 1912 38,
923 1844 1014 1899 ubi
1042 1843 1097 1898 in
1126 1844 1318 1915 lapidis
1334 1845 1619 1917 aenigmate
1641 1854 1865 1918 utraque
1889 1862 1976 1900 re-

384 1927 581 1983 velatio
611 1930 733 1997 ejus
759 1932 900 2000 apud
932 1932 1103 1987 David
1135 1934 1308 2005 (Psal.
1340 1949 1525 2001 cxvu,
1557 1936 1649 2005 2t)
1691 1935 1979 1991 cauebatur

385 2015 560 2087 prima
591 2019 929 2086 recusabilis,
958 2022 1192 2077 secunda
1214 2022 1578 2078 honorabilis:
1600 2026 1782 2097 Lapis,
1805 2023 1979 2095 inquit

391 2120 557 2174 quem
588 2109 1033 2179 reprobaverunt
1051 2111 1415 2180 mdiﬁcantes,
1447 2114 1555 2169 iste
1582 2114 1768 2183 factus
1798 2117 1883 2169 est
1915 2113 1977 2167 in

383 2199 552 2265 caput
609 2199 829 2269 anguli.
888 2201 926 2255 A
967 2201 1198 2257 Domino
1226 2203 1449 2271 factum
1486 2205 1569 2257 est
1614 2202 1732 2258 hoc.
1768 2202 1978 2256 Vanum

385 2283 548 2353 enim,
580 2284 625 2339 si
656 2286 987 2344 credidimus
1027 2290 1198 2345 Deum
1228 2289 1297 2345 de
1326 2290 1650 2345 contumelia
1688 2298 1779 2345 aut
1806 2290 1977 2364 gloria

384 2372 589 2429 scilicet
616 2374 844 2445 alicujus
876 2378 1222 2448 praedicasse,
1255 2387 1313 2434 ut
1362 2394 1471 2433 non
1509 2380 1558 2417 39
1603 2394 1725 2434 eum
1758 2390 1978 2449 porten-

382 2460 552 2527 deret,
587 2480 749 2536 quem
788 2466 923 2519 etin
953 2466 1168 2536 lapidis,
1200 2473 1255 2523 et
1283 2468 1336 2522 in
1377 2476 1563 2538 petrae,
1598 2477 1652 2522 et
1683 2469 1735 2523 in
1777 2467 1978 2525 montis

383 2548 560 2622 ﬁgura
584 2553 714 2624 (Isa.
738 2568 858 2621 VIII,
892 2556 948 2627 4)
968 2557 1316 2626 portenderet
1340 2557 1409 2610 ⁸ο.
1441 2555 1547 2612 Sed
1588 2556 1635 2611 si
1666 2557 1732 2612 de
1764 2573 1862 2612 suo
1891 2558 1973 2614 lo-

381 2640 566 2711 quitur
592 2643 843 2709 adventu,
877 2659 972 2700 cur
1016 2660 1138 2700 eum
1180 2643 1373 2699 diebus
1439 2646 1558 2700 Noe
1581 2652 1634 2699 et
1661 2644 1799 2700 Loth
1826 2659 1974 2699 com-

383 2739 538 2797 parat
583 2730 737 2786 tetris
784 2738 837 2789 et
883 2732 1159 2789 atrocibus
1203 2734 1349 2789 Deus
1399 2740 1454 2789 et
1501 2732 1642 2788 lenis
1682 2740 1735 2786 ct
1784 2731 1975 2787 mitis?

383 2817 494 2871 Cur
520 2818 775 2874 admonet
804 2820 1114 2874 meminisse
1143 2820 1329 2877 uxoris
1371 2821 1529 2890 Loth,
1562 2836 1681 2894 quae
1728 2835 1972 2892 praecep-

382 2913 495 2959 tum
525 2908 795 2962 Creatoris
822 2923 932 2962 non
963 2908 1182 2980 impune
1231 2910 1578 2981 contempsit,
1610 2909 1656 2964 si
1686 2924 1795 2965 non
1843 2924 1967 2964 cum

2080 510 2198 576 tuit,
2238 527 2270 566 a
2297 527 2403 583 quo
2429 510 2653 567 relaturi
2680 516 2865 568 essent
2910 527 3029 567 eam
3069 512 3258 569 orandi
3299 514 3668 587 disciplinam,

2077 599 2193 657 sive
2246 599 2662 671 reprobatricem
2720 599 3023 671 superbiae,
3084 600 3196 657 sive
3242 600 3671 672 justiﬁcatricem

2076 688 2413 746 humilitatis.
2435 688 2652 744 Alterus
2681 688 2781 745 Dei
2820 705 2920 746 nec
2948 690 3230 763 templum,
3262 707 3361 749 nec
3406 700 3667 760 oratores,

2078 777 2463 849 necjudicinm
2500 778 2713 835 invenio
2759 794 2926 849 penes
2971 778 3264 846 Christum,
3299 780 3405 835 nisi
3448 782 3672 838 Creato-

2079 868 2173 923 ris.
2205 867 2357 923 Illum
2379 869 2538 938 jubet
2583 869 2810 926 adorare
2855 868 2912 923 in
2956 868 3257 925 humilitate
3300 870 3439 943 (52),
3480 880 3540 927 ut
3587 871 3671 926 al-

2081 955 2373 1012 levatorem
2420 956 2741 1026 humilium;
2785 973 2893 1013 non
2939 957 2995 1013 in
3043 957 3322 1028 superbia,
3357 967 3416 1014 ut
3447 958 3669 1015 destru-

2079 1054 2281 1099 ctorcm
2311 1044 2689 1117 superborum.
2731 1044 2907 1115 Quem
2946 1044 3115 1102 alium
3162 1046 3498 1102 adorandum
3534 1045 3669 1101 mihi

2080 1132 2361 1188 ostendit?
2389 1148 2493 1204 qua
2538 1132 2865 1204 disciplina?
2895 1149 3000 1203 qua
3043 1134 3184 1204 spe?
3213 1132 3495 1189 Neminem
3542 1133 3668 1205 opi-

2081 1236 2201 1277 nor.
2235 1222 2375 1277 Nam
2401 1230 2453 1277 et
2479 1237 2640 1292 quam
2666 1222 2849 1278 docuit
2897 1220 3216 1290 orationem,
3262 1220 3503 1277 Creatori
3538 1237 3671 1292 pro-

2081 1310 2325 1367 bavimus
2363 1310 2672 1367 convenire.
2712 1310 2877 1365 Aliud
2904 1317 2985 1365 est
3033 1310 3079 1365 si
3108 1310 3272 1365 etiam
3300 1309 3512 1367 adorari
3561 1327 3676 1382 qua

2082 1400 2226 1454 Deus
2254 1399 2495 1472 optimus
2521 1409 2575 1454 et
2602 1398 2745 1455 ultro
2776 1398 2955 1454 bonus
2982 1413 3091 1454 non
3121 1399 3252 1454 vult.
3284 1397 3393 1455 Sed
3422 1403 3550 1472 quis
3569 1416 3673 1472 op-

2084 1489 2280 1556 timus,
2310 1489 2430 1545 nisi
2457 1505 2629 1554 unus,
2664 1487 3033 1559 inquit,’Deus
3055 1487 3083 1542 .9
3105 1489 3227 1544 Non
3254 1487 3414 1560 quasi
3439 1505 3505 1545 ex
3531 1490 3677 1546 duo-

2082 1577 2185 1633 bus
2211 1577 2315 1632 diis
2342 1593 2511 1632 unum
2539 1577 2801 1648 optimum
2848 1577 3160 1647 ostenderit,
3198 1577 3295 1633 sed
3338 1593 3507 1633 unum
3549 1594 3678 1634 esse

2083 1666 2342 1737 optimum
2372 1667 2547 1722 Deum
2574 1665 2769 1733 solum,
2801 1666 2896 1738 qui
2926 1665 3005 1722 sic
3034 1681 3174 1721 unus
3196 1666 3267 1722 sit
3294 1666 3681 1739 optimus,qua

2084 1756 2232 1811 solus
2269 1756 2430 1811 Deus.
2463 1756 2533 1811 Et
2564 1755 2751 1827 utique
2780 1754 3036 1825 optimus,
3069 1754 3161 1828 qui
3193 1754 3334 1825 pluit
3379 1770 3543 1828 super
3579 1756 3679 1826 ju-

2086 1853 2199 1900 stos
2226 1851 2280 1899 et
2306 1844 2476 1899 solem
2507 1859 2660 1898 suum
2685 1844 2815 1899 oriri
2845 1843 2974 1899 facit
3003 1860 3167 1914 super
3188 1843 3362 1898 bonos
3398 1852 3451 1900 et
3481 1844 3678 1911 malos,

2086 1933 2355 1989 sustinens
2383 1940 2438 1988 et
2463 1932 2613 1989 alens
2639 1943 2693 1989 et
2714 1933 2913 2002 juvans
2952 1932 3110 1987 etiam
3156 1931 3516 1990 Marcionitas.
3564 1934 3682 1989 De-

2087 2022 2249 2093 nique
2274 2022 2637 2094 interrOgatus
2664 2023 2730 2077 ab
2759 2023 2849 2077 illo
2884 2022 3116 2092 quodam
3156 2039 3169 2079 :
3204 2023 3525 2093 Praeceptor
3568 2039 3680 2093 op-

2089 2112 2246 2179 time,
2297 2113 2433 2185 quid
2460 2113 2682 2184 faciens
2711 2113 2892 2168 vitam
2937 2114 3211 2166 aeternam
3257 2110 3579 2182 possidebo?
3606 2111 3683 2165 de

2086 2201 2368 2272 praeceptis
2393 2200 2665 2257 Creatoris
2692 2216 2761 2254 an
2793 2216 2856 2255 ea
2884 2199 3061 2265 sciret,
3092 2198 3147 2253 id
3193 2210 3277 2255 est
3305 2198 3522 2267 faceret,
3574 2215 3680 2253 ex-

2087 2289 2412 2358 postulavit,
2466 2288 2539 2344 ad.
2590 2288 3001 2345 contestandum
3050 2288 3340 2360 praeceptis
3401 2288 3683 2346 Creatoris

2085 2377 2249 2434 vitam
2292 2377 2496 2449 acquiri
2542 2377 2945 2448 sempiternam.
2985 2378 3230 2450 Cumque
3252 2377 3358 2448 ,ille
3406 2376 3686 2449 principa-

2085 2464 2221 2522 liora
2268 2481 2494 2538 quaeque
2548 2464 2871 2522 afﬁrmasset
2917 2466 3235 2522 observasse
3281 2481 3340 2522 se
3386 2465 3455 2520 ab
3496 2467 3686 2523 adole-

2084 2553 2286 2609 scentia
2317 2572 2333 2610 :
2362 2557 2568 2621 Unum,
2604 2554 2797 2626 inquit,
2831 2555 2935 2612 tibi
2962 2553 3137 2611 deest.
3174 2555 3375 2612 Omnia
3402 2571 3682 2627 quacun-

2085 2656 2191 2713 que
2221 2641 2385 2697 habes
2414 2642 2610 2709 vende,
2639 2647 2697 2698 et
2725 2643 2798 2697 da
2830 2644 3197 2715 pauperibus,
3230 2648 3287 2698 et
3309 2642 3527 2701 habebis
3558 2644 3687 2702 the-

2083 2745 2320 2785 saurum
2350 2731 2416 2786 in
2440 2730 2596 2797 caelo,
2629 2734 2687 2786 et
2714 2732 2862 2796 veni,
2895 2746 3123 2803 sequere
3151 2747 3263 2789 me.
3296 2732 3416 2804 Age
3443 2732 3682 2789 Marcion

2086 2831 2383 2889 omnesque
2396 2820 2511 2887 jam
2534 2818 2958 2875 commiserones
2984 2826 3039 2873 et
3057 2818 3356 2874 coodibiles
3371 2820 3490 2889 ejus
3508 2820 3685 2876 haere-

2080 2903 2194 2970 tici,
2216 2903 2349 2976 quid
2370 2904 2638 2959 audebitis
2657 2902 2843 2961 dicere
2860 2905 2887 2960 ?
2916 2903 3088 2960 450
3104 2904 3414 2961 Resciditne
3435 2907 3683 2964 Christus

376 2993 581 3063 judicio
645 2995 798 3051 venit
857 2996 1299 3054 vindicandorum
1373 3007 1766 3071 praeceptorum
1842 3013 1974 3054 suo-

2082 2992 2263 3065 priora
2308 3002 2600 3067 prmeepta,
2645 3009 2754 3050 non
2799 2993 3100 3061 occidendi,
3153 3010 3265 3050 non
3311 2994 3677 3062 adulterandi,

384 3084 550 3138 rum?
593 3083 762 3139 Etiam
792 3084 839 3139 si
886 3085 1118 3141 vindicat
1162 3094 1220 3142 ut
1267 3095 1321 3142 et
1366 3086 1479 3157 ille,
1527 3087 1573 3142 si
1613 3087 1819 3157 judicat
1862 3102 1971 3152 me,

383 3186 492 3227 non
522 3172 706 3229 debuit
735 3189 833 3245 per
856 3172 1029 3230 449
1056 3176 1179 3245 ejus
1206 3177 1531 3232 documenta
1560 3175 1794 3232 formare
1812 3191 1973 3247 quem

381 3260 640 3329 destruit,
672 3279 741 3319 ne
772 3262 862 3319 ille
888 3279 977 3319 me
1007 3265 1239 3320 formare
1265 3265 1526 3323 videatur.
1565 3265 1620 3321 Si
1648 3279 1780 3321 vero
1808 3272 1861 3320 et
1887 3264 1974 3318 hic

382 3364 486 3405 non
518 3349 588 3406 de
615 3367 713 3408 suo
740 3350 1000 3424 loquitur,
1033 3352 1287 3420 adventu,
1318 3354 1411 3408 sed
1446 3354 1514 3407 de
1550 3352 1723 3407 Judaei
1751 3350 1969 3415 Christi,

380 3446 761 3509 exspectemus
786 3440 950 3495 etiam
1000 3456 1142 3497 nunc
1173 3456 1240 3497 ne
1281 3440 1408 3513 quid
1455 3439 1523 3495 de
1567 3456 1664 3496 suo
1695 3439 1969 3511 praedicet,

381 3522 527 3579 illum
557 3525 769 3583 interim
800 3542 924 3585 esse
951 3529 1253 3594 credentes,
1286 3544 1445 3601 quem
1482 3527 1629 3584 omni
1675 3528 1794 3585 loco
1823 3545 1973 3601 pra:-

380 3611 543 3670 dicat.

912 3705 1140 3763 CAPUT
1169 3706 1430 3763 XXXVI.

447 3790 585 3844 Nam
605 3798 659 3845 et
674 3790 879 3847 orandi
895 3795 1374 3863 perseverantiam
1389 3798 1442 3850 et
1460 3794 1802 3850 instantiam
1816 3793 1971 3865 (Luc.

378 3876 543 3948 xvm)
571 3877 852 3947 mandans,
887 3879 1197 3949 parabolam
1218 3880 1433 3952 judicis
1462 3883 1635 3951 ponit,
1667 3889 1842 3940 coacti
1872 3901 1975 3941 au-

380 3966 501 4021 dire
528 3966 783 4033 viduam,
813 3969 1099 4024 instantia
1119 3972 1174 4023 et
1201 3973 1623 4040 perseverantia
1641 3973 1975 4045 interpella-

380 4057 604 4111 tionum
634 4058 777 4127 ejus.
805 4056 949 4127 Ergo
973 4056 1215 4126 judicem
1244 4058 1422 4113 Deum
1451 4060 1691 4115 ostendit
1710 4062 1973 4117 orandum

378 4156 487 4197 non
516 4158 590 4209 se,
621 4144 667 4199 si
698 4158 805 4199 non
849 4143 970 4215 ipse
998 4154 1077 4201 est
1098 4145 1286 4215 judex.
1316 4144 1424 4201 Sed
1454 4147 1750 4216 subjunxit,
1779 4150 1968 4219 factu-

379 4248 513 4289 rum
539 4234 719 4289 Deum
748 4232 1063 4290 vindictam
1105 4235 1410 4292 electorum
1452 4251 1705 4294 suorum.
1741 4235 1799 4291 Si
1842 4252 1972 4309 ergo

377 4322 497 4390 ipse
521 4320 624 4378 erit
649 4321 836 4391 judex,
859 4323 951 4395 qui
982 4331 1035 4380 et
1066 4322 1279 4379 vindex.
1302 4325 1619 4381 Creatorem
1638 4342 1769 4398 ergo
1789 4326 1978 4382 melio-

381 4424 497 4465 rem
526 4411 698 4466 Deum
731 4412 998 4482 probavit,
1029 4428 1194 4483 quem
1239 4414 1534 4470 electorum
1574 4429 1797 4471 suorum
1847 4416 1973 4474 cla-

378 4501 671 4556 mantium
699 4501 772 4557 ad
799 4516 930 4559 eum
950 4501 1038 4558 die
1065 4519 1131 4560 ac
1149 4506 1315 4560 nocte
1337 4503 1604 4559 vindicem
1627 4503 1882 4559 ostendit.
1913 4504 1977 4561 Et

382 4597 578 4654 tamen,
609 4605 731 4646 cum
750 4592 1007 4661 templum
1029 4592 1299 4649 Creatoris
1343 4591 1568 4663 inducit,
1601 4593 1806 4649 etduos
1836 4594 1975 4650 ado-

378 4687 557 4734 rantes
586 4677 792 4734 diversa
820 4686 1001 4734 mente
1057 4678 1315 4735 describit
1342 4679 1672 4735 Pharisaeum
1703 4680 1756 4734 in
1789 4696 1977 4751 super-

378 4766 485 4835 bia,
516 4766 868 4823 Publicanum
900 4766 955 4821 in
1002 4766 1318 4836 humilitate,
1369 4767 1602 4839 ideoque
1640 4766 1864 4824 alterum
1894 4785 1979 4824 re-

379 4855 916 4926 probatum,alterum
936 4854 1288 4926 justiﬁcatum
1306 4855 1653 4913 descendisse
1671 4856 1822 4929 (Luc.
1835 4872 1978 4914 xvnt

2081 3098 2191 3138 non
2222 3083 2460 3150 furandi,
2503 3097 2614 3138 non
2644 3082 2840 3139 falsum
2876 3082 3125 3154 testandi,
3175 3082 3437 3155 diligendi
3472 3096 3681 3155 patrem

2079 3180 2133 3229 et
2160 3173 2440 3228 matrem?
2475 3170 2564 3227 An
2593 3172 2639 3210 ἰι
2671 3179 2725 3227 et
2759 3171 2853 3226 illa
2880 3171 3133 3236 servavit,
3180 3178 3240 3227 et
3276 3172 3425 3243 quod
3467 3175 3672 3240 deerat,

2077 3259 2319 3331 adjecit?
2347 3275 2658 3333 quanquam
2687 3268 2741 3315 et
2768 3260 2873 3314 hoc
2903 3267 3232 3333 praeceptum
3260 3261 3567 3333 largitionis
3617 3263 3672 3317 in

2078 3362 2284 3419 egenos
2313 3347 2511 3419 ubique
2555 3346 2819 3403 diffusum
2866 3348 2937 3402 sit
2972 3347 3029 3402 in
3074 3349 3224 3423 Lege
3270 3356 3325 3404 et
3364 3351 3673 3423 prophetis,

2078 3436 2156 3492 uti
2186 3435 2609 3509 gloriosissimus
2652 3436 2744 3492 ille
2771 3437 3087 3494 observator
3138 3446 3535 3509 praeceptorum
3584 3456 3676 3510 pe-

2079 3525 2295 3583 cuniam
2357 3525 2526 3581 multo
2576 3524 2883 3581 chariorem
2948 3524 3225 3581 habiturus
3279 3527 3671 3583 traduceretur.

2082 3614 2297 3671 Salvum
2327 3623 2408 3669 est
2436 3613 2603 3686 igitur
2630 3622 2683 3669 et
2712 3614 2816 3670 hoc
2838 3617 2892 3669 in
2911 3614 3519 3686 Evangelio(Matth.v,
3544 3618 3668 3687 i7):

2080 3704 2201 3761 Non
2229 3703 2360 3759 veni
2378 3702 2673 3759 dissolvere
2703 3704 2894 3775 Legem
2921 3706 2978 3760 et
3007 3703 3327 3775 prophetas,
3360 3705 3455 3761 sed
3478 3705 3675 3776 potius

2080 3792 2413 3865 adimplere.
2472 3790 2643 3846 Simul
2687 3800 2742 3847 et
2785 3798 2982 3847 caetera
3026 3790 3358 3847 dubitatione
3405 3792 3674 3861 liberavit,

2080 3880 2473 3936 manifestando
2518 3881 2679 3935 unius
2713 3895 2833 3936 esse
2863 3887 2919 3935 et
2966 3880 3060 3935 Dei
3099 3896 3298 3937 nomen
3344 3889 3400 3936 et
3450 3882 3670 3954 optimi,

2079 3983 2136 4030 et
2162 3972 2324 4028 vitam
2367 3981 2644 4037 aeternam,
2692 3978 2749 4027 et
2779 3972 3097 4027 thesaurum
3123 3971 3178 4027 in
3207 3971 3368 4042 caelo,
3398 3979 3453 4027 et
3477 3980 3675 4030 semet-

2078 4062 2295 4133 ipsum;
2348 4061 2504 4130 cujus
2539 4066 2807 4131 prazcepta
2873 4059 3178 4133 supplendo
3233 4068 3289 4117 et
3335 4061 3677 4117 conservavit

2078 4158 2132 4206 et
2161 4150 2308 4206 auxit
2338 4166 2353 4204 :
2385 4148 2680 4206 secundum
2709 4148 2984 4205 Michaaam
3023 4163 3241 4221 quoque
3286 4149 3392 4205 hoc
3428 4149 3549 4206 loco
3588 4167 3679 4206 re-

2082 4239 2528 4310 cognoscendas,
2574 4238 2843 4295 dicentem
2892 4239 2987 4309 (vr,
3030 4238 3086 4309 8)
3127 4254 3143 4291 :
3195 4239 3255 4295 Si
3295 4241 3677 4297 annuntiavit

2087 4328 2192 4384 tibi
2221 4328 2381 4385 homo
2412 4325 2546 4400 quid
2573 4326 2780 4385 bonum
2808 4330 2914 4382 aut
2937 4323 3078 4399 quid
3104 4342 3139 4382 a
3179 4329 3233 4381 te
3260 4328 3535 4384 Dominus
3575 4343 3678 4383 ex-

2084 4418 2289 4490 quirit,
2328 4434 2502 4490 quam
2531 4418 2719 4487 facere
2747 4415 3060 4488 judicium,
3094 4415 3330 4487 diligere
3358 4418 3679 4473 misericor-

2083 4506 2323 4571 diam,et
2342 4509 2613 4579 paratum
2632 4520 2747 4561 esse
2774 4506 2933 4576 sequi
2949 4505 3257 4560 Dominum
3269 4507 3447 4561 Deum
3466 4505 3681 4562 tuum?

2083 4593 2153 4648 Et
2178 4594 2344 4650 homo
2371 4592 2517 4650 enim
2554 4592 2805 4648 Christus
2831 4592 3159 4648 annuntians
3195 4593 3324 4665 quid
3353 4594 3424 4649 sit
3451 4596 3675 4663 bonum,

2085 4681 2363 4738 scientiam
2393 4682 2530 4756 legis
2562 4700 2574 4737 :
2606 4684 2920 4755 Praecepta,
2943 4682 3134 4754 inquit,
3169 4683 3317 4739 scis?
3346 4681 3679 4753 facerejudi-

2085 4769 2232 4826 cium
2259 4789 2272 4827 :
2312 4770 2511 4836 Vende,
2543 4769 2741 4842 inquit,
2774 4787 2901 4843 qua:
2933 4770 3136 4839 habes,-
3164 4770 3398 4844 diligere
3425 4772 3474 4810 2*
3516 4772 3679 4827 mise-

2086 4856 2374 4915 ricordiam
2425 4877 2440 4914 :
2491 4860 2559 4915 Et
2598 4859 2689 4928 da,
2749 4858 2945 4934 inquit,
2994 4862 3210 4932 egenis;
3268 4868 3514 4931 paratum
3560 4874 3681 4915 esse

1762 5010 1953 5073 Variae
1993 5014 2303 5076 lectiones.

451 5137 785 5216 {inscendit
803 5139 989 5216 ‘Seml.
1009 5139 1303 5213 3“‘Deponit
1337 5140 1626 5199 0berth.38
1653 5142 1932 5216 Excerpsit
1948 5144 2024 5201 al.
2060 5143 2109 5183 39
2136 5145 2257 5201 Non
2284 5151 2344 5200 ut
2366 5145 2538 5203 Seml.
2556 5144 2607 5184 ἰο
2636 5143 2987 5201 Portenderat
3020 5143 3241 5204 Oberth.
3271 5145 3318 5184 ⁴ι
3332 5146 3487 5201 Anne
3502 5145 3681 5203 then.

378 5210 428 5250 42
458 5210 634 5283 Dilige
664 5211 833 5268 Scml.

1756 5314 2255 5379 Commentarius.

449 5444 565 5514 (52)
585 5444 760 5516 Illum
780 5442 950 5516 jubet
974 5442 1212 5516 adorare
1244 5446 1305 5502 in
1325 5443 1677 5511 humilitate,
1706 5453 1808 5501 etc.
1833 5445 1984 5502 Allu-

380 5514 511 5591 de_r_e_
539 5514 909 5591 mih_i_videt_ur
924 5515 991 5571 ad
1020 5515 1149 5571 illud
1171 5516 1369 5591 Christi
1402 5534 1413 5570 :
1437 5518 1648 5591 Omnis
1669 5519 1850 5591 quise
1881 5517 1980 5575 hu-

380 5586 573 5645 miliat
601 5586 962 5653 allevabitur,
992 5592 1047 5647 et
1089 5588 1188 5660 qui
1232 5603 1290 5645 se
1318 5588 1542 5647 exaltat
1578 5586 1978 5647 humiliabitur

2089 5448 2309 5518 (Matth.
2342 5464 2505 5515 xvut,
2536 5448 2628 5517 4);
2662 5448 2775 5505 sive
2800 5448 2866 5503 ad
2907 5449 3051 5504 aliud
3088 5449 3281 5507 cantici
3312 5449 3491 5507 Mariae
3524 5468 3538 5503 :
3588 5454 3684 5507 De-

2088 5520 2277 5593 posuit
2304 5523 2565 5593 potentes
2594 5520 2663 5593 de
2690 5521 2959 5593 sede(hroc
2989 5530 3073 5593 est
3104 5520 3252 5593 enim
3271 5520 3604 5590 destruere),
3627 5527 3686 5576 et

2088 5591 2370 5649 exultavit
2401 5591 2537 5663 (sive
2564 5591 2832 5662 allevavit)
2881 5592 3120 5650 humiles
3152 5592 3306 5657 (Luc.
3342 5607 3381 5657 ι,
3414 5594 3503 5648 52.
3541 5593 3682 5651 Pan.
