3980 6144
277 295 365 354 481

1483 297 1606 356 LlB.
1652 297 1715 356 lV
1758 294 1910 354 ADV.
1953 291 2361 354 MARCIONEM.

3464 305 3567 363 482

277 421 347 476 ire
370 422 418 458 4³
446 437 568 477 cum
601 424 776 478 Deo“
809 439 822 476 :
860 424 922 478 El
952 425 1098 487 veni,
1123 421 1316 492 inquit,
1347 438 1579 495 sequere
1598 439 1706 478 me.
1738 423 1869 476 Tam
1902 436 1946 514 Α
1980 417 2153 472 filium
2183 416 2367 473 credat
2396 431 2491 487 per
2521 417 2756 489 Virginis
2785 435 3023 479 censum.
3057 422 3160 491 Qui
3189 440 3296 480 non
3335 425 3406 481 ita
3453 442 3570 482 cre-

276 509 518 564 distincta
549 510 648 564 fuit
681 527 712 565 a
742 511 1040 580 primordio
1067 511 1254 565 Judzea
1283 527 1415 584 gens
1463 526 1559 581 per
1602 510 1772 565 tribus
1817 517 1871 564 et

279 598 500 668 populos
529 606 581 652 et
613 597 841 653 familias
871 606 925 653 et
973 599 1187 665 domos,
1237 606 1297 654 ut
1341 613 1502 655 nemo
1531 597 1686 653 facile
1717 599 1870 671 igno-

277 685 374 740 rari
400 685 469 739 de
500 702 701 758 genere
731 686 1120 755 potuisset,vel
1143 687 1210 741 de
1242 687 1549 744 recentibus
1579 687 1870 759 Augustia-

277 774 354 828 nis
379 775 630 841 censibus
657 775 836 831 adhuc
858 777 1003 847 [tunc
1050 775 1286 832 fortasse
1327 774 1688 846 pendentibus
1731 774 1866 844 (53).

276 863 426 916 Jesus
465 871 644 919 autem
693 864 980 918 Marcionis
1028 872 1083 920 et
1137 871 1295 919 natus
1350 880 1461 920 non
1513 864 1867 930 dubitaretur,

276 951 360 1023 qui
389 951 553 1008 homo
582 952 864 1008 videbatur
894 973 908 1022 ;
942 954 1129 1024 utique
1157 970 1264 1024 qua
1311 970 1419 1008 non
1469 963 1624 1008 natus
1669 953 1868 1008 nullam

280 1049 521 1112 potuerat
558 1041 778 1113 generis
809 1041 893 1096 sui
922 1042 975 1096 in
1024 1043 1238 1112 publico
1297 1041 1550 1098 habuisse
1601 1041 1870 1106 notitiam,

278 1131 368 1185 sed
395 1138 517 1185 erat
541 1146 689 1186 unus
702 1130 869 1204 aliqui
899 1131 1244 1201 deputandus
1291 1149 1356 1186 ex
1388 1131 1605 1202 iis(54),
1631 1131 1722 1203 qui
1739 1146 1874 1200 quo-

273 1235 374 1291 quo
402 1221 565 1276 modo
615 1220 785 1294 ignoti
841 1221 1199 1277 habebantur.
1248 1221 1383 1276 Cum
1441 1222 1606 1292 igitur
1647 1228 1870 1291 praeter-

274 1317 482 1365 euntem
513 1309 667 1364 illum
697 1325 871 1366 caecus
899 1309 1156 1380 audisset,
1188 1326 1285 1365 cur
1331 1310 1645 1366 exclamavit
1675 1326 1688 1362 :
1738 1311 1869 1366 Jesu

275 1400 357 1467 ﬁli
377 1400 576 1466 David,
594 1403 859 1458 miserere
887 1419 1018 1467 mei,
1044 1400 1147 1456 nisi
1175 1401 1299 1474 quia
1322 1402 1461 1456 filius
1488 1401 1734 1467 David,id
1766 1408 1868 1465 est,

276 1504 336 1542 ex
366 1487 570 1543 familia
611 1489 775 1545 David
804 1506 914 1547 non
944 1499 1150 1546 temere
1182 1492 1542 1562 deputabatur
1573 1533 1586 1557 ,
1621 1507 1719 1561 per
1747 1507 1868 1544 ma-

274 1583 401 1631 trem
432 1584 488 1631 et
517 1575 730 1642 fratres,
763 1577 855 1650 qui
882 1579 1170 1650 aliquando
1200 1595 1264 1633 ex
1296 1578 1484 1634 notitia
1525 1578 1707 1650 utique
1765 1594 1868 1633 an-

281 1664 505 1719 nuntiati
530 1664 580 1720 ei
613 1664 825 1720 fuerant
857 1667 885 1721 ‘?
915 1666 1022 1722 Sed
1063 1667 1460 1724 antecedentes
1491 1667 1870 1740 increpabant

1975 507 2086 573 det,
2110 521 2216 560 non
2236 505 2415 560 audiet
2443 504 2509 558 ab
2537 504 2628 561 illo
2662 523 2676 571 ;
2729 507 2890 564 Fides
2923 513 3021 565 tua
3069 516 3122 566 te
3152 513 3372 569 salvum
3403 517 3568 584 fecit.

1981 596 2160 665 Atque
2209 593 2281 648 ita
2338 608 2515 648 caecus
2547 595 2863 660 remanebit,
2902 613 3064 652 ruens
3122 599 3177 653 in
3233 603 3566 667 antithesim,

1980 691 2224 738 ruentem
2251 693 2304 737 et
2359 683 2531 754 ipsam
2577 683 2905 742 antithesim.
2941 685 3032 741 Sic
3062 687 3208 742 enim
3261 706 3437 747 caecus
3466 708 3570 748 cie-

1979 787 2103 826 cum
2126 772 2393 825 deducere
2420 770 2576 825 solet.
2612 791 2636 821 α
2669 773 2808 826 Nam
2837 773 2880 827 si
2911 773 3195 845 aliquando
3225 777 3295 846 (II
3344 781 3466 850 Reg.
3509 784 3568 850 v)

1979 860 2240 916 Davidem
2287 860 2341 913 in
2395 861 2808 930 recuperatione
2868 862 3049 918 Sionis
3077 864 3416 921 offenderant
3442 870 3571 924 caeci

1979 949 2314 1012 resistentes,
2347 949 2637 1021 quominus
2665 949 3053 1006 admitteretur.
3106 972 3127 1004 ι
3191 953 3209 1022 (
3243 954 3297 1007 in
3344 954 3571 1028 ﬁguram

1978 1036 2164 1109 populi
2196 1035 2422 1105 proinde
2448 1036 2596 1102 caeci,
2626 1052 2736 1092 non
2766 1039 3050 1094 admissuri
3073 1041 3395 1112 quandoque
3425 1045 3576 1100 Chri-

1978 1132 2119 1177 stum
2151 1123 2319 1178 ﬁlium
2358 1123 2552 1194 David)
2589 1145 2612 1174 α
2647 1125 2768 1180 ideo
2812 1126 3055 1182 Christus
3085 1145 3150 1184 ex
3181 1129 3394 1185 diverso
3428 1147 3574 1188 caeco

1977 1212 2243 1278 subvenit,
2275 1220 2335 1266 ut
2382 1212 2507 1266 hinc
2535 1229 2594 1266 se
2631 1214 2938 1269 ostenderet
2971 1233 3077 1271 non
3107 1233 3228 1273 esse
3260 1218 3431 1273 filium
3463 1223 3572 1276 Da-

1976 1299 2086 1366 vid,
2121 1311 2174 1354 et
2213 1316 2276 1354 ex
2309 1299 2473 1354 animi
2504 1300 2812 1357 diversitate
2857 1303 3034 1359 bonus
3079 1306 3238 1361 cmcis
3263 1349 3276 1372 ,
3319 1324 3457 1379 quos
3487 1309 3574 1365 ille

1972 1390 2206 1460 jusserat
2235 1389 2390 1445 caedi.
2423 1390 2488 1442 Et
2515 1405 2611 1445 cur
2641 1389 2784 1456 ﬁdei,
2819 1400 2871 1446 et
2901 1394 3119 1464 quidem
3149 1413 3331 1465 pravae
3365 1441 3377 1463 ,
3430 1416 3572 1470 pree-

1979 1479 2181 1535 stitisse
2212 1495 2270 1534 se
2309 1479 2496 1533 dixit?
2532 1500 2554 1527 »
2589 1480 2789 1550 Atquin
2828 1489 2880 1536 et
2927 1483 3032 1538 hoc
3063 1484 3200 1539 ﬁlius
3228 1487 3394 1542 David
3431 1530 3444 1553 ,
3477 1505 3577 1544 an-

1980 1567 2215 1623 tithesim
2258 1567 2324 1622 de
2368 1583 2465 1622 suo
2521 1569 2927 1625 retundendam.
2959 1573 3095 1627 Nam
3145 1583 3198 1627 et
3253 1575 3345 1646 qui
3402 1577 3577 1632 David

1978 1656 2311 1712 offenderant
2342 1697 2356 1722 ,
2407 1655 2579 1712 caeci:
2635 1672 2780 1713 nunc
2821 1674 2947 1716 vero
2999 1661 3248 1730 ejusdem
3298 1665 3477 1722 carnis
3524 1667 3576 1705 ⁵ο

284 1770 515 1821 ciccum,
559 1756 655 1809 uti
702 1757 934 1811 taceret.
953 1754 1164 1821 Merito,
1196 1755 1449 1826 quoniam
1479 1725 1698 1827 quidem
1724 1755 1871 1812 voci-
1903 1725 1948 1802 Β
1976 1747 2138 1802 homo
2169 1744 2467 1816 supplicem
2497 1760 2555 1799 se
2585 1745 2849 1802 obtulerat
2878 1746 2988 1801 ﬁlio
3018 1725 3184 1804 David
3217 1792 3232 1816 ,
3291 1751 3495 1810 idcirco
3527 1755 3579 1809 ei

280 1841 566 1910 ferebatur,
600 1855 705 1897 non
737 1842 864 1914 quia
903 1843 968 1898 de
999 1843 1170 1899 David
1204 1843 1315 1899 ﬁlio
1345 1844 1720 1900 mentiebatur.
1761 1844 1871 1899 Aut

288 1931 420 1985 doce
449 1930 782 2000 increpantes
810 1930 934 1987 illos
982 1931 1170 1999 scisse,
1220 1932 1367 2004 quod
1407 1933 1564 1989 Jesus
1592 1949 1701 1990 non
1733 1939 1873 1989 esset

287 2019 426 2073 ﬁlius
464 2019 649 2085 David,
705 2029 763 2075 ut
821 2020 1022 2078 idcirco
1080 2021 1354 2077 silentium
1415 2036 1557 2077 caeco
1616 2020 1871 2076 indixisse

275 2107 576 2165 credantur.
611 2109 714 2163 Sed
745 2108 844 2164 etsi
875 2109 1099 2167 doceres
1128 2151 1141 2175 ,
1175 2109 1386 2167 facilius
1433 2110 1555 2165 illos
1597 2109 1872 2182 ignorasse

274 2204 698 2266 presumeretur
723 2197 792 2268 4⁵,
834 2213 995 2268 quam
1024 2198 1317 2254 Dominum
1350 2198 1540 2253 falsam
1570 2198 1623 2252 in
1640 2215 1698 2253 se
1729 2214 1872 2270 pra:-

271 2287 596 2342 dicationem
629 2287 898 2344 sustinere
927 2287 1193 2360 potuisse.
1224 2289 1332 2345 Sed
1359 2288 1564 2360 patiens
1578 2286 1872 2358 Dominus,-

271 2391 383 2432 non
420 2384 602 2432 tamen
645 2375 989 2433 conﬁrmator
1039 2377 1258 2444 erroris,
1289 2377 1397 2432 imo
1426 2377 1588 2432 etiam
1635 2377 1873 2434 detector

275 2465 585 2536 Creatoris;
645 2473 703 2520 ut
767 2481 876 2522 non
927 2467 1077 2539 prius
1106 2467 1248 2523 hanc
1305 2467 1597 2523 caecitatem
1638 2465 1874 2522 hominis

273 2553 421 2608 illius
442 2554 795 2622 enubilasset,
828 2570 896 2610 ne
927 2556 1066 2610 ultra
1107 2555 1297 2612 Jesum
1341 2555 1511 2610 ﬁlium
1541 2555 1714 2612 David
1753 2555 1870 2612 exi-

275 2645 540 2701 stimaret.
570 2644 791 2716 Atquin,
841 2659 911 2699 ne
969 2643 1279 2716 patientiam
1334 2645 1454 2714 ejus
1518 2645 1868 2712 infamaretis,

282 2732 437 2790 45I
483 2733 645 2788 nec“6
674 2733 836 2788 ullam
859 2733 1119 2789 rationem
1139 2732 1578 2789 dissimulationis
1606 2734 1682 2788 illi
1712 2733 1872 2789 afﬁn-

279 2823 506 2896 geretis,
546 2838 644 2878 nec
689 2822 862 2879 ﬁlium
903 2822 1072 2878 David
1103 2824 1393 2896 negaretis,
1435 2821 1869 2878 manifestissime

280 2911 620 2968 continuavit
650 2911 777 2967 caeci
809 2910 1265 2982 praedicationem,
1298 2918 1350 2965 et
1377 2910 1497 2981 ipsa
1548 2924 1870 2966 remunera-

284 3001 433 3056 tione
464 3000 740 3056 medicinae
764 3042 777 3067 ,
809 3007 860 3056 et
908 2999 1214 3055 testimonio
1245 2998 1386 3055 ﬁdei.
1439 2999 1620 3064 Fides,
1689 2999 1881 3071 inquit,
1915 3008 1959 3086 ε

289 3094 393 3145 tua
417 3095 472 3145 te
490 3089 708 3147 salvum
728 3091 888 3160 fecit.
911 3087 1052 3156 Quid
1081 3088 1162 3145 vis
1192 3103 1394 3145 caecum
1425 3086 1716 3143 credidisse
1744 3088 1772 3142 Ῡ
1799 3088 1886 3143 Ab

291 3177 396 3234 alio
425 3179 470 3215 4⁷
499 3179 614 3233 Deo
672 3177 1012 3233 descendisse
1069 3176 1255 3233 Jesum
1310 3177 1377 3231 ad
1442 3175 1798 3244 adjectionem
1837 3176 1887 3214 4⁸

292 3264 557 3322 Creatoris
587 3267 614 3321 ?
633 3266 700 3320 ad
729 3265 1145 3322 destructionem
1172 3263 1333 3338 Legis
1362 3270 1415 3321 et
1444 3265 1828 3335 pr0phetarum
1857 3265 1886 3318 ?

292 3369 403 3410 non
454 3354 604 3408 illum
657 3370 800 3424 esse,
840 3355 933 3426 qui
981 3369 1047 3409 ex
1088 3352 1268 3408 radice
1294 3353 1441 3408 Jesse
1483 3361 1538 3407 et
1583 3368 1649 3408 ex
1704 3352 1884 3408 fructu

293 3443 602 3498 lumborum
629 3434 800 3499 Dav-id
845 3442 1215 3498 destinabatur
1263 3441 1438 3511 (Psal.
1487 3456 1709 3507 cxxxn,
1771 3442 1880 3508 11),

295 3547 567 3589 caecorum
597 3547 812 3604 quoque
843 3538 1220 3587 remunerator
1248 3529 1276 3587 ?
1307 3529 1414 3584 Sed
1437 3529 1695 3595 nondum,
1727 3537 1883 3600 puto,

297 3622 565 3692 ejusmodi
593 3630 724 3676 tunc
753 3620 880 3678 casei
907 3627 1078 3685 erant,
1108 3618 1285 3692 qualis
1340 3618 1577 3674 Marcion
1611 3663 1624 3688 ,
1671 3626 1731 3675 ut
1769 3618 1885 3673 haec

296 3708 449 3766 fuerit
470 3710 598 3765 eieci
630 3710 773 3766 illius
799 3709 953 3778 ﬁdes,
995 3725 1100 3782 qua
1127 3708 1415 3764 crediderit
1443 3707 1497 3761 in
1539 3721 1694 3776 voce,
1730 3709 1883 3774 Jesu,

296 3800 381 3867 ﬁli
409 3799 601 3855 David.
635 3797 742 3867 Qui
761 3799 864 3854 hoc
893 3798 1026 3870 se:et
1047 3798 1322 3870 cognovit,
1347 3805 1400 3852 et
1430 3798 1496 3851 ab
1524 3798 1885 3852 omnibusco-

298 3887 558 3957 gnosci!19
586 3887 774 3958 voluit,
824 3887 986 3942 ﬁdem
1030 3885 1285 3951 hominis,
1337 3884 1438 3942 etsi
1475 3884 1669 3940 melius
1697 3882 1886 3939 ocula-

297 3981 422 4040 tam,
468 3976 566 4032 etsi
598 3976 710 4032 veri
743 3975 961 4031 luminis
992 3982 1319 4048 compotem,
1370 3973 1632 4030 exteriore
1671 3987 1886 4044 quoque

296 4063 497 4120 visione
527 4063 765 4130 donavit,
798 4071 926 4120 utet
955 4079 1056 4120 nos
1090 4063 1336 4136 regulam
1371 4061 1641 4135 simulque
1676 4076 1889 4116 merce-

297 4150 416 4208 dem
449 4153 575 4212 ﬁdei
604 4155 963 4213 disceremus.
995 4150 1102 4221 Qui
1137 4153 1254 4210 vult
1288 4151 1465 4208 videre
1483 4151 1687 4219 Jesum,
1715 4149 1888 4205 David

1977 1831 2326 1888 satisfacienti
2383 1831 2779 1904 quodammodo
2864 1834 3106 1903 placatus
3169 1836 3314 1891 ﬁlius
3387 1841 3574 1907 David,

1979 1921 2216 1977 restituit
2247 1920 2450 1975 lumina
2502 1937 2627 1978 cum
2675 1921 2983 1978 testimonio
3026 1923 3170 1990 ﬁdei,
3205 1942 3308 1997 qua
3340 1927 3444 1982 hoc
3487 1929 3578 2000 ip-

1978 2027 2094 2065 sum
2127 2009 2454 2074 crediderat,
2487 2009 2820 2064 exorandum
2863 2011 2967 2066 sibi
3013 2027 3131 2068 esse
3163 2013 3330 2068 ﬁlium
3388 2015 3578 2073 David.

1976 2100 2046 2154 Et
2069 2108 2248 2154 tamen
2278 2097 2446 2154 David
2469 2097 2694 2154 audacia
2722 2099 3027 2168 hominum,
3062 2109 3209 2172 puto,
3252 2102 3577 2172 offenderat,

1982 2204 2089 2244 non
2119 2187 2391 2246 valetudo.

2496 2328 2728 2386 CAPUT
2770 2331 3054 2390 XXXVII.

2050 2438 2412 2510 Consequitur
2433 2438 2590 2510 (Luc.
2608 2440 2736 2510 χιχ)
2757 2447 2809 2494 et
2830 2442 3051 2498 Zachwi
3066 2442 3293 2501 domum
3309 2445 3582 2516 salutem,

1977 2528 2096 2599 Quo
2127 2527 2357 2583 merito?
2387 2527 2662 2599 Numquid
2709 2530 2798 2585 vel
2827 2529 2916 2586 ille
2965 2531 3267 2589 crediderat
3311 2536 3581 2596 Christum

1977 2634 2010 2673 a
2041 2617 2311 2672 Marcione
2351 2616 2564 2672 venisse
2586 2616 2614 2670 ?
2670 2617 2870 2688 Atquin
2910 2619 3086 2676 adhuc
3119 2623 3174 2675 in
3217 2626 3433 2680 auribus
3464 2639 3580 2685 erat

1977 2706 2334 2764 omniumva
2358 2703 2446 2758 ille
2478 2703 2631 2772 caeci,
2660 2705 2916 2762 Miserere
2937 2710 3070 2777 mei,
3094 2710 3337 2781 Jesu,ﬁli
3358 2718 3532 2772 David
3559 2738 3578 2786 ,-

1980 2800 2034 2852 et
2057 2795 2240 2853 omnis
2267 2794 2513 2866 populus
2548 2793 2746 2849 laudes
2775 2796 3058 2865 referebat
3078 2799 3206 2864 Deo,
3232 2816 3337 2870 non
3359 2805 3582 2861 Marcio-

1982 2884 2087 2950 nis,
2118 2883 2212 2938 sed
2245 2881 2432 2938 David.
2481 2881 2773 2938 Enimvero
2832 2885 3086 2942 Zachaeus
3130 2887 3232 2942 etsi
3284 2890 3584 2963 allophylus

1989 2973 2238 3036 fortasse,
2284 2979 2460 3024 tamen
2489 2971 2669 3039 aliqua
2698 2972 2885 3026 notitia
2918 2975 3312 3046 Scripturarum
3343 2997 3408 3036 ex
3437 2998 3586 3039 com-

1997 3059 2197 3116 mercio
2221 3057 2440 3128 judaico
2489 3058 2700 3114 afflatus
2735 3077 2748 3128 ;
2777 3061 2897 3130 plus
2926 3072 3008 3118 est
3031 3071 3206 3120 autem
3238 3069 3306 3133 51,
3341 3077 3392 3125 ct
3421 3070 3585 3143 igno—

1995 3166 2119 3205 rans
2163 3147 2378 3219 (Isaiam
2427 3162 2586 3212 Lvm,
2618 3149 2704 3217 '7),
2758 3159 3026 3220 praecepta
3083 3155 3203 3222 ejus
3251 3155 3583 3227 impleverat.

1997 3237 2160 3295 ιιὔὲ
2191 3239 2564 3309 Confringite,
2580 3237 2770 3309 inquit,
2786 3256 2991 3310 panem
3013 3247 3176 3298 tuum
3197 3251 3508 3315 esurienti;
3531 3253 3589 3305 et

1994 3345 2110 3386 non
2150 3328 2411 3385 habentes
2452 3331 2668 3384 tectum
2715 3330 2778 3384 in
2815 3328 3046 3387 domum
3089 3336 3254 3390 tuam
3295 3337 3586 3406 inducite;

1992 3419 2096 3474 hoc
2124 3434 2249 3474 cum
2277 3417 2512 3474 maxime
2549 3419 2763 3490 agebat,
2797 3428 3078 3490 exceptum
3123 3425 3286 3480 domo
3313 3442 3411 3480 sua
3459 3443 3588 3499 pas-

1995 3524 2121 3564 cens
2149 3507 2545 3562 Dominum.Et
2575 3507 2801 3565 nudum
2827 3511 2878 3566 si
2907 3511 3136 3578 videris,
3168 3517 3465 3587 contegito;
3487 3517 3591 3574 hoc

1993 3596 2379 3654 cummaxime
2434 3597 2808 3668 promittebat,
2850 3601 2901 3653 in
2962 3601 3146 3656 omnia
3200 3604 3590 3661 misericordiae

1994 3701 2161 3758 Opera
2181 3685 2464 3740 dimidium
2494 3686 2805 3742 substantiae
2848 3687 3110 3760 offerens;
3144 3691 3443 3750 dissolvens
3475 3695 3590 3751 vio-

1993 3776 2280 3833 lentiorum
2307 3783 2680 3832 contraotuum
2729 3778 2969 3832 obnexus
2998 3779 3069 3850 57,
3087 3788 3137 3835 et
3159 3780 3432 3839 dimittens
3459 3798 3590 3840 con-

1992 3867 2222 3924 flictatos
2250 3866 2303 3920 in
2365 3866 2750 3936 laxamentum,
2805 3874 2859 3921 et
2889 3883 3104 3925 omnem
3135 3873 3591 3944 conscriptionem

1994 3957 2236 4029 iniquam
2266 3956 2564 4028 dissipans,
2613 3955 2890 4015 dicendo:
2952 3961 3022 4014 Et
3066 3960 3118 4014 si
3153 3963 3246 4018 cui
3299 3963 3432 4034 quid
3487 3980 3591 4036 per

1995 4050 2349 4105 calumniam
2369 4048 2576 4120 eripui,
2602 4046 2978 4118 quadruplum
3001 4049 3188 4109 reddo.
3207 4051 3390 4122 Itaque
3408 4054 3591 4109 Domi-

1995 4155 2119 4206 nus,
2153 4138 2318 4195 llodie
2358 4136 2550 4209 inquit,
2580 4136 2737 4194 salus
2779 4137 2913 4194 huic
2960 4137 3172 4195 domui.
3203 4139 3591 4198 Testimonium

1653 4273 1847 4338 Variae
1879 4269 2188 4334 lectiones.

370 4383 415 4424 ‘3
434 4387 700 4452 Paratum,
741 4385 808 4455 si,
840 4384 1037 4458 inquit,
1060 4384 1161 4458 ire
1197 4381 1418 4458 Oberlin.
1460 4380 1509 4419 44
1538 4378 1777 4458 Domino
1800 4381 1879 4458 Sel

2001 4374 2051 4458 f5
2076 4375 2439 4458 Praesumeret
2467 4365 2726 4458 Rhein."6
2747 4366 2833 4458 'Ne
3155 4367 3204 4408 47
3236 4369 3332 4458 Illo
3355 4369 3587 4458 ‘O'bertltt;

299 4455 353 4528 te
378 4440 934 4515 οῄέξιῖοῆρτῇᾖξηίιξ
964 4440 1316 4528 ω’ςοεῃοεοί
1335 4454 1405 4528 ψ
1434 4453 1691 4528 omnibus
1718 4449 1962 4528 ΟὑεζίιΙῑζ
1971 4447 2039 4502 ab
2065 4440 2386 4528 hominibus
2414 4440 2672 4511 cognosci
2703 4441 2807 4507 al.,°
2837 4440 2904 4495 ab
2933 4442 3186 4497 omnibus
3214 4443 3368 4500 abest
3386 4447 3517 4502 Par.
3543 4443 3592 4480 ⁵ο

303 4527 570 4586 Indecoris
588 4533 723 4588 Par.
743 4533 914 4586 Fran.
942 4528 987 4566 51
1022 4527 1078 4584 Si
1102 4518 1308 4585 inserit
1340 4525 1517 4582 Rhen.
1555 4525 1604 4563 ⁵2
1632 4522 1893 4580 Obnoxiis
1926 4518 2098 4576 Seml.

1688 4635 2186 4702 Commentarius.

378 4753 504 4834 (53)Δ
525 4751 615 4834 Vel
633 4750 698 4808 de
709 4750 1030 4834 recentibus
1045 4752 1415 4834 Augustzanis
1437 4745 1691 4834 censibus
1702 4743 1879 4834 adfini

2003 4740 2103 4792 λῶν
2135 4739 2198 4797 εἰς
2226 4740 2326 4789 τῶν
2355 4736 2624 4834 ἷυχόντων.
2647 4731 2830 4834 ξῖΗΕΝ.

2078 4810 2190 4834 [κεῖ
2214 4810 2358 4834 nx---
2390 4823 2517 4834 “an.
2560 4807 2646 4834 ..ἔτι
2680 4808 2825 4834 ,ιν-κη

307 4817 443 4880 tunc
468 4817 713 4896 fortasse
730 4817 1317 4896 pendentibus—Tune,
1337 4822 1391 4875 id
1407 4829 1506 4885 est,
1523 4835 1659 4896 cum
1688 4817 1890 4896 diceret

305 4889 499 4965 cacus,
531 4899 686 4961 Jesu,
707 4889 796 4965 fili
821 4896 1012 4952 David.
1047 4894 1422 4958 Pendentibus,
1459 4891 1666 4965 scilicet
1695 4889 1890 4965 tabulis

305 4961 502 5023 census
532 4986 544 5024 :
581 4961 854 5033 nimirum,
896 4966 1034 5021 sicut
1062 4981 1224 5036 supra
1253 4965 1576 5031 notavimus,
1606 4961 1746 5036 haud
1764 4976 1889 5036 _se-

305 5038 415 5113 mel
439 5041 543 5113 acti
573 5055 775 5113 census
793 5031 959 5093 fuisse
984 5031 1240 5113 videntur
1256 5039 1356 5090 sub
1372 5038 1638 5113 Augusto.
1662 5034 1731 5087 Et
1759 5031 1894 5113 Sep-

307 5110 488 5164 timius
509 5112 646 5182 ipse,
670 5112 806 5166 libro
835 5114 1103 5182 adversus
1133 5108 1376 5182 Iudaeos,
1403 5106 1893 5182 addubitarevide-g

309 5191 391 5236 tur
426 5199 494 5236 an
531 5177 790 5238 'Christus
834 5179 1143 5250 adscriptas
1200 5178 1356 5233 fuerit
1384 5177 1567 5234 censui
1612 5177 1792 5231 statim
1838 5181 1897 5229 ut

308 5261 464 5307 natus
495 5262 596 5308 est.
629 5254 754 5308 Rm.

374 5326 490 5395 (54)
524 5325 628 5381 Sed
657 5328 780 5382 erat
800 5340 948 5398 unus
976 5324 1158 5398 aliqui
1189 5321 1556 5398 deputandus
1575 5319 1736 5398 estis
1754 5360 1768 5385 ,
1791 5325 1896 5385 etc,

315 5391 682 5468 Unus'aliqui
713 5410 808 5468 pro
839 5391 1082 5468 aliquis,"
1115 5403 1172 5449 ut
1220 5391 1276 5447 in
1308 5392 1594 5468 principio
1633 5391 1726 5468 lib.
1778 5405 1896 5458 seq.

305 5481 461 5540 unus
489 5463 673 5539 alitjui
703 5463 1014 5540 discipulus.
1048 5467 1252 5540 Sensus
1304 5464 1395 5540 hic
1438 5463 1550 5524 est.
1592 5463 1692 5540 erit
1747 5469 1902 5540 terra:

306 5537 473 5604 ﬁlius,
497 5533 1001 5610 vel'unusquilibet
1030 5553 1060 5592 e
1083 5537 1254 5610 turba,
1274 5535 1385 5610 sive
1415 5551 1557 5589 unus
1584 5538 1652 5610 de
1699 5533 1904 5610 multis,

306 5611 458 5686 quod
506 5609 685 5667 Graeci
712 5605 895 5667 dicunt
926 5607 979 5666 ἐκ
1015 5613 1104 5668 τοῦ
1131 5609 1312 5665 πολλοῦ
1343 5609 1519 5684 δημου,
1547 5605 1634 5661 καὶ
1681 5611 1776 5659 τῶν
1808 5609 1906 5661 πολ

2076 4807 2517 4881 (55)Dissolvens
2559 4807 2962 4881 violentiorum
2993 4811 3392 4881 contractuum
3430 4808 3594 4881 obne~

1998 4879 2232 4940 xulela
2251 4895 2354 4935 vox
2373 4879 2671 4949 composita
2689 4886 2770 4933 est
2790 4895 2820 4932 a
2840 4895 2970 4934 voce
2993 4897 3195 4944 nexus,
3211 4880 3596 4949 jureconsultis

2003 4948 2543 5025 usitatissima.__llinc
2598 4948 2728 5025 illud
2759 4951 2902 5021 apud
2933 4948 3406 5022 Papinianuml.si
3427 4958 3596 5025 pater

2004 5025 2234 5097 fam.D.
2274 5021 2492 5097 familiae
2532 5022 2866 5097 erciscundae
2921 5021 3108 5079 nedus
3134 5021 3595 5097 pignoris—apud

2008 5094 2318 5168 Ulpiauum,
2359 5095 2404 5148 l.
2435 5094 2485 5148 si
2529 5110 2655 5168 non
2685 5095 2912 5168 saltem,
2970 5097 3103 5168 adeo
3135 5094 3214 5150 tit.
3261 5096 3328 5150 de
3357 5097 3592 5152 condiet.

2004 5165 2188 5222 indeb.
2231 5182 2414 5222 nexus
2444 5166 2676 5221 uenditi.
2707 5165 2861 5220 Unde
2906 5175 2956 5220 et
2987 5166 3176 5222 Cicero
3225 5184 3322 5236 pro
3361 5169 3598 5222 Muraena

2005 5256 2160 5297 nexu
2183 5240 2450 5310 obtigare,
2476 5245 2532 5310 et
2569 5237 2712 5308 apud
2731 5237 3100 5310 Tacitum,lib.
3125 5251 3204 5307 HI;
3238 5240 3484 5296 exsoluti
3515 5239 3596 5292 le-

2006 5313 2094 5384 gis
2119 5308 2323 5368 nexus.
2376 5309 2579 5364 Eodem
2613 5308 2893 5384 pertinent,
2927 5310 3019 5366 lea:
3048 5326 3244 5374 nexus,
3277 5317 3331 5362 et
3361 5311 3396 5361 l.
3430 5323 3593 5378 pecu-

2009 5379 2097 5438 nia
2124 5399 2246 5460 quae
2299 5397 2430 5460 pe_r__
2451 5397 2646 5460 nasum
2701 5379 2968 5460 obligatur
3001 5423 3014 5447 ,
3049 5394 3372 5460 nempgper
3423 5394 3600 5460 genus

2009 5448 2887 5527 quoddam‘obligationiscivilis,
2926 5469 3052 5524 qua,
3101 5448 3594 5527 uti’_Budaeus_ait,

2011 5519 2211 5602 60rpus
2237 5541 2392 5600 teque
2437 5519 2599 5601 atque
2642 5523 2841 5605 pignus
2887 5519 3024 5580 nexu
3073 5519 3421 5578 afﬁciebatur.
3455 5519 3595 5581 Ρη.
