4018 6192
433 327 542 388 483

1129 297 1574 365 TERTULLIANI
1611 294 1879 359 OPERUM
1918 284 2083 354 PARS
2123 293 2188 353 Il.
2228 323 2299 337 —
2337 292 2565 354 SERIES
2604 293 2644 358 Ι,
2685 282 3026 352 POLEMIGA.

3617 288 3721 348 484

435 447 589 512 dixit,
623 438 873 500 salutaria
900 450 1020 493 esse
1047 449 1167 506 quae
1200 434 1529 502 praeceperat
1568 422 2030 494 prophetesCrea-
2059 433 2107 511 Α
2132 419 2346 484 Joanni,
2399 420 2762 490 increpaturus
2800 417 2946 489 quod
3001 430 3108 472 non
3154 414 3507 472 credidissent
3540 456 3553 483 ,
3602 417 3726 485 ejus

439 537 589 593 toris.
623 535 754 589 Cum
786 542 916 583 vero
947 523 1078 580 dicit
1111 539 1124 575 :
1167 521 1324 577 Venit
1359 517 1512 572 enim
1555 514 1738 569 Filius
1786 511 2026 567 hominis

437 625 658 680 salvum
695 622 884 690 facere
911 610 1055 685 quod
1076 610 1268 684 periit,
1286 606 1469 674 53,jam
1489 617 1595 657 non
1617 601 1886 657 contendo
1901 614 2026 654 eum

437 711 648 769 venisse
686 685 744 762 ut
765 705 975 761 salvum
1006 699 1205 753 faceret
1232 694 1374 764 quod
1422 690 1671 760 perierat,
1703 687 1857 757 cujus
1903 685 2025 740 fue-

436 809 539 868 rat,
572 807 626 854 et
679 797 764 853 cui
806 791 1036 865 perierat
1073 783 1223 858 quod
1279 782 1486 836 salvum
1539 784 1759 834 venerat
1790 776 1967 830 facere
2009 793 2023 840 ;

436 864 537 945 sed
565 889 619 942 in
651 864 872 940 alterius
900 873 1216 952 quaestionis
1244 869 1473 944 gradum
1499 864 1692 936 dirigo.
1719 866 1794 920 De
1811 864 2027 919 homine

437 979 526 1052 agi
557 978 704 1033 nulla
734 969 995 1030 dubitatio
1025 975 1124 1022 est.
1165 962 1264 1016 Hic
1291 973 1413 1015 cum
1443 973 1507 1011 ex
1535 955 1742 1009 duabus
1774 954 2025 1052 substan-

435 1043 524 1124 tiis
553 1071 780 1128 constet,
811 1079 875 1117 ex
897 1069 1120 1126 corpore
1157 1059 1209 1107 et
1255 1048 1432 1106 anima
1465 1087 1478 1112 ,
1537 1043 1883 1116 quarendum
1942 1051 2024 1096 est

436 1174 502 1212 ex
555 1172 658 1226 qua
696 1147 1012 1208 substantim
1071 1141 1249 1216 specie
1309 1137 1537 1210 periisse
1578 1135 1839 1192 videatur.
1875 1132 1929 1185 Si
1958 1146 2022 1185 ex

435 1218 690 1312 corpore,
728 1254 858 1312 ergo
890 1251 1090 1306 corpus
1121 1229 1371 1304 perierat,
1403 1228 1613 1282 salvum
1670 1221 1797 1276 facit
1860 1218 2024 1275 Filius

433 1308 716 1388 hominist:
747 1308 906 1382 habet
933 1323 1100 1398 igitur
1127 1327 1179 1376 et
1215 1333 1341 1374 caro
1389 1316 1642 1371 salutem.
1670 1310 1727 1366 Si
1759 1316 1812 1364 et
1848 1308 2024 1362 anima

434 1421 687 1493 perierat,
726 1417 917 1471 animm
947 1410 1173 1483 perditio
1203 1404 1363 1461 saluti
1380 1403 1714 1458 destinatur:
1756 1413 1881 1454 caro
1901 1413 2022 1468 qua:

434 1487 540 1564 non
599 1506 788 1578 periit,
839 1503 984 1557 salva
1022 1506 1126 1554 est.
1195 1496 1250 1550 Si
1308 1501 1450 1549 totus
1490 1493 1653 1545 homo
1695 1487 1926 1558 perierat
1956 1502 2023 1539 ex

434 1575 660 1667 utraque
689 1591 1011 1656 substantia,
1045 1596 1190 1643 totus
1234 1585 1398 1638 homo
1455 1581 1630 1634 salvus
1673 1575 1768 1631 ﬁat
1803 1589 2022 1628 necesse

434 1694 542 1755 est;
575 1662 630 1741 et
657 1683 792 1740 elisa
836 1688 918 1736 est
970 1675 1236 1732 sententia
1291 1668 1663 1724 haereticorum
1709 1662 2022 1736 negantium

433 1750 608 1831 carnis
648 1773 894 1828 salutem.
924 1768 1041 1820 Jam
1098 1771 1151 1816 et
1205 1759 1444 1814 Christus
1493 1751 1760 1808 Creatoris
1817 1750 2023 1806 contir-

439 1871 632 1926 matur,
657 1859 749 1928 qui
779 1853 1076 1911 seeundum
1108 1849 1414 1903 Creatorem
1444 1842 1607 1898 totius
1629 1837 1860 1896 hominis
1889 1839 2025 1893 salu-

444 1960 553 2007 tem
580 1951 628 1987 ⁵4
658 1946 1029 2018 pollicebatur.
1065 1941 1364 1996 Servorum
1393 1948 1606 2006 quoque
1638 1930 1908 1999 parabole,
1931 1929 2023 2000 qui

432 2038 735 2095 secundum
783 2032 1045 2088 rationem
1099 2028 1373 2083 foeneiatae
1433 2021 1674 2096 pecuniae
1739 2018 2023 2074 dominicae

433 2127 836 2197 dijudicantur,
882 2121 1124 2191 judicem
1179 2115 1416 2171 ostendit
1474 2114 1640 2167 Deum
1675 2152 1688 2174 ,
1730 2109 1890 2165 etiam
1957 2125 2022 2164 ex

434 2224 585 2288 parte
615 2211 940 2280 severitatis,
979 2225 1086 2264 non
1147 2213 1350 2262 tantum
1399 2204 1779 2265 honorantem,
1839 2214 2023 2254 verum

431 2285 483 2361 et
512 2305 843 2360 auferentem
880 2299 1024 2369 quod
1079 2295 1199 2367 quis
1255 2294 1499 2350 vtdeatur
1538 2287 1806 2344 habuisse.
1838 2287 1947 2341 Aut
1979 2285 2022 2339 si

434 2405 487 2453 et
524 2395 610 2450 hic
641 2394 952 2446 Creatorem
991 2385 1204 2441 ﬁnxerit
1241 2391 1513 2437 austerum
1559 2377 1837 2432 tollentem
1877 2377 2020 2446 quod

433 2500 538 2540 non
569 2480 834 2555 posuerit,
883 2488 936 2532 et
973 2482 1256 2530 metentem
1297 2471 1435 2541 quod
1480 2484 1589 2522 non
1635 2465 1878 2520 severit:
1937 2463 2023 2518 hic

433 2552 645 2644 quoque
677 2552 760 2623 me
791 2568 884 2623 ille
928 2562 1165 2629 instruit,
1198 2562 1354 2630 cujus
1412 2556 1695 2629 pecuniam
1744 2562 1801 2607 ut
1850 2552 2025 2608 {mneo

436 2678 552 2718 rem
581 2661 793 2718 edocet.

941 2793 1166 2853 CAPUT
1219 2787 1532 2846 XXXVIII.

505 2928 720 2986 Sciebat
750 2925 990 2982 Christus
1019 2920 1298 2992 baptisma
1325 2916 1563 2972 Joannis
1596 2909 1857 2984 (Lucam)
1874 2909 2026 2966 unde

434 3024 574 3076 esset
617 3061 630 3084 ,
663 3025 716 3071 et
745 3031 841 3071 cur
889 3010 1040 3083 quasi
1076 3007 1322 3064 nesciens
1367 3003 1778 3074 interrogabat?
1817 3001 2029 3056 Sciebat

2135 517 2249 562 erat
2313 509 2471 576 cujus
2523 514 2921 561 sacramentum
2985 506 3216 560 Joannes
3271 503 3719 572 administrabat,

2135 598 2290 652 Certe
2323 596 2624 652 nolentibus
2669 593 2973 648 renuntiare
3026 593 3154 664 quid
3197 600 3466 662 saperent,
3516 607 3641 646 cum
3671 604 3724 645 et

2136 685 2253 756 ipse
2284 685 2455 740 vicem
2490 683 2734 754 opponit.
2784 685 2856 738 Et
2885 697 2978 753 ego
3025 698 3143 738 non
3171 682 3292 736 dico
3324 680 3469 736 vobis
3507 683 3568 734 in
3618 696 3724 752 qua

2134 777 2345 830 virtute
2363 775 2479 829 haec
2507 773 2656 844 facio
2680 791 2697 839 ;
2726 770 2927 824 malum
2945 785 3039 840 pro
3071 771 3209 824 malo
3222 768 3724 830 reddit57.Reddite

2137 880 2260 935 qua:
2308 862 2539 918 Caesaris
2589 862 2816 928 Caesari,
2868 865 3070 929 etquo:
3105 862 3242 914 sunt
3281 859 3380 914 Dei
3427 859 3550 914 Deo.
3591 855 3724 923 Quae

2134 958 2292 1004 erunt
2319 951 2414 1003 Dei
2444 950 2471 1003 ?
2509 947 2641 1015 Qum
2671 946 2868 1001 similia
2896 955 3022 1002 sunt
3049 946 3269 1001 denario
3299 946 3548 1010 Caesaris,
3599 945 3727 998 ima-

2139 1054 2209 1112 go
2241 1038 2448 1094 scilicet
2484 1048 2536 1091 et
2561 1035 2851 1091 similitudo
2882 1035 3024 1104 ejus.
3065 1034 3349 1091 Hominem
3378 1033 3544 1106 igitur
3573 1034 3724 1089 reddi

2128 1129 2281 1196 jubet
2313 1126 2569 1188 Creatori,
2605 1126 2660 1180 in
2707 1124 2861 1193 cujus
2909 1122 3142 1194 imagine
3195 1130 3246 1178 et
3290 1121 3635 1177 similitudine
3669 1131 3724 1176 et

2133 1214 2350 1271 nomine
2381 1224 2432 1269 et
2451 1213 2680 1269 materia
2709 1227 2996 1283 expressus
3043 1220 3145 1266 est.
3177 1212 3395 1280 Qumrat
3450 1209 3554 1266 sibi
3611 1226 3723 1265 mo-

2132 1313 2312 1360 notam
2341 1304 2484 1358 Deus
2524 1300 2832 1357 Marcionis.
2874 1298 3119 1356 Christus
3171 1299 3450 1355 denarium
3489 1299 3725 1354 hominis

2132 1409 2229 1448 suo
2261 1392 2461 1447 Caesari
2489 1391 2642 1460 jubet
2673 1388 2843 1452 reddi,
2885 1403 2993 1443 non
3031 1390 3210 1444 alieno
3245 1406 3260 1456 ;
3295 1388 3400 1443 nisi
3432 1389 3572 1461 quod
3632 1404 3724 1444 ne-

2131 1497 2282 1538 cesse
2305 1488 2384 1536 est
2414 1479 2505 1551 qui
2533 1494 2692 1534 suum
2729 1477 3007 1532 denarium
3052 1491 3160 1534 non
3202 1477 3363 1533 habet
3395 1479 3528 1548 (57).
3573 1477 3723 1531 Justa

2131 1579 2182 1626 et
2211 1572 2374 1644 digna
2403 1567 2735 1640 praescriptio
2767 1573 2849 1621 est
2885 1566 2938 1620 in
2982 1568 3130 1622 omni
3160 1567 3458 1636 quaestione
3485 1565 3553 1620 ad
3607 1581 3728 1636 pro-

2131 1659 2370 1732 positum
2427 1656 2864 1729 interrogationis
2921 1655 3187 1727 pertinere
3251 1655 3449 1710 debere
3503 1670 3725 1710 sensum

2134 1747 2517 1818 responsionis.
2551 1747 2818 1801 Caeterum
2850 1784 2865 1814 ,
2897 1745 3043 1799 aliud
3092 1743 3413 1812 consulenti,
3446 1743 3588 1797 aliud
3644 1758 3726 1798 re-

2135 1835 2400 1909 spondere
2424 1833 2686 1889 dementis
2711 1843 2809 1890 est.
2843 1831 2987 1899 Quo
3010 1832 3186 1906 magis
3215 1833 3356 1887 absit
3411 1848 3441 1886 a
3483 1831 3723 1896 Christo,

2131 1926 2272 1997 quod
2308 1942 2374 1981 ne
2402 1923 2606 1980 homini
2640 1922 2858 1994 quidem
2895 1920 3172 1978 convenit!
3211 1921 3489 1976 Sadducaai
3529 1937 3726 1976 resur-

2135 2014 2396 2070 rectionis
2455 2017 2770 2085 negatores,
2811 2009 2880 2065 de
2910 2025 2973 2064 ea
3027 2009 3287 2065 habentes
3343 2008 3729 2078 interrogatio-

2136 2119 2281 2170 nem,
2313 2104 2710 2174 proposuerant
2730 2098 2961 2156 Domino
2999 2114 3064 2153 ex
3098 2098 3216 2169 lege
3264 2097 3542 2152 materiam
3597 2114 3727 2150 mu-

2132 2190 2281 2247 lieris
2315 2232 2328 2257 ,
2387 2205 2507 2260 quae
2547 2198 2749 2256 septem
2807 2186 3068 2242 fratribus
3105 2201 3169 2240 ex
3216 2184 3404 2240 ordine
3457 2183 3726 2239 defunctis

2135 2280 2432 2338 secundum
2472 2284 2798 2348 praeceptum
2852 2275 3022 2348 legale
3086 2275 3378 2346 nupsisset,
3411 2273 3564 2342 cujus
3622 2271 3726 2328 viri

2135 2367 2439 2440 deputanda
2466 2365 2692 2422 essetin
2747 2364 3167 2421 resurrectione.
3222 2364 3351 2418 Haec
3394 2362 3493 2416 fuit
3548 2369 3721 2416 mate-

2133 2459 2213 2514 ria
2267 2455 2620 2528 quaestionis,
2671 2455 2784 2509 haec
2827 2453 3126 2509 substantia
3171 2451 3600 2509 consultationis.
3637 2449 3727 2506 Ad

2133 2550 2238 2605 hoc
2283 2546 2631 2617 respondisse
2672 2544 2946 2600 Christum
3001 2559 3222 2601 necesse
3268 2552 3370 2598 est.
3440 2542 3726 2596 Neminem

2135 2636 2328 2703 timuit,
2362 2644 2424 2690 ut
2479 2634 2805 2707 quaestiones
2858 2641 2949 2686 aut
2996 2633 3293 2688 declinasse
3339 2631 3600 2696 videatur,
3631 2637 3727 2686 aut

2134 2744 2230 2797 per
2267 2725 2610 2781 occasionem
2639 2739 2846 2788 earum,
2873 2722 3017 2793 quod
3051 2722 3188 2776 alias
3222 2721 3390 2791 palam
3421 2735 3532 2783 non,
3556 2721 3726 2776 doce-

2135 2817 2225 2870 bat
2283 2808 2706 2871 subostendisse.
2748 2812 3046 2883 Respondit
3075 2811 3256 2884 igitur,
3301 2811 3467 2881 hujus
3497 2807 3726 2882 quidem

2135 2907 2241 2961 cevi
2276 2905 2423 2975 ﬁlios
2469 2903 2696 2960 nubere.
2737 2901 2898 2957 Vides
2937 2916 3098 2972 quam
3126 2901 3450 2969 pertinenter
3494 2899 3560 2954 ad
3597 2914 3725 2954 cau-

2139 3011 2273 3050 sam.
2301 2995 2437 3063 Quia
2465 2995 2531 3048 de
2561 3007 2676 3048 aevo
2705 2999 2930 3049 venturo
2959 2991 3316 3062 quaerebatur,
3376 2988 3432 3043 in
3470 3003 3578 3059 quo
3619 3004 3723 3043 ne-

431 3124 542 3164 non
573 3071 924 3177 responsuros
955 3100 1055 3155 sibi
1086 3096 1403 3161 Pharismos,
1435 3103 1488 3150 et
1508 3109 1607 3149 cur
1638 3093 1835 3148 frustra
1864 3091 2024 3145 inter-
2067 3071 2111 3152 Ε
2142 3086 2334 3140 minem
2364 3083 2572 3138 nubere
2603 3081 2922 3136 deﬁniturus
2951 3081 3019 3146 53,
3043 3077 3365 3149 praestruxit,
3399 3077 3485 3133 hic
3501 3077 3725 3148 quidem

432 3196 657 3269 rogabat
686 3196 714 3248 ἓ)
746 3195 827 3246 An
856 3198 914 3246 ut
933 3205 996 3244 ex
1018 3203 1112 3243 ore
1124 3186 1364 3258 ipsorum
1381 3183 1651 3253 judicaret
1677 3181 1821 3245 illos,
1851 3179 1936 3234 vel
1960 3195 2025 3233 ex

431 3288 595 3344 corde
623 3286 650 3340 ?
684 3283 840 3338 Refer
869 3294 1000 3352 ergo
1031 3287 1084 3333 et
1112 3278 1228 3331 haec
1257 3275 1322 3328 ad
1355 3271 1761 3328 excusationem
1806 3270 2026 3324 Creato-

431 3376 527 3441 ris,
559 3382 611 3431 et
643 3374 712 3429 ad
741 3369 1199 3442 comparationem
1228 3362 1424 3418 Christi
1458 3379 1472 3428 ;
1515 3369 1569 3414 et
1607 3358 1888 3413 considera
1912 3357 2026 3424 jam

430 3464 561 3539 quid
591 3469 906 3519 secuturum
936 3463 1103 3522 esset,
1131 3455 1176 3509 si
1206 3451 1338 3524 quid
1367 3448 1618 3504 Pharisaei
1641 3450 1704 3502 ad
1724 3447 2026 3518 interroga-

431 3536 633 3609 tionem
657 3547 1074 3607 renuntiassent.
1101 3536 1713 3596 Putaillosrenuntiasse
1732 3537 2026 3589 humanum

429 3641 652 3701 Joannis
670 3639 957 3710 baptisma,
985 3634 1164 3689 statim
1185 3629 1453 3701 lapidibus
1472 3626 1590 3682 elisi
1612 3624 1858 3681 fuissent.
1879 3630 2027 3686 Exsi-

430 3741 595 3790 steret
623 3729 785 3797 aliqui
819 3728 1050 3780 Marcion
1081 3722 1130 3758 55
1160 3721 1275 3790 (56)
1304 3717 1562 3772 adversus
1581 3716 2025 3793 Marciqncm,qui

434 3805 606 3877 453
642 3815 879 3868 (liceret:
911 3810 956 3864 Ο
988 3811 1158 3862 Deum
1181 3808 1440 3877 Optimum
1467 3804 1528 3858 lo
1551 3807 1725 3859 Deum
1755 3806 2025 3863 diversum

431 3926 463 3966 a
492 3901 762 3963 Creatoris
793 3897 1053 3967 exemplis
1085 3896 1096 3948 l
1135 3894 1322 3949 Sciens
1373 3908 1609 3964 praeceps
1640 3893 1807 3950 ituros
1846 3896 2023 3950 homi-

431 4013 547 4060 nes,
572 3994 689 4065 ipse
709 3989 831 4045 illos
858 3987 912 4041 in
953 3991 1278 4057 praeruptum
1307 3983 1357 4020 55
1413 3981 1687 4053 imposuit.
1737 3985 1823 4040 Sic
1882 3985 2023 4040 enim

429 4094 481 4142 et
510 4086 577 4139 de
607 4083 882 4142 Creatore,
914 4076 970 4129 in
1022 4073 1229 4128 arboris
1277 4071 1418 4145 lege,
1469 4079 1741 4128 tractatur.
1799 4074 1906 4129 Sed
1960 4076 2026 4130 de

429 4172 580 4231 caelis
611 4170 710 4227 fuit
741 4165 1008 4238 baptisma
1033 4161 1274 4218 Joannis.
1306 4164 1376 4218 Et
1415 4177 1590 4234 quare
1619 4204 1636 4228 ,
1670 4161 1842 4236 inquit
1877 4163 2026 4218 Chri-

429 4273 544 4323 stus
597 4279 714 4321 non
767 4256 1080 4318 credidistis
1111 4253 1213 4312 ei?
1259 4254 1408 4327 Ergo
1459 4254 1554 4326 qui
1581 4255 1731 4311 credi
1787 4259 2024 4314 voluerat

2134 3176 2284 3240 nubi,
2315 3174 2408 3229 ubi
2435 3174 2503 3229 sit
2533 3180 2585 3228 et
2614 3173 2752 3227 mori
2789 3189 2803 3237 ;
2837 3187 2969 3244 quos
2998 3185 3124 3227 vero
3164 3169 3429 3241 dignatus
3463 3169 3538 3224 sit
3581 3169 3725 3224 Deus

2133 3267 2301 3320 illius
2343 3265 2446 3319 wvi
2485 3262 2828 3334 possessione
2873 3265 2926 3316 et
2956 3260 3367 3316 resurrectione
3397 3274 3431 3311 (ι
3458 3257 3717 3322 mortuis,

2133 3371 2314 3427 neque
2342 3352 2567 3416 nubere,
2593 3365 2769 3422 neque
2797 3350 2936 3404 nubi
2957 3365 2972 3418 ς
3008 3350 3140 3420 quia
3169 3363 3272 3404 nec
3299 3347 3571 3402 morituri
3589 3347 3721 3416 jam

2133 3448 2273 3511 sint,
2306 3459 2435 3499 cum
2455 3442 2667 3497 similes
2688 3440 3018 3511 angelorum
3047 3441 3166 3495 sint
3202 3437 3270 3504 59,
3315 3438 3415 3492 Dei
3443 3441 3498 3492 et
3525 3450 3723 3492 res-ur-

2134 3534 2401 3592 rectio-nis
2430 3530 2539 3601 ﬁlii
2569 3530 2734 3600 facti.
2765 3528 2902 3582 Cum
2930 3527 3098 3599 igitur
3134 3542 3328 3582 sensus
3356 3524 3726 3596 responsionis

2134 3641 2242 3681 non
2273 3624 2341 3677 ad
2373 3621 2510 3676 aliud
2543 3619 2611 3674 sit
2663 3618 2978 3688 dirigendus
3010 3659 3025 3684 ,
3057 3633 3219 3689 quam
3263 3619 3330 3671 ad
3387 3615 3724 3686 propositum

2133 3709 2605 3782 interrogationis;
2641 3709 2682 3764 si
2707 3710 2810 3763 hoc
2824 3723 2986 3762 sensu
3007 3705 3575 3778 responsionisJa'rl
3605 3724 3727 3777 pro-

2124 3805 2367 3879 ‘positum
2395 3800 2689 3855 absolvitur
2719 3797 3167 3874 interrogationis,
3204 3813 3310 3853 non
3341 3798 3391 3836 60
3419 3799 3566 3854 aliud
3615 3814 3725 3854 res.

2135 3889 2552 3967 ponsioDomini
2583 3888 2738 3958 sapit,
2762 3903 2920 3960 quam
2966 3903 3073 3958 quo
3131 3889 3357 3958 quaestio
3404 3886 3722 3944 absolvitur.

2133 3985 2308 4041 Habes
2349 3989 2402 4035 et
2439 3986 2680 4049 tempora
2718 3975 3102 4047 permissurum
3130 3985 3182 4032 et
3227 3984 3542 4050 negatarum
3572 3992 3727 4046 nup-

2133 4074 2343 4136 tiarum,
2375 4085 2483 4125 non
2513 4084 2579 4123 ex
2630 4081 2729 4122 sua
2771 4066 3008 4137 prepria,
3059 4065 3151 4122 sed
3208 4082 3272 4122 ex
3310 4067 3730 4122 resurrectionis

2132 4161 2445 4237 quaestione.
2481 4159 2656 4214 Habes
2685 4166 2738 4212 et
2766 4155 2936 4226 ipsius
2969 4155 3376 4213 resurrectionis
3424 4155 3726 4212 conﬁrma-

2136 4259 2359 4327 tionem,
2404 4259 2460 4312 et
2504 4261 2678 4310 totum
2706 4251 2850 4324 quod
2901 4249 3181 4308 Sadducaei
3210 4251 3324 4322 (58)
3375 4247 3728 4306 sciscitaban-

955 4433 983 4456 .
1822 4386 2016 4452 Variae
2047 4392 2358 4462 lectiones.

502 4524 552 4567 53
582 4525 826 4583 Perierat
864 4524 944 4583 al.
977 4522 1025 4561 ⁵4
1057 4519 1294 4577 Salutem
1327 4518 1481 4591 abest
1511 4519 1632 4591 Βία.
1663 4517 1714 4591 ξ⁵
1741 4519 1951 4591 Aliquis
1969 4522 2210 4578 Marcion
2241 4521 2411 4578 Seml.
2436 4516 2604 4591 aliqui
2630 4511 2916 4591 Marcionis
2947 4509 3131 4568 Venet.
3174 4508 3224 4550 ⁵6
3252 4508 3589 4583 Praerupium
3609 4523 3727 4566 ms.

429 4598 480 4640 ⁵⁸
498 4599 698 4658 Malum
728 4597 931 4652 malum
960 4593 1193 4652 reddidit
1222 4595 1382 4648 Pam.
1414 4590 1463 4627 ⁵⁸
1491 4584 1828 4647 Ditiiniturus
1848 4584 1936 4650 al.
1966 4593 2014 4632 59
2043 4595 2199 4651 Fiant
2228 4593 2398 4651 Seml.
2428 4589 2479 4628 θο
2514 4584 2585 4642 At
2613 4586 2740 4642 add.
2771 4584 2897 4641 alii.

1826 4717 2325 4782 Commentarius.

500 4831 619 4916 (56)
641 4830 922 4916 Existeret
943 4826 1134 4916 aliqui
1167 4827 1434 4916 lterc‘ion,
1459 4825 1660 4916 idest,‘
1687 4826 1734 4881 si
1771 4840 2020 4916 emerge-
2055 4839 2100 4916 υ

429 4897 830 4958 τείθχὸπίτθιιιτ
864 4940 876 4963 ,
935 4897 1271 4970 exsurgeret.
1307 4899 1396 4954 Sic
1455 4899 1599 4953 enim
1647 4899 1750 4954 hoc
1795 4897 2022 4970 verbum

426 4973 573 5102 apud
622 4971 934 5027 Ciceronem
980 4968 1363 5038 interpretatur
1419 4970 1690 5026 Asconius
1735 4968 2020 5024 Pedianus.

477 5058 614 5099 neu.
1637 5051 1639 5054 -

501 5116 616 5186 (57)
650 5115 773 5170 Nisi
798 5113 942 5186 quod
962 5129 1181 5171 necesse
1211 5120 1290 5171 est
1326 5158 1339 5183 ,
1371 5116 1472 5187 qui
1514 5130 1682 5171 suum
1720 5111 2024 5187 denarium

427 5184 542 5248 non
583 5184 766 5242 habet.
807 5184 1062 5241 Necesse
1111 5193 1215 5254 est,
1273 5184 1450 5257 inquit
1507 5184 1823 5257 Septimius,
1875 5197 2024 5257 qua)-

429 5277 510 5320 rat
541 5257 644 5314 sibi
674 5266 948 5313 monetam
995 5258 1132 5312 deus
1163 5255 1469 5324 Marcionis,
1529 5256 1622 5326 qui
1659 5271 1827 5326 suum,
1858 5255 2026 5309 dena-

427 5335 569 5392 rium
617 5345 726 5386 non
785 5330 964 5386 habet.
1004 5329 1224 5398 Quaerat
1280 5329 1380 5382 sibi
1437 5324 1710 5398 hominem
1764 5324 2021 5398 alienum,

427 5408 520 5479 qui
550 5400 760 5460 nullum
781 5401 944 5458 habet
970 5394 1152 5472 suum,
1182 5400 1274 5471 qui
1304 5398 1511 5454 nullum
1558 5397 1765 5453 scilicet
1799 5394 2018 5452 creavit.

428 5483 614 5629 R_I(Gti.8)
645 5546 943 5629 Sadducgei
979 5543 1748 5629 resurrectionisnegatores.
1789 5539 2026 5628 Epipha-

427 5607 791 5702 anisi/fdi"
824 5620 916 5690 14)
977 5635 989 5676 :
1050 5615 1319 5688 ἭΟέτησαν
1381 5613 1468 5692 μὲν
1505 5607 1627 5691 ’γὰρ
1664 5607 1798 5671 σῧτοι
1840 5607 2022 5689 ἧεᾶρῶν

2129 4826 2216 4881 τήν
2275 4817 2535 4876 ἀνάστασίν
2560 4858 2575 4882 ,
2623 4816 2766 4888 ὅμοια
2817 4815 3145 4889 Σαμαρείταις
3187 4817 3511 4889 φρονοῦντες-ε
3570 4827 3734 4870 mor-

2134 4902 2366 4954 tuorum
2386 4893 2540 4949 enim
2557 4886 3032 4946 resurrectionem
3061 4889 3362 4959 negarunt,
3385 4886 3578 4943 eadem
3587 4901 3734 4959 cum

2136 4965 2437 5024 Samaritis
2508 4963 2834 5019 sentientes.
2882 4960 3070 5031 Neque
3125 4957 3331 5014 tantum
3376 4957 3736 5031 resurrectio-

2131 5055 2274 5104 nem,
2308 5037 2403 5091 sed
2432 5033 2594 5089 etiam
2632 5031 2825 5086 animae
2853 5029 3309 5104 immortalitatem
3361 5029 3738 5104 sustulerunt,

2132 5118 2192 5163 ut
2223 5100 2446 5165 testatur
2467 5105 2972 5177 Josephus,_Ant-iq.
3009 5100 3284 5177 Jud._lli_b_.
3316 5115 3476 5155 xvm.
3507 5103 3550 5154 Λ
3597 5100 3731 5155 Ι)οέ

2131 5181 2301 5236 sitheo
2354 5171 2704 5250 prOpagatam
2751 5171 3092 5250 fuisse'tumA
3131 5171 3571 5250 sadduCteo‘rum,
3605 5181 3735 5227 tum

2131 5243 2589 5307 Samaritanorum
2623 5246 2849 5302 haeresim
2877 5247 3035 5301 docet
3063 5247 3122 5301 Β.
3167 5243 3340 5311 Hier.,
3371 5245 3516 5300 Dial.
3575 5260 3733 5301 con-

2133 5329 2227 5381 tra
2265 5323 2448 5392 Lael],
2481 5338 2494 5375 :
2527 5341 2553 5371 α
2586 5320 2785 5392 Taceo,
2812 5317 3006 5392 inquit,
3042 5317 3110 5371 de
3139 5314 3400 5392 Judaismi
3429 5314 3730 5392 haereticis,

2131 5395 2373 5466 quiante
2403 5386 2690 5466 adventum
2723 5386 2929 5466 Christi
2943 5386 3145 5466 _legem
3201 5386 3450 5441 traditam
3490 5386 3738 5466 dissipa;

2133 5457 2299 5537 runt;
2370 5465 2514 5537 quod
2561 5461 2895 5538 Dositheus,
2937 5457 3403 5538 Samaritanorum
3442 5457 3732 5538 princeps,

2130 5529 2419 5610 prOphetas
2486 5533 2786 5610 repudiavit
2835 5572 2851 5604 ,
2904 5533 3050 5604 quod
3117 5529 3400 5610 Sadducaei
3454 5546 3519 5610 ex
3575 5529 3738 5586 illius

2131 5602 2314 5672 radice
2367 5602 2650 5669 nascentes
2680 5602 2843 5665 etiam
2872 5602 3318 5664 resurrectionem
3345 5602 3525 5661 carnis
3551 5616 3735 5678 nega-
