3980 6144
269 301 372 376 ᾀ85

1485 303 1610 362 LIB.
1654 301 1719 360 IV
1757 297 1913 362 ADV.
1953 297 2360 364 MARCIONEM.

3463 313 3569 372 486

271 442 366 500 tur,
399 445 512 484 non
539 429 610 482 de
635 429 738 483 alio
769 430 882 483 Deo
928 429 1343 500 interrogantes,
1393 445 1492 486 nec
1530 431 1598 486 de
1647 431 1863 502 proprio
1895 446 1942 524 Α
1977 430 2202 504 gloriam
2252 437 2519 503 Spectaret
2566 429 2760 486 Christi
2815 433 2865 470 63
2913 433 3197 502 Creatoris,
3233 437 3309 494 sic
3357 439 3402 477 δ’·
3461 459 3566 497 non

271 519 574 592 nuptiarum
597 519 723 588 jure
761 529 1077 590 quaerentes.
1113 519 1272 588 Quod
1323 519 1368 576 si
1396 520 1464 574 ad
1503 535 1566 576 ea
1604 519 1738 574 facis
1769 537 1858 576 re-

269 608 542 681 spondere
581 607 876 672 Christum,
926 609 992 663 de
1040 607 1236 680 quibus
1280 624 1388 664 non
1433 617 1516 665 est
1561 610 1857 674 consultus,

269 713 434 770 negas
465 711 588 753 eum
627 695 696 750 de
750 696 950 766 quibus
991 695 1355 770 interrogatus
1393 704 1476 753 est
1529 697 1858 766 respondere

268 785 530 857 potuisse,
581 783 1004 838 Sadducasorum
1051 782 1255 838 scilicet
1310 783 1573 854 sapientia
1618 791 1855 856 captum.

266 874 338 928 Ex
366 871 664 929 abundanti
695 886 840 928 nunc
869 879 922 928 et
963 877 1084 944 post
1133 872 1610 942 praescriptionem,
1653 881 1857 929 retrac-

267 966 386 1020 tabo
441 962 701 1019 adversus
745 960 1241 1031 argumentationes
1295 961 1642 1018 cohaerentes.
1702 963 1857 1019 Nacti

265 1051 404 1108 enim
435 1049 726 1119 Scriptura:
773 1056 995 1115 textum,
1039 1049 1114 1104 ita
1161 1049 1216 1102 in
1255 1049 1483 1122 legendo
1537 1050 1856 1106 decucurre-

263 1147 384 1196 runt
416 1155 430 1195 :
493 1139 638 1206 Quos
675 1141 872 1194 autem
919 1137 1190 1208 dignatus
1222 1141 1306 1194 est
1333 1140 1480 1194 Deus
1509 1139 1672 1193 illius
1711 1139 1815 1194 (eui
1833 1158 1855 1207 ;

263 1229 421 1285 illius
451 1228 560 1284 (ιξυὶ
587 1227 702 1280 Deo
727 1226 1046 1300 adjungunt,
1079 1227 1224 1297 quod
1261 1226 1424 1281 alium
1454 1227 1630 1282 Deum
1659 1226 1855 1282 faciant

259 1319 408 1374 illius
423 1316 558 1386 aevi;
582 1331 704 1371 cum
724 1315 802 1370 sic
819 1315 928 1387 legi
972 1323 1220 1386 oporteat
1243 1331 1256 1368 :
1286 1317 1426 1384 Quos
1445 1320 1638 1372 autem
1659 1315 1855 1387 digna-

263 1410 352 1462 tus
381 1409 470 1462 est
498 1407 664 1472 Deus,
695 1409 756 1458 ut
785 1400 920 1456 facta
975 1401 1064 1456 hic
1092 1402 1440 1457 distinctione
1484 1409 1607 1474 post
1651 1403 1849 1468 Deum,

259 1497 322 1550 ad
349 1492 634 1564 sequentia
653 1489 918 1562 pertineat
945 1489 1107 1546 illius
1144 1490 1267 1556 (eui,
1301 1489 1355 1545 id
1377 1499 1479 1557 est,
1510 1506 1646 1562 quos
1666 1489 1856 1564 digna-

259 1593 342 1640 tus
371 1583 442 1636 sit
463 1583 635 1648 Deus,
660 1579 804 1634 illius
843 1579 944 1634 aevi
983 1579 1320 1649 possessione
1359 1587 1414 1634 et
1443 1579 1851 1636 resurrectione.

259 1674 374 1729 Non
395 1673 544 1728 enim
577 1671 642 1724 de
671 1669 809 1738 Deo,
840 1670 938 1724 sed
970 1669 1038 1723 de
1067 1677 1206 1724 statu
1235 1669 1378 1724 illius
1407 1669 1508 1726 aevi
1533 1669 1856 1726 consuleba-

1973 519 2110 572 alius
2133 525 2391 586 tueretur,
2417 534 2580 590 quam
2611 519 2855 575 Christus
2884 521 3174 578 Creatoris.

2503 607 2727 664 CAPUT
2765 609 3033 664 XXXIX.

2041 695 2178 752 Olim
2205 697 2356 766 (Luc.
2381 699 2502 764 xm)
2533 697 2778 753 constitit
2805 698 2873 754 de
2905 699 3186 756 nominum
3219 705 3562 774 preprietate,

1967 792 2020 840 et
2049 785 2196 841 illam
2218 795 2524 858 competere
2551 787 2618 852 6⁵,
2653 787 2744 858 qui
2791 788 2938 858 prior
2989 800 3043 844 et
3087 791 3356 846 Christum
3408 813 3566 851 suum

1965 872 2020 927 in
2065 873 2312 930 homines
2366 875 2726 946 annuntiaret,
2756 883 2808 930 et
2859 877 3040 932 Jesum
3094 881 3562 938 transnominaret.

1965 963 2243 1019 Constabit
2271 963 2448 1035 itaque
2482 972 2534 1020 et
2581 963 2646 1018 de
2676 964 3011 1034 impudentia
3042 965 3180 1034 ejus,
3226 967 3316 1038 qui
3355 971 3564 1027 multos

1966 1049 2106 1104 dicat
2137 1055 2402 1108 venturos
2432 1051 2494 1105 in
2513 1052 2746 1108 nomine
2766 1055 2978 1124 ipsius;
3000 1053 3146 1124 quod
3163 1071 3270 1110 non
3287 1056 3357 1111 sit
3376 1059 3563 1128 ipsius,

1965 1139 2012 1192 si
2041 1153 2148 1194 non
2180 1139 2430 1193 Christus
2452 1147 2503 1194 et
2527 1139 2684 1194 Jesus
2713 1141 2984 1198 Creatoris
3013 1153 3116 1210 est,
3148 1145 3213 1199 ad
3235 1161 3391 1216 quem
3431 1163 3564 1218 pro-
3663 1155 3666 1158 ’

1967 1227 2162 1298 prietas
2203 1228 2484 1284 nominum
2541 1229 2810 1300 pertinet;
2872 1231 3127 1301 amplius,
3173 1240 3227 1287 et
3283 1234 3568 1306 prohibeat

1965 1331 2060 1370 eos
2089 1314 2278 1388 recipi,
2303 1331 2536 1386 quorum
2567 1325 2621 1370 et
2658 1317 2776 1387 ipse
2807 1334 2904 1388 par
2930 1318 3018 1384 sit,
3053 1321 3222 1392 utqui
3255 1323 3480 1392 proinde
3509 1325 3566 1380 in

1963 1403 2180 1458 nomine
2216 1403 2360 1460 venit
2391 1404 2586 1472 alieno,
2621 1404 2670 1458 si
2705 1421 2816 1460 non
2849 1405 3022 1476 ipsius
3057 1419 3172 1464 erat
3213 1426 3244 1463 a
3283 1413 3565 1471 mendacio

1962 1492 2199 1548 nominis
2229 1493 2523 1563 praevenire
2549 1493 2864 1563 discipulos,
2897 1496 2990 1568 qui
3039 1513 3137 1566 per
3178 1501 3564 1570 proprietatem

1965 1579 2196 1634 nominis
2225 1579 2538 1649 possidebat
2573 1581 2854 1636 veritatem
2885 1583 3020 1652 ejus,
3067 1586 3294 1643 Venient
3326 1589 3563 1662 denique

1967 1670 2079 1738 illi,
2105 1669 2350 1726 dicentes
2375 1687 2392 1722 :
2427 1671 2536 1740 Ego
2566 1685 2696 1724 sum
2729 1671 3004 1726 Christus.
3041 1673 3289 1744 Recipies
3318 1693 3433 1746 eos,
3463 1680 3556 1752 qui

263 1773 365 1828 tur,
413 1763 572 1832 cujus
615 1773 754 1813 uxor
781 1757 956 1814 futura
996 1765 1137 1812 esset
1169 1767 1291 1828 post
1321 1759 1774 1815 resurrectionem
1807 1759 1861 1814 in
1895 1739 1938 1816 Β
1969 1757 2302 1815 consimilem
2325 1739 2596 1828 recepisti.
2629 1758 2698 1812 Et
2723 1758 2809 1814 hic
2837 1759 2978 1814 enim
3007 1759 3062 1814 in
3091 1739 3306 1819 nomine
3335 1739 3432 1822 suo
3469 1739 3565 1824 ve-

272 1855 358 1910 illo
387 1867 515 1906 aevo.
548 1849 638 1906 Sic
665 1855 720 1904 et
751 1847 817 1904 de
844 1847 978 1918 ipsis
1008 1847 1212 1918 nuptiis
1255 1863 1576 1921 responsum
1619 1849 1852 1904 subver-

273 1949 390 1998 tunt
420 1959 434 1995 :
471 1942 528 1998 Ut
551 1938 664 2008 ﬁlii
683 1939 850 2010 hujus
873 1938 976 1994 (cui
995 1937 1218 1993 nubunt
1237 1939 1293 1994 et
1321 1935 1646 2005 nubuntur,
1677 1936 1742 1990 de
1763 1937 1856 1991 ho-

269 2029 500 2088 minibus
533 2029 738 2084 dictum
782 2033 862 2082 est
897 2026 1189 2095 Creatoris,
1227 2025 1416 2096 nuptia
1470 2024 1852 2097 permittentis,

259 2139 316 2179 se
345 2131 533 2175 autem
565 2131 704 2190 quos
733 2117 878 2172 Deus
897 2115 1042 2170 illius
1073 2115 1196 2184 invi,
1227 2114 1369 2170 alter
1397 2113 1619 2178 scilicet,
1657 2113 1853 2186 digna-

255 2221 342 2268 tus
380 2209 452 2264 sit
471 2205 885 2272 resurrectione,
913 2205 1030 2274 jam
1078 2213 1132 2260 et
1177 2204 1267 2259 hic
1309 2217 1420 2259 non
1449 2205 1671 2272 nubere,
1729 2202 1856 2274 quia

255 2315 364 2358 non
391 2299 502 2353 sint
545 2293 640 2350 ﬁlii
683 2293 842 2362 hujus
880 2292 1026 2350 aevi:
1076 2291 1295 2364 quando
1346 2291 1415 2347 de
1449 2291 1650 2364 nuptiis
1707 2289 1856 2347 illius

257 2389 356 2447 aevi
383 2384 688 2452 consultus,
712 2397 822 2440 non
851 2383 917 2438 de
945 2383 1125 2452 hujus,
1156 2397 1248 2438 eas
1294 2389 1583 2454 negaverat
1625 2381 1692 2436 de
1730 2381 1854 2453 qui-

259 2480 354 2536 bus
381 2475 788 2535 consulebatur.
819 2474 1002 2547 Itaque
1028 2472 1124 2546 qui
1167 2472 1340 2544 ipsam
1369 2475 1478 2528 vim
1521 2479 1573 2527 et
1614 2471 1762 2528 vocis
1803 2481 1854 2528 et

257 2565 706 2644 pronuntiationis
771 2569 826 2620 et
901 2559 1278 2619 distinctionis
1310 2571 1651 2633 exceperant,
1723 2562 1856 2619 nihil

259 2661 402 2718 aliud
429 2661 738 2721 senserunt,
771 2667 932 2724 quam
967 2653 1112 2724 quod
1158 2653 1226 2706 ad
1265 2651 1541 2708 materiam
1590 2655 1854 2709 consulta-

257 2751 414 2808 tionis
473 2744 791 2817 pertinebat.
853 2744 1028 2814 Atque
1069 2741 1206 2796 adeo
1253 2740 1442 2796 scribas
1491 2761 1504 2798 :
1566 2742 1850 2814 Magister,

252 2838 522 2912 inquiunt,
564 2835 698 2889 bene
743 2832 964 2888 dixisti.
1018 2829 1438 2886 Conﬁrmaverat
1493 2829 1632 2886 enim
1663 2846 1852 2886 resur-

255 2929 574 2994 rectionem,
601 2926 826 2979 formam
845 2925 962 2992 ejus
991 2919 1203 2976 edendo
1233 2920 1494 2977 adversus
1522 2919 1848 2977 Sadducaeo-

255 3035 372 3076 rum
421 3014 762 3087 opinionem.
803 3009 1050 3080 Denique
1115 3007 1483 3064 testimonium
1529 3023 1714 3064 eorum
1755 3010 1846 3080 qui
1883 3031 1926 3110 ο

253 3110 330 3164 ita
355 3121 482 3162 eum
513 3100 856 3173 respondisse
888 3105 1359 3170 praesumpserant,
1409 3112 1514 3153 non
1563 3100 1846 3156 recusavit.

255 3198 312 3255 Si
342 3207 521 3252 autem
553 3191 754 3247 Scriba:
807 3189 1080 3246 Christum
1139 3186 1307 3242 ﬁlium
1363 3187 1537 3242 David
1577 3189 1850 3246 existima-

253 3288 400 3355 bant,
463 3285 578 3354 ipse
615 3288 792 3336 autem
840 3278 1012 3334 David
1068 3276 1361 3332 Dominum
1399 3292 1522 3332 eum
1580 3278 1845 3350 appellat;

247 3377 376 3451 quid
419 3375 524 3430 hoc
553 3372 618 3427 ad
650 3368 964 3426 Christum?
1011 3367 1132 3424 Non
1169 3366 1340 3426 David
1369 3381 1607 3424 errorem
1637 3369 1849 3426 Scriba-

249 3482 370 3522 rum
407 3465 526 3537 (59)
559 3460 911 3526 obtundebat,
959 3458 1055 3514 sed
1111 3459 1370 3514 honorem
1416 3456 1628 3515 Christo
1674 3459 1846 3516 David

247 3555 595 3629 procumbat,
626 3567 790 3624 quem
809 3548 1100 3606 Dominum
1127 3547 1400 3604 Christum
1416 3547 1464 3586 δι
1486 3547 1660 3620 magis
1685 3565 1844 3621 quam

249 3645 420 3701 ﬁlium
453 3641 626 3698 David
657 3639 1045 3706 confirmabat;
1082 3636 1228 3708 quod
1245 3651 1354 3692 non
1385 3645 1710 3709 congrueret
1752 3639 1848 3693 de—

247 3733 504 3792 structori
532 3731 826 3786 Creatoris.
858 3729 930 3782 At
958 3743 1026 3782 ex
1056 3734 1240 3782 nostra
1285 3735 1460 3797 parte,
1507 3742 1666 3797 quam
1723 3743 1850 3786 con-

247 3825 476 3882 veniens
507 3819 678 3877 -155
710 3819 1081 3889 interpretatio
1109 3819 1119 3872 ι
1151 3817 1286 3872 Nam
1331 3815 1424 3888 qui
1467 3815 1595 3872 olim
1635 3833 1667 3871 a
1703 3833 1846 3874 caeco

247 3915 339 3972 illo
401 3911 550 3968 ﬁlius
590 3909 764 3968 David
811 3909 989 3964 fuerat
1016 3907 1314 3975 invocatus,
1345 3903 1492 3976 quod
1547 3912 1674 3962 tunc
1717 3905 1847 3962 reti-

243 4007 376 4070 cuit,
409 4019 524 4060 non
561 4001 763 4056 habens
805 3998 858 4052 in
907 3995 1190 4069 praesentia
1244 3995 1464 4060 scribas,
1514 4011 1661 4052 nunc
1706 3995 1846 4052 ultro

246 4112 430 4154 coram
461 4094 541 4149 eis
568 4093 636 4148 de
667 4087 932 4145 industria
960 4085 1184 4158 protulit
1214 4102 1229 4140 :
1265 4093 1327 4142 ut
1354 4099 1433 4157 se,
1467 4101 1626 4156 quem
1669 4099 1847 4142 etecus

244 4185 556 4244 secundum
583 4182 884 4238 scribarum
911 4179 1208 4234 doctrinam
1246 4175 1416 4230 filium
1473 4183 1678 4230 tantum
1734 4177 1842 4230 Da-

245 4277 338 4334 vid
375 4273 727 4348 praedicarat,
758 4269 1044 4325 Dominum
1075 4281 1289 4339 quoque
1345 4266 1463 4335 ejus
1501 4263 1850 4332 ostenderet;

1963 1846 2061 1901 nit.
2083 1845 2222 1914 Quid
2254 1862 2402 1902 nunc
2432 1847 2574 1916 quod
2613 1853 2667 1900 et
2707 1846 2825 1918 ipse
2853 1849 3032 1904 veniet
3063 1853 3336 1906 nominum
3369 1855 3560 1911 Domi-

1961 1949 2065 1989 nus
2094 1933 2338 1990 Christus
2369 1937 2420 1988 et
2460 1933 2509 1971 δδ
2527 1933 2686 1988 Jesus
2713 1933 3032 1991 Creatoris?
3079 1935 3316 2006 Rejicies
3361 1941 3512 1996 illum
3535 1947 3563 2000 ‘I

1961 2025 2028 2080 Et
2050 2039 2208 2096 quam
2239 2021 2504 2094 iniquum,
2531 2039 2695 2094 quam
2745 2023 3032 2094 injustum,
3082 2033 3133 2080 et
3181 2026 3386 2097 Optimo
3445 2031 3561 2088 Deo

1961 2113 2264 2186 indignum,
2313 2123 2370 2168 ut
2398 2128 2504 2168 non
2543 2112 2770 2184 recipias
2799 2129 2924 2170 eum
2965 2115 3020 2170 in
3065 2115 3282 2172 nomine
3339 2135 3439 2176 suo
3471 2137 3561 2178 ve-

1960 2205 2216 2270 nientem,
2241 2201 2332 2275 qui
2361 2202 2520 2258 alium
2542 2202 2590 2240 57
2607 2203 2665 2256 in
2687 2203 2905 2260 nomine
2936 2206 3054 2275 ejus
3069 2207 3318 2276 recepisti
3337 2209 3348 2264 l
3375 2209 3562 2266 Videa-

1962 2311 2085 2352 mus
2116 2303 2170 2350 et
2195 2309 2316 2365 quae
2333 2293 2487 2368 signa
2503 2293 2836 2364 temporibus
2863 2295 3120 2366 imponat,
3147 2297 3322 2366 Bella,
3343 2299 3556 2370 Opinor,

1963 2391 2018 2444 et
2047 2401 2284 2456 regnum
2311 2398 2481 2456 super
2510 2400 2764 2456 regnum.
2791 2389 2848 2440 et
2873 2389 3096 2456 gentem
3118 2402 3288 2458 super
3313 2393 3557 2462 gentem,

1963 2481 2022 2533 et
2031 2478 2272 2550 pestem,
2297 2477 2354 2529 et
2369 2475 2572 2544 fames,
2599 2479 2873 2546 terraeque
2892 2480 3098 2542 motus,
3123 2481 3180 2532 et
3197 2477 3556 2548 formidines,

1961 2570 2016 2624 et
2041 2565 2298 2637 prodigia
2330 2562 2395 2620 de
2413 2564 2549 2619 caelo
2571 2582 2590 2632 ;
2611 2579 2730 2634 quae
2752 2562 2936 2618 omnia
2953 2579 3142 2622 severo
3171 2571 3225 2620 et
3254 2571 3420 2624 atroci
3441 2570 3560 2626 Deo

1962 2662 2270 2724 congruunt
2289 2651 2354 2705 σε.
2378 2651 2503 2706 Haec
2530 2667 2652 2706 cum
2681 2650 2866 2720 adjicit
2883 2652 2932 2690 69
2945 2652 3103 2707 etiam
3136 2662 3389 2725 Oportere
3417 2655 3558 2725 ﬁeri,

1959 2759 2116 2817 quem
2155 2759 2212 2798 se
2238 2749 2478 2813 prastat,
2509 2740 2897 2796 destructorem
2927 2757 2996 2796 an
3019 2743 3360 2812 probatorem
3393 2746 3560 2802 Crea-

1961 2833 2138 2889 toris?
2167 2833 2324 2902 cujus
2351 2830 2733 2902 dispositiones
2762 2829 3044 2888 conﬁrmat
3083 2831 3296 2904 impleri
3343 2844 3562 2907 oporte-

1955 2939 2038 2992 re,
2095 2936 2230 2992 quas
2278 2928 2336 2976 ut
2383 2920 2622 2992 Optimus
2673 2927 2777 2975 tam
2825 2919 3006 2976 tristes
3055 2937 3216 2994 quam
3260 2925 3310 2962 70
3347 2933 3559 2982 atroces

1953 3010 2264 3067 abstulisset
2321 3009 2503 3079 potius
2543 3026 2706 3081 quam
2753 3011 3142 3082 constituisset,
3175 3014 3222 3068 si
3250 3030 3358 3070 non
3389 3015 3559 3088 ipsius

1956 3099 2206 3155 fuissent.
2231 3098 2374 3153 Ante
2405 3097 2522 3152 haec
2549 3105 2726 3152 autem
2757 3101 3164 3168 persecutiones
3196 3103 3273 3158 eis
3303 3105 3560 3174 praedicat

1956 3195 2010 3245 et
2048 3187 2330 3260 passiones
2359 3195 2637 3254 venturas,
2671 3185 2725 3240 in
2753 3187 3070 3259 martyrium
3100 3191 3285 3262 utique
3311 3203 3364 3248 et
3393 3193 3449 3248 in
3475 3209 3559 3249 sa-

1955 3277 2142 3332 lutem.
2193 3275 2392 3346 Accipe
2423 3273 2774 3346 praedicatum
2833 3276 2888 3332 in
2942 3277 3196 3333 Zacliaria
3243 3279 3346 3349 (ιιι,
3418 3281 3554 3352 15);

1954 3369 2249 3432 Dominus,
2271 3365 2462 3438 inquit,
2485 3368 2842 3438 omnipotens
2869 3370 3126 3439 proteget
3154 3384 3283 3437 eos;
3311 3375 3366 3426 et
3387 3363 3558 3428 1156

1953 3461 2286 3514 consument
2315 3456 2462 3518 illos,
2497 3459 2552 3512 et
2588 3455 2920 3528 lapidabunt
2953 3457 3230 3528 lapidibus
3259 3459 3476 3530 fundat.
3500 3463 3557 3516 et

1955 3547 2138 3603 bibent
2158 3546 2498 3616 sanguinem
2517 3543 2754 3600 illorum
2770 3545 2926 3601 velut
2947 3545 3159 3613 vinum,
3185 3549 3240 3602 et
3259 3547 3558 3620 replebant

1949 3639 2181 3708 pateras
2210 3635 2372 3706 quasi
2403 3633 2688 3704 altaris“;
2711 3637 2767 3688 et
2787 3635 2966 3690 salvos
2983 3651 3071 3692 eos
3091 3636 3266 3706 faciet
3281 3638 3556 3694 Domi-nus

1953 3726 2056 3780 illo
2084 3723 2192 3790 die,
2225 3724 2382 3780 velut
2409 3739 2552 3788 oves,
2584 3723 2856 3794 populum
2887 3739 3078 3788 suum,
3102 3726 3232 3796 quia
3255 3726 3304 3764 72
3347 3727 3556 3798 lapides

1951 3815 2140 3872 sancti
2159 3814 2438 3870 volutant.
2455 3813 2521 3868 Et
2541 3827 2606 3867 ne
2626 3819 2783 3884 putes
2797 3812 2914 3868 haec
2931 3812 2982 3866 in
3007 3813 3284 3883 passiones
3306 3816 3558 3886 praedica-

1953 3905 2021 3976 ri,
2043 3919 2162 3977 quae
2185 3904 2301 3958 illos
2330 3912 2408 3958 tot
2428 3901 2702 3958 bellorum
2723 3902 2939 3958 nomine
2959 3903 3028 3957 ab
3051 3901 3340 3976 a110phylis
3360 3920 3552 3961 mane-

1955 3993 2103 4058 bant,
2135 3991 2346 4064 reSpice
2391 3990 2460 4046 ad
2480 3991 2710 4064 species.
2739 3993 2910 4048 Nemo
2940 3991 3000 4046 in
3031 3993 3408 4064 praedicatione
3439 3996 3556 4050 bel-

1951 4079 2124 4136 lorum
2155 4079 2410 4150 legitimis
2455 4079 2622 4135 armis
2663 4079 3124 4148 debellandorum,
3171 4082 3553 4153 lapidationem

1959 4178 2233 4225 enumerat
2262 4167 2619 4240 popularibus
2663 4169 2892 4225 coetibus
2934 4169 3105 4244 magis
3143 4177 3196 4226 et
3239 4171 3434 4228 inermi
3467 4179 3552 4228 tu-

1957 4255 2150 4312 multui
2176 4254 2510 4311 familiarem.
2539 4258 2710 4312 Nemo
2739 4265 2880 4311 tanta
2907 4257 2962 4312 in
2983 4258 3127 4312 bello
3148 4258 3428 4330 sanguinis
3449 4258 3554 4316 ﬂu-

865 4357 970 4414 ﬁde
995 4325 1146 4424 caeci,
1179 4325 1288 4427 qua
1317 4325 1486 4409 tilium
1515 4353 1688 4411 David
1717 4325 1849 4410 cre-'
1875 4325 1922 4404 Π
1953 4347 2098 4403 mina
2125 4354 2432 4418 paterarum
2460 4346 2747 4433 capacitate
2793 4347 3032 4417 metitur,
3082 4355 3175 4403 aut
3221 4325 3387 4405 unius
3421 4349 3553 4406 alta-

245 4453 458 4510 diderat
487 4451 678 4515 illum;
711 4449 920 4521 pulsata
937 4463 1068 4505 vero
1097 4444 1386 4502 traditione
1424 4442 1474 4481 δ²
1511 4442 1840 4508 Scribarum,

243 4559 360 4616 qua
388 4558 502 4599 non
529 4549 582 4599 et
619 4541 913 4597 Dominum
954 4553 1075 4594 eum
1111 4544 1324 4595 norant.
1370 4531 1747 4605 Quodcunque
1775 4531 1843 4586 ad

1953 4435 2029 4493 ris
2065 4433 2424 4493 cruentationi
2473 4434 2524 4473 '13
2563 4432 2828 4506 adaequat.
2891 4435 3069 4490 Nemo
3135 4450 3267 4492 oves
3321 4439 3556 4510 appellat

1951 4541 2046 4582 eos
2075 4525 2166 4598 qui
2205 4521 2262 4579 in
2289 4523 2430 4580 bello
2456 4522 2668 4589 armati,
2701 4531 2756 4580 et
2799 4521 2904 4595 ipsi
2950 4530 3002 4579 et
3049 4521 3098 4563 7"
3138 4524 3326 4582 eadem
3369 4527 3550 4584 ferita-

1627 4670 1824 4734 Variae
1859 4671 2172 4734 lectiones.

315 4791 364 4834 61
397 4791 672 4850 Christum
724 4789 878 4846 abest
907 4787 1037 4844 Par.
1065 4787 1236 4842 Fran.
1266 4783 1318 4822 62
1347 4779 1706 4839 Traductione
1733 4780 1812 4835 al.
1844 4775 2119 4850 63Ch‘risti
2141 4775 2474 4850 omitt.]un.
2505 4772 2555 4850 ἢ
2583 4773 2674 4850 Si_
2701 4771 2891 4850 Venet.
2926 4771 2976 4814 6⁵
3036 4771 3202 4832 Olim.
3229 4789 3284 4850 7c.
3313 4771 3368 4850 d.
3401 4789 3458 4850 ῃ,
3490 4789 3548 4848 p.

239 4869 296 4924 ei
321 4867 360 4923 i.
392 4881 444 4924 c.
493 4867 671 4922 inser.
705 4863 898 4935 Rig.et_
919 4862 1010 4935 al._
1027 4875 1064 4932 p

1070 4861 1320 4914 ost.e-um
1341 4872 1369 4913 e
1399 4855 1520 4912 cod.
1561 4854 1767 4911 Wouw.
1802 4851 1854 4889 55
1883 4848 2127 4905 Christus
2157 4854 2211 4903 et
2258 4849 2450 4905 omitt.
2489 4847 2706 4906 Oberth.
2735 4847 2782 4886 67
2810 4847 3064 4902 Alienum
3101 4849 3285 4905 Paris.
3317 4847 3368 4886 6⁸
3410 4847 3551 4904 Con-

237 4918 443 5010 5.1m;
488 4918 672 4996 venat.
705 4918 756 4974 δέ
773 4918 927 4989 Dicit
955 4918 1046 4991 at:
1083 4931 1135 4970 το
1161 4930 1292 4986 Tam
1322 4929 1456 4986 Jun.
1521 4925 1688 4996 Quasi
1718 4933 1929 4996 pateras
1958 4921 2110 4977 altari
2138 4923 2307 4980 Fran.
2339 4920 2388 4959 ’³2
2417 4918 2520 4988 Qui
2573 4920 2743 4979 Seml.
2774 4920 2826 4960 73
2863 4919 3248 4978 Cruentatione
3293 4922 3454 4978 Pam.
3503 4920 3550 4962 Ἠ

236 5015 304 5074 Et
330 5019 470 5076 Jun.

1636 5069 1842 5136 Comm
1852 5069 2136 5134 entarius.

237 5205 452 5254 verunt.
487 5217 512 5247 ι
549 5195 692 5252 Dicti
741 5199 870 5250 sunt
921 5185 1204 5246 Sadducaai
1249 5201 1281 5241 a
1325 5181 1541 5254 Sadolto
1587 5177 1842 5254 Antigoni

237 5253 508 5341 discipulo
540 5287 554 5334 ;
613 5268 672 5341 is
717 5275 926 5341 ειιιιοτηΔ
963 5253 1612 5341 Antigonus‘discipulus
1645 5253 1842 5341 rt'uerat

236 5326 510 5399 Sime‘onis
535 5326 699 5407 justi,
731 5347 794 5394 ut
837 5333 1072 5392 refertur
1095 5326 1158 5386 in
1201 5329 1358 5386 Pirke
1403 5326 1585 5394 avoth,
1631 5340 1751 5396 cap.
1788 5326 1838 5377 1.

229 5413 440 5558 LEl
451 5485 572 5544 Non
589 5483 766 5542 David
779 5495 1030 5540 errorem
1049 5476 1398 5558 scribarum.
1411 5472 1492 5558 l‘te
1511 5485 1600 5558 res
1617 5465 1844 5558 confuse

227 5544 552 5626 tractentur,
581 5558 978 5616 advertendum
999 5565 1084 5612 est
1099 5551 1409 5609 Scribarum
1427 5547 1537 5602 duo
1559 5544 1723 5600 fuisse
1751 5553 1844 5612 ge-

1952 5191 2104 5242 nera,
2150 5173 2246 5248 alii
2279 5171 2424 5248 enim
2447 5173 2749 5248 yipappdutg
2779 5177 2878 5248 τοῦί
2897 5175 3047 5246 νόμω
3077 5170 3348 5248 castitere,
3384 5181 3436 5230 et
3463 5169 3557 5229 alii

1951 5247 2257 5330 “appetiit;
2284 5247 2426 5302 λαοῦ.
2460 5245 2666 5304 Scriba:
2686 5245 3144 5330 ‘populi‘actuari’i
3163 5245 3278 5302 sive
3308 5254 3558 5330 auctores

1949 5317 2157 5400 publici
2187 5317 2427 5400 fpernnt,
2476 5334 2651 5400 neque
2682 5326 2860 5400 tamen
2890 5318 3161 5400 haretici;
3197 5332 3329 5397 cum
3351 5323 3557 5400 certum

1951 5385 2020 5522 ἐξ
2042 5392 2177 5522 alites
2199 5389 2367 5520 fIt)iisse
2395 5385 2707 5452 haereticos.
2727 5389 2941 5450 Videsis
2960 5389 3294 5462 Scaligerum
3315 5387 3370 5444 in
3397 5385 3558 5442 Eleu-

1951 5481 1982 5522 c
2019 5480 2074 5522 ο.
2147 5479 2181 5522 ε
2253 5480 2309 5522 tt.

1949 5479 2074 5526 οηο.
2103 5479 2181 5522 με
2213 5479 2309 5524 ιἰι.
