4018 6192
416 358 521 416 48⁸1

1110 344 1551 408 TERTULLIANI
1589 338 1859 403 OPERUM
1900 339 2063 399 PARS
2102 337 2165 397 II.
2209 368 2279 381 —
2316 336 2547 396 SEBIES
2584 337 2625 411 Ι,
2667 336 3000 397 POLEMICA.

3598 336 3706 395 488

414 484 466 531 te
494 480 765 531 certantes
793 471 1026 535 cadunt;
1055 469 1150 524 sed
1182 468 1276 540 qui
1306 468 1360 522 in
1406 481 1502 522 sua
1531 466 1863 539 proprietate
1914 470 2001 518 at-
2034 480 2081 558 Α
2114 463 2197 533 (ιι,
2229 462 2320 532 30)
2353 479 2366 515 :
2399 461 2465 515 Et
2497 461 2632 517 dabo
2654 461 2916 534 prodigia
2942 464 3003 516 in
3035 460 3170 517 caelo
3195 463 3258 558 et
3282 463 3543 558 interra,
3578 477 3710 516 san-

414 578 518 635 que
545 559 817 633 patientia,
840 558 1097 614 dedentes
1114 559 1296 628 potius
1324 556 1663 627 semetipsos,
1689 572 1854 630 quam
1886 558 2007 614 vin-

415 652 654 706 dicautes
728 648 1080 703 trucidantur.
1158 645 1423 716 Denique,
1482 650 1611 716 quia
1667 648 1716 684 ἰδ
1773 650 2006 724 lapides,

416 740 612 813 inquit,
636 741 822 795 sancti
842 738 1108 793 volutant
1141 736 1275 807 (60),
1301 751 1408 789 non
1440 736 1569 807 quia
1598 736 1647 773 76
1674 739 1870 796 milites
1901 761 2006 815 pu-

416 838 600 904 gnant.
634 829 861 900 Lapides
891 827 1034 882 enim
1064 834 1188 881 sunt
1215 833 1269 879 et
1295 824 1663 893 fundamenta,
1697 844 1860 902 super
1887 850 2007 907 quae

416 935 516 975 nos
573 917 897 973 aedificantur
946 933 959 970 :
1046 917 1349 983 exstructi,
1409 916 1704 972 secundum
1781 919 2006 978 Paulum

415 1005 639 1078 (Ephes.
700 1020 762 1074 ιι,
810 1005 923 1075 2t),
982 1019 1153 1075 super
1219 1003 1668 1074 fundamentum
1731 1012 2009 1080 apostolo-

415 1111 567 1159 rum,
611 1095 703 1164 qui
750 1092 956 1164 lapides
993 1091 1163 1148 sancti
1192 1091 1423 1163 oppositi
1480 1094 1717 1149 omnium
1777 1097 2010 1154 offensui

415 1185 751 1241 volutabant.
844 1183 912 1236 Et
974 1181 1062 1236 hic
1117 1180 1282 1252 igitur
1363 1179 1481 1250 ipse
1553 1189 1699 1239 vetat
1762 1187 2009 1258 cogitari,

417 1270 543 1342 quid
585 1268 908 1340 responderi
945 1274 1196 1341 oporteat
1249 1267 1391 1339 apud
1444 1268 1756 1344 tribunalia,
1813 1275 1908 1345 qui
1959 1283 2012 1330 et

412 1358 629 1414 Balaam
686 1357 734 1395 τι
818 1359 964 1428 quod
1049 1370 1159 1410 non
1251 1356 1605 1428 cogitaverat,
1681 1358 1791 1416 imo
1876 1377 2010 1418 con—

419 1454 501 1501 tra
570 1460 732 1518 quam
814 1445 1145 1518 cogitaverat
1220 1445 1498 1516 suggessit
1580 1446 1772 1516 (Num.
1848 1452 2009 1522 χχιι),

416 1542 471 1592 et
510 1534 684 1607 Moysi
716 1541 931 1589 causato
969 1534 1173 1606 linguae
1204 1533 1529 1602 tarditatem,
1560 1549 1621 1589 os
1660 1538 2008 1609 repromisit;

415 1630 473 1681 et
501 1625 847 1697 sapientiam
864 1626 1064 1695 ipsam,
1094 1624 1188 1678 cui
1202 1633 1363 1677 nemo
1386 1623 1688 1690 resisteret,
1708 1640 1803 1695 per
1821 1626 2009 1683 Isaiam

412 1716 583 1783 (μιν,
616 1715 672 1782 5)
718 1709 1139 1767 demonstravit:
1187 1711 1285 1764 Hic
1324 1708 1473 1764 dicet
1513 1729 1531 1764 :
1561 1713 1669 1783 Ego
1716 1714 1818 1771 Dei
1860 1732 2007 1785 sum,

2111 553 2336 622 guinem
2357 555 2412 608 et
2432 552 2620 621 ignem
2643 554 2699 605 et
2728 552 2878 620 fumi
2912 566 3196 622 vaporem.
3221 550 3313 606 Sol
3341 553 3710 607 convertetur

2112 642 2174 693 in
2197 639 2474 707 tenebras,
2493 644 2547 694 et
2567 640 2629 695 in
2660 640 2997 710 sanguinem
3017 640 3174 703 luna,
3194 639 3532 711 priusquam
3550 638 3710 694 adve-

2110 728 2312 784 niat81
2346 729 2462 784 dies
2500 744 2739 799 magnus
2777 732 2831 784 et
2869 728 3115 783 illustris
3154 728 3397 782 Domini.
3443 727 3632 782 Habes
3649 736 3709 781 et

2113 818 2362 873 Habacuc
2385 819 2489 885 (ιιι,
2511 820 2565 885 9,
2592 817 2671 887 10)
2697 834 2710 870 :
2737 816 3087 872 Fluminibus
3106 816 3493 886 disrumpetur
3516 820 3707 882 terra;

2111 907 2379 961 videbunt
2401 908 2472 971 te,
2496 908 2553 962 et
2566 908 2899 977 parturient
2918 905 3145 978 populi;
3175 904 3452 976 disperges
3466 904 3517 941 ⁸2
3529 922 3708 976 aquas

2110 1011 2302 1067 gressu
2321 995 2390 1048 8³.
2423 995 2587 1050 Dedit
2637 993 2863 1067 abyssus
2891 1010 3095 1050 sonum
3140 1010 3347 1060 suum;
3383 993 3707 1051 sublimitas

2116 1086 2338 1143 timoris
2357 1085 2479 1154 ejus
2508 1084 2662 1139 elata
2692 1086 2807 1150 est;
2840 1084 2922 1141 sol
2950 1088 3007 1139 et
3047 1084 3188 1138 luna
3225 1084 3485 1139 constitit
3512 1084 3573 1137 in
3602 1100 3706 1141 suo

2112 1174 2327 1238 ordine,
2361 1175 2422 1228 in
2442 1173 2622 1230 lucem
2639 1174 3044 1230 coruscationis
3054 1171 3103 1209 84
3123 1176 3236 1227 tua:
3256 1172 3424 1227 ibunt
3442 1174 3506 1228 in
3518 1173 3709 1244 fulgo-

2113 1278 2268 1326 rem;
2300 1262 2502 1332 fulgur
2515 1264 2744 1317 scutum
2766 1264 2952 1326 tuum,
2974 1262 3036 1315 in
3064 1262 3576 1318 communicatione
3597 1264 3709 1317 tua

2114 1348 2394 1404 diminues
2415 1353 2650 1415 terram,
2663 1350 2720 1404 et
2742 1349 2801 1403 in
2824 1347 3214 1418 indignatione
3233 1350 3331 1401 tua
3349 1346 3585 1419 depones
3598 1365 3708 1404 na—
3762 1388 3775 1396 .

2116 1438 2314 1493 tiones.
2344 1436 2707 1501 Conveniunt,
2740 1436 2955 1505 opinor,
3013 1441 3068 1489 et
3104 1434 3324 1490 Domini
3374 1436 3707 1515 pronuntia-

2115 1522 2292 1578 tiones
2321 1530 2377 1577 et
2399 1523 2803 1595 praphetarum,
2837 1523 2904 1577 de
2932 1522 3383 1578 concussionibus
3423 1524 3610 1580 mundi
3652 1533 3713 1580 et

2123 1612 2291 1678 orbis,
2339 1613 2729 1668 elementorum
2779 1619 2833 1668 et
2882 1612 3181 1669 nationum.
3226 1612 3354 1667 Post
3407 1613 3523 1669 haec
3574 1615 3714 1686 quid

2119 1702 2382 1757 Dominus
2401 1702 2430 1756 ‘?
2458 1704 2529 1757 Et
2545 1708 2677 1757 tunc
2694 1700 2964 1757 videbunt
2981 1703 3191 1757 Filium
3209 1700 3451 1758 hominis
3476 1703 3714 1759 venien-

414 1807 471 1861 et
500 1799 768 1858 clamabit
796 1801 861 1855 in
880 1798 1110 1853 nomine
1134 1796 1313 1861 Jacob,
1333 1800 1387 1850 et
1418 1796 1566 1855 alius
1594 1799 1932 1860 inscribetur
1960 1769 2006 1844 Ἷέ

2118 1795 2230 1847 tem
2261 1792 2349 1861 (62
2378 1790 2444 1848 de
2464 1791 2616 1846 caelis
2648 1806 2780 1846 cum
2804 1792 3060 1863 plurima
3078 1793 3309 1856 virtute,
3347 1792 3483 1848 Cum
3512 1795 3715 1849 autem

414 1895 480 1949 in
525 1890 756 1946 nomine
805 1885 1054 1942 Israelis.
1096 1882 1235 1952 Quid
1291 1884 1436 1939 enim
1467 1886 1765 1957 sapientius
1809 1900 1862 1946 et
1919 1894 2007 1950 in-

413 1974 877 2036 contradicihilius
929 1971 1275 2030 confessione
1324 1972 1556 2044 simplici
1602 1986 1655 2033 et
1709 1990 1918 2038 exserta
1955 1984 2008 2038 in

414 2065 667 2137 martyris
697 2063 916 2119 nomine
949 2077 1069 2118 cum
1100 2062 1216 2119 Deo
1267 2061 1682 2121 invalescentis?
1739 2073 1883 2140 quod
1931 2081 2012 2129 est

416 2155 786 2227 interpretatio
840 2151 1057 2207 Israelis
1102 2150 1238 2224 (61).
1277 2152 1394 2208 Nec
1415 2155 1611 2208 mirum
1656 2156 1703 2211 si
1751 2158 1797 2212 is
1860 2161 2009 2216 cohi-

413 2243 530 2302 buit
550 2244 599 2282 ⁷9
632 2239 1151 2315 praecogitationem,
1184 2239 1279 2312 qui
1309 2242 1497 2313 etipse
1531 2256 1564 2294 a
1610 2244 1767 2299 Patre
1790 2248 2012 2320 excepit

414 2330 800 2407 pronuntiandi
814 2328 1131 2399 tempestive
1146 2329 1690 2387 subministrationem
1706 2351 1720 2387 :
1735 2336 2010 2393 Dominus

413 2423 562 2479 mihi
597 2422 697 2478 dat
725 2420 981 2491 linguam
1020 2418 1359 2490 disciplinae,
1391 2420 1612 2491 quando
1643 2421 1870 2480 debeam
1884 2441 2015 2496 pro-

413 2515 566 2585 ferre
584 2526 897 2569 sermonem
915 2509 1048 2578 (Isa.
1069 2523 1122 2573 L,
1142 2507 1217 2579 4).
1230 2507 1347 2562 Nisi
1367 2509 1604 2565 Marcion
1617 2510 1888 2568 Christum
1901 2529 2012 2569 non

413 2602 719 2671 subjectum
748 2600 895 2653 Patri
921 2596 1104 2652 infert.
1126 2598 1177 2651 A
1205 2595 1464 2667 proximis
1507 2612 1720 2670 quoque
1750 2616 2011 2671 persecu-

412 2690 589 2746 tiones
620 2695 675 2744 et
702 2686 918 2743 nomine
944 2701 1012 2740 ex
1040 2685 1168 2740 odio
1197 2684 1379 2757 utique
1427 2685 1820 2759 blasphemiam
1866 2707 2010 2762 pra;-

414 2779 662 2845 dicatam,
696 2791 804 2832 non
832 2776 1004 2831 debeo
1035 2790 1221 2829 rursus
1258 2774 1562 2830 ostendere.
1593 2776 1702 2832 Sed
1731 2794 1832 2850 per
1870 2782 2011 2837 tole-

414 2862 695 2935 rantiam,
721 2862 914 2934 inquit,
947 2863 1125 2920 salvos
1150 2864 1379 2932 facietis
1395 2867 1795 2937 nosmetipsos;
1817 2867 1883 2922 de
1906 2885 2010 2941 qua

414 2954 623 3010 scilicet
651 2952 897 3006 Psalmus
926 2952 1029 3022 (ix,
1059 2950 1186 3023 l9):
1227 2951 1565 3023 Tolerantia,
1593 2954 1785 3026 inquit,
1818 2959 2009 3027 justo-

411 3062 544 3101 rum
562 3060 676 3102 non
694 3042 900 3115 peribit
923 3042 974 3079 θο
1003 3043 1067 3096 in
1078 3041 1274 3112 ﬁnem.
1297 3040 1436 3110 Quia
1464 3050 1517 3098 et
1543 3043 1667 3099 alibi
1683 3044 1856 3116 (Psal.
1880 3063 2009 3114 cxv,

2117 1879 2233 1937 ha’c
2259 1881 2417 1950 ﬁent,
2440 1879 2665 1951 erigetis
2693 1894 2806 1948 vos,
2830 1884 2888 1936 et
2919 1879 3170 1936 levabitis
3199 1882 3409 1952 capita,
3441 1883 3717 1953 quoniam

2116 1968 2590 2043 appropinquabit
2609 1968 2659 2006 8⁵
2687 1969 2997 2040 redemptio
3016 1971 3222 2025 vestra.
3252 1969 3313 2022 1n
3334 1974 3579 2040 tempore
3608 1969 3721 2025 sci-

2114 2058 2239 2114 licet
2269 2056 2442 2130 regni,
2475 2057 2541 2111 de
2587 2072 2697 2129 quo
2745 2055 3056 2126 subjectarit
3080 2056 3130 2093 86
3159 2056 3277 2127 ipsa
3306 2057 3579 2128 parabole.
3617 2059 3717 2115 Sic

2118 2150 2173 2203 et
2202 2164 2296 2204 vos
2322 2163 2454 2202 cum
2482 2146 2735 2203 videritis
2763 2147 2958 2201 omnia
2982 2144 3098 2201 haec
3116 2144 3261 2215 ﬁeri,
3285 2147 3485 2203 scitote
3510 2164 3723 2220 appro-

2113 2237 2420 2308 pinquasse
2442 2250 2676 2307 regnum
2714 2236 2829 2289 Dei.
2863 2233 2960 2287 Hic
2983 2233 3084 2289 erit
3112 2233 3228 2289 dies
3251 2250 3476 2304 magnus
3492 2235 3720 2291 Domini

2120 2334 2173 2381 et
2200 2323 2444 2390 illustris,
2473 2323 2743 2381 venientis
2773 2323 2839 2377 de
2880 2321 3030 2379 caelis
3077 2322 3196 2378 Filii
3251 2323 3484 2379 hominis
3512 2339 3721 2380 secun-

2119 2412 2245 2466 dum
2277 2411 2553 2467 Danielum
2584 2412 2703 2482 (vn,
2736 2412 2789 2481 3)
2825 2413 2981 2467 :Ecce
3018 2427 3152 2467 cum
3172 2413 3299 2467 caeli
3314 2412 3549 2469 nubibus
3584 2418 3721 2469 tan-

2119 2517 2291 2573 quam
2318 2502 2476 2571 ﬁlius
2504 2501 2750 2557 hominis
2771 2501 3094 2566 adveniens,
3119 2509 3221 2556 etc.
3246 2501 3322 2557 Et
3352 2500 3487 2557 data
3507 2507 3592 2558 est
3618 2503 3725 2558 illi

2104 2594 2274 2664 ‘regia
2299 2595 2564 2664 potestas,
2602 2605 2773 2663 quam
2813 2589 2869 2643 in
2897 2589 3150 2661 parabola
3177 2590 3543 2662 postulaturus
3568 2591 3723 2647 exie-

2119 2692 2219 2748 rat,
2255 2680 2435 2736 relicta
2465 2678 2687 2751 pecunia
2734 2678 2924 2749 servis,
2984 2694 3105 2749 quae
3142 2678 3496 2736 foeneraretur
3531 2679 3600 2734 εἶ.
3648 2681 3725 2735 Et

2122 2770 2393 2827 universae
2441 2767 2712 2837 nationes,
2763 2783 2896 2839 quas
2935 2767 3250 2838 promiserat
3286 2776 3340 2824 et
3403 2769 3457 2823 in
3501 2769 3722 2826 Psalmo

2121 2861 2207 2932 (ιι,
2240 2858 2294 2928 8)
2323 2858 2513 2912 Pater:
2537 2855 2769 2913 Postula
2799 2856 2864 2911 de
2891 2873 3002 2927 me,
3030 2860 3086 2913 et
3106 2856 3242 2915 dabo
3274 2856 3376 2913 tibi
3391 2863 3577 2930 gentes
3606 2858 3724 2917 hee.

2116 2947 2421 3006 reditatem
2451 2950 2626 3002 tuam.
2655 2947 2724 3001 Et
2749 2944 2933 3017 gloria
2960 2947 3142 3001 omnis
3165 2949 3408 3003 serviens
3428 2949 3517 3003 illi
3543 2952 3600 3004 et
3607 2964 3719 3018 po-

2125 3040 2300 3095 testas
2325 3037 2446 3108 ejus
2467 3040 2850 3106 aeterna,qua:
2882 3051 2997 3090 non
3024 3036 3338 3106 auferetur,
3380 3039 3435 3093 et
3472 3052 3721 3108 regnum

414 3133 499 3206 5):
520 3109 868 3188 Honorabilis
890 3109 1366 3201 morsjustorum;
1389 3146 1456 3186 ex
1481 3109 1765 3208 tolerantia
1784 3136 1901 3192 sine
1919 3109 2013 3191 du;
2046 3109 2088 3188 Β
2117 3128 2238 3197 ejus
2258 3124 2405 3197 quod
2433 3139 2549 3180 ηοπ
2577 3127 2976 3195 corrumpetur
2992 3143 3010 3179 :
3029 3123 3153 3195 quia
3180 3140 3283 3180 nec
3301 3125 3621 3181 morientur
3645 3128 3721 3181 in

410 3223 523 3292 bio,
560 3219 728 3279 457
769 3220 896 3295 quia
923 3227 976 3275 et
994 3219 1278 3277 Zacharias
1298 3222 1403 3291 (vi,
1436 3222 1503 3276 14
1526 3224 1704 3295 seqq.)
1737 3241 1749 3277 :
1799 3225 2012 3283 Corona

409 3318 607 3371 autem
637 3314 749 3368 erit
778 3312 858 3367 eis
888 3311 983 3383 qui
1015 3309 1405 3367 toleraverint.
1436 3310 1543 3365 Sed
1590 3327 1659 3366 ne
1686 3312 1887 3368 audeas
1915 3329 2008 3371 ar-

408 3402 713 3480 gumentari
739 3399 1041 3474 apostolos,
1075 3406 1135 3454 ut
1153 3398 1377 3454 alterius
1396 3398 1499 3454 Dei
1529 3415 1828 3473 praecones,
1860 3418 1892 3458 a
1919 3405 2011 3460 Ju-

407 3493 543 3549 dseis
578 3495 823 3560 vexatos,
853 3493 1129 3544 memento
1176 3488 1467 3558 prOphetas
1510 3486 1699 3543 eadem
1745 3504 1779 3545 a
1804 3488 2009 3548 Judaeis

406 3598 620 3655 passos,
676 3590 854 3636 tamen
914 3594 1022 3635 non
1069 3576 1288 3633 alterius
1347 3576 1449 3633 Dei
1495 3578 1771 3650 apostolos
1819 3580 2004 3649 fuisse,

409 3688 576 3743 quam
610 3669 899 3727 Creatoris.
932 3666 1036 3723 Sed
1064 3673 1362 3722 monstrato
1390 3666 1585 3723 dehinc
1622 3677 1865 3740 tempore
1907 3688 2007 3727 ex-

407 3760 552 3827 cidii,
587 3774 716 3814 cum
755 3758 1008 3827 cwpisset
1030 3755 1238 3810 vallari
1263 3755 1606 3812 exercitibus
1634 3758 2004 3827 Hierusalem,

409 3849 565 3919 signa
588 3846 701 3915 jam
733 3844 905 3899 ultimi
954 3841 1075 3897 ﬁnis
1114 3850 1351 3912 enarrat,
1384 3844 1516 3900 solis
1564 3850 1620 3903 et
1670 3847 1824 3903 luna:
1863 3850 2007 3908 side-

406 3949 646 4007 rumque
678 3933 956 4006 prodigia,
979 3935 1034 3987 et
1072 3933 1135 3987 in
1184 3936 1340 3988 terra
1373 3936 1673 4005 angustias
1702 3937 2006 3995 nationum

406 4025 925 4096 obstupescentium
936 4022 1091 4079 velut
1103 4038 1137 4077 a
1149 4023 1341 4079 sonitu
1352 4023 1531 4079 maris
1547 4025 1885 4094 fluctuantis
1899 4043 2004 4099 pro

406 4115 833 4188 exspectatione
853 4113 1287 4169 imminentium
1302 4113 1422 4170 orbi
1446 4114 1747 4172 malorum.
1772 4114 1930 4185 Quod
1952 4128 2007 4175 et

406 4206 540 4278 ipsae
568 4204 717 4261 vires
748 4201 1017 4271 caelorum
1058 4205 1291 4259 concuti
1320 4202 1570 4272 habeant,
1599 4204 1783 4277 accipe
1802 4205 2007 4265 Joelem

2119 3216 2241 3284 illo,
2273 3229 2376 3270 nec
2406 3213 2636 3279 nubent,
2669 3211 2763 3270 sed
2790 3216 2966 3268 erunt
2994 3214 3147 3269 sicut
3175 3215 3382 3285 angeli.
3416 3214 3494 3270 De
3522 3215 3719 3271 eodem

2117 3305 2352 3362 adventu
2383 3302 2503 3358 Filii
2536 3302 2770 3357 hominis
2798 3308 2849 3356 et
2879 3300 3055 3358 fructu
3072 3302 3133 3343 -εθ
3184 3303 3305 3372 ejus
3358 3304 3515 3374 apud
3542 3304 3720 3358 Haba-

2116 3409 2214 3450 cuc
2240 3395 2339 3464 (ιιι,
2366 3395 2457 3462 13)
2480 3410 2493 3447 :
2526 3393 2717 3448 Emisti
2735 3393 2797 3445 in
2828 3393 3074 3449 salutem
3089 3393 3292 3465 populi
3312 3391 3385 3447 ad
3413 3393 3593 3450 salvos
3611 3396 3715 3465 fa-

2116 3482 2337 3540 ciendos
2365 3481 2608 3539 christos
2639 3486 2804 3550 tuos;
2842 3490 3118 3537 erecturos
3154 3482 3359 3538 scilicet
3387 3497 3469 3548 se,
3519 3490 3572 3537 et
3616 3498 3715 3538 ca-

2114 3573 2223 3645 pita
2254 3568 2420 3627 458
2452 3570 2725 3627 levaturos
2760 3570 2815 3625 in
2858 3580 3100 3640 tempore
3128 3571 3281 3643 regni
3309 3571 3619 3643 redemptos
3636 3573 3714 3629 ³9.

2113 3662 2284 3733 Igitur
2313 3676 2432 3716 cum
2462 3667 2514 3716 et
2543 3661 2676 3729 haec,
2712 3677 2832 3732 quae
2862 3668 2986 3715 sunt
3007 3661 3445 3733 promissionum,
3475 3660 3709 3733 proinde

2113 3750 2433 3807 conveniant
2463 3750 2602 3805 sicut
2630 3759 2682 3807 ct
2713 3750 2803 3805 illa
2831 3767 2951 3823 quae
2997 3759 3123 3806 sunt
3165 3751 3609 3824 concussionum,
3641 3768 3709 3807 ex

2112 3839 2463 3899 consonantia
2532 3838 2975 3911 propheticarum
3024 3848 3078 3895 et
3131 3839 3522 3896 dominicarum
3578 3857 3706 3913 pro—

2113 3929 2531 3995 nuntiationum,
2589 3928 2792 3984 nullam
2848 3928 2935 3985 hic
2977 3929 3183 4001 poteris
3227 3929 3576 3986 interstruere
3601 3930 3710 3987 dis-

2111 4020 2444 4087 tinctionem,
2513 4025 2574 4074 ut
2654 4017 3038 4074 concussiones
3107 4017 3324 4089 quidem
3382 4018 3585 4074 referas
3639 4018 3707 4074 ad

2111 4110 2444 4174 Creatorem,
2475 4106 2698 4163 saevitiae
2728 4106 2932 4163 scilicet
2960 4106 3152 4174 Deum,
3191 4123 3328 4178 quas
3355 4108 3473 4163 haec
3499 4107 3704 4173 sinere,

2109 4208 2308 4266 nedum
2336 4214 2647 4280 exspectare
2690 4207 2913 4265 deberet
2959 4206 3107 4263 Deus
3152 4205 3422 4277 optimus;
3483 4208 3719 4280 promis_

481 4383 530 4425 '15
560 4382 667 4454 Qui
698 4380 866 4441 Seml.
893 4379 943 4420 75
971 4377 1121 4454 Qu_in_
1134 4381 1318 4454 Paris.
1350 4383 1517 4438 Fran.
1552 4379 1600 4420 τι
1628 4303 2006 4442 Βαῖωἵῗὲῇὴ

2114 4319 2411 4443 ἶῖῗιξξῗὼρι
2437 4386 2516 4442 al.
2549 4384 2599 4425 τε)
2628 4385 2998 4443 Prohibuital.
3032 4385 3082 4423 θο
3106 4386 3283 4443 Periet
3313 4385 3483 4442 56ml.
3517 4386 3566 4424 ει
3587 4387 3706 4442 Ad-

404 4458 587 4517 veniet
615 4457 715 4526 Rig
730 4494 743 4510 .

803 4452 1426 4533 Venet..33ﬁl_)ispergens
1459 4454 1641 4533 linea.
1667 4455 1835 4533 Segni.
1866 4456 1926 4533 fit
1951 4458 2184 4533 Gressus
2224 4460 2406 4533 Venet.
2438 4459 2489 4533 εξδι
2530 4458 2944 4533 coruscationes
2968 4460 3216 4533 _Franeq.
3238 4457 3708 4533 circumstationes

406 4532 489 4588 al.
518 4529 569 4566 ⁸⁵
597 4523 1419 4600 Αρῤοὶιιᾳιιιξδίιιίὴεηζδὲρηι.
1458 4524 1674 4600 Obertli.
1705 4525 1755 4561 ⁸6
1792 4526 2049 4600 subjecta
2078 4530 2182 4586 erit
2221 4529 2392 4588 Rhen.
2438 4530 2609 4586 Seml.
2658 4531 2818 4585 Pam.
2859 4529 2908 4567 87
2967 4523 3382 4587 Foenerarentur
3419 4530 3613 4587 Latin.
3655 4531 3707 4568 8⁸

404 4593 660 4660 Fructus'
686 4593 884 4655 Paris:
924 4596 1099 4652 Fran.
1129 4593 1180 4632 89
1216 4596 1551 4667 Redemptus
1580 4597 1755 4654 Bhen.
1810 4593 1981 4657 Seml.
2028 4603 2247 4661 Oberth.

1801 4670 2302 4738 Commentarius.

474 4783 588 4855 (ϐο)
628 4780 769 4855 Quia
801 4775 1013 4849 lapides
1033 4778 1222 4855 sancti
1247 4776 1533 4833 volutant.
1564 4776 1689 4855 Huc
1717 4777 1876 4855 etiam
1905 4781 2004 4835 za-

316 4898 323 4904 .
405 4845 602 4910 chariae
625 4845 1341 4922 c'itantur'Juxtqeditionem
1360 4849 1704 4922 septuaginta
1726 4850 2001 4920 Volutant,

401 4924 649 4978 κυλίονται
671 4919 749 4973 ἐπὶ
768 4924 854 4987 τῆς
868 4923 974 4991 γῆς.
1007 4917 1133 4972 RIG.

474 4994 591 5067 (61)
628 4991 780 5067 Quod
809 4990 887 5046 est
916 4990 1320 5067 interpretatio
1343 4991 1587 5067 Israelis.
1609 4993 1692 5049 De
1721 4995 1882 5063 hujus
1909 5010 1999 5067 vo-

402 5063 495 5123 cis'
533 5063 854 5137 signiﬁcatu
874 5070 1091 5137 sanctus
1137 5063 1497 5137 Hieronymus
1537 5064 1624 5137 ‘(in
1664 5066 1872 5134 Quaest.
1921 5066 1996 5122 ad

408 5133 688 5204 Genesim)
746 5133 932 5188 multis
960 5133 1150 5203 probat
1174 5133 1354 5190 Israel
1370 5133 1586 5206 proprie
1615 5133 1754 5191 idem
1786 5153 1906 5192 esse
1935 5142 1997 5192 ac

403 5211 846 5284 principemseu
870 5206 1152 5284 directum
1182 5206 1284 5284 Dei
1312 5225 1331 5261 :
1362 5222 1407 5258 α’
1442 5206 1581 5261 Illud
1609 5221 1760 5284 ver_o,
1793 5208 1990 5284 inquit,

401 5277 548 5353 quod
593 5277 666 5335 in
720 5277 883 5353 libro_
912 5278 1633 5353 Nominum__interpretatur
1698 5278 1862 5353 Israel
1907 5281 1996 5335 vir

401 5347 600 5411 videns
621 5354 818 5419 Deum,
841 5348 954 5405 site
981 5364 1137 5405 mens
1166 5347 1359 5405 videns
1378 5347 1578 5417 Deum,
1600 5349 1838 5421 omnium
1861 5365 1997 5421 pene

401 5440 649 5481 sermone
696 5422 971 5486 detritum,
1029 5434 1140 5474 non
1197 5429 1308 5473 tam
1355 5433 1477 5489 vere
1530 5433 1695 5489 quam
1733 5419 1998 5478 violenter

399 5497 541 5552 mihi
580 5497 991 5566 interpretatum
1075 5489 1359 5566 videtur._»
1409 5487 1769 5566 Quaerendum
1832 5491 1998 5566 igitur

402 5576 587 5623 manet
626 5561 748 5622 utra
789 5561 1180 5635 interpretatio,
1228 5562 1568 5635 princepsne
1609 5564 1727 5631 Dei,
1785 5561 1883 5621 an'
1901 5566 1994 5623 di-

403 5642 590 5705 rectus
618 5637 737 5707 Dei,
793 5631 1124 5694 admittenda
1161 5631 1341 5711 potius
1381 5631 1469 5696 sit.
1516 5635 1668 5697 Hanc
1686 5652 1814 5699 vero
1842 5654 1993 5725 quae-

2031 4796 2077 4874 n
2107 4775 2823 4874 είίρξξεῖηι-ἱηέξὶτξξιξ-εξεὶῐὶι
2843 4776 3223 4874 Hienses:
3245 4777 3383 4874 ἕρεις»
3413 4797 3542 4865 ουρ)
3569 4782 3646 4840 ait
3687 4801 3701 4838 =

2116 4873 2140 4926 ς(
2174 4853 2287 4926 Nos
2315 4848 2810 4926 magisScripturae
2839 4856 2895 4906 et
2922 4848 3117 4926 angeli,
3140 4848 3227 4908 vel
3247 4848 3369 4923 Dei,
3397 4854 3492 4926 qui
3516 4854 3705 4926 ipsum

2104 4923 2281 4996 Israel,
2323 4920 2554 4996 vocavit,
2609 4921 2917 4996 auctoritate
2953 4920 3434 4996 ducimur,quam'
3471 4920 3705 4996 cujusli-

2103 4996 2195 5052 bet
2236 4993 2556 5068 eloquentiae
2610 4993 2904 5068 saecularis.
2941 5013 2963 5043 ι
3016 4995 3175 5067 Atqui
3227 4993 3371 5068 Deus
3410 4993 3558 5068 ipse,
3597 5014 3705 5055 seu

2103 5064 2355 5138 angelus,
2386 5079 2582 5155 qomen
2607 5064 2774 5155 ξετερι
2810 5072 3000 5147 neutro
3054 5064 3399 5155 quemndixit
3429 5064 3706 5143 Hierony-

2104 5135 2243 5206 mus,
2296 5136 2476 5201 modo,
2535 5135 2653 5200 sed,
2687 5142 2746 5192 ut
2815 5137 3013 5207 optime
3055 5135 3417 5194 Tertullianus
3485 5135 3701 5204 noster,

2104 5210 2709 5284 inualescentem_cum
2744 5209 2852 5264 Deo
2889 5209 3269 5284 interpretatus
3295 5215 3380 5264 est
3411 5228 3424 5267 :
3476 5212 3705 5284 Nequa-

2104 5297 2292 5408 quam,
2314 5278 2505 5361 inquit,
2538 5279 2702 5363 Iacob
2723 5278 3106 5352 appellabitur
3128 5296 3329 5364 nomen
3361 5278 3577 5365 tuum;
3604 5286 3707 5342 sed

2130 5352 2279 5408 srael
2294 5369 2313 5407 :
2334 5366 2600 5408 auontam
2619 5368 2668 5408 si
2687 5355 2886 5407 contra
2904 5353 3077 5408 Deum
3097 5353 3266 5408 fortis
3281 5355 3464 5408 fuisti.
3481 5360 3705 5408 auanto

2130 5352 2279 5409 srael
2294 5369 2313 5407 :
2334 5351 2600 5427 quoniam
2619 5352 2669 5408 si
2683 5355 2886 5427 contra
2904 5353 3077 5427 Deum
3095 5353 3266 5427 fortis
3278 5355 3464 5424 fuisti,
3481 5360 3705 5427 quanto

2101 5426 2283 5499 magis
2311 5422 2510 5499 contra
2542 5422 2785 5499 homines
2810 5422 3173 5499 praevalebis?
3200 5422 3338 5480 Enn.

2176 5494 2287 5569 (62)
2320 5496 2589 5569 Videbunt
2615 5494 3089 5569 FiliumAhominis
3126 5499 3464 5569 venientem.
3491 5497 3707 5553 Secun-

2102 5564 2230 5627 dum
2258 5564 2363 5644 hic
2392 5564 2912 5644 ad_ventum_Ch1;isti
2940 5582 3009 5625 ex
3062 5565 3287 5626 inﬁnitis
3341 5568 3479 5628 locis
3504 5570 3707 5644 probat

2102 5648 2293 5704 contra
2311 5640 2657 5699 Marcionem.
2689 5636 2769 5695 Ls
2796 5637 2894 5699 Pu.
