4018 6192
310 387 396 447 489
581 334 586 338 4
1487 379 1610 440 LIB.
1652 379 1720 439 IV
1758 377 1912 439 ADV.
1952 378 2350 440 MARCIONEM.

3378 395 3390 401 ’
3471 386 3577 446 490

311 513 464 569 siones
517 525 647 603 vero
700 509 815 567 Deo
868 509 1078 603 optimo
1130 507 1382 579 deputes,
1449 522 1586 603 quas
1652 507 1872 564 Creator
1902 524 1949 603 Α
1982 513 2078 572 ta;
2120 506 2258 561 adeo
2286 505 2486 578 Legem
2526 513 2580 562 et
2611 505 2904 578 Prophetas
2952 523 3058 564 non
3093 508 3422 582 destruebat,
3453 526 3575 568 cum

308 601 538 673 ignorans
581 597 728 653 illum
773 611 883 652 non
911 596 1307 668 prophetasset.
1355 595 1464 650 Aut
1493 593 1539 648 si
1582 609 1708 649 suas
1747 608 1872 665 pro-

305 686 540 760 phetavit;
587 700 695 763 non
749 684 1009 739 distantes
1073 700 1106 738 a
1153 681 1607 756 promissionibus
1652 682 1869 751 Christi,

305 777 499 849 parerit
526 777 579 832 in
617 776 863 830 libertate
899 774 1103 845 optimo
1133 774 1284 842 Deo;
1335 785 1441 825 nec
1490 771 1612 842 plus
1659 771 1871 826 videbi-

303 876 418 922 tura
451 865 663 919 Christo
695 869 785 918 tuo
836 860 1156 932 repromitti,
1207 875 1364 932 quam
1404 874 1434 913 a
1462 874 1582 914 meo
1624 857 1736 914 filio
1775 861 1874 915 ho-

301 954 460 1009 minis.
503 954 690 1024 Ipsum
745 951 1032 1006 decursum
1077 949 1368 1020 Scripturae
1413 947 1755 1018 evangelicae,
1805 950 1872 1003 ab

297 1042 708 1114 interrogatione
759 1038 1152 1108 discipulorum
1208 1051 1380 1107 usque
1442 1035 1509 1090 ad
1565 1036 1874 1106 parabolam

295 1131 387 1196 fici,
427 1133 502 1186 ita
533 1128 776 1185 invenies
806 1135 1062 1184 contextu
1097 1141 1291 1181 sensus
1319 1123 1429 1179 ﬁlio
1468 1123 1704 1178 hominis
1749 1125 1875 1181 hinc

293 1229 440 1291 atque
488 1217 640 1272 illinc
684 1215 979 1281 adhmrere,
1034 1222 1094 1270 ut
1137 1213 1193 1268 in
1251 1212 1406 1267 illum
1461 1212 1770 1284 compingat
1821 1216 1877 1269 et

292 1308 449 1364 tristia
476 1314 534 1363 et
561 1306 710 1376 laeta,
743 1312 796 1360 et
833 1303 1218 1361 concussioncs
1246 1309 1300 1358 et
1337 1300 1748 1372 promissiones,
1779 1317 1877 1358 nec

289 1398 458 1470 possis
489 1410 749 1466 separare
789 1396 856 1449 ab
887 1392 978 1448 illo
1005 1393 1223 1448 alteram
1255 1398 1482 1461 partem.
1517 1389 1686 1447 Unius
1731 1391 1873 1446 enim

287 1487 374 1541 ﬁlii
405 1483 644 1540 hominis
689 1481 922 1539 adventu
974 1479 1274 1538 constituto
1321 1478 1462 1534 inter
1497 1480 1634 1534 duos
1674 1479 1871 1535 exitus.

285 1574 712 1632 concussionnm
776 1579 830 1627 et
896 1569 1343 1644 promissionum,
1401 1582 1623 1623 necesse
1670 1577 1753 1623 est
1807 1568 1876 1622 ad

283 1679 444 1719 unum
473 1662 784 1733 pertineant
810 1658 984 1714 ﬁlium
1015 1658 1276 1724 hominis,
1306 1664 1358 1712 et
1395 1655 1734 1713 incommoda
1773 1672 1875 1711 na-

283 1752 502 1817 tionum,
536 1757 591 1805 et
620 1756 743 1808 vota
769 1755 1077 1804 sanctorum
1114 1765 1127 1802 :
1161 1746 1292 1819 quia
1319 1745 1370 1785 9°
1425 1745 1494 1799 ita
1537 1744 1748 1817 positus
1795 1753 1877 1802 est

1982 610 2104 667 qua)
2179 595 2622 666 praedicaverant,
2680 595 2962 650 conﬁrmat
3045 596 3234 667 perﬁci
3299 610 3573 669 Oportere.

1978 683 2171 738 Adhuc
2202 683 2419 756 ingerit,
2458 685 2576 741 Non
2605 685 2989 740 transiturum
3016 685 3216 742 caelum
3245 703 3310 741 ac
3338 690 3572 753 terram,

1981 774 2098 827 nisi
2145 775 2338 829 omnia
2381 777 2758 844 peraguntur.
2791 771 3050 839 Quaenam
3095 773 3194 828 ista
3223 776 3251 828 ε)
3308 775 3363 829 Si
3392 792 3513 846 qua:
3546 792 3578 830 a

1981 861 2236 916 Creatore
2260 869 2383 916 sunt
2429 862 2500 926 97,
2543 863 2738 916 merito
2781 861 3122 916 sustinebunt
3162 863 3426 917 elementa
3468 866 3577 920 Do-

1982 948 2116 1003 mini
2160 950 2241 1004 sui
2299 950 2541 1005 ordinem
2599 950 2856 1023 expungi.
2908 950 2963 1005 Si
2991 966 3112 1022 quae
3137 967 3169 1005 a
3195 953 3312 1006 Deo
3349 952 3574 1021 Optimo,

1984 1038 2167 1093 nescio
2225 1054 2292 1093 an
2343 1039 2609 1095 sustineat
2667 1041 2867 1095 coelum
2915 1049 2968 1094 et
3017 1047 3160 1095 terra
3214 1040 3405 1110 perﬁci
3459 1057 3579 1112 quae

1983 1127 2209 1181 aemulus
2255 1127 2462 1182 statuit.
2522 1128 2636 1183 Hoc
2670 1128 2717 1184 si
2772 1129 3007 1200 patietur
3068 1129 3312 1194 Creator,
3377 1130 3580 1185 zelotes

1982 1215 2126 1269 Deus
2154 1231 2263 1270 non
2283 1225 2382 1270 est.
2407 1218 2672 1271 Transeat
2700 1232 2804 1287 age
2833 1233 2976 1273 nunc
3004 1227 3128 1273 tunc
3150 1226 3292 1272 terra
3310 1229 3363 1274 et
3386 1219 3578 1275 coelum

1983 1304 2062 1358 sic
2090 1303 2234 1358 enim
2266 1304 2526 1360 Dominus
2563 1320 2754 1360 eorum
2796 1304 3101 1372 destinavit,
3153 1306 3281 1361 dum
3341 1308 3583 1365 Verbum

1985 1394 2110 1464 ejus
2154 1398 2350 1449 manet
2396 1395 2460 1449 in
2498 1410 2680 1450 aevum
2719 1413 2738 1450 :
2787 1394 2865 1450 sic
2899 1395 3041 1450 enim
3091 1402 3144 1450 et
3175 1395 3345 1450 Isaias
3372 1397 3490 1466 (xc,
3523 1397 3578 1464 8)

1985 1482 2383 1553 praenuntiavit.
2429 1483 2836 1539 Admoneantur
2863 1495 2917 1539 et
2940 1483 3209 1554 discipuli,
3239 1500 3312 1541 ne
3360 1485 3579 1556 quando

1983 1575 2294 1642 graventur
2321 1571 2493 1627 corda
2519 1587 2711 1628 eorum
2739 1573 2977 1644 crapula
3005 1577 3061 1629 et
3090 1572 3380 1638 ebrietate,
3402 1576 3458 1630 et
3483 1589 3583 1628 sae-

1985 1659 2272 1716 cularibus
2291 1661 2444 1716 curis
2466 1661 2600 1728 (63);
2634 1665 2689 1718 et
2727 1661 2964 1718 insistat
2991 1664 3072 1717 eis
3101 1662 3436 1734 repentinus
3465 1661 3580 1718 dies

1983 1748 2102 1814 ille,
2134 1749 2288 1804 velut
2320 1748 2588 1820 laqueus;
2613 1747 2796 1818 utique
2825 1748 3005 1804 oblitis
3034 1750 3207 1804 Deum
3235 1766 3302 1805 ex
3337 1749 3580 1820 plenitu-

284 1841 340 1896 in
373 1839 576 1908 medio,
615 1850 674 1893 ut
715 1836 1018 1894 communis
1057 1835 1291 1892 exitibus
1329 1833 1613 1899 ambobus,
1647 1833 1873 1888 alterum
1907 1809 1951 1886 Β
1981 1837 2108 1894 diue
2149 1844 2204 1893 et
2249 1809 2576 1907 cogitatione
2635 1809 2858 1905 mundi;
2914 1836 3081 1908 Moysi
3144 1837 3246 1893 erit
3289 1809 3582 1895 admonitio

292 1928 633 1985 conclusnms
654 1926 889 1984 adventu
926 1937 1050 1988 suo,
1089 1921 1146 1978 id
1191 1930 1295 1986 est,
1327 1920 1671 1978 incommoda
1698 1921 1876 1980 natio-

296 2033 464 2089 num;
523 2016 746 2071 alterum
801 2012 1088 2083 incipiens,
1147 2009 1204 2065 id
1243 2017 1347 2082 est,
1387 2016 1512 2067 vota
1559 2017 1874 2066 sanctorum

291 2116 347 2162 ut
389 2104 500 2162 sive
536 2103 640 2158 mei
687 2101 886 2159 Christi
923 2097 1254 2156 concesseris
1300 2097 1593 2154 adventum
1629 2095 1724 2150 ﬁlii
1771 2097 1875 2154 ho-

281 2195 457 2262 minis,
511 2208 621 2265 quo
664 2193 803 2248 mala
847 2186 1182 2245 imminentia
1237 2187 1288 2242 ei
1335 2186 1562 2257 deputes
1603 2201 1724 2257 quae
1780 2186 1876 2240 ad-

279 2293 499 2341 ventum
537 2281 661 2351 ejus
680 2279 1019 2346 antecedunt,
1051 2274 1265 2348 cogaris
1291 2274 1453 2330 etiam
1495 2273 1639 2330 bona
1676 2273 1726 2330 ei
1772 2273 1876 2328 ad-

278 2374 536 2439 scribere,
579 2386 702 2443 qua
731 2371 802 2425 ab
850 2368 1091 2425 adventu
1137 2367 1257 2436 ejus
1301 2364 1588 2430 oriuntur;
1635 2362 1751 2418 sive
1799 2363 1877 2418 tui

277 2462 553 2527 malueris,
615 2475 722 2532 quo
761 2459 904 2514 bona
951 2458 1002 2513 ei
1047 2455 1322 2511 adscribas
1368 2469 1492 2526 quae
1538 2455 1606 2508 ab
1639 2454 1877 2509 adventu

278 2553 394 2622 ejus
422 2551 678 2607 oriuntur
704 2549 775 2615 91,
808 2547 1024 2621 c0garis
1056 2545 1197 2601 mala
1233 2560 1450 2617 quoque
1494 2543 1545 2598 ei
1592 2544 1874 2612 deputare,

279 2658 393 2714 quae
446 2643 740 2697 adventum
795 2637 913 2706 ejus
967 2635 1310 2691 antecedunt.
1371 2635 1502 2688 Tam
1556 2632 1699 2688 enim
1739 2630 1879 2686 mala

282 2731 554 2786 cohmrent
583 2728 838 2783 adventui
876 2723 976 2781 ﬁlii
1024 2723 1259 2780 hominis
1289 2721 1675 2789 antecedendo,
1711 2736 1877 2792 quam

283 2829 332 2878 et
358 2822 505 2875 bona
554 2817 954 2888 subsequendo.
986 2813 1182 2884 Quaere
1228 2813 1392 2886 igitur
1420 2827 1581 2882 quem
1626 2827 1690 2865 ex
1739 2811 1878 2865 duo-

283 2909 382 2964 bus
429 2906 652 2964 christis
689 2904 990 2961 constituas
1046 2903 1100 2956 in
1151 2917 1379 2973 persona
1420 2899 1580 2955 unius
1625 2898 1720 2953 ﬁlii
1774 2900 1880 2952 ho-

283 2998 461 3064 minis,
504 2997 558 3051 in
588 3011 750 3067 quem
779 2995 830 3032 93
859 2995 1084 3065 utraque
1113 2990 1396 3062 dispositio
1443 2989 1724 3045 referatur.
1773 2991 1882 3042 Aut

283 3097 333 3142 et
368 3087 688 3143 Creatorem
744 3085 1028 3157 Optimum,
1079 3089 1171 3136 aut
1201 3082 1250 3119 93
1297 3082 1467 3136 Deum
1513 3087 1667 3133 tuum
1717 3093 1882 3146 aspe-

284 3193 400 3232 rum
457 3175 659 3230 dedisti
715 3181 925 3227 natura.
983 3173 1044 3225 In
1104 3186 1312 3225 summa
1378 3166 1551 3240 ipsius
1615 3167 1885 3237 parabolae

284 3265 570 3320 considera
619 3262 926 3331 exemplum
974 3277 988 3315 :
1032 3260 1266 3332 Adspice
1311 3258 1509 3331 ﬁcum,
1557 3260 1613 3312 et
1660 3256 1885 3313 arbores

283 3370 494 3419 omnes,
512 3369 644 3409 cum
665 3355 926 3424 fructum
942 3350 1317 3422 protulerint,
1342 3346 1680 3419 intelligunt
1700 3345 1884 3403 homi-

280 3462 379 3503 nes
401 3447 659 3501 testatem
676 3441 1173 3516 appropinquasse.
1201 3440 1290 3495 Sic
1312 3442 1367 3495 et
1385 3452 1497 3506 vos,
1513 3452 1644 3491 cum
1668 3435 1883 3492 videbi-

279 3540 350 3593 tis
383 3536 504 3592 haec
531 3533 665 3604 ﬁeri
683 3533 880 3590 scitote
908 3531 972 3587 in
990 3530 1252 3602 proximo
1282 3541 1396 3582 esse
1420 3541 1662 3597 regnum
1681 3528 1798 3582 Dei.
1825 3527 1885 3597 Si

276 3628 430 3684 enim
483 3620 927 3679 fructiﬁcationes
967 3617 1379 3673 arbuscularum
1427 3616 1642 3685 signum
1691 3614 1882 3672 aestivo

277 3715 511 3786 tempori
542 3717 825 3784 praestant,
857 3708 1223 3764 antecedendo
1266 3705 1430 3774 illud;
1479 3703 1714 3776 proinde
1753 3715 1806 3759 et
1833 3703 1883 3742 9"

276 3800 706 3860 conﬂictationes
734 3798 879 3855 orbis
908 3798 1128 3869 signum
1173 3799 1479 3866 praenotant
1520 3792 1697 3862 regni,
1735 3807 1880 3864 prae-

276 3893 530 3949 cedendo
561 3887 715 3944 illud.
748 3887 922 3942 Omne
966 3894 1149 3957 autem
1193 3884 1409 3954 signum
1441 3881 1560 3951 ejus
1595 3890 1675 3937 est
1721 3881 1882 3950 cujus

283 3991 375 4037 est
404 3983 452 4020 95
478 3997 586 4048 res,
618 3978 776 4048 cujus
801 3983 884 4034 est
909 3975 1148 4049 signum.
1180 3974 1250 4030 Et
1277 3971 1426 4028 omni
1453 3971 1533 4027 rei
1582 3967 1755 4028 459
1808 3973 1879 4028 ab

280 4086 350 4126 eo
397 4069 692 4142 imponitur
739 4065 980 4139 signum,
1027 4063 1182 4134 cujus
1227 4069 1308 4118 est
1352 4076 1461 4116 res.
1520 4061 1601 4116 Ita
1649 4062 1694 4115 si
1749 4077 1880 4118 con-

284 4158 616 4216 ﬂictationes
647 4156 808 4229 signa
854 4161 983 4211 sunt
1025 4154 1202 4227 regni,
1261 4151 1398 4207 sicut
1445 4150 1880 4210 fructiticaiiones

274 4249 483 4305 aestatis
507 4270 524 4321 ;
553 4262 690 4320 ergo
719 4255 774 4303 et
793 4260 1019 4318 regnum
1040 4241 1307 4300 Creatoris
1337 4245 1458 4308 est,
1489 4240 1646 4309 cujus
1673 4240 1723 4279 95
1742 4255 1877 4296 con-

273 4335 600 4394 ﬂictationes
641 4338 984 4408 deputantur,
1015 4348 1134 4407 quae
1171 4331 1328 4406 signa
1355 4336 1483 4386 sunt
1519 4329 1692 4403 regni.
1733 4331 1883 4384 Prae-

273 4426 505 4484 miserat
544 4434 799 4499 oportere
841 4426 955 4480 haec
1000 4423 1119 4480 ﬁeri
1161 4428 1270 4477 tam
1317 4418 1538 4485 atrocia,
1588 4426 1694 4472 tam
1737 4419 1876 4490 dira,

273 4514 431 4572 Deus
457 4516 711 4588 Optimus,
741 4522 886 4571 certe
916 4529 946 4568 a
974 4510 1257 4584 PrOphetis
1277 4518 1331 4567 et
1364 4525 1395 4564 a
1424 4507 1570 4581 Lege
1610 4506 1875 4578 praedica-

1981 1926 2168 1999 (Deut.
2192 1940 2382 1996 xxxn,
2418 1927 2531 1995 15).
2562 1922 2713 1980 Adeo
2741 1923 2789 1979 is
2819 1923 3070 1980 liberabit
3097 1941 3128 1979 a
3155 1925 3347 1996 laqueo
3375 1925 3484 1981 diei
3511 1925 3583 1980 il—

1981 2015 2106 2084 lius,
2153 2012 2247 2086 qui
2299 2013 2438 2069 hanc
2495 2011 2920 2070 admonitionem
2967 2020 3110 2069 retro
3167 2011 3364 2068 intulit.
3419 2013 3585 2071 Erant

1983 2111 2037 2160 et
2067 2104 2185 2159 loca
2226 2102 2328 2158 alia
2370 2102 2514 2174 apud
2561 2101 2896 2158 Hierusalem
2939 2101 3007 2157 ad
3055 2102 3379 2168 docendum,
3436 2112 3590 2159 erant

1985 2200 2136 2249 extra
2162 2190 2502 2247 Hierusalem
2530 2190 2598 2244 ad
2624 2189 2988 2247 secedendum
3007 2206 3022 2260 ;
3041 2191 3136 2246 sed
3153 2190 3298 2246 enim
3326 2206 3424 2262 per
3441 2190 3586 2248 diem

1983 2291 2038 2347 in
2099 2280 2301 2350 templo
2352 2279 2598 2350 docebat,
2640 2289 2699 2335 ut
2753 2278 2846 2351 qui
2904 2295 2996 2350 per
3038 2278 3178 2335 Osee
3206 2282 3326 2351 (xxi,
3362 2283 3417 2350 4)
3447 2297 3587 2352 pra:-

1983 2369 2222 2425 dixerat:
2256 2371 2322 2425 In
2355 2371 2560 2443 templo
2588 2385 2710 2426 meo
2737 2387 2828 2426 me
2858 2371 3228 2439 invenerunt,
3251 2377 3306 2428 et
3335 2371 3458 2430 illic
3476 2371 3588 2429 dis-

1982 2463 2253 2531 putatum
2273 2463 2358 2515 est
2379 2458 2450 2514 ad
2475 2476 2582 2516 eos.
2606 2459 2689 2513 Ad
2710 2465 2925 2515 noctem
2941 2475 3072 2515 vero
3092 2460 3154 2514 in
3174 2461 3450 2520 Elaeonem
3474 2464 3589 2535 (64)

1985 2547 2269 2604 secedebat
2300 2565 2313 2604 :
2346 2547 2423 2602 sic
2453 2549 2596 2602 enim
2624 2548 2909 2603 Zacharias
2943 2548 3086 2618 (xxv,
3121 2551 3175 2620 4)
3201 2550 3540 2606 demonstrat
3571 2570 3586 2607 :

1986 2640 2057 2694 Et
2085 2638 2318 2694 stabunt
2333 2637 2499 2709 pedes
2516 2640 2638 2710 ejus
2668 2640 2732 2694 in
2761 2641 2954 2694 monte
2981 2639 3224 2695 Eloeone.
3255 2641 3424 2696 Erant
3441 2641 3590 2696 horse

1987 2741 2205 2798 quoque
2255 2726 2520 2782 auditorio
2597 2735 3021 2795 competentes:
3079 2728 3318 2784 diluculo
3385 2745 3588 2786 conve-

1988 2816 2246 2868 niendum
2273 2821 2406 2880 erat,
2458 2814 2584 2886 quia
2613 2831 2712 2884 per
2741 2815 2934 2870 Isaiam
2982 2817 3057 2885 (L,
3109 2816 3165 2886 4)
3194 2833 3313 2872 cum
3342 2818 3584 2874 dixisset.

1987 2905 2258 2960 Dominus
2287 2901 2392 2958 dat
2407 2903 2554 2958 mihi
2574 2902 2832 2974 linguam
2889 2904 3248 2976 disciplinae;
3278 2905 3471 2975 adjecit
3507 2908 3585 2963 οδε

1990 2991 2263 3062 Apposuit
2289 2991 2432 3046 mihi
2451 3007 2618 3046 mane
2636 3007 2837 3046 aurem
2853 2992 2924 3047 ad
2946 2993 3310 3049 audiendum.
3340 2992 3512 3050 460
3533 2992 3591 3048 Si

1995 3081 2099 3136 hoc
2144 3085 2228 3134 est
2265 3079 2579 3152 pr0phetias
2600 3079 2914 3147 dissolvere,
2936 3082 3065 3152 quid
3104 3082 3206 3138 erit
3243 3083 3537 3154 adimplere
3561 3085 3590 3138 εν

2611 3223 2836 3279 CAPUT
2865 3223 2985 3278 XL.

2065 3348 2298 3405 Proinde
2341 3350 2496 3419 (Luc.
2544 3349 2671 3420 xm)
2699 3348 2798 3405 scit
2843 3355 2896 3404 et
2923 3350 3140 3420 quando
3170 3348 3282 3420 pati
3319 3358 3588 3420 oporteret

1992 3438 2312 3507 eum,cujus
2361 3437 2668 3508 passionem
2727 3438 2811 3492 lex
2869 3436 3085 3508 ﬁgurat.
3145 3439 3280 3494 Nam
3340 3455 3370 3494 e
3408 3441 3459 3479 99
3514 3448 3592 3496 tot

1994 3527 2142 3583 festis
2179 3527 2489 3582 Judaeorum
2527 3526 2758 3584 Pascha:
2777 3527 2928 3583 diem
2959 3526 3129 3600 elegit
3160 3529 3197 3584 1.
3235 3529 3294 3583 In
3313 3528 3420 3586 hoc
3447 3532 3588 3587 enim

1991 3623 2391 3672 sacramentum
2450 3617 2822 3688 pronuntiarat
2877 3616 3090 3687 Moyses
3149 3616 3344 3685 (Leuit.
3396 3623 3586 3693 xxiii):

1990 3704 2201 3763 Pascha
2240 3709 2324 3761 est
2354 3704 2600 3760 Domini.
2634 3705 2761 3760 Ideo
2792 3712 2846 3759 et
2865 3703 3122 3760 affectum
3141 3721 3298 3760 suum
3321 3710 3550 3764 ostendit
3575 3729 3587 3764 :

1996 3795 2459 3867 Concupiscentia
2497 3794 2797 3866 concupiui
2841 3792 3056 3850 Pascha
3101 3794 3263 3852 edere
3307 3798 3588 3855 vobiscum

1988 3890 2292 3957 antequam
2327 3885 2540 3958 patiar.
2571 3882 2617 3940 Ο
2647 3883 2782 3956 legis
2810 3885 3222 3950 destructorem,
3254 3885 3343 3956 qui
3384 3902 3592 3945 concu-

1987 3975 2158 4046 pierat
2175 3973 2337 4031 etiam
2392 3973 2595 4030 Pascha
2650 3977 2899 4029 servare!
2926 3972 3188 4028 Nimirum
3213 3976 3497 4034 vervecina
3528 3979 3590 4033 il-

1987 4065 2101 4120 lum
2153 4065 2374 4120 Judaica
2430 4062 2775 4119 delectaret?
2824 4065 2908 4118 An
2958 4061 3074 4134 ipse
3123 4071 3258 4130 erat,
3311 4067 3403 4138 qui
3452 4066 3586 4139 (Isa.

1987 4156 2098 4225 Lm)
2136 4158 2406 4225 tanquam
2443 4153 2559 4210 ovis
2589 4152 2662 4206 ad
2692 4154 2983 4208 victimam
3032 4153 3241 4208 adduci
3275 4155 3502 4223 habens,
3536 4166 3591 4213 et

1992 4246 2266 4311 tanquam
2285 4241 2398 4295 ovis
2418 4255 2610 4295 coram
2629 4239 2916 4303 tondente,
2941 4241 3021 4295 sic
3041 4257 3098 4298 os
3120 4256 3236 4296 non
3256 4245 3586 4313 aperturas,

1910 4293 1956 4372 Β
1990 4327 2219 4399 ﬁguram
2259 4326 2538 4396 sanguinis
2585 4326 2668 4380 sui
2740 4327 2991 4381 salutaris
3046 4293 3588 4402 implererconcupi:

1986 4417 2217 4475 scebat?
2246 4417 2461 4471 Poterat
2488 4422 2541 4468 et
2587 4414 2654 4468 ab
2705 4421 2964 4470 extraneo
2993 4415 3238 4486 quolibet
3275 4418 3413 4473 tradi
3445 4437 3458 4485 ;
3522 4436 3589 4476 ne

1987 4503 2264 4562 dicerem?
2309 4511 2363 4560 et
2392 4501 2447 4557 in
2492 4501 2596 4557 hoc
2623 4501 2890 4557 Psalmum
2932 4502 3044 4572 (χι,
3077 4503 3166 4572 10)
3202 4515 3536 4575 expunctum
3570 4527 3582 4565 ;

1653 4633 1843 4694 Varia:
1908 4634 2219 4695 lectiones.

352 4773 408 4814 9°
439 4775 537 4844 Qui
563 4779 725 4834 Pam.
759 4773 931 4832 Rhen.
959 4773 1130 4830 Seml.
1176 4766 1726 4844 0berth.A91Sive_tni
1756 4763 2165 4844 malueris,un
2202 4757 2420 4844 bonaei
2448 4758 2733 4844 adsgribas
2757 4759 2969 4844 ειυςΙώ
3000 4759 3229 4844 adventu
3251 4760 3368 4844 eius
3399 4762 3586 4844 orion:

283 4854 375 4902 tur
391 4843 582 4905 ornitt.
625 4850 801 4904 Rhen.
836 4846 1009 4902 Seml.
1053 4843 1274 4900 Oberth.
1306 4843 1357 4880 92

1404 4841 1581 4910 Quam
1609 4842 1768 4895 Pam.
1793 4837 1972 4910 Rhen.
2007 4831 2180 4910 Seml.
2208 4833 2426 4910 Onerat.
2469 4831 2520 4870 93
2547 4834 2614 4910 Iit
2661 4831 2794 4910 add:
2832 4833 3056 4910 Rhen.“
3076 4833 3248 4910 Seml.
3269 4831 3503 4910 “Qbert‘h.
3537 4832 3587 4910 εξδ

276 4914 354 4972 Et
382 4902 579 4976 omitt.
609 4902 787 4977 linen.
822 4918 992 4974 Seml.
1032 4913 1250 4971 Oberth.
1283 4913 1334 4952 9⁵
1362 4902 1447 4969 Et‘
1459 4913 1578 4970 cod.
1620 4913 1821 4968 Wouw.
1854 4908 1904 4946 95
1930 4907 2028 4962 Cui
2055 4908 2242 4964 Latin.
2268 4906 2319 4977 797
2353 4905 2514 4977 Fiunt
2543 4902 2730 4977 Rhen.
2758 4903 2960 4977 Seml.,
2997 4903 3218 4977 Oberth.
3267 4903 3318 4941 9⁸
3373 4902 3590 4977 Adjecit

277 4974 445 5046 abest
473 4974 713 5048 Par-(99'
738 4993 800 5046 Et
825 4989 1000 5045 Rhen.
1044 4987 1212 5044 Seml.
1253 4985 1474 5042 Oberth.
1510 4984 1529 5022 ι
1567 4982 1804 5054 Elegerit
1839 4981 2020 5037 Venet.
2054 4978 2166 5053 egit
2213 4976 2388 5036 Rhen.
2443 4976 2616 5034 Seml.
2672 4974 2894 5032 Oberth.
2942 4974 2967 5013 ²
2995 4975 3250 5032 Dicerent
3311 4989 3422 5033 non
3464 4974 3586 5032 cod.

289 5061 502 5122 Wouw.
543 5067 599 5120 ni
621 5063 859 5119 dicerem
889 5069 946 5117 et
976 5062 1030 5115 in
1057 5060 1162 5116 hoc
1184 5059 1319 5118 Jun.

1687 5127 2183 5191 Commentarius.

276 5339 291 5351 _
350 5269 477 5351 (ῥῷ)
506 5269 794 5351 _Ebr_ietate
822 5264 1276 5351 etsecularibus
1305 5282 1479 5349 curis.
1498 5263 1777 5351 Quaedno
1791 5261 1878 5318 hic

273 5336 675 5414 in'discipulis
722 5341 1329 5414 prohibenturgeadem
1371 5336 1715 5414 in_c_lericis,
1765 5342 1876 5389 tum

268 5409 646 5486 presbyteris,
689 5409 803 5470 tum
835 5417 995 5471 etiam
1035 5409 1311 5483 episcopis
1339 5409 1727 5486 prohibentur,
1743 5422 1878 5486 pos-

272 5479 936 5568 ierius;can,’apost.__§,
982 5495 1042 5568 et
1071 5479 1179 5568 ῥυ,
1399 5483 1438 5562 ,6
1495 5495 1646 5568 conc.
1690 5479 1874 5568 C‘arth.

268 5566 328 5616 et
355 5558 426 5615 L.
455 5550 793 5614 Generaliter
836 5550 932 5625 62,
977 5556 1041 5612 C.
1088 5554 1154 5609 de
1208 5551 1435 5610 Clericis
1477 5555 1531 5625 et
1577 5552 1678 5625 Ep.
1726 5550 1881 5625 Prius

266 5647 416 5689 vero
441 5645 566 5686 can.
597 5635 773 5700 apost.
805 5630 898 5700 £71,
919 5619 987 5684 "et
1021 5640 1142 5700 can.
1172 5627 1404 5700 24,,qu0
1423 5619 1712 5700 cujuslibet
1732 5619 1880 5700 ordi-

271 5689 998 5762 nisclericis'interdicitur
1033 5695 1098 5758 εἷς
1143 5689 1406 5753 καπὴλὲῖον
1466 5689 1682 5750 εἰσιέναι.
1747 5689 1880 5758 Quae

501 5815 748 5874 ΡΑτιιοι.
790 5813 859 5875 II.

1985 5257 2170 5317 omnia
2197 5258 2342 5332 apud
2367 5264 2582 5315 veteres
2608 5265 2799 5332 contra
2831 5253 3167 5332 clericorum
3215 5253 3588 5332 intemperan-

1989 5333 2116 5387 tiam
2173 5325 2248 5387 et'
2272 5332 2458 5386 luxum
2513 5328 2716 5400 passim
2760 5328 3073 5400 habentur;
3142 5329 3264 5400 lege
3318 5325 3582 5400 epist._B.

1988 5403 2245 5460 Bernardi
2275 5403 2340 5456 ad
2370 5392 2683 5466 Fulconem,
2733 5402 2826 5471 qui
2856 5392 3228 5472 Lingon'ensis'
3243 5401 3431 5466 postea
3473 5392 3584 5446 fac-

1991 5486 2078 5532 tus
2108 5485 2189 5529 est
2211 5473 2642 5528 archidiaconus.
2675 5474 2752 5527 LE
2790 5473 2887 5526 Pa.

2057 5546 2174 5619 (64)
2223 5546 2533 5619 ίΕιωοηεγη,
2583 5544 2644 5597 Id
2687 5550 2790 5606 est,
2839 5542 3119 5609 olivetum,
3150 5553 3181 5593 a
3227 5549 3359 5595 voce
3395 5531 3586 5588 Graeca

1985 5618 2172 5674 ἔλαιον.
2212 5618 2352 5672 Enn.

3341 5783 3404 5836 16
