4018 6192
460 380 560 437 491

1162 369 1603 431 TERTULLIANI
1639 368 1907 429 OPERUM
1940 364 2108 428 PARS
2144 364 2211 424 II.
2249 391 2323 407 —
2357 359 2582 421 SEBIES
2619 362 2660 431 I,
2701 361 3046 423 POLEMICA.

3640 364 3747 424 492

468 506 576 573 Qui
601 515 819 557 meeum
848 511 1056 572 panem
1075 497 1212 564 edit,
1238 497 1440 555 levabit
1460 500 1522 552 in
1538 513 1626 552 me
1642 499 1931 569 plantam.
1956 495 2049 550 Po-
2080 508 2126 586 Α
2161 507 2269 575 res,
2301 488 2445 586 quod
2461 496 2556 586 .est
2586 488 2922 558 phantasma,
2956 486 3183 561 ﬁguram
3230 503 3431 586 capere“
3468 504 3576 586 non
3624 504 3750 586 pos-

462 598 597 646 terat
649 598 702 644 et
756 588 869 643 sine
916 586 1139 659 praemio
1188 585 1324 640 tradi
1372 603 1385 639 :
1446 595 1645 657 quanta
1698 584 1841 640 enim
1888 598 2051 654 opera

464 678 730 735 traditoris
784 678 928 734 circa
981 692 1126 746 eum,
1184 675 1278 745 qui
1329 675 1584 745 p0pulum
1652 688 1838 730 coram
1882 671 2054 728 offen-

461 770 616 833 dens,
650 782 748 821 nec
778 764 913 821 tradi
956 766 1132 834 magis
1189 764 1451 832 potuisset
1498 779 1659 832 quam
1699 760 1915 818 invadi?
1947 760 2053 815 Sed

462 858 563 913 hoc
591 855 681 909 alii
737 853 1083 923 competisset
1132 852 1366 917 Christo,
1427 866 1533 906 non
1590 850 1682 921 qui
1747 848 2055 923 prophetias

461 945 803 1015 adimplebat.
848 942 1112 1013 Scriptum
1150 948 1233 995 est
1270 940 1411 995 enim
1452 940 1661 1010 (Amos,
1693 954 1753 1004 ιι,
1785 938 1840 1009 6)
1878 955 1893 995 :
1947 940 2054 994 Pro

465 1051 524 1090 eo
553 1032 697 1109 quod
727 1030 1108 1087 venundebere
1138 1028 1162 1065 3
1179 1030 1429 1100 justum.
1462 1027 1600 1081 Nam
1628 1036 1679 1082 et
1707 1027 2055 1097 quantitatem

464 1133 518 1178 et
549 1122 751 1177 exitum
798 1118 957 1190 pretii
986 1128 1169 1188 postea
1197 1116 1336 1171 Juda
1384 1116 1681 1193 ptenitente
1712 1113 1969 1180 revocati,
2004 1120 2057 1167 et

464 1214 518 1267 in
576 1210 903 1281 emptionem
953 1206 1062 1261 dati
1108 1204 1223 1277 agri
1280 1205 1448 1278 ﬁguli,
1493 1204 1631 1261 sicut
1665 1206 1718 1259 in
1759 1204 2057 1276 Evangelio

463 1299 697 1357 Matthaei
745 1300 878 1369 (cap.
930 1294 1117 1362 xxvu)
1176 1294 1503 1359 continetur,
1581 1294 1849 1348 Jeremias
1913 1298 2056 1363 (cap.

464 1388 654 1456 xxxii)
684 1386 972 1457 praecanit:
1008 1387 1078 1439 Et
1106 1385 1444 1454 acceperunt
1469 1383 1710 1453 triginta
1746 1382 2060 1452 argentea’I

460 1458 715 1552 pretium
741 1474 1052 1549 appretiati
1078 1474 1164 1529 vel
1186 1472 1465 1538 honorati,
1490 1476 1546 1527 et
1567 1472 1842 1529 dederunt
1866 1489 1931 1528 ea
1947 1472 1971 1509 ⁵
1997 1474 2063 1527 in

466 1583 670 1640 agrum
714 1565 897 1636 ﬁguli.
957 1562 1242 1617 Professus
1294 1561 1472 1632 itaque
1520 1577 1577 1616 se
1623 1559 2063 1631 concupiscentia

465 1653 782 1725 concupisse
828 1652 988 1707 edere
1034 1652 1240 1705 Pascha
1276 1658 1336 1704 ut
1363 1666 1520 1703 suum
1557 1648 1857 1720 [indignum
1912 1648 2056 1703 enim

466 1754 523 1801 ut
578 1744 707 1817 quid
777 1742 1013 1797 alienum
1088 1737 1497 1807 concupisceret
1550 1736 1735 1809 Deus],
1782 1747 2058 1808 acceptum

2159 572 2260 636 set.
2294 579 2401 633 Aut
2430 577 2476 633 si
2506 585 2791 650 propterea
2822 594 3013 649 panem
3044 593 3241 649 corpus
3270 578 3373 633 sibi
3402 577 3569 643 ﬁnxit,
3600 579 3746 649 quia,

2162 668 2407 741 corporis
2436 669 2655 723 carebat
2682 668 2925 735 veritate,
2955 684 3087 739 ergo
3109 684 3296 737 panem
3326 668 3513 723 debuit
3540 668 3749 724 tradere

2162 775 2260 830 pro
2292 757 2473 815 nobis.
2503 756 2759 812 Faciebat
2788 758 2852 812 ad
2892 757 3180 813 vanitatem
3208 757 3512 829 Marcionis,
3544 768 3603 813 ut
3647 774 3748 827 pa—

2162 848 2246 902 nis
2275 844 2698 917 cruciﬁgeretur.
2750 846 2858 900 Cur
2888 854 3071 902 autem
3125 863 3315 917 panem
3346 861 3543 917 corpus
3592 864 3746 903 suum

2162 936 2399 1007 appellat
2438 936 2569 1005 (66),
2602 944 2656 991 et
2691 951 2801 991 non
2856 936 3029 1007 magis
3060 951 3347 1007 peponem,
3394 952 3555 1009 quem
3604 938 3750 991 Mar-

2163 1025 2282 1079 cion
2330 1024 2514 1079 cordis
2555 1023 2673 1079 loco
2720 1023 2954 1078 habuit?
2998 1024 3118 1079 Non
3164 1025 3478 1096 intelligens
3522 1033 3750 1080 veterem

2164 1112 2329 1167 fuisse
2376 1111 2531 1166 istam
2571 1110 2797 1181 ﬁguram
2848 1112 3089 1182 corporis
3135 1111 3333 1168 Christi
3379 1113 3612 1168 dicentis
3660 1131 3755 1187 per

2165 1201 2449 1256 Jeremiam
2477 1201 2576 1271 (xi,
2609 1201 2734 1271 19):
2770 1201 3038 1258 Adversus
3066 1217 3155 1256 me
3185 1203 3577 1273 cogitaveruut
3607 1207 3752 1274 cogi-

2170 1296 2354 1346 tatum
2393 1291 2660 1356 dicentes,
2702 1293 2909 1360 Venite,
2940 1293 3310 1364 conjiciamus
3341 1292 3555 1364 lignum
3576 1294 3637 1348 in
3656 1312 3756 1366 pa-

2165 1395 2297 1436 nem
2335 1382 2499 1451 ejus;
2538 1379 2741 1435 scilicet
2786 1394 3003 1435 crucem
3054 1381 3111 1435 in
3157 1397 3353 1452 corpus
3395 1384 3535 1452 ejus.
3574 1384 3756 1455 Itaque

2167 1468 2499 1523 illuminator
2544 1467 2922 1538 antiquitatum
2967 1469 3095 1541 quid
3147 1477 3271 1523 tunc
3316 1469 3545 1525 voluerit
3584 1470 3727 1543 signi

2166 1554 2354 1612 ﬁeasse
2403 1571 2614 1627 panem,
2666 1556 2795 1611 satis
2840 1557 3147 1626 declaravit,
3200 1573 3397 1628 corpus
3442 1574 3598 1613 suum
3650 1574 3756 1616 vo-

2169 1660 2299 1699 cans
2342 1660 2556 1715 panem,
2599 1644 2690 1700 Sic
2735 1652 2787 1700 et
2836 1644 2891 1699 in
2935 1646 3117 1701 calicis
3163 1646 3433 1700 mentione
3475 1655 3759 1703 testamen-

2167 1742 2279 1789 tum
2343 1736 2674 1789 constituens
2730 1734 2994 1807 sanguine
3062 1750 3160 1791 suo
3219 1734 3583 1807 obsignatum,
3635 1738 3762 1791 sub-

468 1801 683 1906 panem,
743 1837 795 1886 et
857 1827 1202 1883 distributum
1262 1801 1565 1896 discipulis,
1640 1801 1838 1899 corpus
1907 1827 2057 1882 illum
2093 1801 2413 1880 Bstantiam
2459 1822 2700 1889 corporis
2744 1822 3104 1879 conﬁrmavit.
3156 1823 3369 1879 Nullius
3419 1823 3563 1879 enim
3626 1839 3756 1881 cor-

467 1940 623 1978 suum
645 1922 668 1958 6
697 1919 842 1983 fecit,
881 1920 987 1974 Hoc
1015 1920 1098 1973 est
1129 1929 1329 1987 corpus
1373 1930 1564 1972 meum
1596 1915 1845 1983 dicendo,
1876 1914 1929 1971 id
1960 1928 2060 1983 est,

468 2010 643 2081 ﬁgura
671 2004 913 2077 corporis
940 2004 1046 2059 mei
1077 2003 1209 2073 (65).
1250 2004 1446 2076 Figura
1488 2012 1667 2059 autem
1714 2021 1823 2060 non
1853 2003 2059 2075 fuisset,

469 2098 574 2153 nisi
602 2094 841 2153 veritatis
871 2102 1017 2151 esset
1062 2107 1279 2166 corpus.
1339 2093 1622 2161 Caeterum,
1673 2110 1845 2151 vacua
1894 2092 2053 2149 461

2172 1914 2316 1984 poris
2364 1913 2587 1984 sanguis
2638 1920 2814 1983 potest
2854 1929 2992 1979 esse,
3044 1912 3149 1968 nisi
3179 1913 3375 1969 carnis.
3430 1913 3563 1969 Nam
3610 1922 3661 1969 et
3714 1916 3763 1969 si

2170 2018 2275 2074 qua
2301 2002 2542 2073 corporis
2578 2001 2812 2074 qualitas
2840 2017 2947 2058 non
2976 2017 3172 2059 carnea
3223 2011 3527 2076 Opponetur
3578 2004 3761 2075 nobis,

2173 2098 2318 2146 certe
2361 2090 2680 2164 sanguinem
2730 2090 2834 2146 nisi
2881 2106 3079 2148 carnea
3120 2107 3228 2148 non
3284 2090 3521 2147 habebit.
3576 2092 3763 2163 Itaque

546 2260 570 2292 ³
596 2247 966 2309 Vendiderunt
1022 2246 1099 2303 al.
1141 2246 1165 2285 ἰ
1192 2245 1499 2322 Argenteos
1527 2246 1604 2302 al.
1633 2245 1655 2283 5
1683 2247 1790 2302 Eos
1809 2166 2453 2322 mgfrrlgzilgnsisdm
2476 2242 2625 2297 illum
2669 2243 2843 2301 Rhen.
2880 2244 3050 2301 Seml.
3081 2244 3296 2302 Oberth.

1866 2319 2357 2382 Commentarius.

541 2402 658 2476 (65)
689 2402 748 2458 Id
780 2404 881 2469 est,
906 2400 1088 2472 ﬁgura
1117 2400 1715 2476 corporis‘mei._llzec
1750 2397 1915 2476 verba
1953 2414 2062 2476 non

469 2470 817 2546 intelligenda
870 2470 998 2526 sunt
1058 2477 1116 2524 ut
1145 2470 1351 2546 volunt
1372 2470 1929 2546 Calviiiista:,_quibus
1962 2472 2065 2546 hoc

469 2548 612 2612 loco,
642 2541 695 2601 et
724 2545 853 2599 alias
905 2550 1189 2610 praeterea,
1220 2542 1450 2597 nimium
1478 2541 1606 2597 favit
1650 2542 1937 2612 Rigaltius,
1969 2541 2063 2597 sed

470 2615 921 2690 quemadmodum
951 2630 1032 2690 __ea
1079 2612 1314 2690 intelligi
1362 2612 1595 2690 postulat
1655 2613 1897 2690 ipsorum
1928 2629 2066 2690 _con-

470 2683 669 2754 textus,
731 2695 782 2742 et
844 2685 1212 2755 explicuerunt
1257 2683 1522 2755 'theologi
1596 2684 1858 2753 polemici,
1926 2685 2066 2739 inter

470 2776 610 2831 quos
656 2756 950 2831 doctissimi
996 2755 1295 2831 cardipales
1330 2755 1639 2831 _Perronius
1687 2764 1739 2810 et
1791 2755 2066 2831 Beiiarmi-

469 2826 574 2886 nus
606 2832 803 2901 primas
839 2827 1099 2901 obtinent.
1139 2826 1493 2901 Posteriorem
1546 2826 1741 2881 citasse
1790 2826 2017 2901 sufﬁciat
2050 2844 2064 2881 :

474 2924 498 2954 α
532 2898 784 2974 Sequitur
808 2900 1046 2974 (tertius)
1078 2898 1224 2952 locus
1252 2914 1319 2974 ex
1357 2899 1447 2951 lib.
1482 2913 1537 2951 iv
1581 2902 1785 2953 contra
1829 2899 2064 2974 Marcio-

469 2970 635 3039 nem;
656 2973 747 3027 ubi
777 2971 853 3026 sic
882 2971 1127 3040 legimus.
1173 2990 1198 3020 «
1246 2970 1541 3040 Acceptum
1586 2985 1798 3038 panem,
1849 2979 1903 3024 et
1947 2970 2060 3022 dis-

470 3047 729 3101 tributum
767 3039 1071 3110 discipulis,
1100 3056 1299 3110 corpus
1347 3039 1500 3094 suum
1551 3042 1702 3093 illum
1751 3039 1875 3096 fecit
1908 3058 1920 3094 :
1953 3042 2061 3095 Hoc

469 3122 551 3175 est
604 3131 801 3187 corpus
842 3128 1033 3169 meum
1079 3111 1323 3187 dicendo“,
1355 3113 1430 3187 _id
1461 3120 1577 3187 est,_
1610 3112 1779 3187 ﬁgura
1819 3114 2063 3187 corporis

469 3188 592 3243 mei.
652 3181 852 3257 Figura
880 3190 1084 3257 *autem
1121 3197 1250 3257 non
1293 3181 1498 3257 inisset,
1528 3183 1629 3257 nisi
1652 3181 1894 3257 veritatis
1920 3181 2064 3257 esset

468 3274 681 3329 corpus.
722 3252 751 3306 ἱ
784 3286 855 3329 -ῖ
879 3252 1246 3329 Respondeo:
1299 3253 1685 3329 Priora__verba
1725 3254 2063 3329 hujustesti-

467 3324 656 3395 monii,
703 3327 851 3398 quod
892 3324 1082 3398 omnes
1122 3324 1544 3398 Sacramentarii
1574 3334 1827 3395 tanquam
1873 3325 2059 3379 Achil-

467 3404 572 3457 lem
602 3396 891 3471 quemdam
920 3396 975 3449 in
1006 3396 1177 3467 prima
1234 3396 1348 3471 acie
1380 3396 1852 3471 constitutint,_p_ro
1899 3398 2061 3471 nobis

467 3465 703 3529 maxime
760 3470 958 3525 faciunt
1006 3465 1029 3520 Ξ
1070 3466 1371 3536 posteriora
1436 3474 1617 3521 autem
1678 3465 1812 3521 nihil
1863 3466 2063 3521 obsunt

468 3560 645 3601 causae
701 3551 917 3596 nostrae.
981 3537 1117 3592 Illud
1181 3539 1321 3593 enim
1371 3555 1384 3592 :
1439 3558 1463 3588 α
1521 3539 1815 3607 Acceptum
1872 3554 2061 3605 panem

469 3631 666 3687 corpus
692 3630 846 3687 suum
867 3611 992 3665 fecit
1020 3610 1267 3687 dicendo,
1314 3612 1420 3665 Hoc
1450 3613 1531 3665 est
1555 3625 1762 3687 _corpus
1780 3625 1995 3687 meum,
2033 3629 2057 3659 ι

471 3680 665 3758 aperte
711 3684 912 3758 indicat
960 3683 1113 3751 panis
1143 3682 1344 3758 realem
1380 3680 1724 3758 mutationem
1777 3680 2062 3758 in_corpu_s

474 3752 670 3811 Christi
703 3778 716 3823 ;
759 3754 890 3807 illud
920 3762 1093 3806 autem
1128 3770 1142 3806 :
1176 3752 1234 3806 Id
1263 3756 1368 3818 est,
1406 3754 1592 3822 ﬁgura
1637 3753 1881 3822 corporis
1926 3752 2061 3823 mei,

472 3844 602 3903 non
640 3822 905 3903 signiﬁcat
946 3822 1498 3903 (utnSat-ramentarii
1554 3822 1818 3903 _credhunt)’
1866 3822 2058 3903 panem

474 3892 823 3954 Eucharistiae
880 3907 1004 3964 esse
1047 3892 1275 3964 ﬁguram
1348 3895 1596 3963 corporis
1664 3892 1899 3960 Domini,
1968 3896 2062 3950 sed

473 3969 619 4040 quod
665 3966 786 4040 fuit
814 3964 940 4020 olim
968 3962 1152 4040 _ﬁgura
1192 3965 1249 4017 in
1289 3962 1631 4020 Testamento
1676 3965 1881 4040 Veteri,
1920 3982 2063 4040 nunc

477 4033 531 4094 in
578 4036 819 4108 corporis
872 4033 1148 4108 veritatem
1202 4050 1323 4089 esse
1370 4043 1651 4090 mutatum.
1702 4036 2063 4107 Conjungitur

476 4109 623 4167 enim
668 4107 815 4173 illud,
882 4107 1065 4179 ﬁgura
1117 4108 1361 4180 corporis
1415 4108 1546 4175 mei,
1599 4122 1706 4180 non
1762 4124 1885 4163 cum
1930 4124 2063 4165 voce

476 4184 727 4254 proxime
754 4181 1116 4254 praecedente,
1142 4179 1343 4254 corpus
1363 4194 1572 4254 meum,
1605 4179 1700 4233 sed
1716 4194 1834 4234 cum
1868 4195 2062 4250 prono-

476 4250 621 4309 inine
676 4254 805 4315 Hoc,
850 4258 912 4322 ut
971 4251 1041 4322 sit
1099 4250 1190 4322 hic
1256 4266 1447 4322 sensus
1488 4267 1500 4305 :
1540 4253 1835 4321 Acceptum
1876 4267 2063 4322 panem

480 4340 677 4394 corpus
708 4338 865 4377 suum
892 4320 1038 4385 fecit,
1082 4319 1315 4394 dicendo
1347 4339 1360 4376 :
1389 4324 1515 4389 Hoc,
1548 4322 1599 4376 id
1644 4319 1745 4388 est,
1777 4319 1949 4392 panis,
1982 4334 2066 4379 est

478 4393 732 4469 qui’olim
760 4395 861 4469 fuit
908 4394 1077 4466 ﬁgura
1108 4393 1350 4469 corporis
1374 4394 1499 4469 _mei,
1546 4410 1688 4450 nunc
1735 4399 1819 4449 est
1873 4410 2070 4469 corpus

477 4464 669 4523 meum
690 4482 709 4517 :
738 4464 829 4519 ubi
860 4464 1159 4536 pronomen
1197 4467 1322 4528 Hoc,
1356 4464 1683 4521 demonstrat
1713 4482 1928 4536 panem,
1959 4464 2067 4521 non

479 4538 573 4610 qui
602 4546 800 4603 manet,
830 4534 922 4591 sed
950 4534 1043 4607 qui
1098 4543 1374 4610 mutatur,_
1402 4546 1461 4590 ut
1501 4552 1691 4610 supra
1711 4534 1963 4610 diximus.
1998 4568 2067 4578 —

477 4606 540 4664 Id
568 4619 744 4665 autem
767 4610 841 4662 ita
861 4606 982 4662 esse
1012 4609 1269 4678 probatur
1296 4607 1471 4677 primo
1506 4606 1581 4662 ex
1621 4606 1723 4661 illis
1760 4608 1938 4663 verbis
1972 4624 2063 4664 se-

476 4682 764 4754 quentibus
795 4697 809 4734 :
864 4700 886 4729 α
920 4678 1335 4754 Figura__autem
1390 4694 1497 4733 non
1519 4678 1752 4754 afuisset,
1789 4678 2061 4754 nisi_veri-

477 4748 601 4807 fatis
625 4760 765 4807 esset
791 4748 1006 4819 corpus.
1045 4769 1067 4798 »
1103 4749 1329 4821 Sipenim
1386 4766 1484 4820 per
1511 4748 1739 4821 ﬁguram
1784 4749 2059 4821 intellige-

478 4830 563 4878 ret
587 4822 993 4885 Eucharistiam,
1026 4834 1132 4892 non
1151 4819 1521 4892 diceret,’non
1550 4819 1773 4892 fuisset,
1808 4823 1898 4877 sed
1945 4819 2060 4879 non

476 4898 639 4961 esset,
695 4891 931 4962 loquitur
969 4890 1159 4963 igiturA
1185 4893 1250 4946 de
1279 4891 1449 4963 ﬁgura
1477 4890 1799 4948 Testamenti
1838 4895 2055 4962 veteris,

473 4981 595 5034 qua:
620 4960 938 5036 Sine—dubio
984 4960 1109 5036 vera
1131 4960 1302 5033 ﬁgura
1319 4960 1435 5018 'non
1465 4964 1672 5036 luisset,
1706 4964 1809 5019 nisi
1863 4960 2059 5036 corpus

471 5033 661 5089 verum
710 5033 757 5089 ei
790 5034 1165 5107 responderet.
1196 5065 1267 5074 —
1307 5035 1749 5107 Secundoiidem
1802 5033 2057 5107 patet'ex

470 5106 653 5160 verbis
682 5104 837 5177 paulo
867 5106 1008 5160 intra
1050 5107 1396 5176 sequentibus
1429 5123 1441 5159 :
1503 5126 1527 5155 α
1557 5106 1684 5170 Cur,
1736 5104 1925 5178 inquit,
1953 5124 2054 5178 pa-

468 5194 589 5231 nem
619 5192 816 5249 corpus
842 5192 998 5231 suum
1028 5179 1276 5248 appellat,
1307 5184 1361 5231 et
1398 5192 1505 5249 non
1550 5179 1725 5248 magis
1756 5194 2050 5249 peponem,

468 5265 626 5320 quem
657 5248 891 5323 marcion
941 5250 1122 5323 cordis
1176 5249 1296 5323 loco
1341 5248 1543 5311 habuit,
1600 5248 2054 5323 nonAintelligens

464 5330 703 5377 veterem
770 5320 930 5374 fuisse
986 5320 1139 5373 istam
1182 5320 1405 5389 ﬁguram
1438 5320 1679 5389 corporis
1708 5320 2050 5390 Christifdi-

464 5393 632 5447 centis
661 5408 756 5462 per
774 5391 1060 5447 Jeremiam
1092 5408 1102 5443 :
1139 5392 1322 5446 Venite
1346 5391 1715 5461 conjiciamus
1747 5394 1966 5461 lignum
1988 5395 2051 5449 in

459 5482 667 5535 panem
697 5466 843 5530 eius,
874 5462 1077 5535 scilicet
1106 5477 1333 5535 crucem
1357 5464 1409 5535 in
1439 5477 1639 5532 corpus
1671 5462 1836 5535 ejus?
1862 5464 2048 5535 Itaque

458 5531 785 5591 illuminator
821 5531 1207 5605 antiquitatum
1244 5533 1372 5605 quid
1430 5531 1555 5588 tunc
1608 5534 1843 5589 voluerit
1872 5531 2047 5605 signi-

458 5609 649 5661 ﬁcasse
688 5619 904 5675 panem,
945 5602 1073 5657 Satis
1091 5602 1406 5669 declaravit,
1432 5620 1629 5674 corpus
1660 5622 1816 5661 suum
1847 5602 2046 5663 voeans

454 5693 676 5750 panem.
714 5696 737 5727 υ
770 5675 872 5731 Ubi
923 5675 1282 5733 Tertullianus
1323 5676 1473 5748 dicit,
1506 5678 1778 5736 Christum
1820 5694 2044 5738 vocasse

2170 2411 2367 2464 corpus
2394 2409 2553 2467 suum
2598 2409 2812 2467 panem,
2865 2409 2973 2450 non
3032 2410 3314 2467 peponem,
3371 2402 3463 2450 aut
3512 2394 3762 2467 aliquem

2172 2468 2334 2540 alium
2391 2465 2612 2536 cibum,’
2659 2475 2719 2540 ut
2762 2466 3007 2540 impleret
3033 2465 3285 2540 ’ﬁguram
3327 2465 3627 2537 Ieremia;
3663 2471 3764 2540 qui

2172 2538 2389 2616 nomine
2440 2540 2593 2616 panis
2622 2537 3039 2616 _signiﬁcavergt
3083 2539 3281 2616 Christi
3339 2552 3542 2616 cprpus
3590 2556 3603 2592 :
3650 2537 3764 2594 non

2172 2625 2301 2679 ergo
2334 2608 2576 2681 Christus
2620 2608 2937 2681 instituitiin
2983 2609 3314 2665 Eucharistia
3356 2609 3583 2681 figuram
3628 2624 3759 2665 cor-

2173 2681 2321 2752 poris
2347 2680 2444 2745 sui,
2491 2688 2551 2734 ut
2577 2680 2868 2752 adversarii
2897 2681 3098 2748 volunt,
3134 2682 3230 2738 sed
3259 2680 3498 2752 implevit
3525 2680 3763 2752 ﬁguram

2172 2750 2402 2807 veterem
2434 2766 2500 2805 ex
2530 2766 2665 2819 pane
2694 2750 3026 2807 conﬁciendo
3067 2768 3262 2821 corpus
3308 2750 3488 2810 suum.
3518 2750 3589 2791 -ξ
3614 2755 3761 2807 Ter-

2174 2825 2251 2877 tio
2282 2838 2355 2896 ex
2384 2821 2578 2896 verbis;
2605 2822 2723 2896 aliis
2752 2824 3123 2892 sequentibus,
3174 2823 3267 2896 ubi
3313 2825 3580 2896 eXplicans
3616 2840 3757 2893 pro-

2172 2894 2413 2966 phetiam
2436 2894 2602 2948 Jacob
2634 2894 2793 2963 (Gen.
2829 2895 3011 2966 xux).
3054 2895 3288 2951 Lavabit
3312 2894 3525 2951 in'vino
3548 2896 3760 2953 stolam

2143 2985 2155 2999 ο
2173 2982 2359 3037 suam,
2381 2970 2434 3019 et
2456 2967 2517 3020 in
2535 2968 2814 3036 sanguine
2832 2982 2953 3022 uva:
2968 2967 3215 3037 pallium
3237 2984 3401 3023 suum
3424 2987 3442 3022 :
3469 2992 3490 3018 α
3528 2968 3760 3033 Stolarn,

2170 3036 2364 3107 inquit,
2405 3052 2619 3092 carnem
2664 3036 3057 3110 demonstrans,
3090 3048 3144 3094 et
3190 3038 3368 3093 vinum
3416 3038 3760 3110 sanguinem.

2172 3110 2248 3162 Ita
2277 3118 2329 3163 et
2359 3124 2500 3162 nunc
2549 3108 2865 3178 sanguinem
2922 3125 3077 3165 suum
3120 3110 3173 3163 in
3224 3110 3346 3164 vino
3394 3108 3761 3173 consecravit,

2170 3179 2261 3250 qui
2290 3188 2415 3234 tunc
2444 3181 2627 3253 vinum
2657 3181 2709 3234 in
2739 3181 2999 3253 sanguine
3025 3181 3292 3253 ﬁguravit.
3332 3201 3354 3253 ιθ
3390 3181 3489 3235 Ubi
3529 3196 3763 3253 NOTAN-

2169 3266 2304 3317 DUM,
2336 3252 2478 3321 quod
2518 3252 2655 3306 sicut
2691 3252 2851 3322 apud
2886 3252 3175 3307 Jeremiam
3219 3252 3374 3322 panis
3420 3252 3764 3321 signiﬁcabat

2170 3337 2385 3391 corpus,
2421 3322 2544 3392 quia
2587 3337 2790 3391 corpus
2837 3324 3049 3378 Domini
3081 3334 3164 3379 est
3211 3324 3364 3379 cibus
3405 3324 3663 3391 ﬁdelium,
3697 3335 3766 3381 ut

2169 3408 2331 3466 supra
2362 3392 2631 3466 diximus;
2667 3394 2743 3447 ita
2790 3394 2971 3448 vinum
3012 3396 3155 3465 apud
3201 3397 3457 3450 Jacobum
3514 3397 3759 3466 patriar-

2168 3465 2323 3539 gliam
2368 3464 2646 3539 _signiticat
2692 3468 3011 3539 sanguinem
3050 3464 3292 3539 Domini,
3350 3469 3476 3536 quia
3514 3464 3763 3539 _sanguis

2167 3534 2381 3590 Domini
2425 3534 2506 3591 est
2550 3545 2708 3605 potus
2750 3534 3013 3593 ﬁdelium.
3058 3538 3303 3592 Christus
3342 3534 3517 3592 autem
3562 3534 3762 3593 utvex-

2170 3606 2392 3679 plicaret
2446 3607 2573 3661 istas
2628 3606 2829 3678 ﬁguras
2882 3625 2976 3664 seu
3040 3608 3325 3676 vaticinia,
3386 3625 3579 3679 corpus
3654 3611 3762 3665 sub

2169 3677 2358 3753 Specie
2399 3680 2577 3748 panis,
2620 3677 2690 3732 et’
2726 3680 3043 3753 sanguinem
3081 3680 3179 3735 sub
3222 3680 3405 3752 specie
3452 3677 3560 3738 vini
3598 3683 3758 3738 nobis

2168 3748 2429 3825 tradidit;
2472 3760 2525 3804 et
2570 3765 2697 3825 sane
2744 3751 2790 3804 si
2819 3748 2925 3807 rion
2964 3769 3149 3809 verum
3188 3748 3385 3825 corpus
3428 3761 3481 3807 et
3534 3755 3759 3825 sangui-

2169 3836 2294 3893 nem
2350 3820 2527 3889 reipsa
2574 3822 2830 3893 dedisset,
2877 3839 2985 3877 non
3040 3831 3186 3878 recte
3250 3820 3757 3893 explicuissetfvel

2170 3891 2445 3962 implesset
2492 3892 2758 3948 vaticinia.
2786 3894 2925 3947 Nam
2963 3903 3067 3949 tam
3111 3891 3368 3949 Jeremias
3418 3911 3512 3964 per
3563 3912 3756 3965 panem

2170 3979 2353 4037 verum
2384 3975 2597 4031 corpus,
2632 3980 2792 4037 quam
2821 3965 2987 4020 Jacob
3026 3981 3122 4037 per
3168 3967 3353 4020 vinum
3399 3981 3582 4021 verum
3633 3984 3759 4022 san-

2170 4035 2392 4105 guinem
2423 4035 2815 4104 praenuntiavit,
2850 4044 2907 4091 ut
2938 4035 3299 4093 Tertullianus
3336 4037 3483 4092 dicit.
3532 4039 3627 4091 Illa
3667 4055 3760 4093 au-

2170 4114 2277 4159 tem
2309 4105 2467 4161 verba
2496 4106 2852 4165 Tertulliani:
2900 4127 2926 4159 oi
2975 4108 3078 4177 Qui
3116 4116 3245 4163 tunc
3297 4110 3481 4164 vinum
3527 4108 3581 4161 in
3630 4126 3759 4165 san-

2172 4178 2340 4247 guine
2370 4177 2642 4248 ﬁguravit,
2667 4196 2692 4229 ιι
2729 4178 3033 4234 referuntur
3079 4182 3145 4233 ad
3193 4180 3280 4234 illa
3310 4182 3471 4237 verba
3514 4180 3705 4235 Jacobi
3740 4200 3753 4235 :

2173 4249 2243 4302 In
2274 4251 2549 4320 sanguine
2568 4266 2691 4305 uvae
2710 4252 2951 4321 pallium
2982 4267 3166 4307 suum.
3202 4253 3327 4306 Vult
3352 4256 3492 4307 enim
3523 4252 3705 4307 dieere
3740 4272 3755 4311 :

2177 4336 2274 4390 per
2295 4321 2624 4394 sanguinem
2646 4338 2766 4376 uvae
2796 4322 3024 4394 intelligi
3057 4324 3258 4388 vinum,
3294 4324 3385 4377 sed
3424 4338 3519 4393 per
3566 4324 3757 4379 vinum

2178 4392 2411 4466 intelligi
2440 4392 2755 4466 sanguinem
2796 4392 3034 4466 Domini,
3066 4404 3127 4451 ut
3166 4395 3283 4465 ipse
3332 4392 3583 4466 explicat,
3628 4411 3758 4450 cum

2177 4464 2254 4518 ait
2299 4480 2393 4533 per
2428 4464 2897 4539 stolam_carnem,
2952 4464 3055 4539 per
3097 4464 3285 4539 vinum
3310 4464 3630 4539 sanguinem
3657 4468 3761 4524 de-

2175 4536 2483 4593 monstrari.
2518 4563 2581 4608 _—
2613 4534 2814 4608 Quarto
2842 4534 3094 4608 denique,
3131 4537 3282 4608 idem,
3314 4534 3456 4607 patét
3504 4554 3569 4592 ex
3624 4554 3760 4608 pro-

2172 4621 2363 4679 gressu
2437 4605 2632 4679 totius_
2667 4605 3003 4679 librisNam‘
3072 4605 3410 4679 pr0positum
3464 4609 3579 4677 ejus
3624 4605 3757 4665 _erat

2169 4678 2457 4751 gstendere
2511 4677 2779 4732 Christum
2824 4678 2881 4733 in
2930 4677 3223 4751 Evangelia
3270 4694 3376 4735 non
3420 4680 3760 4738 destruxisse

2169 4749 2567 4824 Testamentum
2616 4757 2805 4824 veius,
2857 4750 2951 4824 sed
3028 4749 3493 4824 illudiimplesse.
3561 4753 3756 4824 Itaque

2168 4819 2434 4890 percurrit
2480 4819 2839 4894 Tertullianus
2888 4822 3126 4893 plurima
3171 4822 3369 4879 Christi
3432 4819 3757 4894 operafac

2167 4894 2499 4965 demonstrat
2527 4890 2797 4965 Christum
2822 4890 3161 4949 inwomnibus
3207 4895 3312 4948 illis
3357 4890 3571 4949 dedisse
3616 4909 3758 4965 ope-

2167 4978 2279 5037 ram
2318 4969 2377 5016 ut
2422 4962 2671 5037 impleret
2702 4964 2928 5037 _ﬁguras
2989 4966 3127 5036 legis
3160 4983 3171 5023 :
3204 4966 3368 5037 igitur
3422 4967 3525 5021 hoc
3586 4962 3755 5022 etiam

2164 5034 2282 5108 ioco
2311 5048 2417 5089 non
2443 5033 2648 5108 inducit
2675 5033 2919 5108 ﬁguram
2963 5033 3253 5092 institutam
3298 5037 3354 5092 in
3381 5037 3754 5108 ATestamento

2160 5106 2339 5172 Novo,
2359 5107 2453 5159 sed
2483 5105 2851 5176 impletionem
2880 5117 3079 5163 tantum
3103 5119 3337 5165 veterum
3367 5106 3680 5177 ﬁgurarum.
3720 5130 3748 5163 ι

2161 5177 2429 5251 _IIactenus
2471 5177 2821 5251 Bellarniinus
2850 5180 2940 5251 (de
2972 5185 3322 5238 sacramento
3370 5180 3753 5237 Euclraristiw

2160 5249 2255 5304 lib.
2299 5264 2358 5317 ιι,
2392 5264 2510 5318 cap.
2543 5249 2620 5319 7).
2654 5250 2792 5305 Eon.

2232 5321 2339 5389 (66)
2368 5323 2580 5396 Panem
2600 5339 2987 5396 corpussuum
3007 5323 3275 5395 appellat.
3306 5324 3479 5380 Locus
3517 5338 3617 5396 pro
3646 5337 3750 5381 ve-

2159 5389 2314 5467 ritate
2344 5394 2593 5467 corporis
2620 5389 2817 5450 Cb’risti
2846 5389 3091 5466 insignis;
3132 5397 3217 5451 cui
3260 5399 3395 5451 adde
3424 5412 3489 5451 ex
3516 5389 3637 5467 cap.
3680 5400 3749 5451 10

2157 5461 2252 5517 lib.
2285 5464 2410 5539 adv.
2449 5461 2651 5522 ’Judeos
2685 5483 2698 5523 :
2752 5461 3050 5539 nChris'tus
3078 5484 3272 5538 panem
3331 5483 3528 5539 corpus
3582 5461 3747 5522 suum

2156 5536 2432 5609 appellat;
2469 5554 2492 5589 ι
2529 5553 2647 5608 cap.
2698 5541 2731 5592 2
2775 5538 2841 5594 de
2886 5548 3043 5606 orat.,
3078 5536 3203 5603 'etc,
3252 5536 3495 5595 Justinus
3538 5539 3749 5609 Martyr

2158 5607 2525 5683 testimonium
2557 5607 2656 5683 hac
2684 5610 2750 5665 de
2779 5626 2838 5683 re
2866 5610 3024 5666 habet
3059 5612 3388 5671 luculentum
3436 5610 3620 5683 (Apol.
3674 5607 3743 5683 ἰ).

2153 5676 2307 5737 Alios
2332 5680 2421 5736 hic
2447 5696 2553 5738 non
2580 5681 2779 5752 allego.
2808 5682 2885 5737 LE
2913 5682 3012 5738 Pa.
