3992 6174
214 388 310 449 493

1406 382 1533 445 LIB.
1574 382 1642 443 IV
1678 383 1833 445 ADV.
1871 382 2283 448 MARCIONEM.

3384 401 3489 463 494

210 514 439 605 consistit
486 511 757 605 probatio
782 508 1030 605 corporis
1077 508 1148 605 de
1207 510 1741 605 testimonioucarnis
1771 528 1787 583 ;
1820 526 1867 605 Α
1896 513 1990 605 qui
2019 514 2193 605 labiis
2240 534 2274 605 a
2308 518 2517 591 populo
2570 517 2911 593 diligebatur
2960 522 3089 594 (Isa.
3158 541 3323 598 xxIx,
3375 529 3485 599 t3).

208 602 442 675 probatio
469 600 670 671 carnis,
727 600 796 655 de
834 598 1146 655 testimonio
1175 598 1480 671 sanguinis.
1510 599 1580 654 Ut
1610 606 1790 655 autem

209 701 257 749 et
281 691 561 764 sanguinis
588 697 833 747 veterem
857 686 1090 761 ﬁguram
1122 687 1177 742 in
1223 688 1355 744 vino
1407 703 1791 763 recOgnoseas,

208 782 367 838 aderit
396 781 564 835 Isaias
591 782 776 850 (LXIII,
828 779 873 849 l)
909 795 922 832 :
963 778 1117 845 Quis,
1157 775 1355 848 inquit,
1412 779 1513 850 qui
1569 778 1796 833 advenit

208 889 273 930 ex
294 870 462 926 Edam
483 874 503 924 ?
533 870 719 926 Ruber
738 868 1202 923 vestimentorum
1216 869 1338 938 ejus
1359 881 1430 923 ex
1460 870 1624 924 Bosor
1657 868 1794 937 (67).

209 962 293 1018 Sic
320 960 341 997 ⁷
362 959 598 1015 decorus
626 958 689 1012 in
722 956 872 1013 stola
917 955 1210 1012 vinolenta
1239 972 1371 1011 cum
1400 957 1743 1027 fortitudine
1771 954 1800 1010 ?

215 1052 385 1119 Quare
404 1044 580 1103 rubra
602 1046 943 1103 vestimenta
965 1048 1065 1101 tua
1082 1043 1110 1097 .9
1127 1048 1182 1100 et
1202 1044 1537 1100 indumenta
1557 1047 1707 1102 sicut
1733 1045 1800 1101 de

206 1141 324 1209 foro
342 1134 648 1192 torcularis
673 1135 841 1206 pleno
853 1133 1223 1188 conculcata?
1261 1131 1493 1202 Spiritus
1513 1134 1652 1188 enim
1673 1149 1804 1204 pro~

206 1224 452 1298 pheticus
478 1223 629 1279 velut
668 1223 782 1292 jam
823 1220 1352 1292 contemplabundus
1398 1222 1802 1278 Dominum‘ad

208 1314 507 1387 passionem
547 1312 871 1376 venientem,
924 1323 1084 1366 carne
1135 1308 1342 1365 scilicet
1386 1309 1638 1367 vestitum
1669 1351 1682 1376 ,
1743 1317 1805 1365 ut

207 1404 259 1459 in
287 1418 351 1458 ea
395 1417 619 1472 passum
642 1441 659 1466 ,
691 1407 972 1454 cruentum
1032 1397 1271 1454 habitum
1299 1397 1481 1454 carnis
1530 1398 1585 1453 in
1631 1397 1802 1454 vesti-

204 1500 507 1549 mentorum
554 1488 722 1546 462
770 1490 969 1544 rubore
1026 1487 1322 1563 designat,
1371 1490 1700 1545 conculcata:
1752 1494 1807 1543 et

204 1597 473 1655 expressa:
493 1578 548 1639 vi
581 1576 869 1651 passionis,
899 1585 1150 1651 tanquam
1185 1577 1253 1633 de
1307 1578 1333 1616 ⁸
1387 1576 1506 1633 foro
1565 1577 1809 1633 torcularIr

202 1673 320 1743 ris;
369 1669 500 1743 quia
530 1665 726 1724 exinde
781 1666 942 1739 quasi
977 1665 1246 1723 cruentati
1292 1665 1540 1723 homines
1568 1666 1636 1722 de
1687 1665 1802 1723 vini

203 1764 402 1818 rubore
449 1752 807 1814 descendant.
865 1756 1035 1813 Multo
1088 1755 1431 1813 manifestius
1462 1756 1709 1819 Genesis.
1746 1755 1803 1810 in

1903 601 2197 659 Perductus
2238 604 2291 659 in
2312 621 2655 674 concessum,
2682 624 2748 664 an
2792 609 2911 681 ipse
2950 623 3091 668 esset
3117 613 3362 673 Christus
3415 617 3500 672 in—

1903 697 2229 763 terregatur.
2262 693 2343 750 De
2381 711 2487 767 quo
2528 696 2739 753 Christo
2786 698 2959 753 Judaei
3008 702 3345 772 quaesissent,
3395 704 3498 760 nisi

1904 780 1974 834 de
2001 796 2101 835 suo
2131 783 2159 837 Ἰ
2188 782 2298 838 Cur
2327 800 2455 856 ergo
2495 800 2599 841 non
2632 785 2719 841 vel
2746 793 2874 843 tunc
2904 787 3065 843 alium
3096 790 3176 844 eis
3206 791 3443 861 prodidit
3470 793 3498 846 ?

1906 868 1976 925 Ut
2006 869 2114 939 pati
2142 878 2345 943 posset,
2379 872 2579 945 inquis.
2615 876 2671 929 Id
2705 883 2809 945 est,
2841 885 2902 933 ut
2948 876 3039 935 ille
3076 879 3314 951 Optimus
3345 881 3501 955 igno-

1907 966 2088 1014 rantes
2112 962 2286 1015 adhuc
2316 963 2368 1016 in
2397 964 2575 1018 scelus
2607 973 2896 1036 mergeret.
2930 965 3131 1039 Atquin
3161 976 3214 1023 et
3243 970 3288 1024 si
3323 969 3500 1024 dixis-

1909 1050 2009 1112 set,
2040 1064 2297 1118 passurus
2328 1060 2488 1107 esset.
2522 1054 2582 1109 Si
2611 1055 2806 1110 dixero
2852 1057 3022 1122 enim,
3080 1055 3271 1128 inquit,
3330 1060 3489 1117 vobis.

1908 1152 2027 1192 non
2055 1138 2296 1195 credetis
2322 1141 2386 1195 ιο.
2418 1141 2587 1197 Porro
2619 1158 2725 1198 non
2762 1144 3037 1214 credituri,
3074 1158 3507 1217 perseverassent

1909 1223 1965 1279 in
2001 1241 2190 1282 necem
2227 1228 2365 1297 ejus.
2425 1231 2491 1284 Et
2522 1247 2614 1287 cur
2647 1247 2754 1287 non
2810 1233 2984 1306 magis
3039 1251 3296 1306 passurus
3337 1245 3504 1304 esset,

1912 1312 1959 1368 si
1988 1313 2209 1371 alterius
2264 1316 2384 1386 Dei,
2435 1333 2498 1373 ac
2550 1336 2650 1390 per
2695 1321 2814 1391 hoc,
2856 1322 3226 1380 adversarium
3275 1326 3507 1384 Creato-

1913 1401 1991 1457 ris
2020 1403 2063 1441 ιι
2114 1404 2552 1461 manifestasset?
2585 1410 2734 1480 Ergo
2764 1424 2873 1465 non
2910 1418 2970 1465 ut
3000 1418 3292 1484 pateretur,
3344 1416 3508 1472 alium

1914 1507 1975 1547 se
2015 1499 2142 1548 tunc
2188 1510 2401 1567 quoque
2456 1497 2766 1569 supersedit
2821 1499 3112 1558 ostendere
3152 1520 3168 1559 :
3224 1504 3319 1559 sed
3367 1521 3500 1577 quo-

1915 1581 2060 1637 niam
2112 1582 2158 1621 ι²
2212 1599 2277 1640 ex
2331 1600 2426 1640 ore
2463 1587 2582 1654 ejus
2626 1587 3024 1646 confessionem
3063 1600 3508 1666 extorquere.cu-

1914 1668 2153 1742 piebant,
2178 1686 2277 1728 nec
2303 1671 2550 1729 confesso
2590 1681 2764 1730 tamen
2804 1676 3057 1732 credituri
3099 1721 3112 1749 ,
3166 1680 3260 1753 qui
3290 1696 3411 1736 eum
3441 1698 3507 1738 ex

1911 1758 2172 1832 cperibus
2224 1759 2532 1833 Scripturas
2585 1761 3007 1834 adimplentibus
3062 1768 3348 1839 agnovisse
3405 1770 3506 1826 de-

203 1846 581 1906 benedictione
605 1842 784 1916 ludat,
831 1862 898 1903 ex
953 1846 1117 1917 cujus
1177 1844 1317 1901 tribu
1371 1845 1550 1901 carnis
1604 1861 1800 1902 census
1836 1838 1881 1917 Β
1907 1848 2134 1905 buerant
2164 1865 2180 1918 ;
2212 1848 2286 1905 ita
2315 1850 2434 1920 ejus
2472 1849 2571 1906 fuit
2601 1851 2900 1909 occultasse
2926 1869 3006 1920 se,
3046 1838 3131 1912 cui
3168 1855 3311 1913 ultro
3340 1856 3507 1914 debe-

213 1935 413 1993 Christi
444 1948 815 2005 processurus,
871 1936 986 2006 jam
1044 1941 1171 1990 tunc
1226 1933 1496 1989 Christum
1545 1933 1598 1988 in
1664 1934 1805 1989 Juda

210 2024 512 2082 delineabat
538 2024 577 2081 9.
607 2024 860 2092 Lavabit,
883 2024 1059 2095 inquit
1080 2021 1240 2095 (Gen.
1270 2037 1431 2093 XLIX,
1450 2024 1558 2095 11),
1581 2025 1644 2080 in
1674 2024 1804 2081 vino

203 2116 412 2174 stolam
439 2130 624 2181 suam,
656 2117 712 2171 et
732 2114 798 2169 in
822 2115 1100 2185 sanguine
1120 2130 1245 2170 ιιυιε
1272 2114 1557 2171 amictum
1581 2130 1753 2171 suum
1784 2134 1805 2184 ;

204 2206 400 2263 stolam
436 2212 493 2260 et
510 2198 766 2260 amictUm
785 2218 999 2259 carnem
1029 2202 1408 2259 demonstrans
1445 2243 1463 2269 ,
1513 2209 1568 2259 et
1622 2202 1804 2260 vinum

201 2294 541 2369 sanguinem.
573 2290 652 2348 Ita
684 2300 740 2349 et
784 2309 930 2349 nunc
979 2293 1303 2365 sanguinem
1361 2308 1524 2348 suum
1575 2290 1628 2347 in
1679 2292 1804 2349 vino

201 2384 560 2451 consecravit,
590 2380 683 2455 qui
725 2390 854 2439 tunc
896 2383 1080 2438 vinum
1110 2382 1166 2436 in
1211 2381 1479 2455 sanguine
1528 2381 1801 2455 ﬁguravit.

808 2471 1028 2528 CAPUT
1055 2471 1199 2526 XLI.

283 2566 388 2632 Vae,
422 2560 520 2633 ait,
548 2573 652 2635 per
669 2566 835 2636 quem
859 2560 1111 2619 traditur
1137 2561 1317 2618 Filius
1352 2561 1616 2620 hominis.
1664 2559 1807 2635 Ergo

202 2656 313 2725 jam
382 2656 471 2712 Va:
529 2650 744 2707 constat
812 2650 1221 2723 imprecationis
1283 2659 1333 2707 et
1377 2650 1807 2708 comminationis

208 2744 626 2801 inclanationem
665 2740 1100 2814 intelligendam,
1135 2748 1190 2798 et
1217 2740 1350 2799 irato
1381 2749 1436 2798 et
1471 2742 1684 2798 offenso
1712 2742 1807 2797 de-

208 2834 542 2905 putandam:
579 2830 684 2887 nisi
711 2831 758 2886 si
785 2831 951 2887 Judas
978 2831 1200 2903 impune
1219 2839 1331 2888 erat
1354 2840 1559 2888 tantum
1588 2831 1809 2888 sceleris

206 2924 499 2980 relaturus.
532 2923 643 2980 Aut
686 2920 733 2977 si
782 2920 1022 2992 impune,
1071 2931 1226 2978 vacat
1292 2924 1395 2979 Vae.
1441 2922 1497 2978 Si
1543 2937 1653 2978 non
1706 2921 1806 2976 im-

207 3030 372 3086 pune,
414 3012 605 3086 utique
632 3010 700 3067 ab
731 3026 798 3067 eo
828 3011 1159 3083 puniendus,
1195 3013 1251 3069 in
1277 3029 1436 3084 quem
1486 3012 1661 3068 scelus
1701 3019 1804 3067 tra-

205 3103 432 3159 ditionis
461 3101 693 3158 admisit.
728 3102 913 3167 Porro,
946 3100 994 3156 si
1043 3100 1218 3157 sciens
1266 3117 1457 3172 passus
1498 3109 1580 3157 est
1628 3101 1805 3157 homi-
1839 3122 1882 3201 α

208 3207 360 3257 nem,
402 3206 562 3262 quem
590 3189 704 3261 ipse
738 3189 1013 3246 comitatui
1056 3205 1154 3245 suo
1184 3188 1516 3262 adsciverat,
1572 3188 1629 3244 in
1683 3198 1804 3245 tan-

207 3289 325 3337 tum
354 3281 527 3337 scelus
555 3295 731 3348 ruere,
766 3278 881 3335 noli
897 3278 1013 3349 jam
1039 3278 1109 3334 de
1136 3278 1391 3335 Creatore
1438 3278 1581 3335 circa
1635 3278 1807 3333 Adam

210 3377 522 3437 retractare,
555 3385 677 3442 quae
706 3368 761 3423 in
791 3375 947 3423 tuum
975 3381 1193 3440 quoque
1236 3367 1414 3424 Deum
1477 3375 1805 3438 retorquen-

211 3466 314 3526 tur,
362 3466 457 3515 aut
497 3457 784 3531 ignorasse
841 3455 995 3511 illum
1054 3456 1148 3528 qui
1194 3472 1303 3513 non
1352 3472 1418 3512 ex
1470 3454 1807 3526 providentia

210 3547 416 3606 obstitit
463 3555 775 3619 peccaturo,
816 3553 914 3603 aut
958 3544 1222 3603 obsistere
1282 3560 1392 3602 non
1446 3545 1705 3619 potuisse,
1764 3544 1810 3601 si

210 3635 541 3710 ignorabat;
576 3642 667 3693 aut
696 3635 955 3705 noluisse,
990 3635 1037 3691 si
1092 3642 1146 3691 et
1191 3635 1397 3692 sciebat
1435 3644 1489 3691 et
1542 3642 1760 3708 poterat
1792 3652 1809 3703 ;

211 3734 376 3798 atque
403 3726 482 3782 ita
527 3724 856 3782 malitiosum
896 3724 1252 3794 judicandum
1289 3766 1303 3795 ,
1343 3724 1435 3796 qui
1493 3740 1684 3793 passus
1743 3723 1812 3778 sit

214 3815 495 3872 hominem
548 3831 704 3870 suum
758 3829 825 3870 ex
890 3813 1083 3870 delicto
1128 3814 1327 3883 perire.
1382 3814 1595 3870 Suadeo
1650 3812 1813 3888 igitur

220 3918 489 3976 agnoscas
520 3904 701 3975 potius
732 3914 787 3959 et
823 3902 882 3958 in
920 3903 1024 3959 isto
1053 3903 1365 3959 Creatorem
1400 3943 1413 3967 ,
1438 3917 1602 3973 quam
1632 3918 1813 3974 parem

214 3991 287 4048 illi
313 3994 497 4050 Deum
537 3992 802 4065 optimum
856 3993 1120 4052 adversus
1160 3990 1482 4047 sententiam
1527 4000 1672 4047 tuam
1730 3991 1814 4046 fa-

214 4084 341 4139 cias.
373 4085 513 4139 Nam
541 4092 600 4139 et
641 4084 854 4139 Petrum
912 4081 1325 4153 praesumptorie
1373 4080 1572 4153 aliquid
1631 4081 1815 4137 elocu-

217 4181 327 4228 tum
356 4172 501 4244 (68),
520 4169 690 4229 468
708 4170 982 4246 negationi
1003 4171 1184 4243 potius
1211 4169 1550 4235 destinando,
1591 4169 1814 4226 zelotcm

216 4260 393 4318 Deum
421 4262 519 4318 tibi
547 4261 801 4319 ostendit.
826 4261 1028 4320 Debuit
1058 4261 1233 4319 etiam
1268 4260 1456 4319 osculo
1508 4258 1662 4316 tradi
1705 4261 1815 4331 (69)

220 4352 568 4427 prepheticus
596 4350 797 4410 scilicet
826 4351 1091 4423 Christus,
1139 4358 1198 4408 ut
1227 4350 1347 4421 ejus
1392 4349 1597 4408 scilicet
1622 4348 1810 4417 Filius,

1908 1936 2065 1993 batur
2093 1938 2320 2013 agnitio.
2355 1940 2418 1994 Et
2469 1946 2647 1995 tamen
2702 1941 2879 1998 adhuc
2923 1942 3004 2000 eis
3059 1959 3277 2000 manum
3332 1947 3510 2018 porri-

1911 2041 2047 2100 gens
2076 2043 2089 2083 :
2122 2026 2354 2093 Abhinc,
2383 2027 2576 2100 inquit,
2609 2031 2722 2087 erit
2750 2032 2931 2088 Filius
2960 2032 3205 2091 hominis
3223 2033 3417 2092 sedens
3438 2037 3511 2093 ad

1912 2114 2209 2172 dexteram
2261 2117 2492 2173 virtutis
2541 2120 2657 2175 Dei.
2716 2119 3054 2194 Suggerebat
3118 2121 3265 2179 enim
3328 2140 3389 2181 se
3438 2141 3503 2182 ex

1911 2204 2151 2261 Danielis
2179 2206 2321 2278 (cap.
2377 2206 2482 2278 vII)
2513 2207 2791 2279 prophetia
2820 2209 3010 2265 Filium
3041 2210 3274 2268 hominis
3305 2256 3321 2281 ,
3367 2222 3422 2269 et
3480 2230 3511 2269 e

1909 2292 2127 2351 Psalmo
2173 2295 2310 2368 (cur)
2364 2296 2557 2364 David,
2591 2300 2871 2354 sedentem
2902 2300 2972 2355 ad
3029 2301 3310 2358 dexteram
3380 2304 3505 2361 Dei.

1911 2383 2100 2456 Itaque
2126 2399 2193 2439 ex
2229 2384 2333 2440 isto
2361 2384 2505 2442 dicto
2535 2393 2589 2442 et
2606 2386 2893 2458 Scriptura;
2920 2390 3323 2462 comparatione
3377 2393 3509 2452 illu-

1913 2472 2103 2530 minati
2148 2490 2309 2546 quem
2337 2491 2395 2531 se
2435 2475 2594 2532 vellet
2630 2476 2856 2550 intelligi
2889 2496 2902 2533 :
2936 2481 3099 2553 Ergo,
3131 2480 3402 2553 inquiunt,
3446 2489 3511 2542 tu

1911 2564 2013 2621 Dei
2054 2564 2234 2620 Filius
2271 2569 2368 2621 es?
2405 2564 2571 2636 Cujus
2612 2565 2730 2634 Dei,
2783 2566 2891 2622 nisi
2937 2585 3097 2641 quem
3129 2571 3303 2628 solum
3332 2588 3509 2631 nove-

1914 2652 2081 2707 rant?
2111 2651 2279 2723 Cujus
2308 2653 2405 2708 Dei
2433 2696 2445 2719 ,
2482 2653 2587 2709 nisi
2615 2671 2777 2728 quem
2817 2656 2868 2710 in
2910 2658 3120 2713 Psalmo
3153 2661 3513 2717 meminerant

1913 2740 2116 2795 dixisse
2148 2740 2284 2796 Filio
2336 2758 2477 2799 suo:
2523 2743 2657 2798 Sede
2703 2744 2774 2800 ad
2804 2742 3069 2800 dextram
3118 2753 3353 2804 meam?
3409 2748 3510 2805 Sed

1914 2830 2237 2900 respondit:
2305 2831 2399 2887 Vos
2438 2831 2650 2902 dicitis,
2708 2835 2810 2905 qui
2855 2849 2951 2907 ego
3007 2852 3135 2891 sum
3185 2837 3254 2892 13.
3311 2838 3512 2909 Atquin

1912 2917 2249 2974 confirmavit
2277 2918 2332 2973 id
2361 2933 2419 2975 se
2448 2936 2569 2977 esse
2603 2922 2748 2993 quod
2780 2922 2857 2978 illi
2888 2923 3151 2993 dixerant,
3201 2925 3331 2980 dum
3389 2944 3511 2983 rur-

1914 3022 2006 3061 sus
2058 3006 2410 3077 interrogant.
2471 3008 2623 3064 Unde
2678 3019 2856 3066 autem
2904 3012 3161 3083 probabis
3215 3013 3515 3089 interroga-

1913 3095 2035 3160 tive,
2071 3101 2124 3151 et
2154 3109 2261 3149 non
2291 3096 2438 3167 ipsos
2484 3095 2856 3154 conﬁrmativa
2910 3102 3338 3170 pronuntiasse:
3370 3106 3515 3176 Ergo

1918 3188 1983 3241 tu
2009 3184 2189 3240 Filius
2218 3185 2317 3242 Dei
2346 3188 2445 3241 es?
2473 3185 2541 3241 Ut
2568 3185 2693 3258 quia
2748 3187 2964 3260 oblique
2993 3190 3305 3245 ostenderat
3333 3207 3392 3248 se
3421 3208 3517 3263 per

1916 3272 2224 3344 Scripturas
2247 3272 2445 3329 Filium
2474 3274 2574 3331 Dei
2601 3274 3129 3349 intelligendum,sic
3158 3278 3425 3337 senserint
3448 3282 3514 3338 1“.

1918 3365 2059 3436 Ergo
2102 3367 2165 3419 tu
2212 3365 2313 3421 Dei
2337 3379 2394 3420 es
2422 3365 2629 3435 Filius,
2658 3367 2807 3438 quod
2850 3373 2903 3422 te
2932 3383 3041 3423 non
3099 3369 3182 3427 vis
3208 3378 3391 3440 aperte
3428 3370 3516 3427 di-

1915 3468 2077 3525 cere;
2110 3469 2263 3525 aeque
2320 3454 2367 3492 15
2419 3454 2492 3511 ita
2521 3463 2574 3511 et
2602 3456 2712 3527 ille,
2769 3458 2860 3514 Vos
2910 3457 3101 3515 dicitis
3151 3458 3520 3521 conﬁrmative

1916 3542 2237 3615 respondit;
2279 3551 2330 3599 et
2356 3543 2490 3602 adeo
2537 3544 2616 3603 sic
2672 3544 2773 3602 fuit
2836 3548 3205 3619 pronuntiatio
3261 3551 3402 3621 ejus,
3456 3555 3521 3606 ut

1917 3632 2383 3705 perseveraverint
2458 3634 2509 3691 in
2580 3650 2645 3693 eo
2679 3678 2693 3703 ,
2768 3637 2914 3709 quod
2982 3637 3352 3711 pronuntiatio
3423 3656 3518 3696 sa-

1919 3721 2118 3794 piebat.

2485 3811 2712 3869 CAPUT
2764 3811 2932 3870 XLII.

1992 3900 2320 3958 Perductum
2364 3901 2598 3975 16(Luc.
2638 3902 2803 3975 XXIII)
2842 3903 2983 3959 enim
3014 3904 3161 3961 illum
3191 3904 3258 3961 ad
3289 3905 3516 3964 Pilatum

1925 4004 2150 4046 onerare
2178 4000 2463 4062 coeperunt
2497 4032 2512 4061 ,
2561 3994 2708 4063 quod
2760 4008 2819 4048 se
2865 4009 3048 4069 regem
3078 3993 3322 4064 diceret;
3366 3997 3524 4054 Chri~

1925 4087 2069 4134 stum
2095 4078 2213 4135 sine
2258 4079 2424 4135 dubio
2472 4080 2569 4135 Dei
2635 4080 2829 4136 Filium
2862 4123 2881 4152 ,
2930 4099 3209 4141 sessurum
3282 4086 3349 4141 ad
3419 4087 3520 4142 Det

1925 4168 2219 4223 dexteram.
2269 4167 2537 4225 Caeterum
2567 4209 2583 4239 ,
2632 4169 2740 4227 alio
2786 4186 2909 4226 eum
2968 4172 3127 4229 titulo
3180 4177 3519 4244 gravassent,

1927 4255 2115 4313 incerti
2142 4272 2210 4312 an
2235 4254 2429 4312 Filium
2458 4257 2557 4312 Dei
2595 4272 2653 4313 se
2692 4257 2937 4330 dixisset,
2979 4260 3080 4316 nisi
3104 4260 3147 4299 17
3183 4261 3274 4317 Vos
3334 4260 3525 4318 dicitis

1923 4346 2002 4403 sic
2028 4345 2449 4418 pronuntiasset,
2494 4346 2675 4403 hocse
2714 4362 2831 4404 esse
2867 4349 3013 4421 quod
3060 4349 3319 4407 dicerent.
3349 4350 3527 4423 Pilato

1587 4503 1780 4566 Variae
1850 4504 2157 4566 lectiones.

306 4639 331 4683 ⁷
375 4643 484 4700 Sed
545 4641 728 4699 Paris.
751 4641 776 4679 8
804 4639 863 4698 In
891 4638 1251 4699 Rhen.Semt.
1288 4637 1508 4698 Oberth.
1539 4637 1563 4677 9
1593 4637 1910 4695 Decliuabat
1942 4633 2320 4709 Rhen.qSeinl.
2372 4631 2591 4709 Obertb.
2624 4629 2927 4709 delineahat
2954 4634 3195 4709 F1janeq.
3224 4633 3273 4709 Ψ
3300 4634 3531 4693 Creditis

222 4715 408 4772 Rhen.
446 4715 617 4771 Se-ml.
663 4713 878 4772 Oberth.
916 4714 959 4751 ιι
992 4714 1059 4768 Se
1088 4714 1217 4770 add.
1248 4712 1447 4769 Jun.”

1474 4710 1760 4780 Quomodo
1793 4709 1969 4780 Rhen.
1999 4707 2169 4780 Segni.
2207 4705 2427 4763 Oberth.
2452 4706 2499 4744 13
2526 4705 2833 4780 Quasinon
2861 4721 2963 4778 ego
2991 4707 3123 4780 Jun.
3145 4705 3206 4746 ⁷14
3235 4708 3528 4765 Senserunt

218 4788 345 4844 cod.
394 4788 593 4845 Wouw.
654 4784 774 4859 Big.
835 4787 1021 4843 Venet.
1058 4784 1104 4823 15
1132 4788 1310 4857 Atque
1341 4773 1521 4841 Rhen:
1576 4782 1748 4841 Seml.
1785 4779 2007 4839 Oberth.
2037 4778 2085 4818 1⁸
2114 4780 2449 4836 Productum
2487 4773 2567 4834 at.
2604 4776 2647 4816 17
2679 4777 2737 4833 Si
2768 4773 2941 4835 Rhen.
2987 4779 3157 4837 Seml.
3204 4780 3421 4839 Oberth.

1627 4934 2128 4999 Commentarios.

293 5076 421 5149 (6‘7)
460 5076 642 5136 Rubor
684 5078 1152 5149 vestimentorum
1192 5075 1317 5149 ejus
1360 5088 1436 5149 ea:
1469 5075 1665 5149 _Bos‘or.
1717 5073 1827 5149 Aut

220 5145 475 5221 purpura
529 5149 689 5221 Tyria
742 5148 1059 5221 intelligitur
1089 5191 1105 5220 ,
1146 5145 1273 5221 sive
1346 5145 1775 5221 Carthaginensis
1806 5184 1822 5211 ,

220 5217 451 5292 aut'per
478 5217 647 5279 Boscr
678 5217 995 5277 rubediném
1040 5217 1313 5292 explicare
1364 5218 1661 5292 debemus:
1699 5226 1821 5280 wn

220 5288 380 5365 enim
406 5291 571 5349 Hebr.
602 5292 941 5365 est_omphax
970 5292 1084 5365 sive
1113 5288 1217 5365 uva
1272 5291 1579 5365 immatura,
1628 5288 1821 5363 legen-

220 5363 471 5435 dumque
501 5373 641 5420 esset
664 5361 837 5421 Boser
867 5377 966 5436 pro
987 5362 1161 5420 bosor.
1195 5361 1272 5417 [ιε
1304 5362 1401 5436 Pa.

295 5430 589 5508 (6§)_Nam
608 5438 664 5495 et
691 5430 925 5508 Petruin
945 5433 1377 5508 praesumptorie
1393 5430 1611 5508 aliquid
1639 5431 1828 5508 elocu-

227 5504 513 5580 ίιιύηζβίρ
554 5506 911 5580 paucissimis;
940 5504 1207 5580 expressit
1256 5509 1457 5580 auctor
1489 5504 1825 5580 colloquium

225 5577 433 5635 Christi
464 5578 533 5634 de
556 5574 852 5648 negatione
879 5577 936 5634 S.
964 5574 1106 5633 Petri
1137 5575 1418 5648 praedicta,
1470 5574 1830 5648 quodulatius

227 5596 433 5635 unus“
464 5596 533 5634 ue
561 5596 628 5635 ne
670 5596 852 5635 attone
879 5596 936 5634 δ.
964 5596 1106 5633 rem
1137 5596 1418 5648 praedicnt,
1470 5596 1616 5647 quou
1674 5596 1830 5630 Iauus

227 5648 584 5732 prosequitur
736 5650 803 5708 de
831 5653 981 5732 Fuga
1000 5651 1065 5708 in
1108 5664 1343 5732 φείδεο..
1372 5647 1588 5710 omissis
1615 5645 1682 5703 iis
1708 5660 1832 5720 quae

228 5720 565 5784 internicdia
600 5730 730 5782 sunt
757 5723 900 5797 apud
910 5720 1150 5783 Lucani.
1181 5720 1324 5782 Pu.

2008 5070 2124 5145 (69)
2150 5067 2343 5145 Debuit
2363 5070 2540 5145 etiam
2554 5066 2743 5127 osculo
2765 5066 2937 5145 tradi.
2960 5065 3160 5145 Epiph.
3174 5111 3187 5137 ,
3218 5068 3421 5145 confut.
3442 5072 3531 5145 βᾶ,

1934 5140 2259 5223 hanc-etiam
2286 5142 2565 5223 veritatem
2594 5140 2861 5223 corporis
2883 5140 3311 5223 Christi‘probat
3336 5159 3402 5199 ex
3451 5142 3537 5196 his

1934 5213 2118 5297 verbis
2155 5213 2335 5297 Lucas,
2367 5213 2434 5268 ad
2463 5228 2583 5297 quae
2612 5213 2700 5297 hic
2730 5212 2934 5297 Auctor
2961 5212 3200 5297 alludit:
3231 5217 3535 5297 Et‘apprg-

1931 5286 2235 5369 pinquavit.
2256 5289 2321 5367 ut
2340 5286 2698 5368 oscularetur
2716 5300 2844 5366 eum
2867 5281 3166 5365 Ju.das.Qui
3192 5281 3418 5366 confut.'
3444 5286 3533 5350 67,

1933 5359 2083 5413 addit
2102 5359 2388 5413 reseidtsse
2410 5365 2569 5412 etiam
2587 5357 2915 5411 Marcionem
2931 5356 3370 5426 Insequentibus
3391 5353 3535 5426 quod

1934 5431 2075 5502 fecit
2099 5428 2544 5502 Petrusquando
2564 5428 2840 5502 percussit
2869 5431 2926 5484 et
2953 5424 3190 5485 abscidit
3214 5424 3537 5502 auriculam

1936 5494 2084 5578 servi
2114 5494 2539 5578 Pontiﬁcis,_et,
2558 5494 2833 5578 :quantum
2864 5505 3105 5578 apparet,
3157 5503 3321 5578 totam
3352 5494 3538 5578 .histo-

1937 5566 2401 5657 riampegationis
2417 5566 2612 5644 ’Pet'ri';
2634 5571 2835 5646 quippe
2855 5566 3124 5645 quam-hic
3148 5566 3308 5625 etiam
3335 5566 3540 5624 Auctor

1938 5655 2115 5704 omlSIl
2126 5688 2139 5705 .
2174 5655 2258 5701 ID.
