3992 6174
476 363 583 420 495

476 482 643 541 164
675 494 890 554 quoque
919 475 1293 550 interroganti.
1334 476 1405 530 Tu
1426 490 1481 531 es
1523 472 1819 529 Christus?
1848 473 2073 545 proinde

480 576 553 629 Tu
594 572 777 638 dicis;
823 585 889 624 ne
945 573 1091 622 metu
1148 562 1425 635 potestatis
1488 562 1793 619 viderentur
1839 564 2068 634 amplius

472 660 837 733 respondisse.
879 654 1212 712 Constitutus
1240 662 1321 707 est
1368 651 1534 723 igitur
1577 650 1840 706 Dominus
1869 651 1925 704 in
1975 652 2071 721 ju-

473 750 635 805 dicio.
660 752 728 804 Et
748 748 957 803 statuit
986 746 1048 799 in
1062 741 1277 815 judicio
1308 741 1587 811 populum
1604 755 1795 794 suum.
1816 740 1936 811 Ipse
1958 744 2068 796 Do-

474 842 667 894 minus
700 838 759 891 in
786 835 1076 907 judicium
1096 833 1251 887 venit
1282 829 1326 864 ιδ
1355 844 1485 882 cum
1519 829 1860 899 presbyteris
1889 834 1943 885 et
1972 847 2069 886 ar-

476 927 771 986 chontibus
814 923 1037 997 populi,
1078 918 1372 975 secundum
1406 916 1595 972 Isaiam
1627 916 1731 988 (ut,
1760 919 1869 990 13).
1896 921 2071 989 Atque

477 1019 670 1074 exinde
715 1030 875 1071 omne
922 1012 1178 1081 scriptum
1212 1006 1477 1079 passionis
1526 1022 1638 1062 suae
1665 1006 1931 1078 implevit.
1970 1011 2075 1063 Tu-

476 1108 790 1163 multuata:
820 1105 956 1159 sunt
986 1100 1183 1155 ibidem
1207 1098 1556 1161 nationes,et
1582 1097 1784 1169 pepuli
1808 1097 2076 1153 meditati

477 1201 622 1253 sunt
650 1194 867 1250 inania.
920 1190 1242 1246 Astiterunt
1282 1202 1434 1258 reges
1466 1190 1651 1250 terrae,
1681 1190 1733 1241 et
1780 1185 2080 1243 archonte;

479 1284 805 1356 congregati
826 1284 964 1337 sunt
986 1280 1048 1333 in
1077 1294 1261 1334 unum
1293 1276 1559 1332 adversus
1589 1275 1891 1331 Dominum
1921 1277 2080 1333 etad-

478 1390 668 1431 versus
713 1372 991 1429 Christum
1026 1369 1150 1437 ejus
1198 1367 1345 1421 Psal.
1387 1380 1445 1432 11,
1509 1367 1578 1430 1,
1648 1364 1748 1434 2):
1808 1364 2073 1431 nationes,

478 1460 708 1519 Romani
753 1458 845 1532 qui
908 1472 1033 1513 cum
1087 1455 1258 1510 Pilato
1316 1453 1568 1521 fuerant;
1628 1453 1863 1523 populi,
1905 1455 2077 1508 tribus

480 1549 694 1608 Israelis
727 1566 741 1613 ;
801 1560 978 1619 reges,
1027 1543 1083 1598 in
1125 1540 1336 1597 Herode
1368 1561 1383 1609 ;
1415 1540 1717 1607 archontes,
1753 1542 1807 1594 in
1852 1541 2077 1595 summis

481 1637 871 1697 sacerdotibus.
904 1635 1039 1689 Nam
1070 1642 1122 1687 et
1165 1629 1363 1685 Herodi
1402 1629 1552 1683 velut
1588 1645 1788 1684 munus
1816 1644 1847 1682 a
1900 1628 2072 1685 Pilato

480 1730 695 1794 missus,
735 1725 875 1781 Osee
927 1720 1152 1780 vocibus
1200 1717 1357 1773 fidem
1411 1716 1684 1783 reddidit;
1740 1719 1805 1772 de
1855 1718 2069 1773 Chrisio

480 1818 628 1874 enim
658 1814 1065 1885 prOphetaverat
1093 1807 1176 1878 (x,
1207 1810 1261 1877 6)
1296 1822 1308 1863 :
1336 1809 1406 1862 Et
1426 1807 1684 1861 vinctum
1714 1822 1843 1861 eum
1863 1806 2075 1863 ducent
2107 1811 2149 1883 Β

483 1907 720 1970 xenium
748 1901 888 1972 regi.
940 1896 1246 1953 Delectatus
1286 1902 1367 1951 est
1394 1894 1623 1966 denique
1681 1894 1918 1951 Herodes
1962 1895 2078 1953 viso

479 1995 630 2059 Jesu,
673 2006 774 2047 nec
837 2002 1025 2045 vocem
1072 1985 1234 2039 ullam
1305 1982 1371 2036 ab
1404 1998 1470 2038 eo
1505 1983 1745 2039 audivit:
1797 1986 2077 2056 Tanquam

480 2097 660 2155 agnus
682 2079 826 2135 enim
846 2094 1035 2135 coram
1054 2074 1339 2140 tondente,
1354 2074 1435 2129 sic
1454 2090 1567 2129 non
1582 2074 1809 2146 aperuit
1830 2092 1887 2132 os
1903 2091 2074 2130 suum

480 2170 615 2243 (Isa.
673 2183 797 2234 xm,
830 2169 925 2238 7);
965 2165 1090 2238 quia
1128 2164 1400 2221 Dominus
1428 2162 1661 2218 dederat
1690 2163 1781 2217 illi
1820 2164 2075 2234 linguam

479 2261 814 2333 disciplinae,
830 2258 1077 2313 utsciret
1092 2251 1359 2329 quomodo
1375 2268 1503 2307 eum
1524 2256 1805 2323 oporteret
1820 2254 2077 2323 proferre

481 2364 798 2407 sermonem
814 2347 943 2417 (Isa.
984 2360 1036 2413 ι,
1071 2345 1145 2413 4).
1192 2341 1341 2395 Illam
1371 2339 1575 2395 scilicet
1621 2340 1873 2410 linguam,
1916 2355 2075 2411 quam

478 2440 536 2493 in
553 2438 763 2493 Psalmo
794 2438 966 2506 (XLVI)
994 2431 1393 2505 agglutinatam
1432 2428 1637 2501 gutturi
1662 2444 1759 2483 suo
1782 2436 1908 2484 tunc
1941 2444 2073 2499 pro-

478 2526 660 2594 babat,
691 2539 803 2579 non
848 2523 1136 2593 loquendo.
1196 2519 1265 2573 Et
1311 2517 1573 2573 Barrabas
1606 2518 1826 2587 quidem
1872 2531 2075 2573 nocen-

480 2614 723 2672 tissimus
754 2654 769 2679 ,
828 2612 937 2667 vita
992 2617 1050 2664 ut
1096 2609 1270 2664 bonus
1325 2608 1600 2671 donatur;
1648 2605 1891 2661 Christus
1942 2622 2072 2662 vero

475 2701 829 2775 iustissimus,
887 2708 948 2756 ut
1003 2696 1270 2754 homicida
1325 2694 1483 2751 morti
1530 2696 1919 2765 expostulatur.
1970 2694 2074 2751 Sed

480 2802 536 2850 et
579 2793 688 2848 duo
736 2788 948 2847 scelesti
1006 2785 1451 2857 circumliguntur
1497 2784 1573 2838 illi
1625 2784 1763 2856 (70),
1820 2793 1878 2840 ut
1935 2784 2075 2842 inter

479 2883 700 2953 iniquos
720 2880 923 2937 scilicet
946 2880 1314 2948 deputaretur.
1348 2873 1613 2929 Vestitum
1654 2875 1812 2944 plane
1860 2876 1979 2946 ejus
2026 2875 2074 2914 19

482 2969 746 3023 militibus
767 2966 1003 3022 divisum
1030 2965 1102 3033 2°,
1142 2964 1336 3034 partim
1376 2971 1520 3018 sorte
1575 2980 1909 3035 concessum,
1951 2966 2081 3020 Mar-

480 3058 603 3115 cion
624 3055 862 3122 abstulit,
887 3054 1181 3124 respiciens
1204 3052 1403 3106 Psalmi
1428 3054 1573 3122 (xxr,
1610 3052 1697 3124 t9)
1721 3054 2076 3124 prophetiam,

480 3146 781 3218 Dispertiti
803 3116 909 3199 sibi
935 3116 1073 3198 sunt
1092 3116 1446 3197 vsstimenta‘
1467 3116 1612 3213 mea,
1634 3116 1693 3199 et
1810 3116 2079 3199 vestitum
2111 3116 2155 3195 0

478 3253 670 3293 meum
699 3238 908 3291 sortem
935 3234 1233 3288 miserunt.
1257 3231 1425 3287 Aufer
1464 3232 1631 3301 igitur
1656 3240 1711 3286 et
1752 3247 1968 3287 crucem
2002 3232 2084 3302 ip-

479 3342 615 3383 sam.
668 3326 814 3379 Idem
871 3331 1044 3378 tamen
1082 3322 1325 3377 Psalmus
1380 3321 1546 3391 (vers.
1584 3323 1667 3390 t7)
1720 3321 1788 3376 de
1848 3336 1914 3375 eo
1970 3335 2081 3375 non

480 3422 657 3472 tacet:
716 3410 998 3473 Foderunt
1028 3427 1237 3467 manus
1258 3424 1411 3465 meas
1442 3415 1499 3464 et
1524 3409 1687 3481 pedes
1708 3423 1856 3464 meos
1879 3408 1946 3464 21.
1981 3408 2083 3465 To-

482 3513 568 3561 tus
600 3507 654 3560 in
684 3506 776 3560 illo
805 3504 980 3558 exitus
1022 3502 1220 3571 legitur
1273 3502 1439 3571 (vers.
1492 3502 1544 3565 8,
1588 3502 1652 3555 I3
1709 3505 1764 3553 et
1804 3496 2026 3568 passim)
2061 3516 2075 3553 :

492 3593 998 3651 Circumdederunt
1027 3609 1117 3648 me
1155 3606 1345 3657 canes,
1369 3604 1643 3660 synagoya
1689 3588 2079 3657 male/icorum

487 3684 946 3739 circumvallavit
973 3696 1083 3736 me.
1107 3681 1303 3736 Omnes
1320 3682 1415 3752 qui
1445 3677 1776 3751 spectabant
1806 3694 1917 3741 me,
1940 3692 2078 3731 naso

486 3774 799 3831 irridebant
826 3788 932 3827 me.
960 3773 1152 3826 Locuti
1181 3774 1320 3824 sunt
1356 3768 1541 3838 labiis,
1587 3773 1645 3823 et
1678 3768 1870 3839 capita
1898 3779 2082 3821 move-

489 3866 649 3921 runt.
681 3862 937 3933 Speravit
964 3862 1028 3914 in
1058 3860 1253 3923 Deum,
1290 3857 1485 3913 liberet
1504 3872 1653 3913 eum.
1687 3856 1804 3925 Quo
1829 3857 1942 3925 jam
1980 3863 2081 3909 tes-

490 3950 769 4006 timonium
791 3948 1232 4004 vestimentorum
1256 3948 1392 4001 habe
1415 3945 1463 3983 2³
1480 3946 1596 4001 falsi
1620 3944 1698 4001 tui
1725 3945 1981 4016 prmdam,
2006 3954 2082 3998 to-

490 4053 576 4098 tus
602 4040 843 4111 psalmus
870 4036 1185 4092 vestimenta
1224 4044 1348 4090 sunt
1387 4034 1603 4090 Christi.
1645 4036 1784 4089 Ecce
1816 4040 1998 4088 autem
2027 4040 2080 4088 et

489 4132 758 4187 elementa
784 4126 1186 4185 concutiuntur.
1216 4123 1480 4180 Dominus
1511 4123 1653 4179 enim
1685 4122 1982 4195 patiebatur
2002 4123 2079 4192 ip-

491 4236 698 4276 sorum.
726 4220 1011 4287 Caeterum,
1042 4213 1351 4272 adversario
1382 4214 1531 4283 laeso,
1562 4214 1756 4269 caelum
1784 4211 2078 4268 luminibus

491 4312 801 4376 ﬂoruisset,
842 4309 1016 4381 magis
1045 4307 1127 4362 sol
1171 4304 1338 4361 radiis
1384 4305 1708 4371 insultasset,
1759 4302 1935 4375 magis
1962 4301 2079 4357 dies

492 4403 768 4467 stetisset,
819 4400 1044 4455 libenter
1081 4407 1332 4469 spectans
1380 4396 1702 4466 pendentem
1737 4394 1789 4447 in
1842 4390 2082 4461 patibulo

1176 347 1614 409 TERTULLIANI
1652 346 1920 407 OPERUM
1958 347 2124 411 PARS
2164 350 2229 409 II.
2270 382 2340 391 —
2377 349 2608 409 SERIES
2651 350 2692 418 l,
2725 347 3066 408 POLEMIGA.

3652 345 3743 403 496

2184 476 2331 534 horae
2370 484 2536 532 sextae
2581 474 3151 548 signiﬁcationem),et
3192 470 3615 531 contenebrabit
3657 487 3755 543 su-V

2179 583 2283 639 per
2310 572 2545 623 terram.
2589 566 2827 623 Scissum
2858 574 2940 620 est
2986 572 3039 619 et
3084 562 3267 636 templi
3304 564 3485 619 velum
3516 605 3531 629 ,
3590 563 3749 635 angeli

2176 655 2479 727 eruptione,
2512 653 2942 726 derelinquentis
2991 653 3178 723 ﬁliam
3210 653 3397 708 Sionis
3445 652 3581 722 (ιω.
3638 656 3751 721 1,8)

2182 750 2458 818 tanquam
2489 747 2553 799 in
2582 746 2743 800 vinea
2771 742 3156 814 speculam,et
3181 742 3246 795 in
3266 742 3649 797 cucumerario
3663 756 3749 795 ca-

2179 836 2386 889 sulam.
2434 833 2479 889 Ο
2536 842 2795 904 quantum
2857 832 3229 903 perseveravit
3283 830 3441 885 etiam
3498 829 3753 885 tricesimo

2182 923 2387 994 psalmo
2432 924 2708 979 Christum
2776 921 2949 993 ipsum
3009 920 3233 976 reddere
3262 920 3289 974 Ἰ
3320 917 3653 976 Vociferatur
3694 917 3753 972 ad

2183 1013 2395 1067 Patrem
2426 1021 2481 1066 ut
2509 1020 2563 1066 et
2603 1012 2838 1066 moriens
2865 1009 3050 1064 ultima
3092 1024 3221 1065 voce
3263 1009 3554 1079 prophetas
3601 1007 3756 1062 adim-

2180 1100 2368 1172 pleret.
2423 1100 2534 1155 Hoc
2564 1098 2714 1155 dicto
2742 1098 3034 1169 exspiravit
3073 1096 3208 1165 Quis
3238 1097 3265 1151 ?
3307 1096 3530 1167 spiritus
3584 1103 3761 1151 semet-

2184 1189 2386 1259 ipsum,
2418 1204 2483 1243 an
2511 1204 2636 1245 caro
2666 1188 2914 1260 Spiritum
2944 1188 2971 1239 ‘l
3001 1187 3107 1243 Sed
3163 1184 3383 1257 spiritus
3428 1186 3757 1256 semetipsum

2186 1279 2459 1350 exspirare
2490 1294 2595 1333 non
2632 1279 2825 1348 potuit.
2874 1276 3032 1331 Alius
3080 1284 3160 1331 est
3207 1274 3298 1346 qui
3341 1274 3596 1347 eXSpirat,
3634 1275 3761 1329 alius

2184 1366 2279 1437 qui
2351 1366 2674 1436 exspiratur.
2733 1364 2788 1420 Si
2852 1363 3072 1434 spiritus
3135 1363 3457 1433 exspiratur,
3519 1362 3585 1416 ab
3662 1362 3762 1416 alio

2183 1454 2477 1525 exspiretur
2541 1469 2763 1509 necesse
2830 1462 2931 1507 est.
2990 1451 3148 1520 Quod
3215 1453 3260 1507 si
3333 1452 3485 1509 solus
3554 1450 3763 1521 spiritus

2184 1544 2396 1611 fuisset,
2419 1542 2736 1598 discessisse
2789 1542 2972 1613 potius
3022 1541 3310 1607 diceretur,
3368 1556 3528 1613 quam
3582 1540 3767 1610 exspi-

2183 1649 2352 1690 rasse.
2414 1633 2546 1704 Quis
2593 1632 2753 1705 igitur
2805 1632 3040 1703 exspirat
3087 1631 3333 1703 spiritum
3366 1672 3380 1696 ,
3437 1629 3540 1686 nisi
3592 1644 3712 1685 caro
3740 1630 3767 1684 τ

2178 1738 2298 1795 qua:
2327 1728 2380 1777 et
2407 1722 2591 1790 spirat,
2625 1718 2840 1791 quando
2896 1718 3048 1773 illum
3092 1719 3298 1787 habet;
3358 1725 3411 1773 et
3471 1718 3546 1772 ita
3592 1731 3716 1772 eum
3750 1758 3764 1783 ,

2183 1826 2305 1865 eum
2335 1809 2548 1874 amittit,
2575 1808 2829 1879 exspirat.
2872 1808 3133 1880 Denique,
3168 1807 3214 1862 si
3260 1821 3386 1864 caro
3429 1822 3536 1863 non
3576 1806 3667 1861 fuit
3694 1806 3764 1871 2³,

2185 1900 2279 1955 sed
2319 1901 2634 1971 phantasma
2688 1898 2886 1962 carnis,
2946 1898 3260 1969 phantasma
3308 1905 3483 1951 autem
3550 1894 3771 1968 spiritus

2188 1989 2305 2060 fuit,
2362 1987 2584 2059 spiritus
2665 1996 2844 2043 autem
2910 1986 3253 2057 semetipsum
3324 1985 3657 2059 eXSpiravit,
3718 1993 3770 2041 et

2183 2078 2507 2147 exspirando
2561 2076 2850 2145 discessit“,
2900 2076 3017 2131 sine
3073 2076 3238 2131 dubio
3295 2076 3609 2147 phantasma
3660 2075 3771 2130 dis-

2180 2167 2362 2239 cessit,
2403 2182 2529 2223 cum
2563 2165 2808 2239 spiritus,
2850 2165 2945 2237 qui
2984 2166 3477 2237 eratjphantasma,
3510 2163 3773 2236 discessit,

2184 2264 2237 2311 et
2296 2272 2563 2327 nusquam
2624 2256 2928 2326 comparuit
3000 2257 3319 2327 phantasma
3367 2270 3490 2312 cum
3557 2254 3767 2325 spiritu.

2184 2345 2327 2401 Nihil
2359 2360 2489 2417 ergo
2519 2346 2775 2400 remansit
2802 2344 2857 2399 in
2890 2345 3039 2417 ligno
3069 2346 3097 2401 ‘l
3143 2345 3283 2400 nihil
3314 2344 3570 2418 pependit
3614 2343 3772 2399 etiam

2183 2444 2305 2506 post
2353 2434 2817 2505 exspirationem‘?
2847 2434 2980 2490 nihil
3036 2435 3105 2490 de
3153 2436 3325 2491 Pilato
3381 2434 3712 2505 postulatum
3740 2434 3768 2489 τ

2182 2524 2313 2579 nihil
2341 2523 2409 2578 de
2456 2522 2696 2591 patibulo
2744 2524 3081 2580 detractum?
3112 2524 3517 2586 nihilsindone
3567 2522 3773 2580 involu-

2180 2622 2294 2669 tum
2322 2612 2350 2667 ‘l
2398 2612 2532 2668 nihil
2568 2613 2816 2683 sepulcro
2861 2628 3003 2670 novo
3047 2614 3323 2669 conditum
3352 2613 3381 2667 Τ
3420 2614 3619 2685 Atquin
3664 2628 3774 2668 non

2180 2701 2336 2757 nihil.
2364 2698 2505 2769 Quid
2536 2701 2698 2772 igitur
2744 2702 2871 2756 illud
2904 2700 3005 2758 fuit
3034 2704 3063 2756 ‘?
3100 2703 3159 2758 Si
3188 2703 3535 2773 phanstasma
3559 2745 3572 2767 ,
3604 2702 3774 2758 adhuc

2182 2806 2313 2863 ergo
2343 2790 2513 2847 inerat
2578 2798 2631 2846 et
2685 2790 2955 2846 Christus.
3012 2791 3069 2846 Si
3113 2792 3440 2848 discesserat
3486 2791 3767 2858 Christus,

2183 2895 2315 2953 ergo
2366 2878 2660 2935 abstulerat
2708 2880 3045 2952 phantasma.
3108 2880 3368 2952 Superest
3424 2880 3774 2953 impudentia:

2189 2967 2455 3025 haereticus
2527 2967 2705 3024 dicere
2737 3011 2750 3037 ,
2825 2970 3140 3040 phantasma
3204 2969 3316 3024 illic
3392 2969 3775 3040 phantasmatis

2191 3057 2526 3113 remansisse.
2587 3056 2694 3113 Sed
2744 3057 2821 3113 sic
2870 3057 2918 3096 24
2973 3066 3027 3113 et
3087 3058 3290 3129 Joseph
3356 3074 3553 3128 corpus
3608 3057 3778 3113 fuisse

2188 3156 2429 3217 noverat,
2484 3146 2628 3217 quod
2686 3149 2797 3201 tota
2843 3148 3039 3217 pietate
3088 3147 3350 3216 tractavit,
3413 3147 3504 3202 ille
3558 3147 3775 3217 Joseph,

2188 3236 2283 3308 qui
2321 3252 2424 3291 non
2454 3240 2803 3291 consenserat
2848 3235 2903 3290 in
2944 3234 3145 3291 scelere
3171 3236 3421 3291 Judzeis:
3457 3239 3655 3293 Beatus
3694 3236 3780 3291 vir

2189 3326 2290 3398 qui
2319 3342 2433 3383 non
2453 3325 2596 3380 abiit
2627 3325 2691 3380 in
2712 3325 3357 3398 οοηδίἰίοζὶιηρτόνυτηβι
3376 3327 3440 3380 in
3469 3327 3561 3379 via
3580 3341 3781 3397 pecca-

2190 3420 2379 3471 torum
2418 3432 2531 3471 non
2575 3418 2757 3486 stetit,
2800 3419 2856 3471 et
2886 3416 2951 3470 in
2988 3415 3259 3472 cathedra
3301 3416 3552 3488 pestium
3582 3414 3631 3451 ²⁵
3668 3430 3785 3469 non

2186 3506 2381 3572 sedit;
2425 3513 2741 3575 Oportuerat
2778 3505 2941 3559 etiam
2997 3507 3332 3577 sepultorem
3382 3504 3595 3562 Domini
3645 3518 3782 3575 pro-

2187 3594 2414 3667 phetari,
2455 3611 2516 3649 ac
2536 3595 2654 3664 jam
2685 3604 2809 3652 tunc
2840 3597 3027 3652 merito
3057 3596 3326 3653 benedici.

2735 3718 2963 3774 CAPUT
2994 3719 3146 3776 XLI.

2266 3844 2356 3901 Sic
2410 3843 2459 3883 ²σ
2514 3858 2616 3900 nec
2660 3859 2949 3899 munerum
3015 3841 3230 3899 illarum
3305 3840 3546 3899 ofﬁcium
3630 3844 3789 3915 (Luc.

2187 3935 2353 4003 xxxv)
2409 3932 2645 4004 praeterit
2692 3931 2994 4003 prophetia,
3028 3946 3149 4003 quae
3186 3938 3314 3987 ante
3381 3932 3552 3987 lucem
3602 3948 3778 3988 conve

2185 4031 2381 4080 nerunt
2406 4022 2471 4076 ad
2495 4024 2799 4093 sepulcrum
2827 4037 2949 4077 cum
2970 4022 3197 4078 odorum
3236 4030 3506 4093 paratura.
3555 4019 3639 4076 De
3693 4021 3800 4077 hoc

2186 4116 2326 4170 enim
2357 4129 2453 4184 per
2482 4111 2621 4167 Osee
2668 4112 2773 4183 (vr,
2816 4115 2841 4165 1
2877 4112 3097 4182 seqq.):
3139 4113 3203 4168 Ut
3247 4116 3527 4184 quaerant,
3590 4110 3801 4182 inquit,

2186 4206 2391 4276 faciem
2406 4218 2610 4269 meam,
2627 4206 2760 4257 ante
2778 4202 2961 4257 lucem
2974 4199 3290 4272 vigilabunt
3304 4200 3377 4255 ad
3394 4214 3503 4265 me,
3518 4199 3804 4265 dicentes,

2187 4296 2415 4356 Eamus,
2440 4294 2494 4347 et
2523 4294 2917 4347 convertamur
2933 4289 3006 4345 ad
3032 4290 3495 4360 Dominum,quia
3525 4290 3651 4359 ipse
3688 4290 3811 4346 eri-

2193 4385 2345 4456 puit,
2382 4386 2437 4438 et
2474 4380 2696 4437 curabit
2710 4397 2848 4449 nos;
2859 4381 3158 4453 percussit,
3182 4383 3237 4435 et
3257 4377 3628 4435 miserebitur
3672 4394 3815 4434 nos-

493 4459 766 4547 Christum
792 4459 1129 4545 Marcionis:
1148 4488 1275 4543 Hmc
1329 4459 1643 4556 argumenta
1688 4459 1901 4553 quoque
1954 4478 2089 4535 mihi
2120 4459 2166 4538 Β
2202 4474 2311 4541 tri;
2331 4470 2557 4528 sanabit
2578 4485 2676 4527 nos
2698 4473 2820 4543 post
2840 4470 3091 4541 biduum,
3112 4470 3177 4525 in
3206 4468 3296 4524 die
3328 4470 3505 4524 tertia
3523 4482 3815 4540 resurge—

497 4580 879 4653 competissent
936 4578 1036 4634 etsi
1106 4592 1215 4633 non
1288 4575 1515 4631 fuissent
1556 4571 1724 4629 465
1776 4570 2080 4642 praedicata.

503 4672 734 4736 (Icelum,
768 4667 965 4738 inquit,
996 4666 1182 4723 Isaias.
1214 4673 1285 4735 (ιι,
1320 4666 1373 4735 3)
1414 4664 1651 4721 vestiam
1684 4660 1946 4718 tenebris.
1988 4657 2089 4713 Hic

495 4762 599 4819 erit
627 4761 762 4826 dies,
794 4758 859 4812 de
895 4771 1003 4828 quo
1033 4764 1086 4811 et
1114 4759 1281 4811 Amos
1312 4755 1461 4826 (vm,
1511 4754 1565 4823 9)
1592 4771 1605 4808 :
1632 4754 1699 4808 Et
1736 4752 1843 4808 erit
1871 4750 1974 4805 illa
2004 4748 2091 4806 die

498 4854 639 4910 dicit
694 4850 1010 4915 Dominus,
1077 4844 1288 4906 occidet
1358 4846 1442 4900 sol
1522 4840 1755 4899 meridie
1802 4839 1993 4911 (habes
2044 4846 2098 4894 et

2191 4580 2341 4620 mus.
2362 4559 2498 4628 Quis
2518 4560 2659 4616 enim
2684 4557 2854 4616 466
2882 4560 2998 4615 haec
3044 4574 3154 4614 non
3183 4558 3368 4615 credat
3398 4556 3451 4611 in
3482 4556 3820 4628 recogitata

2193 4652 2479 4709 mulierum
2511 4650 2724 4707 illarum
2750 4649 3009 4717 volutata,
3040 4648 3181 4704 inter
3229 4647 3475 4704 dolorem
3504 4646 3824 4717 praesentis

2200 4738 2561 4797 destitutionis
2579 4755 2687 4812 qua
2717 4753 2989 4811 percussae
3011 4736 3113 4792 sibi
3140 4736 3456 4794 videbantur
3485 4749 3516 4787 a
3534 4732 3826 4796 Domino,

2202 4837 2259 4889 et
2314 4846 2467 4903 spem
2522 4826 2927 4885 resurrectionis
2999 4826 3175 4898 ipsius
3254 4840 3363 4895 qua
3415 4821 3639 4879 restitui
3702 4821 3829 4878 rite

1854 4973 2048 5039 Variae
2114 4973 2427 5040 lectiones.

573 5088 621 5129 18
646 5084 839 5145 Veniet
872 5084 1044 5141 Fran.
1078 5078 1125 5119 19
1145 5079 1365 5137 Ainser.
1400 5077 1585 5136 Rhen.
1607 5078 1778 5139 Seml.
1808 5080 2031 5143 Oberth.
2070 5081 2121 5121 2ο
2147 5075 2348 5136 Partim
2377 5069 2506 5145 add.
2538 5068 2661 5145 Lat.
2685 5062 2741 5145 ξι.
2760 5061 2906 5145 Meos
2928 5053 3333 5145 gmjtt.'Rbﬁen‘.
3352 5046 3835 5145 Semlq‘gbe‘rﬂt.

498 5162 548 5202 ²²
573 5123 1589 5217 Ilabes‘
1607 5123 2649 5222 omitti-libenTSeml.
2684 5135 2904 5195 Oberth.
2928 5133 2977 5172 ²⁸ι
3005 5132 3064 5189 Si
3089 5130 3169 5186 al.
3198 5129 3248 5168 2⁵
3268 5128 3419 5184 Psal.
3450 5140 3490 5181 ι.
3522 5123 3835 5181 Pestilen-

500 5238 592 5295 tiae
629 5235 711 5291 al.
742 5232 790 5271 ²δ
818 5232 876 5287 Si
914 5230 1016 5296 al.;
1047 5227 1403 5295 alterutrum
1433 5225 1542 5283 del.
1572 5227 1708 5283 Jun.

1897 5321 2400 5389 Commentarius.

569 5476 682 5549 (70)
707 5471 809 5532 Sed
828 5477 884 5530 et
913 5463 1747 5549 duoscelesticircumﬁguntur
1765 5454 2089 5549 illiLCrmce

498 5542 867 5617 εςίκαιιεῠργοι
896 5544 1038 5615 apud
1066 5543 1284 5617 Lucam,
1317 5554 1414 5610 pro
1452 5554 1560 5617 quo
1596 5544 1747 5617 recte
1768 5542 2087 5617 vertit,'scc-

503 5604 648 5677 lesti.
679 5604 744 5673 Et
763 5604 949 5695 magis
976 5612 1245 5695 eanversio
1273 5604 1569 5695 respondet
1585 5604 1900 5695 prophetiae.
1938 5604 2091 5695 Isaia;

498 5670 829 5759 {digituli}
863 5670 962 5742 hic
1007 5685 1184 5755 affert,
1233 5670 1386 5758 quasi
1447 5670 1715 5755 repetens-
1755 5676 1904 5751 quod
1952 5670 2091 5749 apud

2195 5456 2399 5512 Lucam
2430 5446 2662 5508 habetur
2692 5459 2813 5516 cap.
2845 5452 2962 5516 xxn
2995 5452 3007 5496 :
3044 5436 3112 5495 Et
3142 5431 3299 5516 inter
3345 5424 3600 5516 iniquos_
3618 5428 3841 5516 degit,-

2199 5502 2713 5590 iiiifi'és'ifeiséce
2751 5502 2898 5589 apud
2925 5510 3338 5583 evangelistam,
3374 5502 3501 5578 μεξὰ
3537 5510 3651 5558 τῶν
3706 5502 3852 5555 ἀνό-

2197 5621 2324 5675 μων.
2353 5599 2496 5655 PAX.
