  <div class='ocr_page' id='page_1' title='image "/cluster/home/n/w/nwhite01/storage/ocr_20150623/2/hvd.32044096580329/254.png"; bbox 0 0 4018 6192; ppageno 0'>
   <div class='ocr_carea' id='block_1_1' title="bbox 205 273 298 334">
    <p class='ocr_par' dir='ltr' id='par_1_1' title="bbox 205 273 298 334">
     <span class='ocr_line' id='line_1_1' title="bbox 205 273 298 334; baseline -0.022 0"><span class='ocrx_word' id='word_1_1' title='bbox 205 273 298 334; x_wconf 71' lang='grc'><strong>497</strong></span> 
     </span>
    </p>
   </div>
   <div class='ocr_carea' id='block_1_2' title="bbox 1397 271 2269 336">
    <p class='ocr_par' dir='ltr' id='par_1_2' title="bbox 1397 271 2269 336">
     <span class='ocr_line' id='line_1_2' title="bbox 1397 271 2269 336; baseline -0.002 -2"><span class='ocrx_word' id='word_1_2' title='bbox 1397 272 1525 334; x_wconf 88' lang='lat' dir='ltr'><strong>LIB.</strong></span> <span class='ocrx_word' id='word_1_3' title='bbox 1565 273 1633 336; x_wconf 85' lang='lat' dir='ltr'><strong>IV</strong></span> <span class='ocrx_word' id='word_1_4' title='bbox 1669 271 1824 334; x_wconf 83' lang='lat' dir='ltr'><strong>ADV.</strong></span> <span class='ocrx_word' id='word_1_5' title='bbox 1863 273 2269 336; x_wconf 75' lang='lat' dir='ltr'><strong>MARCIONEM.</strong></span> 
     </span>
    </p>
   </div>
   <div class='ocr_carea' id='block_1_3' title="bbox 3382 268 3490 329">
    <p class='ocr_par' dir='ltr' id='par_1_3' title="bbox 3382 268 3490 329">
     <span class='ocr_line' id='line_1_3' title="bbox 3382 268 3490 329; baseline -0.009 0"><span class='ocrx_word' id='word_1_6' title='bbox 3382 268 3490 329; x_wconf 76' lang='lat'><strong>498</strong></span> 
     </span>
    </p>
   </div>
   <div class='ocr_carea' id='block_1_4' title="bbox 205 397 3490 495">
    <p class='ocr_par' dir='ltr' id='par_1_4' title="bbox 205 397 3490 495">
     <span class='ocr_line' id='line_1_4' title="bbox 205 397 3490 495; baseline 0.001 -42"><span class='ocrx_word' id='word_1_7' title='bbox 205 398 629 457; x_wconf 76' lang='lat' dir='ltr'><strong>arbitrabantur?</strong></span> <span class='ocrx_word' id='word_1_8' title='bbox 655 398 894 472; x_wconf 86' lang='lat' dir='ltr'><strong>Corpore</strong></span> <span class='ocrx_word' id='word_1_9' title='bbox 933 409 1118 458; x_wconf 90' lang='lat' dir='ltr'><strong>autem</strong></span> <span class='ocrx_word' id='word_1_10' title='bbox 1153 414 1261 456; x_wconf 90' lang='lat' dir='ltr'><strong>non</strong></span> <span class='ocrx_word' id='word_1_11' title='bbox 1303 397 1540 470; x_wconf 88' lang='lat' dir='ltr'><strong>invento,</strong></span> <span class='ocrx_word' id='word_1_12' title='bbox 1574 400 1781 457; x_wconf 88' lang='lat' dir='ltr'><strong>sublata</strong></span> <span class='ocrx_word' id='word_1_13' title='bbox 1823 416 1870 495; x_wconf 70' lang='grc' dir='ltr'>Α</span> <span class='ocrx_word' id='word_1_14' title='bbox 1902 405 2080 460; x_wconf 86' lang='lat' dir='ltr'><strong>mabat</strong></span> <span class='ocrx_word' id='word_1_15' title='bbox 2158 418 2318 475; x_wconf 85' lang='lat' dir='ltr'><strong>quem</strong></span> <span class='ocrx_word' id='word_1_16' title='bbox 2406 399 2856 470; x_wconf 82' lang='lat' dir='ltr'><strong>existimaveram,</strong></span> <span class='ocrx_word' id='word_1_17' title='bbox 2929 399 3202 458; x_wconf 81' lang='lat' dir='ltr'><strong>Creatoris</strong></span> <span class='ocrx_word' id='word_1_18' title='bbox 3281 397 3490 455; x_wconf 83' lang='lat' dir='ltr'><strong>scilicet</strong></span> 
     </span>
    </p>
   </div>
   <div class='ocr_carea' id='block_1_5' title="bbox 202 490 1794 562">
    <p class='ocr_par' dir='ltr' id='par_1_5' title="bbox 202 490 1794 562">
     <span class='ocr_line' id='line_1_5' title="bbox 202 490 1794 562; baseline -0.002 -15"><span class='ocrx_word' id='word_1_19' title='bbox 202 499 302 548; x_wconf 82' lang='lat' dir='ltr'><strong>erat</strong></span> <span class='ocrx_word' id='word_1_20' title='bbox 353 490 630 562; x_wconf 73' lang='lat' dir='ltr'><strong>sepultura</strong></span> <span class='ocrx_word' id='word_1_21' title='bbox 681 491 801 560; x_wconf 89' lang='lat' dir='ltr'><strong>ejus</strong></span> <span class='ocrx_word' id='word_1_22' title='bbox 866 490 935 546; x_wconf 90' lang='lat' dir='ltr'><strong>de</strong></span> <span class='ocrx_word' id='word_1_23' title='bbox 990 491 1193 558; x_wconf 90' lang='lat' dir='ltr'><strong>medio,</strong></span> <span class='ocrx_word' id='word_1_24' title='bbox 1223 491 1528 547; x_wconf 89' lang='lat' dir='ltr'><strong>secundum</strong></span> <span class='ocrx_word' id='word_1_25' title='bbox 1600 491 1794 546; x_wconf 87' lang='lat' dir='ltr'><strong>Isaiam</strong></span> 
     </span>
    </p>
   </div>
   <div class='ocr_carea' id='block_1_6' title="bbox 202 577 1790 652">
    <p class='ocr_par' dir='ltr' id='par_1_6' title="bbox 202 577 1790 652">
     <span class='ocr_line' id='line_1_6' title="bbox 202 577 1790 652; baseline -0.001 -18"><span class='ocrx_word' id='word_1_26' title='bbox 202 580 353 652; x_wconf 78' lang='lat' dir='ltr'><strong>(ml,</strong></span> <span class='ocrx_word' id='word_1_27' title='bbox 397 581 478 647; x_wconf 85' lang='lat'><strong>2).</strong></span> <span class='ocrx_word' id='word_1_28' title='bbox 521 577 628 634; x_wconf 87' lang='lat' dir='ltr'><strong>Sed</strong></span> <span class='ocrx_word' id='word_1_29' title='bbox 673 586 727 634; x_wconf 89' lang='lat' dir='ltr'><strong>et</strong></span> <span class='ocrx_word' id='word_1_30' title='bbox 778 579 886 635; x_wconf 90' lang='lat' dir='ltr'><strong>duo</strong></span> <span class='ocrx_word' id='word_1_31' title='bbox 933 577 1136 634; x_wconf 88' lang='lat' dir='ltr'>ibidem</span> <span class='ocrx_word' id='word_1_32' title='bbox 1183 579 1357 652; x_wconf 79' lang='lat' dir='ltr'><strong>angeli</strong></span> <span class='ocrx_word' id='word_1_33' title='bbox 1402 584 1790 652; x_wconf 89' lang='lat' dir='ltr'><strong>apparuerunt.</strong></span> 
     </span>
    </p>
   </div>
   <div class='ocr_carea' id='block_1_7' title="bbox 203 666 1798 740">
    <p class='ocr_par' dir='ltr' id='par_1_7' title="bbox 203 666 1798 740">
     <span class='ocr_line' id='line_1_7' title="bbox 203 666 1798 740; baseline -0.003 -14"><span class='ocrx_word' id='word_1_34' title='bbox 203 671 298 726; x_wconf 92' lang='lat' dir='ltr'><strong>Tot</strong></span> <span class='ocrx_word' id='word_1_35' title='bbox 353 668 467 725; x_wconf 87' lang='lat' dir='ltr'><strong>fere</strong></span> <span class='ocrx_word' id='word_1_36' title='bbox 513 666 867 724; x_wconf 89' lang='lat' dir='ltr'><strong>latereusibus</strong></span> <span class='ocrx_word' id='word_1_37' title='bbox 923 667 1039 740; x_wconf 82' lang='lat' dir='ltr'><strong>(7i)</strong></span> <span class='ocrx_word' id='word_1_38' title='bbox 1096 667 1176 724; x_wconf 92' lang='lat' dir='ltr'><strong>uti</strong></span> <span class='ocrx_word' id='word_1_39' title='bbox 1214 667 1438 738; x_wconf 85' lang='lat' dir='ltr'><strong>solebat,</strong></span> <span class='ocrx_word' id='word_1_40' title='bbox 1468 670 1523 724; x_wconf 90' lang='lat' dir='ltr'><strong>in</strong></span> <span class='ocrx_word' id='word_1_41' title='bbox 1578 667 1798 723; x_wconf 89' lang='lat' dir='ltr'><strong>duobus</strong></span> 
     </span>
    </p>
   </div>
   <div class='ocr_carea' id='block_1_8' title="bbox 207 756 1796 829">
    <p class='ocr_par' dir='ltr' id='par_1_8' title="bbox 207 756 1796 829">
     <span class='ocr_line' id='line_1_8' title="bbox 207 756 1796 829; baseline -0.001 -15"><span class='ocrx_word' id='word_1_42' title='bbox 207 758 422 814; x_wconf 84' lang='lat' dir='ltr'><strong>testibus</strong></span> <span class='ocrx_word' id='word_1_43' title='bbox 467 756 772 814; x_wconf 89' lang='lat' dir='ltr'><strong>consistens</strong></span> <span class='ocrx_word' id='word_1_44' title='bbox 815 757 915 813; x_wconf 92' lang='lat' dir='ltr'><strong>Dei</strong></span> <span class='ocrx_word' id='word_1_45' title='bbox 955 757 1163 814; x_wconf 91' lang='lat' dir='ltr'><strong>Sermo.</strong></span> <span class='ocrx_word' id='word_1_46' title='bbox 1199 759 1549 814; x_wconf 87' lang='lat' dir='ltr'><strong>Revertentes</strong></span> <span class='ocrx_word' id='word_1_47' title='bbox 1582 772 1796 829; x_wconf 90' lang='lat' dir='ltr'><strong>quoque</strong></span> 
     </span>
    </p>
   </div>
   <div class='ocr_carea' id='block_1_9' title="bbox 206 845 1792 920">
    <p class='ocr_par' dir='ltr' id='par_1_9' title="bbox 206 845 1792 920">
     <span class='ocr_line' id='line_1_9' title="bbox 206 845 1792 920; baseline -0.001 -18"><span class='ocrx_word' id='word_1_48' title='bbox 206 864 232 902; x_wconf 84' lang='lat' dir='ltr'><strong>a</strong></span> <span class='ocrx_word' id='word_1_49' title='bbox 282 846 536 918; x_wconf 89' lang='lat' dir='ltr'><strong>sepulcro</strong></span> <span class='ocrx_word' id='word_1_50' title='bbox 602 846 856 901; x_wconf 85' lang='lat' dir='ltr'><strong>mulieres</strong></span> <span class='ocrx_word' id='word_1_51' title='bbox 909 845 1040 916; x_wconf 81' lang='lat'><strong>(72),</strong></span> <span class='ocrx_word' id='word_1_52' title='bbox 1097 855 1152 902; x_wconf 91' lang='lat' dir='ltr'><strong>et</strong></span> <span class='ocrx_word' id='word_1_53' title='bbox 1212 848 1280 902; x_wconf 89' lang='lat' dir='ltr'><strong>ab</strong></span> <span class='ocrx_word' id='word_1_54' title='bbox 1331 847 1424 902; x_wconf 90' lang='lat' dir='ltr'><strong>illa</strong></span> <span class='ocrx_word' id='word_1_55' title='bbox 1477 849 1792 920; x_wconf 78' lang='lat' dir='ltr'><strong>angelorum</strong></span> 
     </span>
    </p>
   </div>
   <div class='ocr_carea' id='block_1_10' title="bbox 204 934 1791 1007">
    <p class='ocr_par' dir='ltr' id='par_1_10' title="bbox 204 934 1791 1007">
     <span class='ocr_line' id='line_1_10' title="bbox 204 934 1791 1007; baseline 0.001 -17"><span class='ocrx_word' id='word_1_56' title='bbox 204 935 406 991; x_wconf 80' lang='lat' dir='ltr'><strong>visione</strong></span> <span class='ocrx_word' id='word_1_57' title='bbox 457 934 820 1006; x_wconf 88' lang='lat' dir='ltr'><strong>prospiciebat</strong></span> <span class='ocrx_word' id='word_1_58' title='bbox 865 935 1032 990; x_wconf 85' lang='lat' dir='ltr'><strong>Isaias</strong></span> <span class='ocrx_word' id='word_1_59' title='bbox 1077 937 1274 1005; x_wconf 77' lang='lat' dir='ltr'><strong>(xxvn,</strong></span> <span class='ocrx_word' id='word_1_60' title='bbox 1317 939 1404 1007; x_wconf 81' lang='lat' dir='ltr'><strong>ll)</strong></span> <span class='ocrx_word' id='word_1_61' title='bbox 1451 953 1464 992; x_wconf 91' lang='lat'>:</span> <span class='ocrx_word' id='word_1_62' title='bbox 1512 937 1791 1003; x_wconf 78' lang='lat' dir='ltr'><strong>Mulieres,</strong></span> 
     </span>
    </p>
   </div>
   <div class='ocr_carea' id='block_1_11' title="bbox 200 1025 1790 1096">
    <p class='ocr_par' dir='ltr' id='par_1_11' title="bbox 200 1025 1790 1096">
     <span class='ocr_line' id='line_1_11' title="bbox 200 1025 1790 1096; baseline 0.001 -16"><span class='ocrx_word' id='word_1_63' title='bbox 200 1025 686 1096; x_wconf 88' lang='lat' dir='ltr'><strong>inquit,venientes</strong></span> <span class='ocrx_word' id='word_1_64' title='bbox 708 1042 743 1080; x_wconf 89' lang='lat' dir='ltr'><strong>a</strong></span> <span class='ocrx_word' id='word_1_65' title='bbox 769 1026 1000 1091; x_wconf 81' lang='lat' dir='ltr'><strong>visione,</strong></span> <span class='ocrx_word' id='word_1_66' title='bbox 1019 1027 1206 1084; x_wconf 88' lang='lat' dir='ltr'><strong>venite</strong></span> <span class='ocrx_word' id='word_1_67' title='bbox 1237 1027 1309 1083; x_wconf 87' lang='lat' dir='ltr'><strong>ad</strong></span> <span class='ocrx_word' id='word_1_68' title='bbox 1337 1027 1790 1083; x_wconf 80' lang='lat' dir='ltr'><strong>renuntiandam</strong></span> 
     </span>
    </p>
   </div>
   <div class='ocr_carea' id='block_1_12' title="bbox 199 1113 1788 1186">
    <p class='ocr_par' dir='ltr' id='par_1_12' title="bbox 199 1113 1788 1186">
     <span class='ocr_line' id='line_1_12' title="bbox 199 1113 1788 1186; baseline -0.001 -16"><span class='ocrx_word' id='word_1_69' title='bbox 199 1114 404 1170; x_wconf 76' lang='lat' dir='ltr'><strong>scilicet</strong></span> <span class='ocrx_word' id='word_1_70' title='bbox 441 1115 670 1170; x_wconf 80' lang='lat' dir='ltr'><strong>Domini</strong></span> <span class='ocrx_word' id='word_1_71' title='bbox 706 1113 1179 1171; x_wconf 85' lang='lat' dir='ltr'><strong>resurrectionem.</strong></span> <span class='ocrx_word' id='word_1_72' title='bbox 1213 1117 1358 1170; x_wconf 88' lang='lat' dir='ltr'><strong>Bene</strong></span> <span class='ocrx_word' id='word_1_73' title='bbox 1405 1123 1607 1184; x_wconf 88' lang='lat' dir='ltr'><strong>autem,</strong></span> <span class='ocrx_word' id='word_1_74' title='bbox 1639 1114 1788 1186; x_wconf 90' lang='lat' dir='ltr'><strong>quod</strong></span> 
     </span>
    </p>
   </div>
   <div class='ocr_carea' id='block_1_13' title="bbox 198 1201 1793 1277">
    <p class='ocr_par' dir='ltr' id='par_1_13' title="bbox 198 1201 1793 1277">
     <span class='ocr_line' id='line_1_13' title="bbox 198 1201 1793 1277; baseline 0.001 -21"><span class='ocrx_word' id='word_1_75' title='bbox 198 1201 540 1259; x_wconf 86' lang='lat' dir='ltr'><strong>incredulitas</strong></span> <span class='ocrx_word' id='word_1_76' title='bbox 579 1201 973 1276; x_wconf 89' lang='lat' dir='ltr'><strong>discipulorum</strong></span> <span class='ocrx_word' id='word_1_77' title='bbox 1012 1206 1408 1277; x_wconf 83' lang='lat' dir='ltr'><strong>perseverabat,</strong></span> <span class='ocrx_word' id='word_1_78' title='bbox 1437 1213 1496 1260; x_wconf 91' lang='lat' dir='ltr'><strong>ut</strong></span> <span class='ocrx_word' id='word_1_79' title='bbox 1536 1203 1588 1260; x_wconf 92' lang='lat' dir='ltr'><strong>in</strong></span> <span class='ocrx_word' id='word_1_80' title='bbox 1631 1203 1793 1259; x_wconf 79' lang='lat' dir='ltr'><strong>finem</strong></span> 
     </span>
    </p>
   </div>
   <div class='ocr_carea' id='block_1_14' title="bbox 199 1290 1791 1364">
    <p class='ocr_par' dir='ltr' id='par_1_14' title="bbox 199 1290 1791 1364">
     <span class='ocr_line' id='line_1_14' title="bbox 199 1290 1791 1364; baseline -0.002 -15"><span class='ocrx_word' id='word_1_81' title='bbox 199 1307 363 1364; x_wconf 89' lang='lat' dir='ltr'><strong>usque</strong></span> <span class='ocrx_word' id='word_1_82' title='bbox 409 1290 658 1346; x_wconf 83' lang='lat' dir='ltr'><strong>defensio</strong></span> <span class='ocrx_word' id='word_1_83' title='bbox 697 1301 883 1347; x_wconf 89' lang='lat' dir='ltr'><strong>nostra</strong></span> <span class='ocrx_word' id='word_1_84' title='bbox 920 1294 1260 1360; x_wconf 89' lang='lat' dir='ltr'><strong>consisteret,</strong></span> <span class='ocrx_word' id='word_1_85' title='bbox 1292 1292 1564 1348; x_wconf 87' lang='lat' dir='ltr'><strong>Christum</strong></span> <span class='ocrx_word' id='word_1_86' title='bbox 1600 1292 1791 1347; x_wconf 73' lang='lat' dir='ltr'><strong>Iesum</strong></span> 
     </span>
    </p>
   </div>
   <div class='ocr_carea' id='block_1_15' title="bbox 199 1379 1789 1452">
    <p class='ocr_par' dir='ltr' id='par_1_15' title="bbox 199 1379 1789 1452">
     <span class='ocr_line' id='line_1_15' title="bbox 199 1379 1789 1452; baseline -0.001 -16"><span class='ocrx_word' id='word_1_87' title='bbox 199 1396 296 1436; x_wconf 90' lang='lat' dir='ltr'><strong>non</strong></span> <span class='ocrx_word' id='word_1_88' title='bbox 328 1379 495 1435; x_wconf 90' lang='lat' dir='ltr'><strong>alium</strong></span> <span class='ocrx_word' id='word_1_89' title='bbox 527 1395 588 1436; x_wconf 92' lang='lat' dir='ltr'><strong>se</strong></span> <span class='ocrx_word' id='word_1_90' title='bbox 615 1379 898 1451; x_wconf 85' lang='lat' dir='ltr'><strong>discipulis</strong></span> <span class='ocrx_word' id='word_1_91' title='bbox 924 1380 1182 1446; x_wconf 86' lang='lat' dir='ltr'><strong>edidisse,</strong></span> <span class='ocrx_word' id='word_1_92' title='bbox 1205 1397 1365 1452; x_wconf 89' lang='lat' dir='ltr'><strong>quam</strong></span> <span class='ocrx_word' id='word_1_93' title='bbox 1387 1382 1789 1452; x_wconf 87' lang='lat' dir='ltr'><strong>prophetatum.</strong></span> 
     </span>
    </p>
   </div>
   <div class='ocr_carea' id='block_1_16' title="bbox 196 1469 1794 1544">
    <p class='ocr_par' dir='ltr' id='par_1_16' title="bbox 196 1469 1794 1544">
     <span class='ocr_line' id='line_1_16' title="bbox 196 1469 1794 1544; baseline -0.003 -17"><span class='ocrx_word' id='word_1_94' title='bbox 196 1472 323 1527; x_wconf 87' lang='lat' dir='ltr'><strong>Nam</strong></span> <span class='ocrx_word' id='word_1_95' title='bbox 352 1486 482 1527; x_wconf 88' lang='lat' dir='ltr'><strong>cum</strong></span> <span class='ocrx_word' id='word_1_96' title='bbox 518 1471 628 1526; x_wconf 92' lang='lat' dir='ltr'><strong>duo</strong></span> <span class='ocrx_word' id='word_1_97' title='bbox 667 1487 731 1526; x_wconf 86' lang='lat' dir='ltr'><strong>ex</strong></span> <span class='ocrx_word' id='word_1_98' title='bbox 767 1469 874 1528; x_wconf 87' lang='lat' dir='ltr'><strong>illis</strong></span> <span class='ocrx_word' id='word_1_99' title='bbox 912 1472 1014 1526; x_wconf 88' lang='lat' dir='ltr'><strong>iter</strong></span> <span class='ocrx_word' id='word_1_100' title='bbox 1051 1480 1294 1544; x_wconf 82' lang='lat' dir='ltr'><strong>agerent,</strong></span> <span class='ocrx_word' id='word_1_101' title='bbox 1328 1481 1380 1528; x_wconf 91' lang='lat' dir='ltr'><strong>et</strong></span> <span class='ocrx_word' id='word_1_102' title='bbox 1418 1469 1683 1526; x_wconf 90' lang='lat' dir='ltr'><strong>Dominus</strong></span> <span class='ocrx_word' id='word_1_103' title='bbox 1713 1469 1794 1524; x_wconf 91' lang='lat' dir='ltr'><strong>eis</strong></span> 
     </span>
    </p>
   </div>
   <div class='ocr_carea' id='block_1_17' title="bbox 199 1558 1793 1635">
    <p class='ocr_par' dir='ltr' id='par_1_17' title="bbox 199 1558 1793 1635">
     <span class='ocr_line' id='line_1_17' title="bbox 199 1558 1793 1635; baseline -0.003 -18"><span class='ocrx_word' id='word_1_104' title='bbox 199 1561 533 1629; x_wconf 68' lang='lat' dir='ltr'><strong>adhaesisset,</strong></span> <span class='ocrx_word' id='word_1_105' title='bbox 567 1577 676 1617; x_wconf 89' lang='lat' dir='ltr'><strong>non</strong></span> <span class='ocrx_word' id='word_1_106' title='bbox 723 1576 1044 1632; x_wconf 88' lang='lat' dir='ltr'><strong>compareus</strong></span> <span class='ocrx_word' id='word_1_107' title='bbox 1095 1563 1237 1635; x_wconf 91' lang='lat' dir='ltr'><strong>quod</strong></span> <span class='ocrx_word' id='word_1_108' title='bbox 1283 1559 1400 1633; x_wconf 90' lang='lat' dir='ltr'><strong>ipse</strong></span> <span class='ocrx_word' id='word_1_109' title='bbox 1442 1566 1601 1626; x_wconf 89' lang='lat' dir='ltr'><strong>esset,</strong></span> <span class='ocrx_word' id='word_1_110' title='bbox 1634 1558 1793 1612; x_wconf 89' lang='lat' dir='ltr'><strong>etiam</strong></span> 
     </span>
    </p>
   </div>
   <div class='ocr_carea' id='block_1_18' title="bbox 197 1648 1798 1722">
    <p class='ocr_par' dir='ltr' id='par_1_18' title="bbox 197 1648 1798 1722">
     <span class='ocr_line' id='line_1_18' title="bbox 197 1648 1798 1722; baseline -0.004 -15"><span class='ocrx_word' id='word_1_111' title='bbox 197 1650 543 1707; x_wconf 85' lang='lat' dir='ltr'><strong>dissimulans</strong></span> <span class='ocrx_word' id='word_1_112' title='bbox 590 1650 656 1704; x_wconf 93' lang='lat' dir='ltr'><strong>de</strong></span> <span class='ocrx_word' id='word_1_113' title='bbox 703 1649 1033 1705; x_wconf 87' lang='lat' dir='ltr'><strong>conscientia</strong></span> <span class='ocrx_word' id='word_1_114' title='bbox 1091 1649 1168 1703; x_wconf 90' lang='lat' dir='ltr'><strong>rei</strong></span> <span class='ocrx_word' id='word_1_115' title='bbox 1213 1655 1414 1722; x_wconf 80' lang='lat' dir='ltr'><strong>gestae;</strong></span> <span class='ocrx_word' id='word_1_116' title='bbox 1446 1648 1549 1704; x_wconf 85' lang='lat' dir='ltr'><strong>Nos</strong></span> <span class='ocrx_word' id='word_1_117' title='bbox 1601 1649 1798 1702; x_wconf 88' lang='lat' dir='ltr'><strong>autem</strong></span> 
     </span>
    </p>
   </div>
   <div class='ocr_carea' id='block_1_19' title="bbox 196 1737 1798 1814">
    <p class='ocr_par' dir='ltr' id='par_1_19' title="bbox 196 1737 1798 1814">
     <span class='ocr_line' id='line_1_19' title="bbox 196 1737 1798 1814; baseline -0.004 -18"><span class='ocrx_word' id='word_1_118' title='bbox 196 1740 563 1814; x_wconf 84' lang='lat' dir='ltr'><strong>putabamus,</strong></span> <span class='ocrx_word' id='word_1_119' title='bbox 636 1738 901 1810; x_wconf 84' lang='lat' dir='ltr'><strong>inquiunt,</strong></span> <span class='ocrx_word' id='word_1_120' title='bbox 962 1740 1148 1812; x_wconf 85' lang='lat' dir='ltr'><strong>ipsum</strong></span> <span class='ocrx_word' id='word_1_121' title='bbox 1213 1754 1328 1796; x_wconf 88' lang='lat' dir='ltr'><strong>esse</strong></span> <span class='ocrx_word' id='word_1_122' title='bbox 1369 1737 1798 1812; x_wconf 53' lang='lat' dir='ltr'><strong>redemptorem</strong></span> 
     </span>
    </p>
   </div>
   <div class='ocr_carea' id='block_1_20' title="bbox 202 1825 1796 1898">
    <p class='ocr_par' dir='ltr' id='par_1_20' title="bbox 202 1825 1796 1898">
     <span class='ocr_line' id='line_1_20' title="bbox 202 1825 1796 1898; baseline -0.004 -13"><span class='ocrx_word' id='word_1_123' title='bbox 202 1829 463 1897; x_wconf 80' lang='lat' dir='ltr'><strong>lsraelis;</strong></span> <span class='ocrx_word' id='word_1_124' title='bbox 504 1828 687 1898; x_wconf 88' lang='lat' dir='ltr'><strong>utique</strong></span> <span class='ocrx_word' id='word_1_125' title='bbox 727 1843 885 1883; x_wconf 90' lang='lat' dir='ltr'><strong>suum</strong></span> <span class='ocrx_word' id='word_1_126' title='bbox 941 1827 1234 1894; x_wconf 86' lang='lat' dir='ltr'><strong>Christum,</strong></span> <span class='ocrx_word' id='word_1_127' title='bbox 1267 1827 1321 1883; x_wconf 90' lang='lat' dir='ltr'><strong>id</strong></span> <span class='ocrx_word' id='word_1_128' title='bbox 1372 1837 1454 1881; x_wconf 90' lang='lat' dir='ltr'><strong>est</strong></span> <span class='ocrx_word' id='word_1_129' title='bbox 1505 1825 1796 1882; x_wconf 87' lang='lat' dir='ltr'><strong>Creatoris.</strong></span> 
     </span>
    </p>
   </div>
   <div class='ocr_carea' id='block_1_21' title="bbox 209 1916 1798 1983">
    <p class='ocr_par' dir='ltr' id='par_1_21' title="bbox 209 1916 1798 1983">
     <span class='ocr_line' id='line_1_21' title="bbox 209 1916 1798 1983; baseline -0.003 -10"><span class='ocrx_word' id='word_1_130' title='bbox 209 1919 355 1973; x_wconf 78' lang='lat' dir='ltr'><strong>Adeo</strong></span> <span class='ocrx_word' id='word_1_131' title='bbox 415 1933 518 1973; x_wconf 89' lang='lat' dir='ltr'><strong>nec</strong></span> <span class='ocrx_word' id='word_1_132' title='bbox 563 1917 719 1970; x_wconf 89' lang='lat' dir='ltr'><strong>alium</strong></span> <span class='ocrx_word' id='word_1_133' title='bbox 786 1933 845 1972; x_wconf 90' lang='lat' dir='ltr'><strong>se</strong></span> <span class='ocrx_word' id='word_1_134' title='bbox 901 1917 1146 1973; x_wconf 88' lang='lat' dir='ltr'><strong>ediderat</strong></span> <span class='ocrx_word' id='word_1_135' title='bbox 1201 1916 1325 1972; x_wconf 92' lang='lat' dir='ltr'><strong>illis.</strong></span> <span class='ocrx_word' id='word_1_136' title='bbox 1361 1917 1649 1983; x_wconf 65' lang='lat' dir='ltr'><strong>Caeterum,</strong></span> <span class='ocrx_word' id='word_1_137' title='bbox 1691 1930 1798 1969; x_wconf 90' lang='lat' dir='ltr'><strong>non</strong></span> 
     </span>
    </p>
   </div>
   <div class='ocr_carea' id='block_1_22' title="bbox 209 2002 1800 2072">
    <p class='ocr_par' dir='ltr' id='par_1_22' title="bbox 209 2002 1800 2072">
     <span class='ocr_line' id='line_1_22' title="bbox 209 2002 1800 2072; baseline -0.003 -12"><span class='ocrx_word' id='word_1_138' title='bbox 209 2005 578 2062; x_wconf 79' lang='lat' dir='ltr'><strong>existimarent</strong></span> <span class='ocrx_word' id='word_1_139' title='bbox 639 2021 766 2060; x_wconf 90' lang='lat' dir='ltr'><strong>eum</strong></span> <span class='ocrx_word' id='word_1_140' title='bbox 841 2005 1134 2072; x_wconf 85' lang='lat' dir='ltr'><strong>Creatoris;</strong></span> <span class='ocrx_word' id='word_1_141' title='bbox 1193 2014 1248 2060; x_wconf 88' lang='lat' dir='ltr'><strong>et</strong></span> <span class='ocrx_word' id='word_1_142' title='bbox 1327 2021 1449 2061; x_wconf 91' lang='lat' dir='ltr'><strong>cum</strong></span> <span class='ocrx_word' id='word_1_143' title='bbox 1530 2002 1800 2060; x_wconf 86' lang='lat' dir='ltr'><strong>Creatoris</strong></span> 
     </span>
    </p>
   </div>
   <div class='ocr_carea' id='block_1_23' title="bbox 200 2092 1798 2163">
    <p class='ocr_par' dir='ltr' id='par_1_23' title="bbox 200 2092 1798 2163">
     <span class='ocr_line' id='line_1_23' title="bbox 200 2092 1798 2163; baseline -0.003 -13"><span class='ocrx_word' id='word_1_144' title='bbox 200 2095 623 2163; x_wconf 83' lang='lat' dir='ltr'><strong>existimaretur,</strong></span> <span class='ocrx_word' id='word_1_145' title='bbox 655 2111 765 2149; x_wconf 89' lang='lat' dir='ltr'><strong>non</strong></span> <span class='ocrx_word' id='word_1_146' title='bbox 813 2093 1158 2150; x_wconf 87' lang='lat' dir='ltr'><strong>sustinuisset</strong></span> <span class='ocrx_word' id='word_1_147' title='bbox 1194 2096 1332 2149; x_wconf 87' lang='lat' dir='ltr'><strong>hanc</strong></span> <span class='ocrx_word' id='word_1_148' title='bbox 1377 2095 1444 2148; x_wconf 91' lang='lat' dir='ltr'><strong>de</strong></span> <span class='ocrx_word' id='word_1_149' title='bbox 1499 2109 1558 2148; x_wconf 90' lang='lat' dir='ltr'><strong>se</strong></span> <span class='ocrx_word' id='word_1_150' title='bbox 1614 2092 1798 2149; x_wconf 84' lang='lat' dir='ltr'><strong>existi-</strong></span> 
     </span>
    </p>
   </div>
   <div class='ocr_carea' id='block_1_24' title="bbox 198 2183 1797 2257">
    <p class='ocr_par' dir='ltr' id='par_1_24' title="bbox 198 2183 1797 2257">
     <span class='ocr_line' id='line_1_24' title="bbox 198 2183 1797 2257; baseline -0.001 -20"><span class='ocrx_word' id='word_1_151' title='bbox 198 2183 522 2252; x_wconf 88' lang='lat' dir='ltr'><strong>mationem,</strong></span> <span class='ocrx_word' id='word_1_152' title='bbox 553 2183 599 2237; x_wconf 85' lang='lat' dir='ltr'><strong>si</strong></span> <span class='ocrx_word' id='word_1_153' title='bbox 658 2199 766 2238; x_wconf 92' lang='lat' dir='ltr'><strong>non</strong></span> <span class='ocrx_word' id='word_1_154' title='bbox 806 2184 852 2238; x_wconf 91' lang='lat' dir='ltr'><strong>is</strong></span> <span class='ocrx_word' id='word_1_155' title='bbox 907 2193 1052 2239; x_wconf 86' lang='lat' dir='ltr'><strong>esset</strong></span> <span class='ocrx_word' id='word_1_156' title='bbox 1111 2184 1203 2257; x_wconf 91' lang='lat' dir='ltr'><strong>qui</strong></span> <span class='ocrx_word' id='word_1_157' title='bbox 1259 2183 1730 2239; x_wconf 60' lang='lat' dir='ltr'><strong>existimabatur”</strong></span> <span class='ocrx_word' id='word_1_158' title='bbox 1783 2198 1797 2236; x_wconf 90' lang='lat'><strong>:</strong></span> 
     </span>
    </p>
   </div>
   <div class='ocr_carea' id='block_1_25' title="bbox 196 2269 1804 2343">
    <p class='ocr_par' dir='ltr' id='par_1_25' title="bbox 196 2269 1804 2343">
     <span class='ocr_line' id='line_1_25' title="bbox 196 2269 1804 2343; baseline -0.002 -17"><span class='ocrx_word' id='word_1_159' title='bbox 196 2280 283 2326; x_wconf 90' lang='lat' dir='ltr'><strong>aut</strong></span> <span class='ocrx_word' id='word_1_160' title='bbox 313 2271 436 2343; x_wconf 90' lang='lat' dir='ltr'><strong>ipse</strong></span> <span class='ocrx_word' id='word_1_161' title='bbox 468 2272 576 2327; x_wconf 87' lang='lat' dir='ltr'><strong>erit</strong></span> <span class='ocrx_word' id='word_1_162' title='bbox 604 2279 791 2327; x_wconf 89' lang='lat' dir='ltr'><strong>auctor</strong></span> <span class='ocrx_word' id='word_1_163' title='bbox 819 2271 1040 2338; x_wconf 88' lang='lat' dir='ltr'><strong>erroris,</strong></span> <span class='ocrx_word' id='word_1_164' title='bbox 1071 2281 1124 2326; x_wconf 90' lang='lat' dir='ltr'><strong>et</strong></span> <span class='ocrx_word' id='word_1_165' title='bbox 1154 2273 1528 2340; x_wconf 74' lang='lat' dir='ltr'><strong>praevaricator</strong></span> <span class='ocrx_word' id='word_1_166' title='bbox 1565 2269 1804 2324; x_wconf 86' lang='lat' dir='ltr'><strong>veritatis</strong></span> 
     </span>
    </p>
   </div>
   <div class='ocr_carea' id='block_1_26' title="bbox 200 2361 1804 2433">
    <p class='ocr_par' dir='ltr' id='par_1_26' title="bbox 200 2361 1804 2433">
     <span class='ocr_line' id='line_1_26' title="bbox 200 2361 1804 2433; baseline -0.002 -17"><span class='ocrx_word' id='word_1_167' title='bbox 200 2362 460 2416; x_wconf 84' lang='lat' dir='ltr'><strong>adversus</strong></span> <span class='ocrx_word' id='word_1_168' title='bbox 490 2362 592 2416; x_wconf 90' lang='lat' dir='ltr'><strong>Dei</strong></span> <span class='ocrx_word' id='word_1_169' title='bbox 641 2361 830 2433; x_wconf 86' lang='lat' dir='ltr'><strong>Optimi</strong></span> <span class='ocrx_word' id='word_1_170' title='bbox 878 2361 1109 2416; x_wconf 89' lang='lat' dir='ltr'><strong>titulum.</strong></span> <span class='ocrx_word' id='word_1_171' title='bbox 1144 2361 1250 2416; x_wconf 92' lang='lat' dir='ltr'><strong>Sed</strong></span> <span class='ocrx_word' id='word_1_172' title='bbox 1297 2377 1398 2417; x_wconf 91' lang='lat' dir='ltr'><strong>nec</strong></span> <span class='ocrx_word' id='word_1_173' title='bbox 1439 2367 1562 2433; x_wconf 90' lang='lat' dir='ltr'><strong>post</strong></span> <span class='ocrx_word' id='word_1_174' title='bbox 1610 2375 1804 2415; x_wconf 87' lang='lat' dir='ltr'><strong>resur-</strong></span> 
     </span>
    </p>
   </div>
   <div class='ocr_carea' id='block_1_27' title="bbox 202 2447 1805 2521">
    <p class='ocr_par' dir='ltr' id='par_1_27' title="bbox 202 2447 1805 2521">
     <span class='ocr_line' id='line_1_27' title="bbox 202 2447 1805 2521; baseline 0 -19"><span class='ocrx_word' id='word_1_175' title='bbox 202 2449 500 2504; x_wconf 86' lang='lat' dir='ltr'><strong>rectionem</strong></span> <span class='ocrx_word' id='word_1_176' title='bbox 560 2449 729 2504; x_wconf 89' lang='lat' dir='ltr'><strong>alium</strong></span> <span class='ocrx_word' id='word_1_177' title='bbox 787 2464 844 2503; x_wconf 89' lang='lat' dir='ltr'><strong>se</strong></span> <span class='ocrx_word' id='word_1_178' title='bbox 897 2450 976 2503; x_wconf 88' lang='lat' dir='ltr'><strong>eis</strong></span> <span class='ocrx_word' id='word_1_179' title='bbox 1039 2449 1291 2520; x_wconf 87' lang='lat' dir='ltr'><strong>ostendit,</strong></span> <span class='ocrx_word' id='word_1_180' title='bbox 1341 2463 1499 2521; x_wconf 90' lang='lat' dir='ltr'><strong>quam</strong></span> <span class='ocrx_word' id='word_1_181' title='bbox 1555 2463 1717 2518; x_wconf 90' lang='lat' dir='ltr'><strong>quem</strong></span> <span class='ocrx_word' id='word_1_182' title='bbox 1755 2447 1805 2484; x_wconf 63' lang='lat'><strong>3&#39;3</strong></span> 
     </span>
    </p>
   </div>
   <div class='ocr_carea' id='block_1_28' title="bbox 202 2534 1802 2592">
    <p class='ocr_par' dir='ltr' id='par_1_28' title="bbox 202 2534 1802 2592">
     <span class='ocr_line' id='line_1_28' title="bbox 202 2534 1802 2592; baseline -0.003 -1"><span class='ocrx_word' id='word_1_183' title='bbox 202 2537 565 2591; x_wconf 88' lang='lat' dir='ltr'><strong>existimatum</strong></span> <span class='ocrx_word' id='word_1_184' title='bbox 614 2536 718 2590; x_wconf 86' lang='lat' dir='ltr'><strong>sibi</strong></span> <span class='ocrx_word' id='word_1_185' title='bbox 773 2536 1042 2592; x_wconf 84' lang='lat' dir='ltr'><strong>dixerant.</strong></span> <span class='ocrx_word' id='word_1_186' title='bbox 1093 2535 1252 2591; x_wconf 88' lang='lat' dir='ltr'><strong>Plane</strong></span> <span class='ocrx_word' id='word_1_187' title='bbox 1305 2536 1548 2591; x_wconf 89' lang='lat' dir='ltr'><strong>invectus</strong></span> <span class='ocrx_word' id='word_1_188' title='bbox 1603 2542 1684 2589; x_wconf 91' lang='lat' dir='ltr'><strong>est</strong></span> <span class='ocrx_word' id='word_1_189' title='bbox 1744 2534 1802 2588; x_wconf 91' lang='lat' dir='ltr'><strong>in</strong></span> 
     </span>
    </p>
   </div>
   <div class='ocr_carea' id='block_1_29' title="bbox 203 2624 1804 2693">
    <p class='ocr_par' dir='ltr' id='par_1_29' title="bbox 203 2624 1804 2693">
     <span class='ocr_line' id='line_1_29' title="bbox 203 2624 1804 2693; baseline 0.001 -16"><span class='ocrx_word' id='word_1_190' title='bbox 203 2624 321 2679; x_wconf 91' lang='lat' dir='ltr'><strong>illos</strong></span> <span class='ocrx_word' id='word_1_191' title='bbox 354 2643 367 2679; x_wconf 89' lang='lat'><strong>:</strong></span> <span class='ocrx_word' id='word_1_192' title='bbox 407 2627 449 2682; x_wconf 93' lang='lat'><em>0</em></span> <span class='ocrx_word' id='word_1_193' title='bbox 478 2625 765 2680; x_wconf 85' lang='lat' dir='ltr'><strong>insensati</strong></span> <span class='ocrx_word' id='word_1_194' title='bbox 800 2630 855 2680; x_wconf 83' lang='lat' dir='ltr'><strong>et</strong></span> <span class='ocrx_word' id='word_1_195' title='bbox 887 2625 1044 2681; x_wconf 87' lang='lat' dir='ltr'><strong>tardi</strong></span> <span class='ocrx_word' id='word_1_196' title='bbox 1071 2625 1256 2693; x_wconf 85' lang='lat' dir='ltr'><strong>corde,</strong></span> <span class='ocrx_word' id='word_1_197' title='bbox 1285 2626 1348 2680; x_wconf 88' lang='lat' dir='ltr'><strong>in</strong></span> <span class='ocrx_word' id='word_1_198' title='bbox 1377 2641 1493 2681; x_wconf 93' lang='lat' dir='ltr'><strong>non</strong></span> <span class='ocrx_word' id='word_1_199' title='bbox 1532 2624 1804 2680; x_wconf 86' lang='lat' dir='ltr'><strong>credendo</strong></span> 
     </span>
    </p>
   </div>
   <div class='ocr_carea' id='block_1_30' title="bbox 206 2712 1805 2785">
    <p class='ocr_par' dir='ltr' id='par_1_30' title="bbox 206 2712 1805 2785">
     <span class='ocr_line' id='line_1_30' title="bbox 206 2712 1805 2785; baseline -0.003 -14"><span class='ocrx_word' id='word_1_200' title='bbox 206 2713 459 2771; x_wconf 80' lang='lat' dir='ltr'><strong>omnibus</strong></span> <span class='ocrx_word' id='word_1_201' title='bbox 499 2730 627 2785; x_wconf 75' lang='lat' dir='ltr'><strong>qua:</strong></span> <span class='ocrx_word' id='word_1_202' title='bbox 659 2715 878 2770; x_wconf 85' lang='lat' dir='ltr'><strong>locutus</strong></span> <span class='ocrx_word' id='word_1_203' title='bbox 911 2717 998 2769; x_wconf 91' lang='lat' dir='ltr'><strong>est</strong></span> <span class='ocrx_word' id='word_1_204' title='bbox 1026 2712 1097 2768; x_wconf 90' lang='lat' dir='ltr'><strong>ad</strong></span> <span class='ocrx_word' id='word_1_205' title='bbox 1127 2720 1254 2770; x_wconf 89' lang='lat' dir='ltr'><strong>vos!</strong></span> <span class='ocrx_word' id='word_1_206' title='bbox 1285 2712 1419 2780; x_wconf 74' lang='lat' dir='ltr'><strong>Quae</strong></span> <span class='ocrx_word' id='word_1_207' title='bbox 1457 2712 1671 2768; x_wconf 89' lang='lat' dir='ltr'><strong>locutus</strong></span> <span class='ocrx_word' id='word_1_208' title='bbox 1699 2726 1805 2766; x_wconf 91' lang='lat' dir='ltr'><strong>non</strong></span> 
     </span>
    </p>
   </div>
   <div class='ocr_carea' id='block_1_31' title="bbox 207 2799 1799 2874">
    <p class='ocr_par' dir='ltr' id='par_1_31' title="bbox 207 2799 1799 2874">
     <span class='ocr_line' id='line_1_31' title="bbox 207 2799 1799 2874; baseline -0.002 -20"><span class='ocrx_word' id='word_1_209' title='bbox 207 2801 418 2857; x_wconf 79' lang='lat' dir='ltr'><strong>alterius</strong></span> <span class='ocrx_word' id='word_1_210' title='bbox 475 2817 535 2858; x_wconf 89' lang='lat' dir='ltr'><strong>se</strong></span> <span class='ocrx_word' id='word_1_211' title='bbox 590 2803 690 2858; x_wconf 91' lang='lat' dir='ltr'><strong>Dei</strong></span> <span class='ocrx_word' id='word_1_212' title='bbox 749 2818 869 2857; x_wconf 90' lang='lat' dir='ltr'><strong>esse</strong></span> <span class='ocrx_word' id='word_1_213' title='bbox 908 2803 1114 2874; x_wconf 87' lang='lat' dir='ltr'><strong>probat,</strong></span> <span class='ocrx_word' id='word_1_214' title='bbox 1149 2802 1246 2857; x_wconf 89' lang='lat' dir='ltr'><strong>sed</strong></span> <span class='ocrx_word' id='word_1_215' title='bbox 1301 2801 1547 2870; x_wconf 89' lang='lat' dir='ltr'><strong>ejusdem</strong></span> <span class='ocrx_word' id='word_1_216' title='bbox 1600 2799 1696 2855; x_wconf 90' lang='lat' dir='ltr'><strong>Dei</strong></span> <span class='ocrx_word' id='word_1_217' title='bbox 1728 2800 1799 2851; x_wconf 70' lang='lat'><strong>29.</strong></span> 
     </span>
    </p>
   </div>
   <div class='ocr_carea' id='block_1_32' title="bbox 211 2890 1798 2961">
    <p class='ocr_par' dir='ltr' id='par_1_32' title="bbox 211 2890 1798 2961">
     <span class='ocr_line' id='line_1_32' title="bbox 211 2890 1798 2961; baseline -0.001 -16"><span class='ocrx_word' id='word_1_218' title='bbox 211 2891 332 2945; x_wconf 82' lang='lat' dir='ltr'><strong>Nam</strong></span> <span class='ocrx_word' id='word_1_219' title='bbox 379 2892 576 2945; x_wconf 87' lang='lat' dir='ltr'><strong>eadem</strong></span> <span class='ocrx_word' id='word_1_220' title='bbox 626 2900 680 2946; x_wconf 88' lang='lat' dir='ltr'><strong>et</strong></span> <span class='ocrx_word' id='word_1_221' title='bbox 726 2890 902 2961; x_wconf 82' lang='lat' dir='ltr'><strong>angeli</strong></span> <span class='ocrx_word' id='word_1_222' title='bbox 949 2891 1014 2945; x_wconf 87' lang='lat' dir='ltr'><strong>ad</strong></span> <span class='ocrx_word' id='word_1_223' title='bbox 1063 2890 1316 2945; x_wconf 88' lang='lat' dir='ltr'><strong>mulieres</strong></span> <span class='ocrx_word' id='word_1_224' title='bbox 1366 2908 1380 2946; x_wconf 92' lang='lat'><strong>:</strong></span> <span class='ocrx_word' id='word_1_225' title='bbox 1437 2893 1798 2946; x_wconf 82' lang='lat' dir='ltr'><strong>Rememora-</strong></span> 
     </span>
    </p>
   </div>
   <div class='ocr_carea' id='block_1_33' title="bbox 1903 489 3490 563">
    <p class='ocr_par' dir='ltr' id='par_1_33' title="bbox 1903 489 3490 563">
     <span class='ocr_line' id='line_1_33' title="bbox 1903 489 3490 563; baseline -0.003 -15"><span class='ocrx_word' id='word_1_226' title='bbox 1903 493 2173 548; x_wconf 87' lang='lat' dir='ltr'><strong>Christum</strong></span> <span class='ocrx_word' id='word_1_227' title='bbox 2217 493 2605 563; x_wconf 87' lang='lat' dir='ltr'><strong>redemptorem</strong></span> <span class='ocrx_word' id='word_1_228' title='bbox 2644 489 2878 547; x_wconf 86' lang='lat' dir='ltr'><strong>Israelis.</strong></span> <span class='ocrx_word' id='word_1_229' title='bbox 2909 489 2986 546; x_wconf 92' lang='lat' dir='ltr'><strong>De</strong></span> <span class='ocrx_word' id='word_1_230' title='bbox 3021 489 3262 561; x_wconf 90' lang='lat' dir='ltr'><strong>corporis</strong></span> <span class='ocrx_word' id='word_1_231' title='bbox 3311 497 3490 545; x_wconf 87' lang='lat' dir='ltr'><strong>autem</strong></span> 
     </span>
    </p>
   </div>
   <div class='ocr_carea' id='block_1_34' title="bbox 1903 579 3491 656">
    <p class='ocr_par' dir='ltr' id='par_1_34' title="bbox 1903 579 3491 656">
     <span class='ocr_line' id='line_1_34' title="bbox 1903 579 3491 656; baseline -0.004 -14"><span class='ocrx_word' id='word_1_232' title='bbox 1903 585 2129 642; x_wconf 80' lang='lat' dir='ltr'><strong>veritate</strong></span> <span class='ocrx_word' id='word_1_233' title='bbox 2173 583 2303 656; x_wconf 87' lang='lat' dir='ltr'><strong>quid</strong></span> <span class='ocrx_word' id='word_1_234' title='bbox 2351 590 2526 654; x_wconf 90' lang='lat' dir='ltr'><strong>potest</strong></span> <span class='ocrx_word' id='word_1_235' title='bbox 2567 581 2798 638; x_wconf 83' lang='lat' dir='ltr'><strong>clarius?</strong></span> <span class='ocrx_word' id='word_1_236' title='bbox 2827 596 2949 637; x_wconf 91' lang='lat' dir='ltr'><strong>cum</strong></span> <span class='ocrx_word' id='word_1_237' title='bbox 2998 580 3364 636; x_wconf 78' lang='lat' dir='ltr'><strong>haesitantibus</strong></span> <span class='ocrx_word' id='word_1_238' title='bbox 3410 579 3491 636; x_wconf 88' lang='lat' dir='ltr'><strong>eis</strong></span> 
     </span>
    </p>
   </div>
   <div class='ocr_carea' id='block_1_35' title="bbox 1903 670 3486 742">
    <p class='ocr_par' dir='ltr' id='par_1_35' title="bbox 1903 670 3486 742">
     <span class='ocr_line' id='line_1_35' title="bbox 1903 670 3486 742; baseline -0.002 -11"><span class='ocrx_word' id='word_1_239' title='bbox 1903 691 1972 731; x_wconf 91' lang='lat' dir='ltr'><strong>ne</strong></span> <span class='ocrx_word' id='word_1_240' title='bbox 2002 677 2318 742; x_wconf 83' lang='lat' dir='ltr'><strong>phantasma</strong></span> <span class='ocrx_word' id='word_1_241' title='bbox 2371 680 2528 740; x_wconf 89' lang='lat' dir='ltr'><strong>esset,</strong></span> <span class='ocrx_word' id='word_1_242' title='bbox 2561 671 2669 727; x_wconf 91' lang='lat' dir='ltr'><strong>imo</strong></span> <span class='ocrx_word' id='word_1_243' title='bbox 2722 672 3039 742; x_wconf 88' lang='lat' dir='ltr'><strong>phantasma</strong></span> <span class='ocrx_word' id='word_1_244' title='bbox 3094 670 3486 728; x_wconf 88' lang='lat' dir='ltr'><strong>credentibus:</strong></span> 
     </span>
    </p>
   </div>
   <div class='ocr_carea' id='block_1_36' title="bbox 1909 760 3494 834">
    <p class='ocr_par' dir='ltr' id='par_1_36' title="bbox 1909 760 3494 834">
     <span class='ocr_line' id='line_1_36' title="bbox 1909 760 3494 834; baseline -0.001 -14"><span class='ocrx_word' id='word_1_245' title='bbox 1909 766 2051 834; x_wconf 84' lang='lat' dir='ltr'><strong>Quid</strong></span> <span class='ocrx_word' id='word_1_246' title='bbox 2080 765 2297 821; x_wconf 79' lang='lat' dir='ltr'><strong>turbati</strong></span> <span class='ocrx_word' id='word_1_247' title='bbox 2325 766 2475 830; x_wconf 85' lang='lat' dir='ltr'><strong>estis,</strong></span> <span class='ocrx_word' id='word_1_248' title='bbox 2507 761 2701 834; x_wconf 82' lang='lat' dir='ltr'><strong>inquit,</strong></span> <span class='ocrx_word' id='word_1_249' title='bbox 2732 766 2787 817; x_wconf 92' lang='lat' dir='ltr'><strong>et</strong></span> <span class='ocrx_word' id='word_1_250' title='bbox 2816 760 2950 832; x_wconf 87' lang='lat' dir='ltr'><strong>quid</strong></span> <span class='ocrx_word' id='word_1_251' title='bbox 2978 761 3345 832; x_wconf 80' lang='lat' dir='ltr'><strong>cogitatio-nes</strong></span> <span class='ocrx_word' id='word_1_252' title='bbox 3373 763 3494 818; x_wconf 89' lang='lat' dir='ltr'><strong>sub-</strong></span> 
     </span>
    </p>
   </div>
   <div class='ocr_carea' id='block_1_37' title="bbox 1904 850 3489 922">
    <p class='ocr_par' dir='ltr' id='par_1_37' title="bbox 1904 850 3489 922">
     <span class='ocr_line' id='line_1_37' title="bbox 1904 850 3489 922; baseline -0.004 -10"><span class='ocrx_word' id='word_1_253' title='bbox 1904 859 2042 912; x_wconf 90' lang='lat' dir='ltr'><strong>eunt</strong></span> <span class='ocrx_word' id='word_1_254' title='bbox 2073 855 2137 909; x_wconf 88' lang='lat' dir='ltr'><strong>in</strong></span> <span class='ocrx_word' id='word_1_255' title='bbox 2164 853 2330 910; x_wconf 84' lang='lat' dir='ltr'><strong>corda</strong></span> <span class='ocrx_word' id='word_1_256' title='bbox 2351 855 2568 910; x_wconf 83' lang='lat' dir='ltr'><strong>vestra?</strong></span> <span class='ocrx_word' id='word_1_257' title='bbox 2598 851 2781 907; x_wconf 85' lang='lat' dir='ltr'><strong>Videte</strong></span> <span class='ocrx_word' id='word_1_258' title='bbox 2809 866 3016 907; x_wconf 88' lang='lat' dir='ltr'><strong>manus</strong></span> <span class='ocrx_word' id='word_1_259' title='bbox 3036 865 3190 904; x_wconf 88' lang='lat' dir='ltr'><strong>meas</strong></span> <span class='ocrx_word' id='word_1_260' title='bbox 3220 853 3277 904; x_wconf 88' lang='lat' dir='ltr'><strong>et</strong></span> <span class='ocrx_word' id='word_1_261' title='bbox 3307 850 3489 922; x_wconf 86' lang='lat' dir='ltr'><strong>pedes,</strong></span> 
     </span>
    </p>
   </div>
   <div class='ocr_carea' id='block_1_38' title="bbox 1903 939 3493 1016">
    <p class='ocr_par' dir='ltr' id='par_1_38' title="bbox 1903 939 3493 1016">
     <span class='ocr_line' id='line_1_38' title="bbox 1903 939 3493 1016; baseline -0.003 -17"><span class='ocrx_word' id='word_1_262' title='bbox 1903 945 2034 1016; x_wconf 84' lang='lat' dir='ltr'><strong>quia</strong></span> <span class='ocrx_word' id='word_1_263' title='bbox 2063 960 2156 1015; x_wconf 91' lang='lat' dir='ltr'><strong>ego</strong></span> <span class='ocrx_word' id='word_1_264' title='bbox 2177 945 2292 1016; x_wconf 86' lang='lat' dir='ltr'><strong>ipse</strong></span> <span class='ocrx_word' id='word_1_265' title='bbox 2313 942 2747 1014; x_wconf 86' lang='lat' dir='ltr'><strong>sum;quoniam</strong></span> <span class='ocrx_word' id='word_1_266' title='bbox 2768 942 3002 1013; x_wconf 83' lang='lat' dir='ltr'><strong>spiritus</strong></span> <span class='ocrx_word' id='word_1_267' title='bbox 3023 955 3146 995; x_wconf 89' lang='lat' dir='ltr'><strong>ossa</strong></span> <span class='ocrx_word' id='word_1_268' title='bbox 3167 956 3282 995; x_wconf 89' lang='lat' dir='ltr'><strong>non</strong></span> <span class='ocrx_word' id='word_1_269' title='bbox 3305 939 3493 1005; x_wconf 86' lang='lat' dir='ltr'><strong>habet,</strong></span> 
     </span>
    </p>
   </div>
   <div class='ocr_carea' id='block_1_39' title="bbox 1901 1027 3494 1088">
    <p class='ocr_par' dir='ltr' id='par_1_39' title="bbox 1901 1027 3494 1088">
     <span class='ocr_line' id='line_1_39' title="bbox 1901 1027 3494 1088; baseline -0.003 -1"><span class='ocrx_word' id='word_1_270' title='bbox 1901 1033 2050 1088; x_wconf 85' lang='lat' dir='ltr'><strong>sicut</strong></span> <span class='ocrx_word' id='word_1_271' title='bbox 2102 1049 2192 1088; x_wconf 89' lang='lat' dir='ltr'><strong>me</strong></span> <span class='ocrx_word' id='word_1_272' title='bbox 2241 1031 2534 1088; x_wconf 87' lang='lat' dir='ltr'><strong>habentem</strong></span> <span class='ocrx_word' id='word_1_273' title='bbox 2587 1029 2754 1086; x_wconf 76' lang='lat'><strong>467</strong></span> <span class='ocrx_word' id='word_1_274' title='bbox 2813 1030 3015 1086; x_wconf 80' lang='lat' dir='ltr'><strong>videtis</strong></span> <span class='ocrx_word' id='word_1_275' title='bbox 3044 1029 3114 1083; x_wconf 71' lang='grc'><strong>³2.</strong></span> <span class='ocrx_word' id='word_1_276' title='bbox 3143 1027 3210 1082; x_wconf 86' lang='lat' dir='ltr'><strong>Et</strong></span> <span class='ocrx_word' id='word_1_277' title='bbox 3255 1027 3494 1083; x_wconf 86' lang='lat' dir='ltr'><strong>Marcion</strong></span> 
     </span>
    </p>
   </div>
   <div class='ocr_carea' id='block_1_40' title="bbox 1901 1117 3494 1192">
    <p class='ocr_par' dir='ltr' id='par_1_40' title="bbox 1901 1117 3494 1192">
     <span class='ocr_line' id='line_1_40' title="bbox 1901 1117 3494 1192; baseline -0.003 -16"><span class='ocrx_word' id='word_1_278' title='bbox 1901 1121 2142 1192; x_wconf 70' lang='lat' dir='ltr'><strong>quaedam</strong></span> <span class='ocrx_word' id='word_1_279' title='bbox 2181 1119 2450 1176; x_wconf 89' lang='lat' dir='ltr'><strong>contraria</strong></span> <span class='ocrx_word' id='word_1_280' title='bbox 2487 1118 2611 1187; x_wconf 88' lang='lat' dir='ltr'><strong>sibi,</strong></span> <span class='ocrx_word' id='word_1_281' title='bbox 2644 1119 2733 1172; x_wconf 90' lang='lat' dir='ltr'><strong>illa</strong></span> <span class='ocrx_word' id='word_1_282' title='bbox 2773 1118 2935 1174; x_wconf 87' lang='lat' dir='ltr'><strong>credo</strong></span> <span class='ocrx_word' id='word_1_283' title='bbox 2968 1117 3228 1173; x_wconf 88' lang='lat' dir='ltr'><strong>industria</strong></span> <span class='ocrx_word' id='word_1_284' title='bbox 3268 1117 3494 1172; x_wconf 88' lang='lat' dir='ltr'><strong>eradere</strong></span> 
     </span>
    </p>
   </div>
   <div class='ocr_carea' id='block_1_41' title="bbox 1901 1205 3495 1282">
    <p class='ocr_par' dir='ltr' id='par_1_41' title="bbox 1901 1205 3495 1282">
     <span class='ocr_line' id='line_1_41' title="bbox 1901 1205 3495 1282; baseline -0.001 -17"><span class='ocrx_word' id='word_1_285' title='bbox 1901 1211 1970 1265; x_wconf 92' lang='lat' dir='ltr'><strong>de</strong></span> <span class='ocrx_word' id='word_1_286' title='bbox 2014 1208 2307 1282; x_wconf 84' lang='lat' dir='ltr'><strong>Evangelio</strong></span> <span class='ocrx_word' id='word_1_287' title='bbox 2363 1221 2463 1262; x_wconf 91' lang='lat' dir='ltr'><strong>suo</strong></span> <span class='ocrx_word' id='word_1_288' title='bbox 2517 1207 2710 1272; x_wconf 89' lang='lat' dir='ltr'><strong>noluit,</strong></span> <span class='ocrx_word' id='word_1_289' title='bbox 2743 1215 2802 1262; x_wconf 90' lang='lat' dir='ltr'><strong>ut</strong></span> <span class='ocrx_word' id='word_1_290' title='bbox 2844 1223 2910 1262; x_wconf 81' lang='lat' dir='ltr'><strong>ex</strong></span> <span class='ocrx_word' id='word_1_291' title='bbox 2963 1205 3048 1261; x_wconf 86' lang='lat' dir='ltr'><strong>his</strong></span> <span class='ocrx_word' id='word_1_292' title='bbox 3095 1223 3215 1279; x_wconf 64' lang='lat' dir='ltr'><strong>quae</strong></span> <span class='ocrx_word' id='word_1_293' title='bbox 3270 1207 3495 1263; x_wconf 90' lang='lat' dir='ltr'><strong>eradere</strong></span> 
     </span>
    </p>
   </div>
   <div class='ocr_carea' id='block_1_42' title="bbox 1904 1295 3498 1370">
    <p class='ocr_par' dir='ltr' id='par_1_42' title="bbox 1904 1295 3498 1370">
     <span class='ocr_line' id='line_1_42' title="bbox 1904 1295 3498 1370; baseline -0.002 -16"><span class='ocrx_word' id='word_1_294' title='bbox 1904 1299 2094 1370; x_wconf 91' lang='lat' dir='ltr'><strong>potuit,</strong></span> <span class='ocrx_word' id='word_1_295' title='bbox 2125 1313 2225 1354; x_wconf 93' lang='lat' dir='ltr'><strong>nec</strong></span> <span class='ocrx_word' id='word_1_296' title='bbox 2279 1296 2462 1361; x_wconf 89' lang='lat' dir='ltr'><strong>erasit,</strong></span> <span class='ocrx_word' id='word_1_297' title='bbox 2494 1296 2580 1351; x_wconf 91' lang='lat' dir='ltr'><strong>illa</strong></span> <span class='ocrx_word' id='word_1_298' title='bbox 2634 1312 2754 1367; x_wconf 66' lang='lat' dir='ltr'><strong>quae</strong></span> <span class='ocrx_word' id='word_1_299' title='bbox 2810 1295 2998 1365; x_wconf 82' lang='lat' dir='ltr'><strong>erasit,</strong></span> <span class='ocrx_word' id='word_1_300' title='bbox 3030 1303 3124 1350; x_wconf 89' lang='lat' dir='ltr'><strong>aut</strong></span> <span class='ocrx_word' id='word_1_301' title='bbox 3171 1296 3221 1336; x_wconf 86' lang='lat'><strong>33</strong></span> <span class='ocrx_word' id='word_1_302' title='bbox 3267 1304 3498 1366; x_wconf 84' lang='lat' dir='ltr'><strong>negetur</strong></span> 
     </span>
    </p>
   </div>
   <div class='ocr_carea' id='block_1_43' title="bbox 1902 1383 3500 1455">
    <p class='ocr_par' dir='ltr' id='par_1_43' title="bbox 1902 1383 3500 1455">
     <span class='ocr_line' id='line_1_43' title="bbox 1902 1383 3500 1455; baseline -0.001 -14"><span class='ocrx_word' id='word_1_303' title='bbox 1902 1388 2149 1455; x_wconf 88' lang='lat' dir='ltr'><strong>erasisse,</strong></span> <span class='ocrx_word' id='word_1_304' title='bbox 2199 1392 2293 1441; x_wconf 89' lang='lat' dir='ltr'><strong>aut</strong></span> <span class='ocrx_word' id='word_1_305' title='bbox 2346 1384 2537 1440; x_wconf 89' lang='lat' dir='ltr'><strong>merito</strong></span> <span class='ocrx_word' id='word_1_306' title='bbox 2591 1384 2824 1439; x_wconf 90' lang='lat' dir='ltr'><strong>erasisse</strong></span> <span class='ocrx_word' id='word_1_307' title='bbox 2878 1384 3107 1440; x_wconf 89' lang='lat' dir='ltr'><strong>dicatur.</strong></span> <span class='ocrx_word' id='word_1_308' title='bbox 3155 1384 3267 1439; x_wconf 87' lang='lat' dir='ltr'><strong>Nec</strong></span> <span class='ocrx_word' id='word_1_309' title='bbox 3324 1383 3500 1454; x_wconf 84' lang='lat' dir='ltr'><strong>parcit</strong></span> 
     </span>
    </p>
   </div>
   <div class='ocr_carea' id='block_1_44' title="bbox 1902 1471 3495 1544">
    <p class='ocr_par' dir='ltr' id='par_1_44' title="bbox 1902 1471 3495 1544">
     <span class='ocr_line' id='line_1_44' title="bbox 1902 1471 3495 1544; baseline -0.002 -14"><span class='ocrx_word' id='word_1_310' title='bbox 1902 1475 2006 1530; x_wconf 87' lang='lat' dir='ltr'><strong>nisi</strong></span> <span class='ocrx_word' id='word_1_311' title='bbox 2053 1475 2132 1531; x_wconf 92' lang='lat' dir='ltr'><strong>eis</strong></span> <span class='ocrx_word' id='word_1_312' title='bbox 2176 1491 2296 1544; x_wconf 86' lang='lat' dir='ltr'><strong>quae</strong></span> <span class='ocrx_word' id='word_1_313' title='bbox 2348 1489 2456 1528; x_wconf 91' lang='lat' dir='ltr'><strong>non</strong></span> <span class='ocrx_word' id='word_1_314' title='bbox 2516 1473 2674 1528; x_wconf 86' lang='lat' dir='ltr'><strong>aliter</strong></span> <span class='ocrx_word' id='word_1_315' title='bbox 2720 1471 3144 1543; x_wconf 87' lang='lat' dir='ltr'><strong>interpretando,</strong></span> <span class='ocrx_word' id='word_1_316' title='bbox 3176 1487 3339 1544; x_wconf 90' lang='lat' dir='ltr'><strong>quam</strong></span> <span class='ocrx_word' id='word_1_317' title='bbox 3390 1472 3495 1528; x_wconf 91' lang='lat' dir='ltr'><strong>de-</strong></span> 
     </span>
    </p>
   </div>
   <div class='ocr_carea' id='block_1_45' title="bbox 1903 1560 3498 1633">
    <p class='ocr_par' dir='ltr' id='par_1_45' title="bbox 1903 1560 3498 1633">
     <span class='ocr_line' id='line_1_45' title="bbox 1903 1560 3498 1633; baseline -0.002 -14"><span class='ocrx_word' id='word_1_318' title='bbox 1903 1564 2086 1633; x_wconf 88' lang='lat' dir='ltr'><strong>lendo,</strong></span> <span class='ocrx_word' id='word_1_319' title='bbox 2145 1563 2418 1619; x_wconf 88' lang='lat' dir='ltr'><strong>subvertit.</strong></span> <span class='ocrx_word' id='word_1_320' title='bbox 2467 1561 2596 1618; x_wconf 82' lang='lat' dir='ltr'><strong>Vult</strong></span> <span class='ocrx_word' id='word_1_321' title='bbox 2649 1561 2827 1633; x_wconf 88' lang='lat' dir='ltr'><strong>itaque</strong></span> <span class='ocrx_word' id='word_1_322' title='bbox 2895 1560 2977 1617; x_wconf 88' lang='lat' dir='ltr'><strong>sic</strong></span> <span class='ocrx_word' id='word_1_323' title='bbox 3032 1560 3258 1628; x_wconf 84' lang='lat' dir='ltr'><strong>dictum,</strong></span> <span class='ocrx_word' id='word_1_324' title='bbox 3317 1560 3498 1631; x_wconf 89' lang='lat' dir='ltr'><strong>quasi,</strong></span> 
     </span>
    </p>
   </div>
   <div class='ocr_carea' id='block_1_46' title="bbox 1906 1649 3497 1726">
    <p class='ocr_par' dir='ltr' id='par_1_46' title="bbox 1906 1649 3497 1726">
     <span class='ocr_line' id='line_1_46' title="bbox 1906 1649 3497 1726; baseline -0.003 -16"><span class='ocrx_word' id='word_1_325' title='bbox 1906 1655 2153 1726; x_wconf 86' lang='lat' dir='ltr'><strong>Spiritus</strong></span> <span class='ocrx_word' id='word_1_326' title='bbox 2172 1668 2296 1707; x_wconf 90' lang='lat' dir='ltr'><strong>ossa</strong></span> <span class='ocrx_word' id='word_1_327' title='bbox 2324 1666 2441 1705; x_wconf 88' lang='lat' dir='ltr'><strong>non</strong></span> <span class='ocrx_word' id='word_1_328' title='bbox 2459 1649 2640 1717; x_wconf 86' lang='lat' dir='ltr'><strong>habet,</strong></span> <span class='ocrx_word' id='word_1_329' title='bbox 2655 1652 2808 1704; x_wconf 86' lang='lat' dir='ltr'><strong>sicut</strong></span> <span class='ocrx_word' id='word_1_330' title='bbox 2837 1665 2926 1704; x_wconf 90' lang='lat' dir='ltr'><strong>me</strong></span> <span class='ocrx_word' id='word_1_331' title='bbox 2943 1650 3144 1705; x_wconf 84' lang='lat' dir='ltr'><strong>videtis</strong></span> <span class='ocrx_word' id='word_1_332' title='bbox 3178 1649 3497 1716; x_wconf 87' lang='lat' dir='ltr'><strong>habentem,</strong></span> 
     </span>
    </p>
   </div>
   <div class='ocr_carea' id='block_1_47' title="bbox 1904 1733 3501 1808">
    <p class='ocr_par' dir='ltr' id='par_1_47' title="bbox 1904 1733 3501 1808">
     <span class='ocr_line' id='line_1_47' title="bbox 1904 1733 3501 1808; baseline -0.002 -15"><span class='ocrx_word' id='word_1_333' title='bbox 1904 1739 1971 1793; x_wconf 88' lang='lat' dir='ltr'><strong>ad</strong></span> <span class='ocrx_word' id='word_1_334' title='bbox 2000 1737 2243 1808; x_wconf 75' lang='lat' dir='ltr'><strong>spiritum</strong></span> <span class='ocrx_word' id='word_1_335' title='bbox 2292 1733 2574 1798; x_wconf 83' lang='lat' dir='ltr'><strong>referatur,</strong></span> <span class='ocrx_word' id='word_1_336' title='bbox 2608 1736 2762 1789; x_wconf 81' lang='lat' dir='ltr'><strong>sicut</strong></span> <span class='ocrx_word' id='word_1_337' title='bbox 2797 1751 2889 1790; x_wconf 87' lang='lat' dir='ltr'><strong>me</strong></span> <span class='ocrx_word' id='word_1_338' title='bbox 2927 1734 3129 1790; x_wconf 83' lang='lat' dir='ltr'><strong>videtis</strong></span> <span class='ocrx_word' id='word_1_339' title='bbox 3170 1735 3501 1803; x_wconf 85' lang='lat' dir='ltr'><strong>habentem;</strong></span> 
     </span>
    </p>
   </div>
   <div class='ocr_carea' id='block_1_48' title="bbox 1905 1821 3504 1894">
    <p class='ocr_par' dir='ltr' id='par_1_48' title="bbox 1905 1821 3504 1894">
     <span class='ocr_line' id='line_1_48' title="bbox 1905 1821 3504 1894; baseline -0.004 -9"><span class='ocrx_word' id='word_1_340' title='bbox 1905 1828 1960 1885; x_wconf 91' lang='lat' dir='ltr'><strong>id</strong></span> <span class='ocrx_word' id='word_1_341' title='bbox 1991 1835 2074 1884; x_wconf 90' lang='lat' dir='ltr'><strong>est</strong></span> <span class='ocrx_word' id='word_1_342' title='bbox 2109 1841 2218 1882; x_wconf 90' lang='lat' dir='ltr'><strong>non</strong></span> <span class='ocrx_word' id='word_1_343' title='bbox 2259 1825 2545 1880; x_wconf 88' lang='lat' dir='ltr'><strong>habentem</strong></span> <span class='ocrx_word' id='word_1_344' title='bbox 2575 1838 2698 1878; x_wconf 90' lang='lat' dir='ltr'><strong>ossa</strong></span> <span class='ocrx_word' id='word_1_345' title='bbox 2741 1823 2876 1876; x_wconf 89' lang='lat' dir='ltr'><strong>sicut</strong></span> <span class='ocrx_word' id='word_1_346' title='bbox 2913 1827 2967 1876; x_wconf 88' lang='lat' dir='ltr'><strong>et</strong></span> <span class='ocrx_word' id='word_1_347' title='bbox 3008 1821 3252 1890; x_wconf 89' lang='lat' dir='ltr'><strong>spiritus.</strong></span> <span class='ocrx_word' id='word_1_348' title='bbox 3287 1825 3353 1879; x_wconf 91' lang='lat' dir='ltr'><strong>Et</strong></span> <span class='ocrx_word' id='word_1_349' title='bbox 3379 1841 3504 1894; x_wconf 87' lang='lat' dir='ltr'><strong>quae</strong></span> 
     </span>
    </p>
   </div>
   <div class='ocr_carea' id='block_1_49' title="bbox 1908 1909 3503 1983">
    <p class='ocr_par' dir='ltr' id='par_1_49' title="bbox 1908 1909 3503 1983">
     <span class='ocr_line' id='line_1_49' title="bbox 1908 1909 3503 1983; baseline -0.006 -7"><span class='ocrx_word' id='word_1_350' title='bbox 1908 1917 2046 1976; x_wconf 90' lang='lat' dir='ltr'><strong>ratio</strong></span> <span class='ocrx_word' id='word_1_351' title='bbox 2091 1913 2442 1971; x_wconf 89' lang='lat' dir='ltr'><strong>tortuositatis</strong></span> <span class='ocrx_word' id='word_1_352' title='bbox 2489 1911 2684 1968; x_wconf 84' lang='lat' dir='ltr'><strong>istius?</strong></span> <span class='ocrx_word' id='word_1_353' title='bbox 2721 1927 2843 1967; x_wconf 88' lang='lat' dir='ltr'><strong>cum</strong></span> <span class='ocrx_word' id='word_1_354' title='bbox 2892 1909 3205 1980; x_wconf 89' lang='lat' dir='ltr'><strong>simpliciter</strong></span> <span class='ocrx_word' id='word_1_355' title='bbox 3252 1927 3503 1983; x_wconf 89' lang='lat' dir='ltr'><strong>pronun-</strong></span> 
     </span>
    </p>
   </div>
   <div class='ocr_carea' id='block_1_50' title="bbox 1911 1998 3502 2076">
    <p class='ocr_par' dir='ltr' id='par_1_50' title="bbox 1911 1998 3502 2076">
     <span class='ocr_line' id='line_1_50' title="bbox 1911 1998 3502 2076; baseline -0.004 -14"><span class='ocrx_word' id='word_1_356' title='bbox 1911 2007 2041 2062; x_wconf 89' lang='lat' dir='ltr'><strong>tiare</strong></span> <span class='ocrx_word' id='word_1_357' title='bbox 2072 2003 2336 2076; x_wconf 85' lang='lat' dir='ltr'><strong>potuisset</strong></span> <span class='ocrx_word' id='word_1_358' title='bbox 2367 2019 2380 2060; x_wconf 90' lang='lat'><strong>:</strong></span> <span class='ocrx_word' id='word_1_359' title='bbox 2417 2001 2556 2068; x_wconf 88' lang='lat' dir='ltr'><strong>Quia</strong></span> <span class='ocrx_word' id='word_1_360' title='bbox 2584 2001 2826 2073; x_wconf 88' lang='lat' dir='ltr'><strong>spiritus</strong></span> <span class='ocrx_word' id='word_1_361' title='bbox 2847 2015 2970 2057; x_wconf 86' lang='lat' dir='ltr'><strong>ossa</strong></span> <span class='ocrx_word' id='word_1_362' title='bbox 2996 2015 3115 2056; x_wconf 86' lang='lat' dir='ltr'><strong>non</strong></span> <span class='ocrx_word' id='word_1_363' title='bbox 3145 1998 3329 2068; x_wconf 91' lang='lat' dir='ltr'><strong>habet,</strong></span> <span class='ocrx_word' id='word_1_364' title='bbox 3355 2001 3502 2056; x_wconf 80' lang='lat' dir='ltr'><strong>sicut</strong></span> 
     </span>
    </p>
   </div>
   <div class='ocr_carea' id='block_1_51' title="bbox 1909 2087 3507 2157">
    <p class='ocr_par' dir='ltr' id='par_1_51' title="bbox 1909 2087 3507 2157">
     <span class='ocr_line' id='line_1_51' title="bbox 1909 2087 3507 2157; baseline -0.007 -4"><span class='ocrx_word' id='word_1_365' title='bbox 1909 2113 1999 2153; x_wconf 88' lang='lat' dir='ltr'><strong>me</strong></span> <span class='ocrx_word' id='word_1_366' title='bbox 2061 2093 2262 2151; x_wconf 87' lang='lat' dir='ltr'><strong>videtis</strong></span> <span class='ocrx_word' id='word_1_367' title='bbox 2316 2109 2430 2149; x_wconf 91' lang='lat' dir='ltr'><strong>non</strong></span> <span class='ocrx_word' id='word_1_368' title='bbox 2489 2091 2801 2148; x_wconf 86' lang='lat' dir='ltr'><strong>habentem.</strong></span> <span class='ocrx_word' id='word_1_369' title='bbox 2832 2089 2943 2145; x_wconf 94' lang='lat' dir='ltr'><strong>Cur</strong></span> <span class='ocrx_word' id='word_1_370' title='bbox 2997 2099 3181 2144; x_wconf 90' lang='lat' dir='ltr'><strong>autem</strong></span> <span class='ocrx_word' id='word_1_371' title='bbox 3239 2087 3507 2157; x_wconf 89' lang='lat' dir='ltr'><strong>inspectui</strong></span> 
     </span>
    </p>
   </div>
   <div class='ocr_carea' id='block_1_52' title="bbox 1911 2177 3510 2250">
    <p class='ocr_par' dir='ltr' id='par_1_52' title="bbox 1911 2177 3510 2250">
     <span class='ocr_line' id='line_1_52' title="bbox 1911 2177 3510 2250; baseline -0.005 -10"><span class='ocrx_word' id='word_1_372' title='bbox 1911 2200 2098 2240; x_wconf 91' lang='lat' dir='ltr'><strong>eorum</strong></span> <span class='ocrx_word' id='word_1_373' title='bbox 2135 2197 2323 2237; x_wconf 90' lang='lat' dir='ltr'><strong>manus</strong></span> <span class='ocrx_word' id='word_1_374' title='bbox 2350 2189 2403 2236; x_wconf 91' lang='lat' dir='ltr'><strong>et</strong></span> <span class='ocrx_word' id='word_1_375' title='bbox 2431 2180 2597 2250; x_wconf 86' lang='lat' dir='ltr'><strong>pedes</strong></span> <span class='ocrx_word' id='word_1_376' title='bbox 2633 2194 2764 2235; x_wconf 88' lang='lat' dir='ltr'><strong>suos</strong></span> <span class='ocrx_word' id='word_1_377' title='bbox 2805 2177 2984 2242; x_wconf 82' lang='lat' dir='ltr'><strong>offert,</strong></span> <span class='ocrx_word' id='word_1_378' title='bbox 3012 2193 3133 2248; x_wconf 72' lang='lat' dir='ltr'><strong>quae</strong></span> <span class='ocrx_word' id='word_1_379' title='bbox 3180 2178 3417 2232; x_wconf 87' lang='lat' dir='ltr'><strong>membra</strong></span> <span class='ocrx_word' id='word_1_380' title='bbox 3443 2194 3510 2232; x_wconf 83' lang='lat' dir='ltr'><strong>ex</strong></span> 
     </span>
    </p>
   </div>
   <div class='ocr_carea' id='block_1_53' title="bbox 1912 2265 3507 2336">
    <p class='ocr_par' dir='ltr' id='par_1_53' title="bbox 1912 2265 3507 2336">
     <span class='ocr_line' id='line_1_53' title="bbox 1912 2265 3507 2336; baseline -0.006 -7"><span class='ocrx_word' id='word_1_381' title='bbox 1912 2273 2129 2329; x_wconf 90' lang='lat' dir='ltr'><strong>ossibus</strong></span> <span class='ocrx_word' id='word_1_382' title='bbox 2155 2277 2425 2334; x_wconf 89' lang='lat' dir='ltr'><strong>constant,</strong></span> <span class='ocrx_word' id='word_1_383' title='bbox 2456 2269 2499 2322; x_wconf 90' lang='lat' dir='ltr'><strong>si</strong></span> <span class='ocrx_word' id='word_1_384' title='bbox 2533 2281 2656 2323; x_wconf 90' lang='lat' dir='ltr'><strong>ossa</strong></span> <span class='ocrx_word' id='word_1_385' title='bbox 2694 2280 2803 2322; x_wconf 89' lang='lat' dir='ltr'><strong>non</strong></span> <span class='ocrx_word' id='word_1_386' title='bbox 2834 2265 3106 2322; x_wconf 88' lang='lat' dir='ltr'><strong>habebat?</strong></span> <span class='ocrx_word' id='word_1_387' title='bbox 3134 2265 3246 2320; x_wconf 90' lang='lat' dir='ltr'><strong>Cur</strong></span> <span class='ocrx_word' id='word_1_388' title='bbox 3271 2265 3458 2336; x_wconf 83' lang='lat' dir='ltr'><strong>adjicit</strong></span> <span class='ocrx_word' id='word_1_389' title='bbox 3492 2281 3507 2320; x_wconf 91' lang='lat'><strong>:</strong></span> 
     </span>
    </p>
   </div>
   <div class='ocr_carea' id='block_1_54' title="bbox 1917 2354 3516 2431">
    <p class='ocr_par' dir='ltr' id='par_1_54' title="bbox 1917 2354 3516 2431">
     <span class='ocr_line' id='line_1_54' title="bbox 1917 2354 3516 2431; baseline -0.005 -13"><span class='ocrx_word' id='word_1_390' title='bbox 1917 2360 2084 2418; x_wconf 76' lang='lat'><strong>468</strong></span> <span class='ocrx_word' id='word_1_391' title='bbox 2117 2363 2187 2417; x_wconf 87' lang='lat' dir='ltr'><strong>Et</strong></span> <span class='ocrx_word' id='word_1_392' title='bbox 2211 2363 2410 2416; x_wconf 88' lang='lat' dir='ltr'><strong>scitote</strong></span> <span class='ocrx_word' id='word_1_393' title='bbox 2437 2358 2570 2431; x_wconf 87' lang='lat' dir='ltr'><strong>quia</strong></span> <span class='ocrx_word' id='word_1_394' title='bbox 2604 2373 2698 2429; x_wconf 88' lang='lat' dir='ltr'><strong>ego</strong></span> <span class='ocrx_word' id='word_1_395' title='bbox 2728 2372 2874 2420; x_wconf 90' lang='lat' dir='ltr'><strong>sum,</strong></span> <span class='ocrx_word' id='word_1_396' title='bbox 2899 2369 3065 2426; x_wconf 90' lang='lat' dir='ltr'><strong>quem</strong></span> <span class='ocrx_word' id='word_1_397' title='bbox 3094 2354 3300 2410; x_wconf 91' lang='lat' dir='ltr'><strong>scilicet</strong></span> <span class='ocrx_word' id='word_1_398' title='bbox 3326 2369 3516 2425; x_wconf 87' lang='lat' dir='ltr'><strong>corpo-</strong></span> 
     </span>
    </p>
   </div>
   <div class='ocr_carea' id='block_1_55' title="bbox 1915 2443 3516 2515">
    <p class='ocr_par' dir='ltr' id='par_1_55' title="bbox 1915 2443 3516 2515">
     <span class='ocr_line' id='line_1_55' title="bbox 1915 2443 3516 2515; baseline -0.006 -9"><span class='ocrx_word' id='word_1_399' title='bbox 1915 2467 2065 2508; x_wconf 89' lang='lat' dir='ltr'><strong>reum</strong></span> <span class='ocrx_word' id='word_1_400' title='bbox 2142 2456 2284 2504; x_wconf 90' lang='lat' dir='ltr'><strong>retro</strong></span> <span class='ocrx_word' id='word_1_401' title='bbox 2370 2446 2671 2503; x_wconf 78' lang='lat' dir='ltr'><strong>noverant?</strong></span> <span class='ocrx_word' id='word_1_402' title='bbox 2727 2443 2837 2499; x_wconf 83' lang='lat' dir='ltr'><strong>Aut</strong></span> <span class='ocrx_word' id='word_1_403' title='bbox 2899 2443 2946 2499; x_wconf 88' lang='lat' dir='ltr'><strong>si</strong></span> <span class='ocrx_word' id='word_1_404' title='bbox 3013 2444 3336 2515; x_wconf 86' lang='lat' dir='ltr'><strong>phantasma</strong></span> <span class='ocrx_word' id='word_1_405' title='bbox 3399 2451 3516 2498; x_wconf 88' lang='lat' dir='ltr'><strong>erat</strong></span> 
     </span>
    </p>
   </div>
   <div class='ocr_carea' id='block_1_56' title="bbox 1913 2531 3513 2610">
    <p class='ocr_par' dir='ltr' id='par_1_56' title="bbox 1913 2531 3513 2610">
     <span class='ocr_line' id='line_1_56' title="bbox 1913 2531 3513 2610; baseline -0.004 -15"><span class='ocrx_word' id='word_1_406' title='bbox 1913 2553 2327 2610; x_wconf 88' lang='lat' dir='ltr'><strong>usquequaque,</strong></span> <span class='ocrx_word' id='word_1_407' title='bbox 2359 2551 2456 2590; x_wconf 92' lang='lat' dir='ltr'><strong>cur</strong></span> <span class='ocrx_word' id='word_1_408' title='bbox 2491 2534 2614 2590; x_wconf 90' lang='lat' dir='ltr'><strong>illos</strong></span> <span class='ocrx_word' id='word_1_409' title='bbox 2651 2534 2966 2604; x_wconf 90' lang='lat' dir='ltr'><strong>phantasma</strong></span> <span class='ocrx_word' id='word_1_410' title='bbox 3007 2531 3298 2588; x_wconf 88' lang='lat' dir='ltr'><strong>credentes</strong></span> <span class='ocrx_word' id='word_1_411' title='bbox 3333 2531 3513 2588; x_wconf 89' lang='lat' dir='ltr'><strong>incre-</strong></span> 
     </span>
    </p>
   </div>
   <div class='ocr_carea' id='block_1_57' title="bbox 1915 2621 3517 2700">
    <p class='ocr_par' dir='ltr' id='par_1_57' title="bbox 1915 2621 3517 2700">
     <span class='ocr_line' id='line_1_57' title="bbox 1915 2621 3517 2700; baseline -0.006 -16"><span class='ocrx_word' id='word_1_412' title='bbox 1915 2628 2117 2700; x_wconf 86' lang='lat' dir='ltr'><strong>pabat?</strong></span> <span class='ocrx_word' id='word_1_413' title='bbox 2141 2625 2343 2695; x_wconf 83' lang='lat' dir='ltr'><strong>Atquin</strong></span> <span class='ocrx_word' id='word_1_414' title='bbox 2381 2623 2554 2679; x_wconf 90' lang='lat' dir='ltr'><strong>adhuc</strong></span> <span class='ocrx_word' id='word_1_415' title='bbox 2584 2621 2663 2679; x_wconf 89' lang='lat' dir='ltr'><strong>eis</strong></span> <span class='ocrx_word' id='word_1_416' title='bbox 2693 2636 2800 2677; x_wconf 93' lang='lat' dir='ltr'><strong>non</strong></span> <span class='ocrx_word' id='word_1_417' title='bbox 2831 2621 3201 2687; x_wconf 87' lang='lat' dir='ltr'><strong>credentibus,</strong></span> <span class='ocrx_word' id='word_1_418' title='bbox 3231 2630 3517 2691; x_wconf 89' lang='lat' dir='ltr'><strong>pr0pterea</strong></span> 
     </span>
    </p>
   </div>
   <div class='ocr_carea' id='block_1_58' title="bbox 1915 2709 3516 2782">
    <p class='ocr_par' dir='ltr' id='par_1_58' title="bbox 1915 2709 3516 2782">
     <span class='ocr_line' id='line_1_58' title="bbox 1915 2709 3516 2782; baseline -0.005 -10"><span class='ocrx_word' id='word_1_419' title='bbox 1915 2718 2092 2772; x_wconf 90' lang='lat' dir='ltr'><strong>cibum</strong></span> <span class='ocrx_word' id='word_1_420' title='bbox 2143 2712 2489 2782; x_wconf 88' lang='lat' dir='ltr'><strong>desideravit,</strong></span> <span class='ocrx_word' id='word_1_421' title='bbox 2514 2719 2574 2767; x_wconf 91' lang='lat' dir='ltr'><strong>ut</strong></span> <span class='ocrx_word' id='word_1_422' title='bbox 2629 2728 2686 2766; x_wconf 90' lang='lat' dir='ltr'><strong>se</strong></span> <span class='ocrx_word' id='word_1_423' title='bbox 2744 2709 3058 2766; x_wconf 89' lang='lat' dir='ltr'><strong>ostenderet</strong></span> <span class='ocrx_word' id='word_1_424' title='bbox 3107 2709 3271 2766; x_wconf 91' lang='lat' dir='ltr'><strong>etiam</strong></span> <span class='ocrx_word' id='word_1_425' title='bbox 3327 2709 3516 2764; x_wconf 90' lang='lat' dir='ltr'><strong>dentes</strong></span> 
     </span>
    </p>
   </div>
   <div class='ocr_carea' id='block_1_59' title="bbox 1916 2804 3518 2881">
    <p class='ocr_par' dir='ltr' id='par_1_59' title="bbox 1916 2804 3518 2881">
     <span class='ocr_line' id='line_1_59' title="bbox 1916 2804 3518 2881; baseline -0.005 -13"><span class='ocrx_word' id='word_1_426' title='bbox 1916 2814 2134 2868; x_wconf 91' lang='lat' dir='ltr'><strong>habere.</strong></span> <span class='ocrx_word' id='word_1_427' title='bbox 2174 2809 2546 2881; x_wconf 84' lang='lat' dir='ltr'><strong>lmplevimus,</strong></span> <span class='ocrx_word' id='word_1_428' title='bbox 2586 2815 2644 2863; x_wconf 90' lang='lat' dir='ltr'><strong>ut</strong></span> <span class='ocrx_word' id='word_1_429' title='bbox 2691 2808 2903 2878; x_wconf 84' lang='lat' dir='ltr'><strong>Opinor,</strong></span> <span class='ocrx_word' id='word_1_430' title='bbox 2944 2805 3315 2877; x_wconf 90' lang='lat' dir='ltr'><strong>sponsionem.</strong></span> <span class='ocrx_word' id='word_1_431' title='bbox 3347 2804 3518 2860; x_wconf 85' lang='lat' dir='ltr'><strong>Exhi-</strong></span> 
     </span>
    </p>
   </div>
   <div class='ocr_carea' id='block_1_60' title="bbox 1909 2893 3507 2966">
    <p class='ocr_par' dir='ltr' id='par_1_60' title="bbox 1909 2893 3507 2966">
     <span class='ocr_line' id='line_1_60' title="bbox 1909 2893 3507 2966; baseline -0.005 -10"><span class='ocrx_word' id='word_1_432' title='bbox 1909 2901 2127 2956; x_wconf 89' lang='lat' dir='ltr'><strong>buimus</strong></span> <span class='ocrx_word' id='word_1_433' title='bbox 2178 2901 2360 2955; x_wconf 77' lang='lat' dir='ltr'><strong>Iesum</strong></span> <span class='ocrx_word' id='word_1_434' title='bbox 2424 2897 2696 2955; x_wconf 90' lang='lat' dir='ltr'><strong>Christum</strong></span> <span class='ocrx_word' id='word_1_435' title='bbox 2769 2897 3154 2966; x_wconf 84' lang='lat' dir='ltr'><strong>PrOphetarum</strong></span> <span class='ocrx_word' id='word_1_436' title='bbox 3217 2893 3507 2961; x_wconf 90' lang='lat' dir='ltr'><strong>doctrinis,</strong></span> 
     </span>
    </p>
   </div>
   <div class='ocr_carea' id='block_1_61' title="bbox 210 2979 1803 3068">
    <p class='ocr_par' dir='ltr' id='par_1_61' title="bbox 210 2979 1797 3053">
     <span class='ocr_line' id='line_1_61' title="bbox 210 2979 1797 3053; baseline 0 -19"><span class='ocrx_word' id='word_1_437' title='bbox 210 2983 349 3035; x_wconf 84' lang='lat' dir='ltr'><strong>mini</strong></span> <span class='ocrx_word' id='word_1_438' title='bbox 395 2998 522 3053; x_wconf 74' lang='lat' dir='ltr'><strong>qua:</strong></span> <span class='ocrx_word' id='word_1_439' title='bbox 579 2981 800 3037; x_wconf 84' lang='lat' dir='ltr'><strong>locutus</strong></span> <span class='ocrx_word' id='word_1_440' title='bbox 838 2983 913 3036; x_wconf 86' lang='lat' dir='ltr'><strong>sit</strong></span> <span class='ocrx_word' id='word_1_441' title='bbox 967 2981 1112 3036; x_wconf 86' lang='lat' dir='ltr'><strong>vobis</strong></span> <span class='ocrx_word' id='word_1_442' title='bbox 1163 2983 1224 3036; x_wconf 89' lang='lat' dir='ltr'><strong>in</strong></span> <span class='ocrx_word' id='word_1_443' title='bbox 1278 2981 1535 3046; x_wconf 78' lang='lat' dir='ltr'><strong>Galilcea,</strong></span> <span class='ocrx_word' id='word_1_444' title='bbox 1587 2979 1797 3045; x_wconf 86' lang='lat' dir='ltr'><strong>dicens,</strong></span> 
     </span>
    </p>
   </div>
   <div class='ocr_carea' id='block_1_62' title="bbox 1912 2979 3501 3068">
    <p class='ocr_par' dir='ltr' id='par_1_62' title="bbox 1912 2983 3501 3054">
     <span class='ocr_line' id='line_1_62' title="bbox 1912 2983 3501 3054; baseline -0.005 -8"><span class='ocrx_word' id='word_1_445' title='bbox 1912 2988 2204 3053; x_wconf 88' lang='lat' dir='ltr'><strong>sententiis,</strong></span> <span class='ocrx_word' id='word_1_446' title='bbox 2238 2986 2539 3051; x_wconf 83' lang='lat' dir='ltr'><strong>affectibus,</strong></span> <span class='ocrx_word' id='word_1_447' title='bbox 2571 2984 2839 3053; x_wconf 90' lang='lat' dir='ltr'><strong>sensibus,</strong></span> <span class='ocrx_word' id='word_1_448' title='bbox 2872 2985 3182 3053; x_wconf 88' lang='lat' dir='ltr'><strong>virtutibus,</strong></span> <span class='ocrx_word' id='word_1_449' title='bbox 3224 2983 3501 3054; x_wconf 85' lang='lat' dir='ltr'><strong>passioni-</strong></span> 
     </span>
    </p>
   </div>
   <div class='ocr_carea' id='block_1_63' title="bbox 214 3065 1793 3142">
    <p class='ocr_par' dir='ltr' id='par_1_63' title="bbox 214 3065 1793 3142">
     <span class='ocr_line' id='line_1_63' title="bbox 214 3065 1793 3142; baseline -0.004 -15"><span class='ocrx_word' id='word_1_450' title='bbox 214 3070 345 3142; x_wconf 82' lang='lat' dir='ltr'><strong>quod</strong></span> <span class='ocrx_word' id='word_1_451' title='bbox 390 3073 611 3141; x_wconf 87' lang='lat' dir='ltr'><strong>oportet</strong></span> <span class='ocrx_word' id='word_1_452' title='bbox 639 3071 688 3108; x_wconf 83' lang='lat'><strong>3°</strong></span> <span class='ocrx_word' id='word_1_453' title='bbox 719 3069 873 3125; x_wconf 84' lang='lat' dir='ltr'><strong>tradi</strong></span> <span class='ocrx_word' id='word_1_454' title='bbox 897 3069 1083 3138; x_wconf 82' lang='lat' dir='ltr'><strong>ﬁlium</strong></span> <span class='ocrx_word' id='word_1_455' title='bbox 1115 3067 1379 3135; x_wconf 88' lang='lat' dir='ltr'><strong>hominis,</strong></span> <span class='ocrx_word' id='word_1_456' title='bbox 1433 3070 1488 3123; x_wconf 89' lang='lat' dir='ltr'><strong>et</strong></span> <span class='ocrx_word' id='word_1_457' title='bbox 1518 3065 1793 3137; x_wconf 85' lang='lat' dir='ltr'><strong>cruciﬁgi,</strong></span> 
     </span>
    </p>
   </div>
   <div class='ocr_carea' id='block_1_64' title="bbox 213 3154 1800 3231">
    <p class='ocr_par' dir='ltr' id='par_1_64' title="bbox 213 3154 1800 3231">
     <span class='ocr_line' id='line_1_64' title="bbox 213 3154 1800 3231; baseline -0.003 -18"><span class='ocrx_word' id='word_1_458' title='bbox 213 3166 265 3215; x_wconf 84' lang='lat' dir='ltr'><strong>et</strong></span> <span class='ocrx_word' id='word_1_459' title='bbox 309 3162 484 3216; x_wconf 85' lang='lat' dir='ltr'><strong>tertia</strong></span> <span class='ocrx_word' id='word_1_460' title='bbox 538 3160 627 3216; x_wconf 83' lang='lat' dir='ltr'><strong>die</strong></span> <span class='ocrx_word' id='word_1_461' title='bbox 680 3176 987 3231; x_wconf 86' lang='lat' dir='ltr'><strong>resurgere.</strong></span> <span class='ocrx_word' id='word_1_462' title='bbox 1022 3161 1088 3214; x_wconf 87' lang='lat' dir='ltr'><strong>Et</strong></span> <span class='ocrx_word' id='word_1_463' title='bbox 1142 3174 1310 3229; x_wconf 87' lang='lat' dir='ltr'><strong>quare</strong></span> <span class='ocrx_word' id='word_1_464' title='bbox 1363 3157 1666 3227; x_wconf 86' lang='lat' dir='ltr'><strong>oportebat,</strong></span> <span class='ocrx_word' id='word_1_465' title='bbox 1700 3154 1800 3209; x_wconf 89' lang='lat' dir='ltr'><strong>nisi</strong></span> 
     </span>
    </p>
   </div>
   <div class='ocr_carea' id='block_1_65' title="bbox 216 3243 1798 3319">
    <p class='ocr_par' dir='ltr' id='par_1_65' title="bbox 216 3243 1798 3319">
     <span class='ocr_line' id='line_1_65' title="bbox 216 3243 1798 3319; baseline -0.001 -19"><span class='ocrx_word' id='word_1_466' title='bbox 216 3250 333 3319; x_wconf 89' lang='lat' dir='ltr'><strong>quia</strong></span> <span class='ocrx_word' id='word_1_467' title='bbox 384 3248 461 3303; x_wconf 85' lang='lat' dir='ltr'><strong>ita</strong></span> <span class='ocrx_word' id='word_1_468' title='bbox 511 3263 542 3302; x_wconf 88' lang='lat' dir='ltr'><strong>a</strong></span> <span class='ocrx_word' id='word_1_469' title='bbox 592 3250 704 3303; x_wconf 93' lang='lat' dir='ltr'><strong>Deo</strong></span> <span class='ocrx_word' id='word_1_470' title='bbox 759 3249 1014 3303; x_wconf 86' lang='lat' dir='ltr'><strong>Creatore</strong></span> <span class='ocrx_word' id='word_1_471' title='bbox 1070 3245 1368 3317; x_wconf 79' lang='lat' dir='ltr'><strong>scriptum?</strong></span> <span class='ocrx_word' id='word_1_472' title='bbox 1400 3244 1570 3318; x_wconf 85' lang='lat' dir='ltr'><strong>Igitur</strong></span> <span class='ocrx_word' id='word_1_473' title='bbox 1620 3243 1798 3299; x_wconf 88' lang='lat' dir='ltr'><strong>inore-</strong></span> 
     </span>
    </p>
   </div>
   <div class='ocr_carea' id='block_1_66' title="bbox 221 3333 1801 3406">
    <p class='ocr_par' dir='ltr' id='par_1_66' title="bbox 221 3333 1801 3406">
     <span class='ocr_line' id='line_1_66' title="bbox 221 3333 1801 3406; baseline -0.003 -16"><span class='ocrx_word' id='word_1_474' title='bbox 221 3337 355 3406; x_wconf 82' lang='lat' dir='ltr'><strong>pavit</strong></span> <span class='ocrx_word' id='word_1_475' title='bbox 405 3337 455 3376; x_wconf 76' lang='lat'><strong>31</strong></span> <span class='ocrx_word' id='word_1_476' title='bbox 500 3337 638 3403; x_wconf 92' lang='lat' dir='ltr'><strong>illos,</strong></span> <span class='ocrx_word' id='word_1_477' title='bbox 694 3345 753 3392; x_wconf 90' lang='lat' dir='ltr'><strong>ut</strong></span> <span class='ocrx_word' id='word_1_478' title='bbox 805 3335 872 3392; x_wconf 90' lang='lat' dir='ltr'><strong>de</strong></span> <span class='ocrx_word' id='word_1_479' title='bbox 925 3335 1040 3392; x_wconf 88' lang='lat' dir='ltr'><strong>sola</strong></span> <span class='ocrx_word' id='word_1_480' title='bbox 1095 3335 1344 3406; x_wconf 86' lang='lat' dir='ltr'><strong>passione</strong></span> <span class='ocrx_word' id='word_1_481' title='bbox 1397 3333 1801 3399; x_wconf 86' lang='lat' dir='ltr'><strong>scandalizatos,</strong></span> 
     </span>
    </p>
   </div>
   <div class='ocr_carea' id='block_1_67' title="bbox 222 3422 1804 3480">
    <p class='ocr_par' dir='ltr' id='par_1_67' title="bbox 222 3422 1804 3480">
     <span class='ocr_line' id='line_1_67' title="bbox 222 3422 1804 3480; baseline -0.001 -2"><span class='ocrx_word' id='word_1_482' title='bbox 222 3432 268 3478; x_wconf 90' lang='lat' dir='ltr'><strong>et</strong></span> <span class='ocrx_word' id='word_1_483' title='bbox 320 3433 379 3480; x_wconf 87' lang='lat' dir='ltr'><strong>ut</strong></span> <span class='ocrx_word' id='word_1_484' title='bbox 433 3424 630 3480; x_wconf 92' lang='lat' dir='ltr'><strong>dubios</strong></span> <span class='ocrx_word' id='word_1_485' title='bbox 691 3425 759 3480; x_wconf 94' lang='lat' dir='ltr'><strong>de</strong></span> <span class='ocrx_word' id='word_1_486' title='bbox 813 3423 919 3480; x_wconf 86' lang='lat' dir='ltr'><strong>ﬁde</strong></span> <span class='ocrx_word' id='word_1_487' title='bbox 990 3422 1404 3480; x_wconf 90' lang='lat' dir='ltr'><strong>resurrectionis</strong></span> <span class='ocrx_word' id='word_1_488' title='bbox 1474 3422 1804 3477; x_wconf 87' lang='lat' dir='ltr'><strong>annuntiatae</strong></span> 
     </span>
    </p>
   </div>
   <div class='ocr_carea' id='block_1_68' title="bbox 222 3511 1805 3586">
    <p class='ocr_par' dir='ltr' id='par_1_68' title="bbox 222 3511 1805 3586">
     <span class='ocr_line' id='line_1_68' title="bbox 222 3511 1805 3586; baseline -0.002 -19"><span class='ocrx_word' id='word_1_489' title='bbox 222 3512 316 3567; x_wconf 84' lang='lat' dir='ltr'><strong>sibi</strong></span> <span class='ocrx_word' id='word_1_490' title='bbox 370 3529 400 3567; x_wconf 89' lang='lat' dir='ltr'><strong>a</strong></span> <span class='ocrx_word' id='word_1_491' title='bbox 456 3513 690 3582; x_wconf 75' lang='lat' dir='ltr'><strong>feminis,</strong></span> <span class='ocrx_word' id='word_1_492' title='bbox 737 3530 837 3585; x_wconf 90' lang='lat' dir='ltr'><strong>per</strong></span> <span class='ocrx_word' id='word_1_493' title='bbox 891 3529 1014 3586; x_wconf 64' lang='lat' dir='ltr'><strong>quae</strong></span> <span class='ocrx_word' id='word_1_494' title='bbox 1072 3529 1180 3570; x_wconf 88' lang='lat' dir='ltr'><strong>non</strong></span> <span class='ocrx_word' id='word_1_495' title='bbox 1235 3512 1574 3569; x_wconf 88' lang='lat' dir='ltr'><strong>crediderant</strong></span> <span class='ocrx_word' id='word_1_496' title='bbox 1625 3511 1805 3582; x_wconf 91' lang='lat' dir='ltr'><strong>ipsum</strong></span> 
     </span>
    </p>
   </div>
   <div class='ocr_carea' id='block_1_69' title="bbox 222 3597 1807 3674">
    <p class='ocr_par' dir='ltr' id='par_1_69' title="bbox 222 3597 1807 3674">
     <span class='ocr_line' id='line_1_69' title="bbox 222 3597 1807 3674; baseline -0.002 -19"><span class='ocrx_word' id='word_1_497' title='bbox 222 3601 377 3658; x_wconf 78' lang='lat' dir='ltr'><strong>fuisse</strong></span> <span class='ocrx_word' id='word_1_498' title='bbox 457 3618 620 3673; x_wconf 89' lang='lat' dir='ltr'><strong>quem</strong></span> <span class='ocrx_word' id='word_1_499' title='bbox 713 3602 1096 3658; x_wconf 80' lang='lat' dir='ltr'><strong>existimarunt.</strong></span> <span class='ocrx_word' id='word_1_500' title='bbox 1138 3603 1325 3674; x_wconf 87' lang='lat' dir='ltr'><strong>Itaque</strong></span> <span class='ocrx_word' id='word_1_501' title='bbox 1395 3599 1540 3672; x_wconf 90' lang='lat' dir='ltr'><strong>quod</strong></span> <span class='ocrx_word' id='word_1_502' title='bbox 1618 3597 1807 3655; x_wconf 82' lang='lat' dir='ltr'><strong>existi-</strong></span> 
     </span>
    </p>
   </div>
   <div class='ocr_carea' id='block_1_70' title="bbox 222 3683 1809 3758">
    <p class='ocr_par' dir='ltr' id='par_1_70' title="bbox 222 3683 1809 3758">
     <span class='ocr_line' id='line_1_70' title="bbox 222 3683 1809 3758; baseline -0.002 -14"><span class='ocrx_word' id='word_1_503' title='bbox 222 3699 507 3757; x_wconf 86' lang='lat' dir='ltr'><strong>maverant,</strong></span> <span class='ocrx_word' id='word_1_504' title='bbox 574 3690 630 3746; x_wconf 90' lang='lat' dir='ltr'><strong>id</strong></span> <span class='ocrx_word' id='word_1_505' title='bbox 700 3691 891 3747; x_wconf 90' lang='lat' dir='ltr'><strong>volens</strong></span> <span class='ocrx_word' id='word_1_506' title='bbox 960 3690 1106 3748; x_wconf 90' lang='lat' dir='ltr'><strong>credi</strong></span> <span class='ocrx_word' id='word_1_507' title='bbox 1151 3683 1242 3758; x_wconf 39' lang='lat' dir='ltr'><strong>&#39;se,</strong></span> <span class='ocrx_word' id='word_1_508' title='bbox 1292 3705 1418 3746; x_wconf 89' lang='lat' dir='ltr'><strong>eum</strong></span> <span class='ocrx_word' id='word_1_509' title='bbox 1475 3705 1532 3746; x_wconf 91' lang='lat' dir='ltr'><strong>se</strong></span> <span class='ocrx_word' id='word_1_510' title='bbox 1601 3686 1809 3745; x_wconf 81' lang='lat' dir='ltr'><strong>contir-</strong></span> 
     </span>
    </p>
   </div>
   <div class='ocr_carea' id='block_1_71' title="bbox 1907 3072 3507 3145">
    <p class='ocr_par' dir='ltr' id='par_1_71' title="bbox 1907 3072 3507 3145">
     <span class='ocr_line' id='line_1_71' title="bbox 1907 3072 3507 3145; baseline -0.005 -11"><span class='ocrx_word' id='word_1_511' title='bbox 1907 3081 2028 3145; x_wconf 88' lang='lat' dir='ltr'><strong>bus,</strong></span> <span class='ocrx_word' id='word_1_512' title='bbox 2061 3078 2225 3132; x_wconf 90' lang='lat' dir='ltr'><strong>etiam</strong></span> <span class='ocrx_word' id='word_1_513' title='bbox 2280 3074 2695 3137; x_wconf 86' lang='lat' dir='ltr'><strong>resurrectione,</strong></span> <span class='ocrx_word' id='word_1_514' title='bbox 2729 3088 2836 3128; x_wconf 91' lang='lat' dir='ltr'><strong>non</strong></span> <span class='ocrx_word' id='word_1_515' title='bbox 2893 3072 3060 3128; x_wconf 90' lang='lat' dir='ltr'><strong>alium</strong></span> <span class='ocrx_word' id='word_1_516' title='bbox 3119 3089 3279 3142; x_wconf 88' lang='lat' dir='ltr'><strong>quam</strong></span> <span class='ocrx_word' id='word_1_517' title='bbox 3341 3075 3507 3128; x_wconf 87' lang='lat' dir='ltr'><strong>Crea-</strong></span> 
     </span>
    </p>
   </div>
   <div class='ocr_carea' id='block_1_72' title="bbox 1907 3159 3506 3237">
    <p class='ocr_par' dir='ltr' id='par_1_72' title="bbox 1907 3159 3506 3237">
     <span class='ocr_line' id='line_1_72' title="bbox 1907 3159 3506 3237; baseline -0.006 -13"><span class='ocrx_word' id='word_1_518' title='bbox 1907 3167 2059 3224; x_wconf 89' lang='lat' dir='ltr'><strong>toris.</strong></span> <span class='ocrx_word' id='word_1_519' title='bbox 2083 3163 2360 3237; x_wconf 89' lang='lat' dir='ltr'><strong>Siquidem</strong></span> <span class='ocrx_word' id='word_1_520' title='bbox 2387 3169 2439 3218; x_wconf 92' lang='lat' dir='ltr'><strong>et</strong></span> <span class='ocrx_word' id='word_1_521' title='bbox 2465 3161 2737 3232; x_wconf 90' lang='lat' dir='ltr'><strong>apostolos</strong></span> <span class='ocrx_word' id='word_1_522' title='bbox 2762 3160 2982 3215; x_wconf 88' lang='lat' dir='ltr'><strong>mittens</strong></span> <span class='ocrx_word' id='word_1_523' title='bbox 3007 3159 3074 3214; x_wconf 90' lang='lat' dir='ltr'><strong>ad</strong></span> <span class='ocrx_word' id='word_1_524' title='bbox 3104 3161 3506 3231; x_wconf 80' lang='lat' dir='ltr'><strong>praedicandum</strong></span> 
     </span>
    </p>
   </div>
   <div class='ocr_carea' id='block_1_73' title="bbox 1909 3249 3510 3318">
    <p class='ocr_par' dir='ltr' id='par_1_73' title="bbox 1909 3249 3510 3318">
     <span class='ocr_line' id='line_1_73' title="bbox 1909 3249 3510 3318; baseline -0.006 -7"><span class='ocrx_word' id='word_1_525' title='bbox 1909 3253 2174 3312; x_wconf 90' lang='lat' dir='ltr'><strong>universis</strong></span> <span class='ocrx_word' id='word_1_526' title='bbox 2210 3250 2536 3318; x_wconf 90' lang='lat' dir='ltr'><strong>nationibus,</strong></span> <span class='ocrx_word' id='word_1_527' title='bbox 2570 3249 2624 3305; x_wconf 89' lang='lat' dir='ltr'><strong>in</strong></span> <span class='ocrx_word' id='word_1_528' title='bbox 2653 3264 2866 3306; x_wconf 91' lang='lat' dir='ltr'><strong>omnem</strong></span> <span class='ocrx_word' id='word_1_529' title='bbox 2911 3254 3108 3304; x_wconf 89' lang='lat' dir='ltr'><strong>terram</strong></span> <span class='ocrx_word' id='word_1_530' title='bbox 3138 3251 3286 3305; x_wconf 86' lang='lat' dir='ltr'><strong>exire</strong></span> <span class='ocrx_word' id='word_1_531' title='bbox 3312 3263 3510 3303; x_wconf 88' lang='lat' dir='ltr'><strong>sonum</strong></span> 
     </span>
    </p>
   </div>
   <div class='ocr_carea' id='block_1_74' title="bbox 1911 3337 3514 3412">
    <p class='ocr_par' dir='ltr' id='par_1_74' title="bbox 1911 3337 3514 3412">
     <span class='ocr_line' id='line_1_74' title="bbox 1911 3337 3514 3412; baseline -0.007 -8"><span class='ocrx_word' id='word_1_532' title='bbox 1911 3360 2127 3412; x_wconf 90' lang='lat' dir='ltr'><strong>eorum,</strong></span> <span class='ocrx_word' id='word_1_533' title='bbox 2156 3351 2210 3398; x_wconf 91' lang='lat' dir='ltr'><strong>et</strong></span> <span class='ocrx_word' id='word_1_534' title='bbox 2237 3343 2293 3397; x_wconf 92' lang='lat' dir='ltr'><strong>in</strong></span> <span class='ocrx_word' id='word_1_535' title='bbox 2325 3341 2587 3397; x_wconf 90' lang='lat' dir='ltr'><strong>terminos</strong></span> <span class='ocrx_word' id='word_1_536' title='bbox 2611 3348 2768 3396; x_wconf 68' lang='lat' dir='ltr'><strong>terra:</strong></span> <span class='ocrx_word' id='word_1_537' title='bbox 2795 3352 2960 3395; x_wconf 90' lang='lat' dir='ltr'><strong>voces</strong></span> <span class='ocrx_word' id='word_1_538' title='bbox 2995 3352 3210 3403; x_wconf 91' lang='lat' dir='ltr'><strong>eorum,</strong></span> <span class='ocrx_word' id='word_1_539' title='bbox 3243 3337 3514 3392; x_wconf 83' lang='lat' dir='ltr'><strong>Psalmum</strong></span> 
     </span>
    </p>
   </div>
   <div class='ocr_carea' id='block_1_75' title="bbox 1913 3425 3508 3506">
    <p class='ocr_par' dir='ltr' id='par_1_75' title="bbox 1913 3425 3508 3506">
     <span class='ocr_line' id='line_1_75' title="bbox 1913 3425 3508 3506; baseline -0.007 -14"><span class='ocrx_word' id='word_1_540' title='bbox 1913 3432 2277 3506; x_wconf 83' lang='lat' dir='ltr'><strong>adimplenda,</strong></span> <span class='ocrx_word' id='word_1_541' title='bbox 2361 3429 2635 3501; x_wconf 76' lang='lat' dir='ltr'><strong>praecepit.</strong></span> <span class='ocrx_word' id='word_1_542' title='bbox 2719 3427 2982 3483; x_wconf 88' lang='lat' dir='ltr'><strong>Misereor</strong></span> <span class='ocrx_word' id='word_1_543' title='bbox 3065 3425 3162 3492; x_wconf 92' lang='lat' dir='ltr'><strong>tui,</strong></span> <span class='ocrx_word' id='word_1_544' title='bbox 3245 3425 3508 3494; x_wconf 83' lang='lat' dir='ltr'><strong>Marcion,</strong></span> 
     </span>
    </p>
   </div>
   <div class='ocr_carea' id='block_1_76' title="bbox 1916 3513 3526 3586">
    <p class='ocr_par' dir='ltr' id='par_1_76' title="bbox 1916 3513 3526 3586">
     <span class='ocr_line' id='line_1_76' title="bbox 1916 3513 3526 3586; baseline -0.004 -10"><span class='ocrx_word' id='word_1_545' title='bbox 1916 3521 2118 3579; x_wconf 82' lang='lat' dir='ltr'><strong>frustra</strong></span> <span class='ocrx_word' id='word_1_546' title='bbox 2146 3519 2427 3575; x_wconf 89' lang='lat' dir='ltr'><strong>laborasti.</strong></span> <span class='ocrx_word' id='word_1_547' title='bbox 2458 3517 2709 3574; x_wconf 90' lang='lat' dir='ltr'><strong>Christus</strong></span> <span class='ocrx_word' id='word_1_548' title='bbox 2748 3514 2893 3574; x_wconf 90' lang='lat' dir='ltr'><strong>enim</strong></span> <span class='ocrx_word' id='word_1_549' title='bbox 2927 3514 3090 3570; x_wconf 84' lang='lat' dir='ltr'><strong>Jesus</strong></span> <span class='ocrx_word' id='word_1_550' title='bbox 3131 3513 3188 3568; x_wconf 92' lang='lat' dir='ltr'><strong>in</strong></span> <span class='ocrx_word' id='word_1_551' title='bbox 3220 3515 3526 3586; x_wconf 74' lang='lat' dir='ltr'><strong>Evangelio</strong></span> 
     </span>
    </p>
   </div>
   <div class='ocr_carea' id='block_1_77' title="bbox 1918 3608 2502 3683">
    <p class='ocr_par' dir='ltr' id='par_1_77' title="bbox 1918 3608 2502 3683">
     <span class='ocr_line' id='line_1_77' title="bbox 1918 3608 2502 3683; baseline -0.014 -13"><span class='ocrx_word' id='word_1_552' title='bbox 1918 3623 2038 3683; x_wconf 91' lang='lat' dir='ltr'><strong>tuo,</strong></span> <span class='ocrx_word' id='word_1_553' title='bbox 2069 3627 2225 3668; x_wconf 89' lang='lat' dir='ltr'><strong>meus</strong></span> <span class='ocrx_word' id='word_1_554' title='bbox 2253 3617 2336 3665; x_wconf 89' lang='lat' dir='ltr'><strong>est</strong></span> <span class='ocrx_word' id='word_1_555' title='bbox 2362 3608 2502 3680; x_wconf 88' lang='lat'><strong>(73).</strong></span> 
     </span>
    </p>
   </div>
   <div class='ocr_carea' id='block_1_78' title="bbox 1577 3809 2156 3874">
    <p class='ocr_par' dir='ltr' id='par_1_78' title="bbox 1577 3809 2156 3874">
     <span class='ocr_line' id='line_1_78' title="bbox 1577 3809 2156 3874; baseline -0.009 0"><span class='ocrx_word' id='word_1_556' title='bbox 1577 3812 1773 3874; x_wconf 85' lang='lat' dir='ltr'><strong>Variae</strong></span> <span class='ocrx_word' id='word_1_557' title='bbox 1841 3809 2156 3873; x_wconf 89' lang='lat' dir='ltr'><strong>lectiones.</strong></span> 
     </span>
    </p>
   </div>
   <div class='ocr_carea' id='block_1_79' title="bbox 298 3901 3526 3987">
    <p class='ocr_par' dir='ltr' id='par_1_79' title="bbox 298 3901 3526 3987">
     <span class='ocr_line' id='line_1_79' title="bbox 298 3901 3526 3987; baseline -0.007 -8"><span class='ocrx_word' id='word_1_558' title='bbox 298 3922 344 3960; x_wconf 73' lang='grc' dir='ltr'><em>τι</em></span> <span class='ocrx_word' id='word_1_559' title='bbox 370 3923 719 3980; x_wconf 76' lang='lat' dir='ltr'><strong>Existimetur</strong></span> <span class='ocrx_word' id='word_1_560' title='bbox 763 3923 882 3987; x_wconf 73' lang='grc' dir='ltr'><strong>Βία.</strong></span> <span class='ocrx_word' id='word_1_561' title='bbox 915 3923 1098 3979; x_wconf 84' lang='lat' dir='ltr'><strong>Venet.</strong></span> <span class='ocrx_word' id='word_1_562' title='bbox 1135 3921 1302 3978; x_wconf 40' lang='lat' dir='ltr'><strong>Se&#39;ml.</strong></span> <span class='ocrx_word' id='word_1_563' title='bbox 1335 3920 1385 3957; x_wconf 76' lang='grc'><strong>2⁸</strong></span> <span class='ocrx_word' id='word_1_564' title='bbox 1414 3917 1547 3987; x_wconf 70' lang='lat' dir='ltr'><strong>Quae</strong></span> <span class='ocrx_word' id='word_1_565' title='bbox 1567 3920 1748 3974; x_wconf 88' lang='lat' dir='ltr'><strong>Paris.</strong></span> <span class='ocrx_word' id='word_1_566' title='bbox 1791 3919 1963 3973; x_wconf 88' lang='lat' dir='ltr'><strong>Fran.</strong></span> <span class='ocrx_word' id='word_1_567' title='bbox 1996 3913 2134 3987; x_wconf 50' lang='grc' dir='ltr'><strong>2ἵει</strong></span> <span class='ocrx_word' id='word_1_568' title='bbox 2161 3909 2344 3987; x_wconf 79' lang='lat' dir='ltr'><strong>minus</strong></span> <span class='ocrx_word' id='word_1_569' title='bbox 2365 3907 2433 3963; x_wconf 92' lang='lat' dir='ltr'><strong>de</strong></span> <span class='ocrx_word' id='word_1_570' title='bbox 2448 3906 2562 3987; x_wconf 82' lang='lat' dir='ltr'><strong>D_eo</strong></span> <span class='ocrx_word' id='word_1_571' title='bbox 2593 3906 2761 3987; x_wconf 54' lang='lat' dir='ltr'><strong>Senil.</strong></span> <span class='ocrx_word' id='word_1_572' title='bbox 2785 3912 2838 3987; x_wconf 88' lang='lat' dir='ltr'><strong>e_t</strong></span> <span class='ocrx_word' id='word_1_573' title='bbox 2859 3901 3150 3987; x_wconf 45' lang='lat' dir='ltr'><strong>manus‘de</strong></span> <span class='ocrx_word' id='word_1_574' title='bbox 3201 3904 3315 3987; x_wconf 71' lang='lat' dir='ltr'><strong>Deo</strong></span> <span class='ocrx_word' id='word_1_575' title='bbox 3348 3904 3526 3987; x_wconf 52' lang='lat' dir='ltr'><strong>liberi.</strong></span> 
     </span>
    </p>
   </div>
   <div class='ocr_carea' id='block_1_80' title="bbox 234 3993 742 4066">
    <p class='ocr_par' dir='ltr' id='par_1_80' title="bbox 234 3993 742 4066">
     <span class='ocr_line' id='line_1_80' title="bbox 234 3993 742 4066; baseline 0.004 -16"><span class='ocrx_word' id='word_1_576' title='bbox 234 3993 288 4033; x_wconf 77' lang='grc' dir='ltr'><strong>³ο</strong></span> <span class='ocrx_word' id='word_1_577' title='bbox 313 3993 597 4066; x_wconf 87' lang='lat' dir='ltr'><strong>Oporteret</strong></span> <span class='ocrx_word' id='word_1_578' title='bbox 623 3997 742 4054; x_wconf 85' lang='lat' dir='ltr'><strong>cod.</strong></span> 
     </span>
    </p>
   </div>
   <div class='ocr_carea' id='block_1_81' title="bbox 847 3975 3534 4064">
    <p class='ocr_par' dir='ltr' id='par_1_81' title="bbox 847 3975 3534 4064">
     <span class='ocr_line' id='line_1_81' title="bbox 847 3975 3534 4064; baseline -0.008 -12"><span class='ocrx_word' id='word_1_579' title='bbox 847 3975 1375 4064; x_wconf 8' lang='lat' dir='ltr'><strong>ouidi—tilncrepuit</strong></span> <span class='ocrx_word' id='word_1_580' title='bbox 1411 3975 1491 4048; x_wconf 80' lang='grc' dir='ltr'><strong>ἇι.</strong></span> <span class='ocrx_word' id='word_1_581' title='bbox 1531 3994 1710 4063; x_wconf 74' lang='lat' dir='ltr'><strong>juxta</strong></span> <span class='ocrx_word' id='word_1_582' title='bbox 1740 3989 1910 4046; x_wconf 88' lang='lat' dir='ltr'><strong>Seml.</strong></span> <span class='ocrx_word' id='word_1_583' title='bbox 1947 3987 1997 4032; x_wconf 75' lang='grc' dir='ltr'><strong>δ²</strong></span> <span class='ocrx_word' id='word_1_584' title='bbox 2020 3981 2223 4042; x_wconf 82' lang='lat' dir='ltr'><strong>Videtis</strong></span> <span class='ocrx_word' id='word_1_585' title='bbox 2249 3982 2448 4038; x_wconf 88' lang='lat' dir='ltr'><strong>habere</strong></span> <span class='ocrx_word' id='word_1_586' title='bbox 2476 3978 2649 4037; x_wconf 83' lang='lat' dir='ltr'><strong>Rhen.</strong></span> <span class='ocrx_word' id='word_1_587' title='bbox 2682 3978 2853 4036; x_wconf 86' lang='lat' dir='ltr'><strong>Seml.</strong></span> <span class='ocrx_word' id='word_1_588' title='bbox 2883 3975 3117 4057; x_wconf 80' lang='lat' dir='ltr'><strong>Oberth.</strong></span> <span class='ocrx_word' id='word_1_589' title='bbox 3140 3990 3194 4025; x_wconf 73' lang='lat' dir='ltr'><strong>ss</strong></span> <span class='ocrx_word' id='word_1_590' title='bbox 3223 3976 3337 4032; x_wconf 87' lang='lat' dir='ltr'><strong>Nec</strong></span> <span class='ocrx_word' id='word_1_591' title='bbox 3359 3976 3534 4049; x_wconf 54' lang='lat' dir='ltr'><strong>Seml.</strong></span> 
     </span>
    </p>
   </div>
   <div class='ocr_carea' id='block_1_82' title="bbox 1615 4113 2117 4178">
    <p class='ocr_par' dir='ltr' id='par_1_82' title="bbox 1615 4113 2117 4178">
     <span class='ocr_line' id='line_1_82' title="bbox 1615 4113 2117 4178; baseline -0.016 0"><span class='ocrx_word' id='word_1_592' title='bbox 1615 4113 2117 4178; x_wconf 90' lang='lat' dir='ltr'><strong>Commentarius.</strong></span> 
     </span>
    </p>
   </div>
   <div class='ocr_carea' id='block_1_83' title="bbox 221 4300 1050 4374">
    <p class='ocr_par' dir='ltr' id='par_1_83' title="bbox 221 4300 1050 4374">
     <span class='ocr_line' id='line_1_83' title="bbox 221 4300 1050 4374; baseline -0.005 -16"><span class='ocrx_word' id='word_1_593' title='bbox 221 4300 362 4374; x_wconf 78' lang='lat' dir='ltr'><strong>queo</strong></span> <span class='ocrx_word' id='word_1_594' title='bbox 385 4300 531 4359; x_wconf 89' lang='lat' dir='ltr'><strong>latus</strong></span> <span class='ocrx_word' id='word_1_595' title='bbox 561 4300 831 4356; x_wconf 87' lang='lat' dir='ltr'><strong>claudant.</strong></span> <span class='ocrx_word' id='word_1_596' title='bbox 864 4300 1050 4354; x_wconf 79' lang='lat' dir='ltr'><strong>RnaN.</strong></span> 
     </span>
    </p>
   </div>
   <div class='ocr_carea' id='block_1_84' title="bbox 293 4363 1814 4444">
    <p class='ocr_par' dir='ltr' id='par_1_84' title="bbox 293 4363 1814 4444">
     <span class='ocr_line' id='line_1_84' title="bbox 293 4363 1814 4444; baseline -0.01 -14"><span class='ocrx_word' id='word_1_597' title='bbox 293 4376 408 4444; x_wconf 82' lang='lat'><strong>(&#39;72)</strong></span> <span class='ocrx_word' id='word_1_598' title='bbox 455 4377 816 4444; x_wconf 82' lang='lat' dir='ltr'><strong>Revertentes</strong></span> <span class='ocrx_word' id='word_1_599' title='bbox 874 4386 1081 4443; x_wconf 86' lang='lat' dir='ltr'><strong>quoque</strong></span> <span class='ocrx_word' id='word_1_600' title='bbox 1136 4385 1172 4424; x_wconf 89' lang='lat' dir='ltr'><strong>a</strong></span> <span class='ocrx_word' id='word_1_601' title='bbox 1198 4363 1814 4444; x_wconf 49' lang='lat' dir='ltr'><strong>sepulcroumulieres.</strong></span> 
     </span>
    </p>
   </div>
   <div class='ocr_carea' id='block_1_85' title="bbox 221 4434 1814 4515">
    <p class='ocr_par' dir='ltr' id='par_1_85' title="bbox 221 4434 1814 4515">
     <span class='ocr_line' id='line_1_85' title="bbox 221 4434 1814 4515; baseline -0.008 -17"><span class='ocrx_word' id='word_1_602' title='bbox 221 4434 403 4500; x_wconf 73' lang='lat' dir='ltr'><strong>Etiam</strong></span> <span class='ocrx_word' id='word_1_603' title='bbox 432 4445 522 4501; x_wconf 89' lang='lat' dir='ltr'><strong>hic</strong></span> <span class='ocrx_word' id='word_1_604' title='bbox 559 4434 944 4515; x_wconf 74' lang='lat' dir='ltr'><strong>evangelistam</strong></span> <span class='ocrx_word' id='word_1_605' title='bbox 985 4434 1276 4515; x_wconf 60' lang='lat' dir='ltr'><strong>convenire</strong></span> <span class='ocrx_word' id='word_1_606' title='bbox 1310 4434 1557 4515; x_wconf 75' lang='lat' dir='ltr'><strong>ostendit</strong></span> <span class='ocrx_word' id='word_1_607' title='bbox 1596 4448 1716 4515; x_wconf 82' lang='lat' dir='ltr'><strong>cum</strong></span> <span class='ocrx_word' id='word_1_608' title='bbox 1748 4447 1814 4487; x_wconf 93' lang='lat' dir='ltr'><strong>eo</strong></span> 
     </span>
    </p>
   </div>
   <div class='ocr_carea' id='block_1_86' title="bbox 222 4509 1816 4586">
    <p class='ocr_par' dir='ltr' id='par_1_86' title="bbox 222 4509 1816 4586">
     <span class='ocr_line' id='line_1_86' title="bbox 222 4509 1816 4586; baseline -0.008 -16"><span class='ocrx_word' id='word_1_609' title='bbox 222 4521 368 4586; x_wconf 90' lang='lat' dir='ltr'><strong>quod</strong></span> <span class='ocrx_word' id='word_1_610' title='bbox 413 4525 496 4572; x_wconf 89' lang='lat' dir='ltr'><strong>est</strong></span> <span class='ocrx_word' id='word_1_611' title='bbox 540 4515 646 4586; x_wconf 87' lang='lat' dir='ltr'><strong>Isa.</strong></span> <span class='ocrx_word' id='word_1_612' title='bbox 679 4509 838 4586; x_wconf 62' lang='lat' dir='ltr'><strong>x&#39;vu:</strong></span> <span class='ocrx_word' id='word_1_613' title='bbox 890 4512 1141 4586; x_wconf 76' lang='lat' dir='ltr'><strong>Mulieres</strong></span> <span class='ocrx_word' id='word_1_614' title='bbox 1188 4509 1496 4586; x_wconf 61' lang='lat' dir='ltr'><strong>venientes</strong></span> <span class='ocrx_word' id='word_1_615' title='bbox 1524 4522 1560 4559; x_wconf 89' lang='lat' dir='ltr'><strong>a</strong></span> <span class='ocrx_word' id='word_1_616' title='bbox 1604 4509 1816 4586; x_wconf 75' lang='lat' dir='ltr'><strong>visione</strong></span> 
     </span>
    </p>
   </div>
   <div class='ocr_carea' id='block_1_87' title="bbox 223 4577 1813 4654">
    <p class='ocr_par' dir='ltr' id='par_1_87' title="bbox 223 4577 1813 4654">
     <span class='ocr_line' id='line_1_87' title="bbox 223 4577 1813 4654; baseline -0.009 -12"><span class='ocrx_word' id='word_1_617' title='bbox 223 4577 462 4652; x_wconf 68' lang='lat' dir='ltr'><strong>venisse,</strong></span> <span class='ocrx_word' id='word_1_618' title='bbox 493 4585 589 4640; x_wconf 91' lang='lat' dir='ltr'><strong>ubi</strong></span> <span class='ocrx_word' id='word_1_619' title='bbox 619 4583 915 4640; x_wconf 86' lang='lat' dir='ltr'><strong>omittimus</strong></span> <span class='ocrx_word' id='word_1_620' title='bbox 941 4583 1084 4652; x_wconf 92' lang='lat' dir='ltr'><strong>quod</strong></span> <span class='ocrx_word' id='word_1_621' title='bbox 1128 4579 1295 4654; x_wconf 81' lang='lat' dir='ltr'><strong>priori</strong></span> <span class='ocrx_word' id='word_1_622' title='bbox 1333 4579 1452 4632; x_wconf 91' lang='lat' dir='ltr'><strong>loco</strong></span> <span class='ocrx_word' id='word_1_623' title='bbox 1484 4577 1767 4654; x_wconf 79' lang='lat' dir='ltr'><strong>legebatur</strong></span> <span class='ocrx_word' id='word_1_624' title='bbox 1799 4590 1813 4626; x_wconf 87' lang='lat'><strong>:</strong></span> 
     </span>
    </p>
   </div>
   <div class='ocr_carea' id='block_1_88' title="bbox 235 4647 1818 4728">
    <p class='ocr_par' dir='ltr' id='par_1_88' title="bbox 235 4647 1818 4728">
     <span class='ocr_line' id='line_1_88' title="bbox 235 4647 1818 4728; baseline -0.008 -16"><span class='ocrx_word' id='word_1_625' title='bbox 235 4647 625 4728; x_wconf 46' lang='lat' dir='ltr'><strong>Venite,&#39;quod</strong></span> <span class='ocrx_word' id='word_1_626' title='bbox 649 4671 830 4726; x_wconf 92' lang='lat' dir='ltr'><strong>neque</strong></span> <span class='ocrx_word' id='word_1_627' title='bbox 857 4647 999 4724; x_wconf 80' lang='lat' dir='ltr'><strong>apud</strong></span> <span class='ocrx_word' id='word_1_628' title='bbox 1027 4647 1330 4728; x_wconf 38' lang='lat' dir='ltr'><strong>rixghodie</strong></span> <span class='ocrx_word' id='word_1_629' title='bbox 1366 4657 1458 4728; x_wconf 67' lang='lat' dir='ltr'><strong>aut</strong></span> <span class='ocrx_word' id='word_1_630' title='bbox 1486 4647 1612 4728; x_wconf 85' lang='lat' dir='ltr'><strong>olim</strong></span> <span class='ocrx_word' id='word_1_631' title='bbox 1644 4661 1818 4726; x_wconf 78' lang='lat' dir='ltr'><strong>neque</strong></span> 
     </span>
    </p>
   </div>
   <div class='ocr_carea' id='block_1_89' title="bbox 225 4721 1818 4799">
    <p class='ocr_par' dir='ltr' id='par_1_89' title="bbox 225 4721 1818 4799">
     <span class='ocr_line' id='line_1_89' title="bbox 225 4721 1818 4799; baseline -0.016 -3"><span class='ocrx_word' id='word_1_632' title='bbox 225 4729 367 4799; x_wconf 57' lang='grc' dir='ltr'><strong>ξι)υὰ</strong></span> <span class='ocrx_word' id='word_1_633' title='bbox 427 4721 504 4784; x_wconf 63' lang='grc' dir='ltr'><strong>’ΒΣ</strong></span> <span class='ocrx_word' id='word_1_634' title='bbox 565 4721 972 4799; x_wconf 75' lang='lat' dir='ltr'><strong>Hieronymum,</strong></span> <span class='ocrx_word' id='word_1_635' title='bbox 1028 4722 1312 4799; x_wconf 68' lang='lat' dir='ltr'><strong>Cyrillum,</strong></span> <span class='ocrx_word' id='word_1_636' title='bbox 1324 4721 1685 4799; x_wconf 73' lang='lat' dir='ltr'><strong>_Proc0pium</strong></span> <span class='ocrx_word' id='word_1_637' title='bbox 1732 4721 1818 4799; x_wconf 41' lang='lat' dir='ltr'><strong>“in</strong></span> 
     </span>
    </p>
   </div>
   <div class='ocr_carea' id='block_1_90' title="bbox 225 4787 1817 4870">
    <p class='ocr_par' dir='ltr' id='par_1_90' title="bbox 225 4787 1817 4870">
     <span class='ocr_line' id='line_1_90' title="bbox 225 4787 1817 4870; baseline -0.009 -16"><span class='ocrx_word' id='word_1_638' title='bbox 225 4787 458 4865; x_wconf 70' lang='lat' dir='ltr'><strong>Comm,</strong></span> <span class='ocrx_word' id='word_1_639' title='bbox 492 4813 668 4870; x_wconf 88' lang='lat' dir='ltr'><strong>neque</strong></span> <span class='ocrx_word' id='word_1_640' title='bbox 688 4787 843 4870; x_wconf 76' lang='lat' dir='ltr'><strong>apud</strong></span> <span class='ocrx_word' id='word_1_641' title='bbox 883 4787 1258 4870; x_wconf 60' lang='lat' dir='ltr'><strong>Origedemin</strong></span> <span class='ocrx_word' id='word_1_642' title='bbox 1285 4792 1480 4870; x_wconf 54' lang='lat' dir='ltr'><strong>blatth.</strong></span> <span class='ocrx_word' id='word_1_643' title='bbox 1511 4787 1602 4870; x_wconf 75' lang='lat' dir='ltr'><strong>aut</strong></span> <span class='ocrx_word' id='word_1_644' title='bbox 1639 4787 1817 4870; x_wconf 64' lang='lat' dir='ltr'><strong>Rulli-</strong></span> 
     </span>
    </p>
   </div>
   <div class='ocr_carea' id='block_1_91' title="bbox 229 4859 1820 4942">
    <p class='ocr_par' dir='ltr' id='par_1_91' title="bbox 229 4859 1820 4942">
     <span class='ocr_line' id='line_1_91' title="bbox 229 4859 1820 4942; baseline -0.006 -20"><span class='ocrx_word' id='word_1_645' title='bbox 229 4885 360 4925; x_wconf 87' lang='lat' dir='ltr'><strong>num</strong></span> <span class='ocrx_word' id='word_1_646' title='bbox 398 4859 455 4926; x_wconf 78' lang='lat' dir='ltr'><strong>in</strong></span> <span class='ocrx_word' id='word_1_647' title='bbox 479 4859 795 4942; x_wconf 73' lang='lat' dir='ltr'><strong>Symbolum</strong></span> <span class='ocrx_word' id='word_1_648' title='bbox 827 4866 968 4942; x_wconf 69' lang='lat' dir='ltr'><strong>inter</strong></span> <span class='ocrx_word' id='word_1_649' title='bbox 981 4859 1159 4936; x_wconf 63' lang='lat' dir='ltr'><strong>Bpera</strong></span> <span class='ocrx_word' id='word_1_650' title='bbox 1187 4863 1246 4918; x_wconf 91' lang='lat' dir='ltr'><strong>B.</strong></span> <span class='ocrx_word' id='word_1_651' title='bbox 1277 4861 1555 4934; x_wconf 85' lang='lat' dir='ltr'><strong>Cypriani,</strong></span> <span class='ocrx_word' id='word_1_652' title='bbox 1585 4859 1820 4931; x_wconf 87' lang='lat' dir='ltr'><strong>amplius</strong></span> 
     </span>
    </p>
   </div>
   <div class='ocr_carea' id='block_1_92' title="bbox 231 4939 1022 5010">
    <p class='ocr_par' dir='ltr' id='par_1_92' title="bbox 231 4939 1022 5010">
     <span class='ocr_line' id='line_1_92' title="bbox 231 4939 1022 5010; baseline -0.004 -15"><span class='ocrx_word' id='word_1_653' title='bbox 231 4955 390 5010; x_wconf 87' lang='lat' dir='ltr'><strong>quam</strong></span> <span class='ocrx_word' id='word_1_654' title='bbox 418 4939 592 4998; x_wconf 82' lang='lat' dir='ltr'><strong>semel</strong></span> <span class='ocrx_word' id='word_1_655' title='bbox 621 4941 852 5008; x_wconf 80' lang='lat' dir='ltr'><strong>legatur.</strong></span> <span class='ocrx_word' id='word_1_656' title='bbox 883 4939 1022 4994; x_wconf 70' lang='lat' dir='ltr'><strong>Pu.</strong></span> 
     </span>
    </p>
   </div>
   <div class='ocr_carea' id='block_1_93' title="bbox 301 5005 1819 5083">
    <p class='ocr_par' dir='ltr' id='par_1_93' title="bbox 301 5005 1819 5083">
     <span class='ocr_line' id='line_1_93' title="bbox 301 5005 1819 5083; baseline -0.007 -16"><span class='ocrx_word' id='word_1_657' title='bbox 301 5013 416 5083; x_wconf 80' lang='lat'><strong>(‘13)</strong></span> <span class='ocrx_word' id='word_1_658' title='bbox 443 5005 708 5069; x_wconf 68' lang='lat' dir='ltr'><strong>Christus</strong></span> <span class='ocrx_word' id='word_1_659' title='bbox 728 5013 881 5070; x_wconf 89' lang='lat' dir='ltr'><strong>enim</strong></span> <span class='ocrx_word' id='word_1_660' title='bbox 909 5011 1064 5067; x_wconf 75' lang='lat' dir='ltr'><strong>Iesus</strong></span> <span class='ocrx_word' id='word_1_661' title='bbox 1093 5007 1156 5062; x_wconf 90' lang='lat' dir='ltr'><strong>in</strong></span> <span class='ocrx_word' id='word_1_662' title='bbox 1185 5005 1481 5076; x_wconf 84' lang='lat' dir='ltr'><strong>Evangelia</strong></span> <span class='ocrx_word' id='word_1_663' title='bbox 1512 5008 1632 5067; x_wconf 91' lang='lat' dir='ltr'><strong>tuo,</strong></span> <span class='ocrx_word' id='word_1_664' title='bbox 1664 5016 1819 5056; x_wconf 87' lang='lat' dir='ltr'><strong>meus</strong></span> 
     </span>
    </p>
   </div>
   <div class='ocr_carea' id='block_1_94' title="bbox 287 4220 1896 4357">
    <p class='ocr_par' dir='ltr' id='par_1_94' title="bbox 287 4220 1896 4357">
     <span class='ocr_line' id='line_1_94' title="bbox 287 4220 1896 4357; baseline -0.01 -68"><span class='ocrx_word' id='word_1_665' title='bbox 287 4232 404 4357; x_wconf 52' lang='grc' dir='ltr'><strong>(Ἧζ</strong></span> <span class='ocrx_word' id='word_1_666' title='bbox 440 4233 537 4288; x_wconf 88' lang='lat' dir='ltr'><strong>Tot</strong></span> <span class='ocrx_word' id='word_1_667' title='bbox 568 4232 686 4300; x_wconf 87' lang='lat' dir='ltr'><strong>fere</strong></span> <span class='ocrx_word' id='word_1_668' title='bbox 716 4225 1104 4285; x_wconf 83' lang='lat' dir='ltr'><strong>laterensibus.</strong></span> <span class='ocrx_word' id='word_1_669' title='bbox 1135 4225 1474 4291; x_wconf 90' lang='lat' dir='ltr'><strong>Laterenses,</strong></span> <span class='ocrx_word' id='word_1_670' title='bbox 1505 4220 1812 4293; x_wconf 88' lang='lat' dir='ltr'><strong>stipatores,</strong></span> <span class='ocrx_word' id='word_1_671' title='bbox 1851 4233 1896 4310; x_wconf 74' lang='grc' dir='ltr'><strong>υ</strong></span> 
     </span>
     <span class='ocr_line' id='line_1_95' title="bbox 287 4300 1050 4357; baseline -0.004 0"><span class='ocrx_word' id='word_1_672' title='bbox 287 4310 362 4357; x_wconf 86' lang='lat' dir='ltr'><strong>:od</strong></span> <span class='ocrx_word' id='word_1_673' title='bbox 408 4313 531 4357; x_wconf 90' lang='lat' dir='ltr'><strong>atus</strong></span> <span class='ocrx_word' id='word_1_674' title='bbox 561 4300 831 4356; x_wconf 87' lang='lat' dir='ltr'><strong>claudant.</strong></span> <span class='ocrx_word' id='word_1_675' title='bbox 864 4300 1050 4354; x_wconf 79' lang='lat' dir='ltr'><strong>RnaN.</strong></span> 
     </span>
    </p>
   </div>
   <div class='ocr_carea' id='block_1_95' title="bbox 1929 4203 3530 4281">
    <p class='ocr_par' dir='ltr' id='par_1_95' title="bbox 1929 4203 3530 4281">
     <span class='ocr_line' id='line_1_96' title="bbox 1929 4203 3530 4281; baseline -0.005 -11"><span class='ocrx_word' id='word_1_676' title='bbox 1929 4219 2035 4271; x_wconf 90' lang='lat' dir='ltr'><strong>est.</strong></span> <span class='ocrx_word' id='word_1_677' title='bbox 2079 4212 2404 4281; x_wconf 87' lang='lat' dir='ltr'><strong>Corruptum</strong></span> <span class='ocrx_word' id='word_1_678' title='bbox 2451 4217 2506 4281; x_wconf 89' lang='lat' dir='ltr'><strong>et</strong></span> <span class='ocrx_word' id='word_1_679' title='bbox 2541 4209 2905 4281; x_wconf 82' lang='lat' dir='ltr'><strong>depravatum</strong></span> <span class='ocrx_word' id='word_1_680' title='bbox 2955 4203 3121 4281; x_wconf 65' lang='lat' dir='ltr'><strong>fuisse</strong></span> <span class='ocrx_word' id='word_1_681' title='bbox 3177 4204 3530 4281; x_wconf 26' lang='lat' dir='ltr'><strong>Evangeliu‘m</strong></span> 
     </span>
    </p>
   </div>
   <div class='ocr_carea' id='block_1_96' title="bbox 1928 4277 3526 4348">
    <p class='ocr_par' dir='ltr' id='par_1_96' title="bbox 1928 4277 3526 4348">
     <span class='ocr_line' id='line_1_97' title="bbox 1928 4277 3526 4348; baseline -0.004 -9"><span class='ocrx_word' id='word_1_682' title='bbox 1928 4303 1958 4339; x_wconf 90' lang='lat' dir='ltr'><strong>a</strong></span> <span class='ocrx_word' id='word_1_683' title='bbox 2009 4277 2282 4339; x_wconf 77' lang='lat' dir='ltr'><strong>Marciane</strong></span> <span class='ocrx_word' id='word_1_684' title='bbox 2341 4291 2452 4334; x_wconf 91' lang='lat' dir='ltr'><strong>tum</strong></span> <span class='ocrx_word' id='word_1_685' title='bbox 2501 4278 2587 4334; x_wconf 88' lang='lat' dir='ltr'><strong>hic</strong></span> <span class='ocrx_word' id='word_1_686' title='bbox 2627 4277 2799 4334; x_wconf 49' lang='lat' dir='ltr'><strong>&#39;locus</strong></span> <span class='ocrx_word' id='word_1_687' title='bbox 2856 4277 3068 4346; x_wconf 88' lang='lat' dir='ltr'><strong>probat,</strong></span> <span class='ocrx_word' id='word_1_688' title='bbox 3105 4283 3213 4329; x_wconf 90' lang='lat' dir='ltr'><strong>tum</strong></span> <span class='ocrx_word' id='word_1_689' title='bbox 3267 4291 3389 4348; x_wconf 88' lang='lat' dir='ltr'><strong>cap.</strong></span> <span class='ocrx_word' id='word_1_690' title='bbox 3426 4278 3526 4333; x_wconf 92' lang='lat' dir='ltr'><strong>ult.</strong></span> 
     </span>
    </p>
   </div>
   <div class='ocr_carea' id='block_1_97' title="bbox 1926 4349 3524 4424">
    <p class='ocr_par' dir='ltr' id='par_1_97' title="bbox 1926 4349 3524 4424">
     <span class='ocr_line' id='line_1_98' title="bbox 1926 4349 3524 4424; baseline -0.005 -13"><span class='ocrx_word' id='word_1_691' title='bbox 1926 4356 2050 4412; x_wconf 87' lang='lat' dir='ltr'><strong>libri</strong></span> <span class='ocrx_word' id='word_1_692' title='bbox 2097 4350 2455 4424; x_wconf 63' lang='lat' dir='ltr'><strong>praecedentis</strong></span> <span class='ocrx_word' id='word_1_693' title='bbox 2510 4367 2524 4403; x_wconf 87' lang='lat'><strong>:</strong></span> <span class='ocrx_word' id='word_1_694' title='bbox 2576 4351 2647 4404; x_wconf 88' lang='lat' dir='ltr'><strong>Et</strong></span> <span class='ocrx_word' id='word_1_695' title='bbox 2682 4349 3054 4424; x_wconf 55' lang='lat' dir='ltr'><strong>Evangelium</strong></span> <span class='ocrx_word' id='word_1_696' title='bbox 3089 4351 3361 4424; x_wconf 54' lang='lat' dir='ltr'><strong>vestrum,</strong></span> <span class='ocrx_word' id='word_1_697' title='bbox 3395 4357 3524 4424; x_wconf 86' lang='lat' dir='ltr'><strong>etc_.,</strong></span> 
     </span>
    </p>
   </div>
   <div class='ocr_carea' id='block_1_98' title="bbox 1928 4417 3526 4490">
    <p class='ocr_par' dir='ltr' id='par_1_98' title="bbox 1928 4417 3526 4490">
     <span class='ocr_line' id='line_1_99' title="bbox 1928 4417 3526 4490; baseline -0.012 -8"><span class='ocrx_word' id='word_1_698' title='bbox 1928 4437 2041 4483; x_wconf 90' lang='lat' dir='ltr'><strong>tum</strong></span> <span class='ocrx_word' id='word_1_699' title='bbox 2069 4417 2227 4481; x_wconf 71' lang='lat' dir='ltr'><strong>etiam</strong></span> <span class='ocrx_word' id='word_1_700' title='bbox 2259 4423 2349 4476; x_wconf 89' lang='lat' dir='ltr'><strong>lib.</strong></span> <span class='ocrx_word' id='word_1_701' title='bbox 2385 4422 2487 4475; x_wconf 91' lang='lat' dir='ltr'><strong>hoc</strong></span> <span class='ocrx_word' id='word_1_702' title='bbox 2515 4435 2637 4490; x_wconf 91' lang='lat' dir='ltr'><strong>cap.</strong></span> <span class='ocrx_word' id='word_1_703' title='bbox 2675 4417 3064 4490; x_wconf 78' lang='lat' dir='ltr'><strong>29._Habuisse</strong></span> <span class='ocrx_word' id='word_1_704' title='bbox 3093 4427 3267 4471; x_wconf 83' lang='lat' dir='ltr'><strong>autem</strong></span> <span class='ocrx_word' id='word_1_705' title='bbox 3307 4419 3526 4472; x_wconf 90' lang='lat' dir='ltr'><strong>Tertul-</strong></span> 
     </span>
    </p>
   </div>
   <div class='ocr_carea' id='block_1_99' title="bbox 1922 4488 3526 4555">
    <p class='ocr_par' dir='ltr' id='par_1_99' title="bbox 1922 4488 3526 4555">
     <span class='ocr_line' id='line_1_100' title="bbox 1922 4488 3526 4555; baseline -0.007 -1"><span class='ocrx_word' id='word_1_706' title='bbox 1922 4499 2127 4554; x_wconf 90' lang='lat' dir='ltr'><strong>lianum</strong></span> <span class='ocrx_word' id='word_1_707' title='bbox 2157 4494 2396 4550; x_wconf 89' lang='lat' dir='ltr'><strong>codicem</strong></span> <span class='ocrx_word' id='word_1_708' title='bbox 2441 4488 2597 4546; x_wconf 82' lang='lat' dir='ltr'><strong>illum</strong></span> <span class='ocrx_word' id='word_1_709' title='bbox 2633 4488 2918 4544; x_wconf 89' lang='lat' dir='ltr'><strong>Marcionis</strong></span> <span class='ocrx_word' id='word_1_710' title='bbox 2963 4498 3274 4555; x_wconf 89' lang='lat' dir='ltr'><strong>corruptum</strong></span> <span class='ocrx_word' id='word_1_711' title='bbox 3308 4499 3526 4544; x_wconf 90' lang='lat' dir='ltr'><strong>testatur</strong></span> 
     </span>
    </p>
   </div>
   <div class='ocr_carea' id='block_1_100' title="bbox 1926 4559 3523 4640">
    <p class='ocr_par' dir='ltr' id='par_1_100' title="bbox 1926 4559 3523 4640">
     <span class='ocr_line' id='line_1_101' title="bbox 1926 4559 3523 4640; baseline -0.008 -15"><span class='ocrx_word' id='word_1_712' title='bbox 1926 4569 1982 4625; x_wconf 93' lang='lat' dir='ltr'><strong>S.</strong></span> <span class='ocrx_word' id='word_1_713' title='bbox 2017 4566 2383 4640; x_wconf 64' lang='lat' dir='ltr'><strong>Epiphanius.</strong></span> <span class='ocrx_word' id='word_1_714' title='bbox 2407 4565 2490 4640; x_wconf 73' lang='grc' dir='ltr'><strong>ᾼῃ</strong></span> <span class='ocrx_word' id='word_1_715' title='bbox 2533 4562 2687 4640; x_wconf 74' lang='lat' dir='ltr'><strong>Lucae</strong></span> <span class='ocrx_word' id='word_1_716' title='bbox 2718 4561 2880 4640; x_wconf 75' lang='lat' dir='ltr'><strong>fuerit</strong></span> <span class='ocrx_word' id='word_1_717' title='bbox 2917 4567 3234 4640; x_wconf 75' lang='lat' dir='ltr'><strong>corruptum</strong></span> <span class='ocrx_word' id='word_1_718' title='bbox 3273 4559 3523 4640; x_wconf 47' lang='lat' dir='ltr'><strong>Evange-</strong></span> 
     </span>
    </p>
   </div>
   <div class='ocr_carea' id='block_1_101' title="bbox 1925 4627 3524 4708">
    <p class='ocr_par' dir='ltr' id='par_1_101' title="bbox 1925 4627 3524 4708">
     <span class='ocr_line' id='line_1_102' title="bbox 1925 4627 3524 4708; baseline -0.008 -13"><span class='ocrx_word' id='word_1_719' title='bbox 1925 4627 2078 4706; x_wconf 65' lang='lat' dir='ltr'><strong>lium,</strong></span> <span class='ocrx_word' id='word_1_720' title='bbox 2109 4627 2218 4694; x_wconf 78' lang='lat' dir='ltr'><strong>non</strong></span> <span class='ocrx_word' id='word_1_721' title='bbox 2242 4646 2325 4694; x_wconf 89' lang='lat' dir='ltr'><strong>est</strong></span> <span class='ocrx_word' id='word_1_722' title='bbox 2353 4633 2634 4708; x_wconf 76' lang='lat' dir='ltr'><strong>dubitandi</strong></span> <span class='ocrx_word' id='word_1_723' title='bbox 2656 4635 2808 4708; x_wconf 76' lang='lat' dir='ltr'><strong>locus</strong></span> <span class='ocrx_word' id='word_1_724' title='bbox 2833 4629 3038 4708; x_wconf 61' lang='lat' dir='ltr'><strong>legenti</strong></span> <span class='ocrx_word' id='word_1_725' title='bbox 3057 4627 3524 4708; x_wconf 9' lang='lat' dir='ltr'><strong>hruuccelibru&#39;m;</strong></span> 
     </span>
    </p>
   </div>
   <div class='ocr_carea' id='block_1_102' title="bbox 1926 4700 3524 4782">
    <p class='ocr_par' dir='ltr' id='par_1_102' title="bbox 1926 4700 3524 4782">
     <span class='ocr_line' id='line_1_103' title="bbox 1926 4700 3524 4782; baseline -0.008 -15"><span class='ocrx_word' id='word_1_726' title='bbox 1926 4700 2132 4782; x_wconf 82' lang='lat' dir='ltr'><strong>ubique</strong></span> <span class='ocrx_word' id='word_1_727' title='bbox 2171 4709 2314 4764; x_wconf 91' lang='lat' dir='ltr'><strong>enim</strong></span> <span class='ocrx_word' id='word_1_728' title='bbox 2365 4707 2417 4761; x_wconf 91' lang='lat' dir='ltr'><strong>id</strong></span> <span class='ocrx_word' id='word_1_729' title='bbox 2457 4705 2515 4760; x_wconf 83' lang='lat' dir='ltr'><strong>fit</strong></span> <span class='ocrx_word' id='word_1_730' title='bbox 2561 4700 2929 4782; x_wconf 40' lang='lat' dir='ltr'><strong>manifestum}</strong></span> <span class='ocrx_word' id='word_1_731' title='bbox 2965 4700 3368 4782; x_wconf 33' lang='lat' dir='ltr'><strong>Citaturﬁetiam</strong></span> <span class='ocrx_word' id='word_1_732' title='bbox 3402 4715 3524 4782; x_wconf 76' lang='lat' dir='ltr'><strong>cor-_</strong></span> 
     </span>
    </p>
   </div>
   <div class='ocr_carea' id='block_1_103' title="bbox 1926 4772 3524 4854">
    <p class='ocr_par' dir='ltr' id='par_1_103' title="bbox 1926 4772 3524 4854">
     <span class='ocr_line' id='line_1_104' title="bbox 1926 4772 3524 4854; baseline -0.008 -15"><span class='ocrx_word' id='word_1_733' title='bbox 1926 4772 2083 4854; x_wconf 73' lang='lat' dir='ltr'><strong>rupte</strong></span> <span class='ocrx_word' id='word_1_734' title='bbox 2122 4796 2314 4838; x_wconf 86' lang='lat' dir='ltr'><strong>versus</strong></span> <span class='ocrx_word' id='word_1_735' title='bbox 2336 4782 2426 4854; x_wconf 78' lang='lat'>__2_5</span> <span class='ocrx_word' id='word_1_736' title='bbox 2454 4791 2763 4854; x_wconf 77' lang='lat' dir='ltr'><strong>_cap._xxrv</strong></span> <span class='ocrx_word' id='word_1_737' title='bbox 2802 4774 2860 4828; x_wconf 84' lang='grc' dir='ltr'><strong>Β.</strong></span> <span class='ocrx_word' id='word_1_738' title='bbox 2892 4774 3050 4828; x_wconf 61' lang='lat' dir='ltr'><strong>Lucas</strong></span> <span class='ocrx_word' id='word_1_739' title='bbox 3103 4787 3119 4854; x_wconf 63' lang='grc' dir='ltr'>ξ</span> <span class='ocrx_word' id='word_1_740' title='bbox 3172 4772 3524 4854; x_wconf 54' lang='lat' dir='ltr'><strong>Oninsensati</strong></span> 
     </span>
    </p>
   </div>
   <div class='ocr_carea' id='block_1_104' title="bbox 1931 4841 3522 4921">
    <p class='ocr_par' dir='ltr' id='par_1_104' title="bbox 1931 4841 3522 4921">
     <span class='ocr_line' id='line_1_105' title="bbox 1931 4841 3522 4921; baseline -0.009 -9"><span class='ocrx_word' id='word_1_741' title='bbox 1931 4841 2165 4921; x_wconf 73' lang='grc' dir='ltr'><strong>θᾱιαιω,</strong></span> <span class='ocrx_word' id='word_1_742' title='bbox 2198 4859 2300 4907; x_wconf 92' lang='lat' dir='ltr'><strong>etc.</strong></span> <span class='ocrx_word' id='word_1_743' title='bbox 2336 4841 2656 4921; x_wconf 39' lang='lat' dir='ltr'><strong>llludue&#39;nim</strong></span> <span class='ocrx_word' id='word_1_744' title='bbox 2701 4860 2908 4921; x_wconf 85' lang='lat' dir='ltr'><strong>non_ex</strong></span> <span class='ocrx_word' id='word_1_745' title='bbox 2939 4849 3177 4921; x_wconf 59' lang='lat' dir='ltr'><strong>recepto</strong></span> <span class='ocrx_word' id='word_1_746' title='bbox 3204 4841 3522 4915; x_wconf 74' lang='lat' dir='ltr'><strong>Evangelio,</strong></span> 
     </span>
    </p>
   </div>
   <div class='ocr_carea' id='block_1_105' title="bbox 1923 4914 3240 4994">
    <p class='ocr_par' dir='ltr' id='par_1_105' title="bbox 1923 4914 3240 4994">
     <span class='ocr_line' id='line_1_106' title="bbox 1923 4914 3240 4994; baseline -0.011 -12"><span class='ocrx_word' id='word_1_747' title='bbox 1923 4927 2018 4982; x_wconf 91' lang='lat' dir='ltr'><strong>sed</strong></span> <span class='ocrx_word' id='word_1_748' title='bbox 2048 4941 2115 4982; x_wconf 85' lang='lat' dir='ltr'><strong>ex</strong></span> <span class='ocrx_word' id='word_1_749' title='bbox 2143 4914 2440 4994; x_wconf 81' lang='lat' dir='ltr'><strong>Evangelio</strong></span> <span class='ocrx_word' id='word_1_750' title='bbox 2467 4918 2756 4976; x_wconf 89' lang='lat' dir='ltr'><strong>Marcionis</strong></span> <span class='ocrx_word' id='word_1_751' title='bbox 2786 4915 3001 4973; x_wconf 89' lang='lat' dir='ltr'><strong>citatur.</strong></span> <span class='ocrx_word' id='word_1_752' title='bbox 3032 4915 3112 4970; x_wconf 75' lang='lat' dir='ltr'><strong>Ls</strong></span> <span class='ocrx_word' id='word_1_753' title='bbox 3141 4914 3240 4971; x_wconf 81' lang='lat' dir='ltr'><strong>Pa.</strong></span> 
     </span>
    </p>
   </div>
  </div>
