3992 6174
400 218 508 278 499

1102 214 1543 277 TERTULLIANI
1580 213 1847 275 OPERUM
1882 211 2049 275 PARS
2086 212 2152 274 ιι.
2191 242 2262 257 -
2299 212 2521 274 sumes
2558 214 2600 281 1,
2642 178 2990 272 penatum.

3480 158 3485 163 μ
3588 207 3702 269 500

417 336 3689 367 NW“

1590 545 1903 636 LIBER
2012 542 2516 655 QUINTUS.

951 862 1436 920 ARGUMENTUM
1445 902 1459 917 .

410 957 588 1017 Sicuti
620 954 759 1011 libro
789 954 1133 1026 praecedenti
1150 967 1221 1007 ex
1241 952 1542 1026 Evangelia
1572 951 1637 1006 B.
1660 948 2006 1026 Latere,_quod

478 1028 585 1086 sibi
620 1022 1002 1098 usurpaverat
1031 1025 1605 1098 Marcion,sic___nmrc
1642 1039 1715 1098 ea:
1745 1022 2008 1098 Epistolis

479 1101 647 1156 Pauli
676 1093 835 1169 (quos
857 1098 957 1152 ille
973 1097 1279 1169 mutilatas
1300 1097 1364 1151 in
1381 1093 2009 1169 librumﬂpostolicum

479 1187 578 1227 suo
610 1165 779 1227 titulo
809 1168 1028 1225 editum
1057 1168 1273 1224 diverso
1293 1167 1490 1223 ordine
1521 1165 1829 1236 redegerat,
1852 1180 2011 1236 δωσεῖ

482 1245 595 1315 ptis
626 1243 696 1297 iis
725 1258 850 1315 qum
877 1244 1016 1315 sunt
1034 1239 1117 1315 9d
1145 1237 1503 1315 Timotheum
1524 1240 1581 1294 et
1627 1234 1828 1315 Titum,
1849 1240 1916 1315 _et
1940 1234 2013 1291 ad

489 1308 754 1385 Hebrwos)
779 1311 980 1385 probat
1032 1310 1433 1385 Tertullianus
1464 1325 1579 1385 non
1625 1308 1811 1385 alium
1838 1309 2013 1365 Deum

482 1379 792 1456 praedicari
813 1382 879 1437 ab
908 1381 1166 1455 Apostolo
1196 1397 1368 1453 quam
1399 1379 1695 1437 Creatoris.

486 1474 527 1528 Ι.
559 1470 835 1543 Imprimis
866 1476 1044 1525 autem
1074 1468 1132 1525 id
1160 1469 1247 1526 vel
1274 1484 1339 1524 ex
1381 1483 1446 1524 eo
1495 1464 1837 1522 manifestum
1867 1465 2014 1530 facit,

415 1564 556 1634 quod
588 1563 735 1618 nulla
770 1560 1060 1618 auctoritas
1102 1558 1348 1631 apostolo
1392 1556 1558 1612 Paulo
1596 1557 1878 1626 probetur,
1911 1552 2015 1610 nisi

417 1654 484 1707 de
538 1653 901 1708 Instrumento
949 1648 1129 1704 Veteri
1166 1644 1458 1708 Creatoris,
1492 1653 1547 1700 et
1587 1642 1742 1699 Actis
1787 1650 2012 1715 aposto-

417 1742 614 1811 lorum,
643 1756 762 1813 quae
792 1737 1030 1794 Marcion
1068 1735 1366 1807 rejiciebat.

487 1831 557 1885 II.
591 1827 795 1884 Deinde
839 1834 950 1882 tum
990 1841 1089 1898 per
1135 1831 1512 1897 argumentum
1554 1829 1609 1877 et
1652 1821 1821 1878 verba
1866 1823 2018 1893 Apo-

421 1918 565 1989 stoli,
597 1918 663 1972 de
694 1916 935 1987 Epistola
963 1916 1029 1969 ad
1059 1913 1301 1979 Galatas,
1336 1928 1401 1968 ex
1432 1927 1553 1982 cap.
1588 1929 1627 1966 ι.

491 2008 583 2063 IlI.
617 2006 752 2061 Item
780 2022 846 2061 ex
872 2003 1113 2074 ejusdem
1144 2002 1403 2074 Epistulae
1431 2017 1548 2074 cap.
1578 2016 1616 2055 ιι
1646 2009 1699 2056 et
1726 2015 1809 2056 ιιι.

494 2096 587 2151 IV.
619 2095 694 2150 Ex
724 2092 970 2164 ejusdem
1000 2091 1158 2148 etiam
1187 2107 1303 2160 cap.
1338 2106 1415 2160 ιν,
1449 2105 1504 2155 v,
1534 2105 1613 2145 vr.

496 2185 559 2240 V.
593 2183 797 2240 Deinde
857 2197 954 2253 per
1002 2182 1167 2239 verba
1222 2180 1495 2250 Apostoli,
1535 2178 1603 2233 de
1658 2176 1899 2248 Epistola
1955 2177 2023 2233 ad

424 2273 730 2330 Corinthios
763 2271 951 2344 prima,
985 2285 1052 2326 ex
1081 2286 1200 2340 cap.
1233 2284 1273 2324 ι.

499 2364 585 2420 VI.
621 2363 791 2417 Etiam
820 2378 886 2417 ex
915 2359 1171 2430 Epistolas
1201 2357 1447 2428 ejusdem
1476 2372 1595 2429 cap.
1629 2374 1669 2414 ιι
1700 2366 1755 2414 et
1780 2372 1864 2413 ιιι.

498 2453 611 2509 VII.
645 2451 906 2523 Ejusdem
946 2463 1167 2522 quoque
1211 2464 1275 2504 ex
1305 2464 1425 2518 cap.
1460 2464 1536 2518 ιν,
1569 2464 1625 2514 v,
1658 2464 1740 2513 vr,
1773 2462 1871 2513 vn,
1901 2461 2022 2516 VIII,

431 2558 492 2598 ιχ
521 2552 572 2598 οι
600 2560 658 2598 Χ.

501 2631 640 2685 VIII.
673 2630 809 2684 Item
838 2644 954 2701 cap.
990 2643 1074 2692 ιιι,
1105 2642 1212 2693 xu,
1242 2641 1345 2682 xm
1385 2631 1440 2680 et
1469 2640 1587 2680 xw.

502 2720 604 2775 IX.
635 2719 711 2774 Ex
746 2733 866 2790 cap.
899 2717 1059 2773 etiam
1087 2731 1167 2772 xv
1195 2715 1367 2787 priori
1398 2721 1566 2786 parte.

505 2810 581 2864 X.
616 2809 684 2862 Et
713 2824 777 2863 ex
806 2807 1050 2876 ejusdem
1082 2821 1202 2875 cap.
1235 2820 1314 2859 xv
1345 2802 1580 2857 secunda
1610 2808 1779 2873 parte.

506 2898 607 2952 XI.
641 2897 878 2952 Rursum
921 2909 1020 2966 per
1063 2894 1231 2949 verba
1276 2891 1544 2962 Apostoli,
1573 2890 1719 2947 dell
1761 2889 1934 2963 Epist.
1966 2891 2034 2946 ad

434 2985 678 3040 Corinth.
713 2998 781 3038 ex
810 2997 931 3053 cap.
964 2998 1004 3048 ι,
1036 2997 1078 3037 ιι
1110 2989 1162 3036 et
1194 2996 1275 3036 ιιι.

507 3074 633 3129 XII.
665 3074 796 3128 Item
824 3088 889 3128 ex
928 3088 1047 3142 cap.
1082 3088 1137 3136 v,
1170 3085 1268 3135 vu,
1303 3085 1385 3140 ιιι,
1417 3083 1499 3123 xu
1537 3076 1591 3124 et
1619 3084 1748 3124 xui.

505 3163 651 3217 XIII.
687 3162 853 3217 Porro
899 3161 1056 3217 etiam
1105 3176 1201 3230 per
1247 3159 1409 3217 verba
1455 3157 1722 3229 Apostoli,
1755 3158 1821 3212 de
1859 3154 2030 3229 Epist.

437 3251 503 3307 ad
533 3252 692 3308 Rom.
726 3266 792 3306 ex
819 3266 941 3321 cap.
973 3265 1017 3320 ι,
1047 3264 1109 3315 ιι,
1139 3263 1220 3318 ιιι,
1254 3265 1306 3317 v,
1339 3262 1398 3304 vr
1428 3254 1481 3301 et
1512 3260 1618 3301 vir.

507 3339 656 3395 XIV.
688 3339 765 3394 Ex
793 3339 1036 3408 ejusdem
1063 3337 1225 3394 etiam
1263 3334 1522 3407 Epistolae
1554 3349 1674 3405 cap.
1706 3348 1831 3400 vm,
1861 3348 1925 3405 ιι,
1953 3349 2037 3404 xr,

441 3445 543 3499 xu,
578 3446 681 3486 XIII
712 3440 767 3485 et
795 3444 907 3484 xvr.

513 3520 633 3576 XV.
663 3521 778 3574 Nec
824 3518 1001 3573 minus
1039 3531 1138 3588 per
1179 3515 1344 3574 verba
1378 3513 1643 3587 Apostoli,
1674 3512 1743 3569 de
1772 3513 1941 3586 Epist.
1974 3514 2042 3569 ad

441 3606 958 3665 Thessalonicenses
989 3605 1184 3677 prima.

513 3698 661 3752 XVI.
692 3697 759 3750 Et
804 3695 870 3750 de
914 3693 1080 3766 Epist.
1113 3694 1182 3748 ad
1227 3690 1736 3749 Thessalonicenses
1781 3691 2039 3748 secunda.

510 3784 685 3841 XVII.
725 3784 862 3839 Dein
916 3799 1013 3853 per
1066 3783 1233 3840 verba
1290 3782 1562 3853 Apostoli,
1613 3782 1682 3837 de
1740 3782 1910 3852 Epist.
1972 3780 2040 3834 ad

446 3872 779 3929 Laodicenos
805 3870 941 3940 (sive
983 3869 1046 3925 ad
1076 3868 1359 3941 Ephesios)
1388 3886 1451 3925 ex
1481 3885 1600 3940 cap,
1635 3885 1653 3925 ι
1682 3876 1735 3925 et
1763 3885 1828 3925 ιι.

461 4031 467 4037 ν
514 3962 711 4019 XVIII.
741 3960 820 4016 Ex
850 3958 1093 4031 ejusdem
1131 3958 1294 4015 etiam
1332 3958 1587 4031 Epistolae
1616 3973 1741 4031 cap.
1776 3973 1864 4030 ιιι,
1896 3974 1973 4026 ιν,
2007 3973 2042 4011 v

446 4065 500 4111 et
530 4069 605 4109 vr.
1977 4093 1980 4097 ,

513 4141 663 4200 ΧΙΧ.
690 4139 937 4212 Denique
984 4153 1080 4211 per
1124 4138 1286 4196 verba
1332 4132 1581 4210 Apostoli
1632 4136 1699 4193 de
1744 4135 1921 4209 Epist.
1974 4136 2042 4192 ad

445 4231 819 4290 Colossenses.

2040 877 2086 956 Α
2362 859 2441 956 De
2470 858 2645 931 Epist.
2679 856 2745 956 ad
2769 856 3163 956 Ehilippeuses.

2187 950 2337 1005 XXI.
2369 949 2644 1006 Postremo
2674 948 2742 1004 de
2769 947 2943 1020 Epist.
2971 946 3039 1002 ad
3065 945 3451 1003 Philemonem.
3484 944 3706 1001 ΡΑιιει..

2630 1091 2855 1150 CAPUT
2903 1090 3190 1148 PRIMUM.

2188 1198 2333 1253 Nihil
2364 1198 2484 1256 sine
2514 1197 2742 1272 origine,
2767 1198 2871 1255 nisi
2897 1199 3042 1254 Deus
3069 1197 3221 1254 solus
3255 1215 3268 1253 :
3297 1211 3418 1269 quae
3450 1201 3720 1268 quantum

2121 1287 2372 1358 praecedit
2412 1288 2467 1343 in
2503 1296 2644 1344 statu
2684 1287 2929 1345 omnium
2963 1304 3166 1358 rerum,
3201 1294 3406 1343 tantum
3442 1284 3724 1357 praecedat

2122 1392 2340 1432 necesse
2371 1388 2452 1434 est
2493 1377 2658 1433 etiam
2704 1378 2762 1432 in
2802 1383 3092 1434 retractatu
3134 1392 3341 1442 earum,
3369 1384 3427 1430 ut
3466 1381 3727 1431 constare

2121 1465 2189 1522 de
2234 1474 2375 1523 statu
2424 1466 2616 1537 possit.
2646 1465 2788 1535 Quia
2835 1482 2932 1523 nec
2998 1466 3200 1522 habeas
3267 1464 3536 1535 dispicere
3586 1460 3727 1535 quid

2121 1558 2280 1629 quale
2309 1557 2397 1622 sit,
2429 1557 2534 1613 nisi
2576 1566 2754 1612 certus
2791 1573 2858 1612 an
2889 1556 2977 1628 sit,
3012 1572 3135 1612 cum
3166 1557 3184 1595 1
3214 1552 3536 1627 cognoveris
3576 1550 3727 1608 unde

2121 1647 2208 1704 sit.
2239 1648 2308 1702 Et
2346 1647 2466 1704 ideo
2512 1662 2578 1702 ex
2621 1646 2871 1718 epusculi
2918 1646 3107 1702 ordine
3157 1645 3221 1701 ad
3272 1646 3411 1701 hanc
3438 1644 3726 1700 materiam

2126 1737 2429 1807 devolutus,
2461 1736 2688 1807 apostoli
2735 1752 2952 1809 quoque
3001 1734 3155 1791 Pauli
3204 1734 3468 1806 originem
3506 1750 3539 1790 a
3584 1733 3733 1788 hlar-

2129 1825 2283 1882 cione
2313 1825 2586 1892 desidero,
2618 1842 2790 1884 novus
2832 1825 3037 1898 alioqui
3081 1823 3400 1897 discipulus,
3430 1838 3532 1880 nec
3558 1821 3733 1878 ullius

2133 1916 2352 1973 alterius
2379 1915 2607 1985 auditor,
2639 1915 2735 1987 qui
2763 1914 2897 1971 nihil
2939 1915 3156 1971 interim
3186 1914 3425 1982 credam,
3456 1912 3558 1967 nisi
3591 1910 3733 1967 nihil

2137 2014 2334 2063 temere
2367 2005 2717 2061 credendum.
2739 2005 2967 2061 Temere
3000 2018 3162 2075 porro
3191 2002 3337 2058 credi
3369 2000 3735 2074 quodcunque

2133 2095 2251 2151 sine
2294 2092 2520 2167 originis
2565 2093 2836 2168 agnitione
2871 2093 3130 2164 creditur,
3158 2092 3360 2164 quique
3410 2088 3733 2161 dignissime

2130 2184 2198 2237 ad
2227 2181 2641 2238 sollicitudinem
2673 2182 2913 2255 redigam
2952 2184 3110 2238 istam
3147 2179 3575 2252 inquisitionem,
3603 2193 3733 2233 cum

2132 2272 2179 2327 is
2235 2271 2366 2327 mihi
2422 2270 2727 2327 affirmatur
2780 2270 3073 2342 apostolus,
3123 2286 3284 2343 quem
3322 2271 3376 2324 in
3432 2268 3552 2324 albo
3590 2282 3735 2339 apo-

2133 2360 2393 2416 stolorum
2444 2361 2525 2431 (1)
2575 2358 2748 2417 469
2795 2360 2939 2431 apud
2986 2358 3340 2431 Evangelium
3380 2372 3488 2413 non
3524 2356 3731 2426 depre-

2138 2449 2333 2504 hendo.
2366 2448 2610 2518 Denique
2675 2448 2901 2503 audiens
2968 2454 3156 2519 postea
3219 2462 3344 2502 eum
3412 2461 3443 2500 a
3496 2442 3734 2501 Domino

2136 2537 2387 2593 allectum
2430 2536 2549 2609 jam
2596 2537 2650 2593 in
2701 2538 2852 2594 ctelis
2899 2536 3232 2607 quiescente,
3260 2535 3416 2609 quasi
3464 2532 3736 2606 improvi-

2138 2626 2373 2682 dentiam
2437 2627 2700 2693 existimo,
2734 2627 2779 2681 si
2854 2641 2963 2681 non
3010 2634 3135 2681 ante
3190 2625 3344 2683 scivit
3411 2622 3563 2679 illum
3626 2621 3739 2676 sibi

2139 2716 2498 2772 necessarium
2563 2716 2839 2786 Christus;
2890 2715 2988 2773 sed
3058 2717 3169 2786 jam
3236 2714 3482 2771 ordinato
3555 2710 3738 2767 ofﬁcio

2140 2805 2580 2875 apostolatus,-’et
2623 2804 2678 2859 in
2724 2820 2820 2860 sua
2869 2819 3032 2876 opera
3091 2801 3338 2868 dimisso,
3380 2818 3446 2859 ex
3489 2801 3734 2871 incursu,

2140 2907 2250 2950 non
2295 2910 2361 2948 ex
2405 2901 2695 2965 prospectu
2744 2893 3103 2963 adjiciendum
3159 2890 3513 2957 existimavit;
3547 2905 3742 2945 neces-

2142 2981 2314 3048 sitate,
2349 2991 2409 3038 ut
2456 2982 2528 3038 ita
2576 2982 2825 3051 dixerim,
2856 2997 2964 3039 non
3012 2981 3310 3038 voluntate.
3350 2980 3738 3051 Quamobrem,

2142 3071 2364 3126 Pontice
2403 3071 2679 3145 nauclere,
2712 3071 2758 3127 si
2806 3086 3083 3143 nunquam
3123 3069 3353 3129 furtivas
3397 3084 3608 3125 merces
3655 3066 3739 3124 vel

2142 3159 2375 3226 illicitas,
2426 3160 2481 3217 in
2525 3167 2705 3218 acatos
2766 3168 2887 3217 tuas
2951 3162 3030 3232 (2)
3090 3159 3375 3231 recepisti;
3426 3159 3472 3213 si
3530 3156 3743 3213 nullum

2068 3244 2110 3323 ο
2142 3249 2360 3305 omnino
2406 3265 2546 3306 onus
2592 3251 2829 3306 avertisti
2876 3249 2962 3306 vel
3020 3248 3355 3315 adulterasti,
3388 3247 3598 3304 cautior
3633 3246 3742 3301 uti-

2148 3353 2254 3410 que
2289 3346 2342 3393 et
2385 3336 2590 3394 ﬁdelior
2621 3339 2677 3394 in
2725 3340 2823 3395 Dei
2868 3339 3051 3405 rebus,
3085 3339 3215 3395 edas
3245 3337 3405 3394 velim
3450 3337 3612 3392 nobis
3639 3351 3744 3407 quo

2149 3427 2399 3498 symbolo
2447 3428 2757 3501 susceperis
2798 3427 3105 3500 apostolum
3134 3427 3401 3483 Paulum?
3430 3425 3550 3498 quis
3592 3424 3745 3481 illum

2149 3517 2287 3572 tituli
2317 3517 2628 3574 charactere
2677 3517 3047 3590 percusserit?
3075 3516 3196 3590 quis
3226 3513 3586 3571 transmiserit
3616 3513 3749 3571 tibi?

2149 3602 2270 3674 quis
2316 3603 2650 3675 imposuerit,
2693 3612 2752 3661 ut
2797 3603 2979 3676 possis
3043 3620 3162 3660 eum
3215 3610 3523 3659 constanter
3574 3617 3749 3673 expo-

2152 3693 2314 3751 nere?
2345 3710 2411 3749 ne
2476 3694 2618 3750 illius
2682 3696 2970 3765 probetur,
3011 3693 3102 3765 qui
3171 3693 3355 3749 omnia
3418 3693 3753 3764 apostolatus

2153 3783 2272 3852 ejus
2330 3783 2685 3840 instrumenta
2749 3783 3055 3857 protulerit.
3092 3783 3210 3853 Ipse
3264 3799 3341 3851 se,
3376 3782 3567 3852 inquit,
3603 3782 3748 3851 Apo-

2154 3872 2347 3928 stolum
2395 3880 2475 3930 est
2522 3872 2798 3946 professus
2848 3872 3055 3946 (Galat.
3090 3888 3129 3937 ι,
3165 3873 3238 3940 1),
3273 3880 3328 3926 et
3368 3869 3591 3943 quidem
3639 3888 3753 3929 non

2153 3962 2219 4017 ab
2241 3962 2580 4030 hominibus,
2595 3981 2695 4021 nec
2712 3980 2812 4038 per
2832 3962 3136 4027 hominem,
3155 3961 3249 4017 sed
3262 3976 3365 4033 per
3384 3960 3573 4017 Iesum
3596 3960 3756 4016 Chri-

2153 4056 2328 4110 stum.
2358 4053 2522 4108 Plane
2551 4053 2789 4125 proﬁteri
2827 4058 3005 4124 potest
3041 4051 3399 4121 semetipsum
3435 4047 3623 4119 quivis
3654 4049 3754 4121 (3).

2152 4140 2353 4196 Verum
2379 4141 2652 4213 professio
2681 4143 2802 4213 ejus
2832 4140 3052 4197 alterius
3078 4138 3398 4196 auctoritate
3426 4135 3755 4194 conficitur:

2152 4228 2288 4285 alius
2338 4230 2543 4299 scribit,
2576 4231 2714 4287 alius
2757 4229 3069 4294 subscribit,
3116 4226 3254 4283 alius
3306 4225 3578 4300 obsignat,
3619 4226 3762 4282 alius

1814 4350 2006 4415 Variae
2079 4355 2394 4421 lectiones.

524 4494 542 4532 ι
572 4493 708 4549 Cum
737 4493 924 4549 omitt.
959 4491 1091 4548 Jun.

1867 4573 2369 4645 Commentarius.

517 4689 595 4760 (ι)
629 4691 693 4747 In
719 4686 842 4744 albo
870 4685 1274 4760 apostolorum.
1302 4681 1504 4760 Album
1651 4685 1734 4734 est
1763 4679 2039 4760 catalogus

444 4752 701 4833 apos'tol.;
734 4774 857 4813 nam
898 4752 1041 4833 apud
1086 4756 1483 4833 jureconsultos
1523 4752 1704 4833 album
1747 4755 2040 4833 estmatri-

445 4822 590 4898 cule,
632 4822 726 4888 seu
776 4822 1042 4901 particula
1088 4822 1464 4901 decuriqnum,
1514 4823 1660 4901 unde
1711 4822 1845 4877 alibi
1870 4840 2035 4901 "pro:

444 4892 674 4973 scriptio
730 4892 1116 4973 1.'Herrnuius
1173 4900 1258 4957 10,
1292 4898 1360 4951 Ι).
1401 4895 1468 4950 de
1518 4895 1708 4973 rlecur.
1738 4902 1810 4973 .et
1864 4892 1942 4952 lil.
1976 4895 2050 4973 Ea

440 4964 623 5030 ferme
668 4971 873 5027 ratione
920 4969 1103 5024 album
1143 4976 1454 5024 senatorum
1500 4966 1634 5021 dixit
1669 4964 1902 5035 λεύκωμα
1952 4972 2050 5018 τῶν

446 5045 770 5113 βουλευόντων
813 5038 1163 5113 _Dion.,Alib.
1226 5054 1317 5106 LV,
1373 5038 1674 5113 etgalbuul
1722 5035 2050 5093 citharoedo-

444 5108 568 5172 rum
600 5111 894 5170 Suetonius
928 5111 979 5165 in
1010 5110 1225 5165 Nerone
1255 5126 1373 5180 cap.
1407 5111 1496 5164 20.
1532 5110 1608 5161 LE
1643 5108 1739 5162 Pa.

515 5187 592 5258 (2)
624 5188 687 5241 In
718 5188 911 5239 acatos
942 5186 1093 5236 tuas.
1134 5177 1499 5258 Acutususivc
1546 5180 1725 5258 alato;
1751 5188 1804 5233 et
1849 5177 2048 5258 dxdrrov

447 5249 645 5331 navigii
712 5270 887 5331 genus
951 5262 1052 5320 est,
1084 5252 1230 5323 quod
1268 5249 1425 5318 velis,
1477 5265 1585 5305 non
1641 5257 1820 5306 autem
1886 5250 2053 5305 remis

448 5327 732 5405 agebatur.
766 5327 848 5382 In.

516 5405 593 5475 (3)
622 5402 803 5481 Plane
828 5389 2054 5517 proﬁteripotestseipsuquuivis.quuitur

538 5472 886 5517 nrnfessmne
922 5482 1044 5517 uuae
1084 5469 1145 5517 ιιι
1181 5466 1323 5517 anud
1371 5472 1507 5517 acta.
1593 5479 1675 5516 am
1709 5463 2051 5517 nrohtemur.

439 5462 886 5546 de‘p'rofessione
922 5462 1044 5539 quae
1084 5462 1145 5546 tit
1181 5466 1323 5537 apud
1367 5462 1675 5546 actaaNa‘m
1709 5462 2051 5546 profitemur,

441 5534 573 5602 dum
622 5543 840 5619 publice
887 5534 955 5596 ρι’
992 5537 1137 5613 apud
1173 5534 1290 5594 acta
1332 5534 1535 5608 aliquid
1572 5534 1715 5591 ultro
1763 5535 2053 5591 denuntia-

2146 4703 2288 4756 mus,
2312 4685 2480 4744 veluti
2530 4703 2649 4742 cum
2699 4684 3018 4758 profitemur
3062 4698 3275 4758 merces
3299 4696 3387 4758 _ne
3424 4680 3479 4735 in
3505 4676 3766 4758 vectigali

2148 4753 2438 4829 pendundo
2485 4753 2815 4830 Reipublicm
2845 4758 3014 4830 fraus
3059 4754 3350 4830 ﬁat.fUnde
3402 4767 3612 4808 merces
3650 4753 3767 4806 im-

2152 4826 2434 4903 professas
2480 4826 2798 4903 Marcianus,
2840 4827 2895 4903 in
2947 4826 3249 4903 Pandectis
3299 4832 3477 4903 vocat,
3529 4837 3771 4903 quarum

2159 4892 2375 4956 nomine
2411 4901 2618 4957 nullum
2664 4900 2894 4970 vectigal
2943 4900 3176 4959 solutum
3226 4903 3329 4952 est.
3360 4896 3497 4951 Item
3546 4892 3774 4964 profite-

2160 4971 2355 5028 bantur
2392 4971 2533 5029 ﬁlios
2566 4980 2721 5027 natos
2761 4971 2863 5026 sibi
2902 4971 3043 5042 apud
3085 4976 3445 5042 acta_vete_res
3479 4983 3493 5020 :
3524 4981 3650 5042 quae
3682 4980 3776 5042 res

2160 5053 2273 5098 tum
2323 5056 2546 5111 certam,
2576 5055 2687 5101 tum
2736 5035 2951 5098 facilem
2989 5041 3165 5096 aetatis
3212 5035 3776 5111 faciebat_probati9-

2160 5131 2305 5179 nem,
2338 5114 2385 5169 si
2434 5107 2654 5186 quando
2713 5113 3021 5186 hujusmodi
3062 5111 3311 5186 Adu‘bium
3362 5107 3673 5186 incidisset.
3711 5107 3772 5160 In

2161 5178 2301 5242 hunc
2349 5178 2573 5242 sensum
2630 5178 3102 5258 eleganter_dicit_
3139 5182 3361 5249 Seneca,
3398 5178 3643 5258 profiteri
3697 5194 3776 5232 aes

2159 5258 2506 5329 alienude
2546 5259 2690 5329 quod
2718 5252 3025 5329 'candidati
3080 5255 3255 5329 facere
3324 5252 3665 5329 cegebantur
3715 5258 3773 5303 et

2160 5332 2260 5401 rei,
2293 5330 2358 5387 de
2409 5323 2603 5401 Benef.
2639 5329 2849 5401 lib.vr._
2891 5326 3074 5382 Livius
3121 5323 3361 5401 profiteri
3407 5323 3768 5401 frumentum,

2162 5391 2255 5457 lib.
2301 5416 2377 5466 tv,
2430 5391 2568 5458 dcc."
2602 5405 2653 5465 1,
2705 5400 2795 5454 ubi
2836 5398 2897 5470 in_
2954 5391 3290 5470 pervulgatis
3361 5391 3771 5470 exemplaribus

2162 5464 2420 5600 gradose
2492 5473 2691 5545 legitur
2762 5464 3012 5527 confiteri
3078 5464 3327 5541 cogendo
3403 5464 3768 5521 frumentum.

2211 5559 2345 5600 nam.

2211 5559 2345 5601 BEN.
