4018 6192
278 279 369 337 501
1480 283 1605 341 LIB.
1645 279 1689 338 ν
1745 277 1899 337 ADV.
1942 274 2347 343 MARCIONEM.

3456 287 3563 348 502

277 405 405 500 actis
455 407 638 500 refert.
681 409 849 500 Nemo
892 411 995 468 sibi
1059 420 1113 468 et
1157 410 1432 483 professor
1462 418 1516 467 et
1568 409 1718 467 testis
1765 413 1866 464 est.
1897 420 1944 500 Α
1978 415 2036 462 ut
2066 418 2314 468 avertens
2351 429 2382 468 a
2414 411 2702 484 judaismo,
2750 427 2858 468 non
2905 415 3102 482 pariter
3147 414 3462 473 ostenderet
3506 416 3564 471 in

277 495 470 552 Praeter
490 497 604 554 haec
625 498 810 570 utique
837 501 1017 574 legisti
1047 502 1202 573 (Luc.
1235 519 1363 570 xxi,
1395 503 1470 575 8),
1492 503 1704 558 multos
1732 517 1866 558 ven-

277 591 432 643 turos
464 591 563 660 qui
580 588 775 647 dicant
806 609 822 644 :
856 595 968 664 Ego
1001 609 1131 650 sum
1167 594 1439 650 Christus.
1474 593 1531 647 Si
1559 599 1641 647 est
1679 590 1769 663 qui
1806 604 1864 644 se

273 675 539 732 Christum
586 681 891 748 mentiatur,
924 691 1130 752 quanto
1154 683 1325 755 magis
1353 682 1447 753 qui
1473 698 1531 736 se
1561 678 1861 753 apostolum

271 767 526 836 praedicet
553 767 793 825 Christi?
835 770 1028 827 Adhuc
1074 787 1180 845 ego
1227 772 1281 827 in
1337 785 1570 844 persona
1615 766 1864 840 discipuli

271 863 321 911 et
349 856 683 928 inquisitoris
712 875 1017 930 conversor,
1045 868 1105 917 ut
1149 863 1262 932 jam
1302 862 1429 916 hinc
1448 867 1502 916 et
1533 860 1689 915 ﬁdem
1719 868 1860 914 tuam

270 945 582 1013 obtundam,
637 948 732 1022 qui
781 951 923 1005 unde
976 967 1095 1007 eam
1153 953 1352 1022 probes
1395 966 1505 1006 non
1551 950 1760 1015 habes;
1811 952 1864 1000 et

265 1036 660 1109 impudentiam
688 1038 1016 1108 suffundam,
1050 1041 1142 1113 qui
1171 1040 1426 1106 vindicas,
1459 1046 1509 1096 et
1551 1038 1692 1094 unde
1735 1050 1864 1108 pos-

267 1128 337 1182 sis
366 1126 645 1184 vindicare
689 1145 797 1184 non
845 1130 1061 1202 recipis.
1111 1130 1192 1187 Sit
1247 1131 1510 1196 Christus,
1569 1127 1635 1182 sit
1663 1127 1686 1164 2
1713 1127 1864 1195 Apo-

265 1217 456 1288 stolus,
493 1225 552 1273 ut
579 1217 793 1274 alterius
823 1219 953 1275 dum
1001 1236 1108 1275 non
1167 1221 1464 1292 probantur
1507 1217 1610 1272 nisi
1665 1216 1732 1273 de
1785 1215 1867 1270 in-

265 1312 567 1361 strumento
634 1306 924 1365 Creatoris.
972 1309 1111 1364 Nam
1166 1310 1190 1348 3
1237 1309 1370 1364 mihi
1426 1309 1651 1363 Paulum
1705 1305 1863 1362 etiam

263 1392 494 1448 Genesis
533 1394 664 1449 olim
712 1396 1039 1467 repromisit.
1087 1398 1233 1454 Inter
1283 1397 1399 1454 illas
1453 1397 1596 1452 enim
1662 1395 1864 1466 ﬁguras

263 1489 313 1535 et
367 1483 720 1554 pr0pheticas
784 1501 947 1556 super
1020 1484 1162 1541 ﬁlios
1237 1501 1364 1541 suos
1433 1484 1858 1551 benedictiones,

260 1571 422 1626 Iacob
470 1588 598 1627 cum
671 1573 736 1628 ad
793 1574 1076 1646 Benjamin
1139 1575 1428 1632 direxisset
1467 1577 1512 1642 4,
1562 1573 1864 1644 Benjamin,

262 1660 433 1731 inquit
456 1664 619 1731 (Gen.
653 1679 810 1729 xux,
847 1665 959 1734 2'7),
987 1667 1149 1738 lupus
1181 1667 1475 1739 rapax,ad
1503 1667 1864 1722 matutinum

265 1751 514 1808 comedet
533 1752 736 1818 adhuc,
753 1757 809 1810 et
824 1753 897 1810 ad
915 1770 1206 1828 vesperam
1225 1754 1380 1812 dabit
1394 1771 1600 1813 escam.
1615 1754 1693 1808 Ex
1718 1753 1860 1808 tribu

272 1841 418 1895 enim
449 1843 729 1912 Beniamin
761 1847 1024 1900 oriturum
1053 1846 1274 1902 Paulum
1305 1845 1640 1918 providebat,
1665 1845 1860 1914 lupum

276 1947 542 2000 rapacem,
566 1933 625 1986 ad
656 1934 974 1989 matutinum
1004 1935 1399 2001 comedentem,
1446 1936 1498 1990 id
1530 1944 1626 2000 est,
1682 1935 1861 2004 prima

271 2027 428 2074 aetate
467 2029 790 2076 vastaturum
848 2038 1040 2093 pecora
1073 2024 1308 2092 Domini,
1353 2030 1411 2079 ut
1456 2035 1861 2094 persecutorem

262 2107 670 2176 Ecclesiarum;
715 2111 911 2167 dehinc
940 2112 1007 2166 ad
1037 2128 1324 2184 vesperam
1355 2128 1532 2168 escam
1589 2113 1858 2176 daturum,

259 2195 312 2250 id
355 2205 458 2268 est,
509 2200 836 2272 devergente
879 2202 990 2271 jam
1028 2209 1184 2258 aetate
1207 2217 1334 2258 oves
1363 2201 1559 2258 Christi
1604 2202 1864 2257 educatu-

259 2303 400 2353 rum,
433 2295 497 2342 ut
527 2289 809 2345 doctorem
849 2291 1149 2347 nationum.
1173 2292 1310 2346 Nam
1366 2298 1419 2348 et
1463 2290 1636 2346 Saulis
1690 2289 1864 2362 primo

258 2378 529 2447 asperitas
560 2379 924 2436 insectationis
954 2398 1083 2454 erga
1133 2381 1327 2450 David,
1358 2381 1552 2436 dehinc
1599 2381 1869 2450 poeniten-

262 2466 331 2521 tia
377 2467 555 2523 470
594 2476 649 2524 et
679 2470 993 2540 satisfactio,
1024 2472 1165 2527 bona
1210 2486 1308 2542 pro
1353 2470 1509 2525 malis
1538 2469 1869 2540 recipientis,

261 2569 366 2609 non
397 2555 554 2612 aliud
584 2558 936 2629 portendebat
962 2575 1121 2632 quam
1166 2559 1387 2615 Paulum
1446 2560 1500 2614 in
1548 2558 1729 2627 Saule,
1775 2574 1870 2613 se-

261 2645 503 2699 cundum
537 2647 745 2715 tribus;
780 2655 835 2703 et
881 2651 1064 2704 Jesum
1090 2649 1145 2704 in
1192 2648 1382 2716 David,
1429 2648 1729 2704 secundum
1766 2648 1871 2704 vir-

262 2733 411 2802 ginis
459 2752 706 2791 censum.
767 2741 894 2794 Haec
948 2738 1243 2812 ﬁgurarum
1302 2746 1634 2793 sacramenta
1675 2737 1720 2791 si
1774 2737 1874 2792 tibi

271 2822 578 2894 displicent,
621 2835 759 2884 certe
812 2829 946 2884 Acta
1000 2828 1369 2898 apostolorum
1411 2829 1553 2899 (cap.
1602 2827 1684 2898 ιχ)
1729 2827 1873 2881 hunc

274 2913 402 2969 mihi
433 2917 678 2972 ordinem
728 2918 876 2974 Pauli
911 2918 1264 2984 tradiderunt,
1323 2935 1355 2973 a
1401 2925 1453 2973 te
1499 2932 1718 2988 quoque
1765 2929 1873 2970 non

1975 499 2134 569 cujus
2162 500 2259 556 Dei
2285 500 2448 558 ﬁdem
2477 509 2744 558 averteret
2774 521 2786 557 :
2822 503 2948 574 quia
2975 519 3131 560 nemo
3160 505 3386 562 transire
3439 520 3565 576 pos-

1974 598 2057 645 set
2091 606 2119 645 a
2151 591 2424 656 Creatore,
2465 592 2712 648 nesciens
2744 591 2809 648 ad
2837 607 2993 664 quem
3034 595 3413 650 transeundum
3459 593 3565 649 sibi

1974 687 2138 735 esset.
2173 681 2300 737 Sive
2337 681 2483 736 enim
2511 681 2758 737 Christus
2800 684 2915 751 jam
2957 681 3120 736 alium
3149 684 3322 738 Deum
3369 685 3564 742 revela-

1973 776 2138 835 verat,
2175 772 2497 842 sequebatur
2542 772 2704 826 etiam
2747 771 2976 842 apostoli
3027 773 3288 840 testatio;
3345 775 3431 829 vel
3496 790 3566 829 ne

1973 871 2082 912 non
2122 856 2238 930 ejus
2282 860 2382 914 Dei
2419 861 2698 930 apostolus
2754 861 3060 925 haberetur,
3116 875 3280 931 quem
3323 860 3566 916 Christus

1972 948 2321 1016 revelaverat;
2356 958 2411 1006 et
2435 951 2562 1023 quia
2614 966 2723 1006 non
2768 950 2960 1006 licebat
3005 948 3264 1004 abscondi
3314 950 3382 1004 ab
3429 965 3564 1020 apo-

1973 1038 2128 1104 stolo,
2160 1041 2252 1112 qui
2277 1041 2386 1109 jam
2415 1040 2684 1097 revelatus
2711 1039 2898 1095 fuisset
2926 1055 2955 1093 a
2994 1038 3228 1094 Christo.
3259 1039 3384 1094 Sive
3429 1038 3562 1093 nihil

1971 1125 2081 1182 tale
2109 1127 2176 1182 de
2223 1129 2340 1186 Deo
2381 1129 2620 1186 Christus
2673 1129 3018 1199 revelaverat,
3077 1134 3223 1184 tanto
3271 1126 3448 1198 magis
3499 1127 3566 1181 ab

1971 1217 2217 1285 apostolo
2304 1217 2563 1273 debuerat
2600 1216 2838 1283 revelari,
2904 1217 2999 1287 qui
3061 1217 3174 1286 jam
3229 1232 3336 1272 non
3386 1222 3569 1286 posset

1973 1307 2040 1360 ab
2071 1305 2212 1377 alio;
2244 1321 2352 1362 non
2373 1306 2672 1363 credendus
2713 1306 2828 1361 sine
2873 1303 3058 1375 dubio,
3108 1303 3155 1359 si
3195 1320 3297 1360 nec
3325 1305 3392 1359 ab
3432 1319 3566 1373 apo-

1973 1394 2111 1452 stolo
2141 1395 2425 1454 revelatus.
2458 1395 2616 1466 Quod
2645 1394 2847 1451 idcirco
2877 1394 3306 1465 praestruximus,
3347 1400 3404 1448 ut
3453 1393 3566 1462 jam

1975 1483 2098 1539 hinc
2137 1485 2486 1556 proﬁteamur
2528 1500 2632 1540 nos
2684 1482 2908 1554 proinde
2958 1483 3298 1554 probaturos,
3357 1481 3568 1536 nullum

1977 1572 2140 1628 alium
2169 1573 2343 1630 Deum
2372 1574 2438 1628 ab
2486 1572 2732 1643 apostolo
2786 1572 3177 1639 circumlatum,
3239 1571 3376 1627 sicut
3433 1585 3567 1639 pro-

1974 1660 2240 1729 bavimus,
2291 1677 2390 1718 nec
2435 1677 2465 1716 a
2494 1660 2733 1726 Christo;
2783 1676 2851 1716 ex
2891 1659 3023 1730 ipsis
3077 1660 3261 1730 utique
3307 1657 3569 1730 Epistolis

1974 1709 2240 1729 __.-.--__,
2294 1709 2389 1718 ---ν
2435 1709 2465 1716 ..
2500 1709 2733 1726 -__----,
2788 1709 2851 1716 --_
2893 1709 3022 1730 τ---
3080 1709 3258 1730 ππ--
3307 1709 3564 1730 _r----,_-

1896 1709 1939 1787 Β
1972 1751 2143 1819 Pauli,
2191 1766 2326 1823 quas
2387 1751 2618 1822 proinde
2663 1748 2938 1805 mutilatas
2983 1747 3147 1804 etiam
3200 1749 3269 1803 de
3316 1761 3564 1810 numero,

1969 1839 2142 1896 forma
2194 1841 2304 1911 jam
2334 1838 2576 1896 haeretici
2631 1837 2908 1912 Evangelii
2961 1836 3344 1908 przejudicasse
3391 1835 3568 1890 debe-

1971 1929 2069 1985 bit.

2603 2073 2827 2129 CAPUT
2866 2072 2934 2129 II.

2045 2196 2399 2270 Principalem
2459 2198 2673 2268 (Galat.
2708 2196 2748 2269 ι)
2807 2197 3068 2254 adversus
3117 2195 3450 2252 Judaismum
3489 2196 3570 2266 (5)

1976 2289 2254 2361 epistolam
2285 2287 2444 2345 471
2501 2303 2599 2342 nos
2628 2303 2844 2359 quoque
2889 2286 3225 2355 conﬁtemur,
3257 2301 3376 2358 quae
3406 2285 3572 2341 Gala-

1979 2388 2056 2433 tas
2085 2378 2262 2437 docet.
2301 2377 2693 2448 Amplectimur
2722 2380 2922 2434 etenim
2975 2392 3191 2434 omnem
3241 2376 3387 2432 illam
3430 2374 3574 2448 legis

1978 2468 2175 2525 veteris
2221 2467 2588 2534 abolitionem,
2621 2475 2680 2523 ut
2723 2476 2776 2522 et
2805 2469 2976 2539 ipsam
3023 2469 3092 2523 de
3148 2465 3418 2523 Creatoris
3473 2479 3571 2518 ve—

1980 2558 2216 2614 nientem
2241 2558 2620 2630 dispositione,
2647 2558 2784 2613 sicut
2813 2574 2957 2629 saepe
2984 2557 3094 2627 jam
3137 2555 3194 2612 in
3251 2555 3356 2611 isto
3385 2553 3572 2610 ordine

1980 2648 2346 2714 tractavimus,
2406 2647 2474 2703 de
2527 2647 2813 2718 praedicata
2862 2648 3147 2703 novatione
3210 2661 3240 2699 a
3294 2643 3574 2716 prOphetis

1982 2736 2082 2790 Dei
2111 2737 2300 2792 nostri.
2331 2735 2486 2803 Quod
2516 2735 2563 2789 si
2591 2735 2814 2790 Creator
2861 2733 3077 2804 quidem
3129 2740 3309 2788 vetera
3355 2745 3576 2786 cessura

1984 2824 2249 2894 promisit,
2328 2823 2482 2879 novis
2553 2823 2759 2879 scilicet
2831 2820 3080 2886 orituris;
3140 2819 3383 2875 Christus
3441 2833 3572 2875 vero

1983 2920 2195 2985 tempus
2223 2911 2584 2968 distinctionis
2611 2911 2764 2966 istius
2797 2912 2934 2982 (Lex
2973 2915 3027 2966 et
3067 2910 3362 2982 Prophetm
3399 2923 3575 2978 usque

274 3007 604 3077 negandum.
635 3007 762 3062 Inde
811 3009 1114 3080 apostolum
1161 3007 1410 3063 ostendo
1454 3013 1874 3078 persecutorem,
1908 3000 1951 3079 ε
1979 3002 2050 3057 ad
2089 3001 2382 3069 Joannem)
2435 3000 2724 3055 terminum
2786 2999 2841 3054 in
2888 3000 3094 3054 Joanne
3138 3004 3381 3054 statuens
3437 2994 3575 3050 inter

273 3109 376 3149 non
407 3094 475 3149 ab
504 3095 829 3162 hominibus,
881 3114 1058 3169 neque
1107 3113 1206 3170 per
1262 3097 1575 3160 hominem;
1634 3095 1760 3150 inde
1816 3103 1868 3150 et

276 3183 377 3253 ipsi
403 3185 626 3240 credere
650 3185 914 3255 inducor;
945 3187 1072 3242 inde
1105 3193 1154 3242 te
1203 3202 1236 3242 a
1263 3185 1578 3240 defensione
1617 3185 1739 3255 ejus
1767 3201 1867 3241 ex-

279 3273 457 3342 pello;
487 3290 586 3330 nec
614 3273 782 3332 timeo
812 3277 1111 3333 dicentem:
1151 3279 1231 3334 Tu
1262 3291 1393 3348 ergo
1447 3290 1615 3349 negas
1657 3282 1870 3344 aposto-

277 3361 387 3416 lum
417 3360 644 3418 Paulum
665 3365 694 3418 ‘P
723 3379 833 3419 non
863 3365 1178 3437 blasphemo
1198 3380 1358 3437 quem
1391 3372 1564 3420 tueor.
1596 3363 1772 3436 Nego,
1811 3373 1871 3419 ut

279 3461 326 3506 te
356 3452 586 3523 probare
617 3453 956 3525 compellam.
988 3457 1172 3530 ,Nego,
1219 3462 1277 3510 ut
1330 3462 1509 3510 meum
1568 3470 1692 3509 esse
1732 3468 1869 3509 con-

280 3541 508 3599 vincam.
545 3542 654 3597 Aut
689 3542 736 3597 si
782 3543 850 3598 ad
897 3551 1136 3600 nostram
1192 3544 1351 3599 ﬁdem
1408 3552 1642 3616 spectas,
1689 3542 1869 3614 recipe

281 3647 399 3700 qua
428 3646 546 3686 eam
577 3630 798 3687 faciunt.
851 3632 910 3688 Si
949 3632 1015 3686 ad
1061 3640 1208 3688 tuam
1262 3647 1546 3703 provocas,
1597 3629 1696 3686 ede
1751 3644 1871 3700 quae

281 3735 395 3776 eam
441 3728 791 3793 praestruunt.
822 3721 933 3777 Aut
974 3723 1144 3794 proba
1200 3737 1332 3787 esse,
1365 3736 1484 3793 quae
1530 3720 1743 3788 credis;
1781 3726 1872 3774 aut

282 3809 326 3862 si
354 3825 458 3865 non
488 3811 708 3881 probas,
740 3810 1013 3882 quomodo
1060 3810 1235 3866 credis
1255 3813 1282 3865 Ξ)
1326 3813 1431 3864 Aut
1475 3807 1648 3880 qualis
1680 3824 1738 3864 es
1765 3808 1868 3862 ad-

285 3913 466 3954 versus
494 3916 619 3955 eum
651 3899 893 3966 credens,
919 3917 949 3955 a
977 3916 1084 3972 quo
1124 3900 1242 3956 solo
1273 3900 1530 3970 probatur
1579 3913 1695 3954 esse
1727 3896 1872 3967 quod

289 3988 494 4044 credis?
519 3989 668 4044 Habe
697 4005 839 4045 nunc
875 3997 931 4044 et
967 3990 1270 4060 apostolum
1302 3989 1368 4043 de
1423 4003 1566 4054 meo,
1625 3987 1763 4043 sicut
1819 3992 1873 4040 et

282 4075 590 4146 Christum;
638 4085 752 4134 tum
794 4095 972 4134 meum
1026 4078 1346 4149 apostolum,
1407 4093 1570 4149 quam
1607 4084 1662 4132 et
1705 4073 1869 4130 Chri-

278 4166 661 4222 stum.1isdem
699 4167 751 4222 e1
775 4167 863 4223 hic
889 4167 1263 4224 dimicabimus
1305 4166 1460 4222 lineis
1487 4167 1592 4236 (4),
1641 4166 1696 4220 in
1751 4165 1870 4234 ipso

276 4257 448 4324 gradu
490 4257 904 4328 provocabimus
934 4255 1376 4327 praescriptionis,
1417 4262 1671 4327 Oportere
1720 4251 1868 4308 scili-

1979 3098 2267 3159 utrumque
2298 3088 2561 3153 ordinem,
2612 3086 2974 3143 desinentium
3017 3086 3213 3142 exinde
3242 3094 3478 3141 veterum
3523 3091 3576 3138 et

1976 3177 2351 3248 incipientium
2378 3190 2675 3241 novorum;
2727 3173 3030 3231 necessarie
3079 3181 3134 3229 et
3175 3173 3471 3244 Apostolus
3517 3172 3573 3225 in

1976 3268 2192 3323 Christo
2273 3275 2398 3337 post
2469 3266 2728 3320 Joannem
2791 3262 3028 3319 revelato
3077 3269 3263 3318 vetera
3317 3259 3569 3325 inﬁrmat,

1980 3372 2117 3413 nova
2145 3371 2277 3411 vero
2315 3352 2618 3419 confirmat,
2662 3360 2822 3424 atque
2864 3353 2936 3406 ita
2967 3367 3076 3406 non
3126 3350 3346 3406 alterius
3378 3348 3474 3404 Dei
3506 3348 3571 3402 fi-

1977 3445 2098 3501 dem
2143 3451 2294 3500 curat
2349 3460 2514 3516 quam
2556 3442 2843 3507 Creatoris,
2893 3439 3034 3510 apud
3079 3455 3238 3510 quem
3295 3447 3348 3494 et
3395 3445 3573 3494 vetera

1978 3535 2264 3590 decessura
2303 3533 2760 3605 praedicabantur.
2809 3530 2987 3603 Igitur
3034 3536 3087 3582 et
3143 3528 3302 3597 Legis
3361 3526 3572 3581 destru-

1978 3625 2106 3689 ctio,
2141 3631 2194 3678 et
2212 3621 2490 3695 Evangelii
2510 3621 2814 3688 aediﬁcatio,
2846 3634 2943 3688 pro
2990 3632 3076 3672 me
3108 3615 3309 3672 faciunt
3360 3614 3415 3668 in
3472 3614 3573 3670 ista

1978 3727 2192 3784 quoque
2247 3711 2504 3782 Epistola,
2544 3710 2610 3764 ad
2660 3725 2780 3764 eam
2829 3708 3135 3762 Galatarum
3188 3702 3571 3774 praesumptio-

1979 3817 2103 3857 nem
2163 3800 2512 3872 pertinentes,
2563 3814 2667 3871 qua
2711 3795 3113 3868 praesumebant
3173 3791 3438 3848 Christum
3486 3797 3570 3845 ut-

1979 3897 2107 3962 puta
2160 3887 2448 3958 Creatoris,
2507 3887 2656 3943 salva
2701 3884 2974 3942 Creatoris
3017 3883 3137 3957 lege
3185 3879 3564 3936 credendum:

1979 3980 2125 4050 quod
2155 3979 2332 4034 adhuc
2358 3975 2672 4032 incredibile
2701 3973 2994 4038 videretur,
3044 3971 3220 4041 legem
3265 3983 3416 4024 asuo
3469 3983 3568 4022 au-

1979 4077 2126 4122 ctore
2169 4065 2386 4137 deponi.
2441 4066 2625 4132 Porro,
2678 4063 2723 4118 si
2779 4063 3000 4118 omnino
3055 4059 3217 4115 alium
3273 4059 3447 4114 Deum
3503 4057 3572 4111 ab

1979 4155 2238 4225 Apostolo
2269 4153 2564 4217 audissent,
2595 4152 2735 4207 ultro
2767 4150 2949 4220 utique
2996 4149 3228 4204 scissent
3284 4146 3574 4201 absceden-

1977 4245 2106 4298 dum
2139 4241 2238 4297 sibi
2269 4257 2386 4296 esse
2433 4256 2466 4295 a
2508 4241 2632 4312 lege
2669 4242 2788 4309 ejus
2834 4239 2937 4293 Dei
2992 4253 3153 4308 quem
3203 4233 3568 4304 reliquissent,

276 4323 363 4400 (ζει
394 4353 451 4401 οι
480 4323 787 4418 ἀροειοωηι
810 4345 900 4418 qui
931 4323 1197 4401 Creatoris
1225 4323 1471 4416 negetur;
1504 4343 1614 4397 imo
1650 4348 1702 4396 ei
1765 4340 1868 4395 ad-
1902 4344 1946 4421 ο
1979 4331 2138 4386 alium
2161 4329 2353 4386 secuti.
2383 4327 2519 4397 Quis
2545 4329 2691 4384 enim
2724 4332 3059 4421 exspectaret
3097 4323 3304 4421 diutius
3338 4323 3570 4421 discere,

277 4449 466 4491 versus
517 4436 831 4492 Creatorem
895 4434 1214 4506 proferatur,
1280 4433 1411 4487 nihil
1467 4433 1681 4498 docere,
1735 4428 1870 4484 nihil

276 4539 488 4595 sapere,
519 4524 653 4580 nihil
682 4523 816 4580 velle
846 4525 1140 4581 secundum
1178 4523 1506 4584 Creatorem,
1557 4527 1612 4575 et
1657 4518 1711 4572 in
1755 4516 1871 4588 pri-

275 4615 385 4670 mis
441 4622 590 4669 tanta
644 4611 947 4670 constantia
993 4611 1162 4669 alium
1207 4611 1383 4668 Deum
1413 4608 1646 4676 edicere,
1677 4613 1874 4671 quanta

275 4720 308 4758 a
336 4703 459 4775 lege
479 4701 752 4760 Creatoris
779 4700 1010 4772 abrupit.
1049 4700 1238 4772 Neque
1266 4697 1409 4755 enim
1457 4693 1744 4754 verisimile
1771 4700 1874 4761 est,

1976 4422 2126 4494 quod
2167 4435 2362 4477 novam
2401 4418 2625 4473 deberet
2673 4415 2866 4471 sectari
2921 4411 3282 4484 disciplinam,
3331 4412 3425 4484 qui
3471 4429 3571 4469 no-

1981 4528 2106 4568 vum
2143 4511 2317 4565 Deum
2367 4505 2706 4579 recepisset?
2762 4505 2895 4569 Imo,
2954 4501 3078 4573 quia
3113 4501 3300 4556 eadem
3353 4501 3572 4572 quidem

1984 4599 2233 4658 divinitas
2278 4596 2670 4669 praedicabatur
2719 4593 2773 4648 in
2819 4589 3134 4663 Evangelio,
3193 4605 3313 4660 quae
3362 4605 3575 4658 semper

1986 4697 2111 4747 nota
2164 4686 2338 4744 fuerat
2381 4687 2436 4742 in
2490 4685 2651 4758 Lege,
2711 4680 2993 4754 disciplina
3030 4692 3157 4735 vero
3219 4691 3326 4732 non
3363 4676 3569 4742 eadem,

1639 4811 1832 4874 Variae
1896 4809 2209 4871 lectiones.

358 4926 383 4963 ²
410 4924 564 4983 Sic...
594 4924 674 4981 sic
702 4926 782 4982 al.
817 4935 841 4969 δ
868 4925 992 4981 Non
1021 4923 1197 4981 Rhen.
1231 4921 1399 4980 Seml.
1429 4917 1649 4980 Oberth.
1678 4919 1700 4957 ἰ
1720 4915 1953 4973 Dixisset
1980 4912 2154 4971 Rhea.
2191 4911 2358 4970 Seml.
2390 4909 2610 4967 Oberth.

1679 5042 2176 5107 Commentarius.

358 5161 436 5232 (4)
456 5160 660 5232 Iisdem
697 5160 753 5232 et
802 5157 894 5232 _ht'c
933 5155 1330 5232 dimicabimus
1368 5153 1551 5210 lineis.
1595 5149 1879 5232 Linearum

291 5219 697 5299 proverbialiter
741 5229 939 5284 lubens
973 5227 1240 5296 meminit,
1269 5237 1349 5292 ut,
1386 5247 1408 5277 α
1452 5238 1663 5280 rursum
1711 5220 1778 5275 ad
1816 5219 1881 5273 li-

295 5319 433 5368 neas,
466 5303 781 5374 praeducere
809 5300 997 5374 lineas.
1023 5319 1046 5349 »
1080 5300 1265 5374 Basia.

359 5362 435 5445 (5)
460 5362 849 5442 Principalem
876 5372 1141 5447 adversus
1182 5368 1564 5447 Judaismum,
1589 5372 1692 5446 etc.
1723 5362 1882 5431 Quod

291 5441 624 5520 ex'margine
657 5441 714 5520 in
738 5451 1050 5520 contextum
1079 5441 1390 5520 irrepserat,
1441 5441 1884 5520 iteruminmar-

287 5507 632 5584 ginemftum
673 5519 776 5572 hoc
811 5515 955 5580 loco,
992 5524 1104 5570 tum
1133 5507 1347 5584 ubique
1377 5507 1535 5584 infra,
1569 5507 1876 5584 rejecimus.

287 5579 522 5647 Titulum
559 5604 756 5661 nempe
783 5579 947 5659 hujus
977 5583 1166 5657 capitis
1200 5601 1213 5639 :
1243 5579 1497 5655 Epistula
1526 5580 1599 5635 ad
1631 5579 1883 5646 Galatas,

1987 5143 2074 5200 cui
2103 5141 2402 5212 adjecimus
2432 5157 2505 5198 ex
2551 5155 2676 5212 cap.
2726 5137 2885 5212 Atqui
2919 5136 3058 5212 facit
3111 5136 3579 5212 adversushasre-

1991 5216 2123 5271 ticos
2150 5207 2439 5270 hodiernos
2476 5207 3022 5284 illud'principalem
3053 5207 3314 5284 adversus
3351 5208 3582 5284 Judais-

1989 5304 2148 5344 mum
2167 5287 2498 5359 Epistolam,
2518 5302 2558 5359 _q
2568 5283 2622 5338 ui
2640 5277 2872 5359 sensum
2891 5281 3177 5359 verborum
3206 5277 3451 5359 Apostpli
3475 5293 3584 5346 per-

1990 5349 2276 5424 vertentés,
2309 5373 2417 5413 non
2468 5349 2727 5412 adversus
2763 5353 3118 5415 Judaismum,
3181 5349 3274 5424 sed
3328 5349 3586 5424 adversus

1994 5418 2380 5486 ecclesiasticas
2427 5426 2688 5483 festorum
2743 5425 2954 5480 dierum
3000 5419 3427 5485 observationes,
3475 5418 3583 5472 hn-

1987 5503 2078 5570 jus
2123 5501 2379 5571 Epistolas
2417 5499 2586 5554 verba
2643 5513 2762 5568 cap.
2806 5511 2862 5550 IV
2892 5511 2999 5551 non
3038 5496 3291 5550 verentur
3332 5488 3583 5561 allegare.

1990 5574 2204 5631 Pansa.
