4018 6192
421 298 525 357 505

1115 292 1560 359 TERTULLIANI
1598 296 1865 361 OPERUM
1904 297 2069 359 PARS
2106 300 2173 360 II.
2212 329 2282 344 —
2320 297 2541 358 SEBIES
2580 298 2622 370 Ι,
2662 295 3011 356 POLEMICA.

3607 287 3714 349 504

420 425 505 481 hic
553 432 664 479 erat
713 431 855 481 totus
903 425 1216 495 quaestionis
1266 436 1456 493 status,
1499 444 1565 482 an
1613 428 1695 483 lex
1743 428 2012 486 Creatoris
2044 445 2090 524 Α
2119 428 2360 497 minavit,
2402 443 2507 500 quo
2538 428 2705 483 multo
2744 424 2912 496 magis
2944 420 3255 524 hpminibus
3277 433 3386 473 non
3417 426 3559 524 esset
3595 432 3715 473 cre-

418 514 486 568 ab
514 512 804 585 Evangelio
851 514 1072 570 deberet
1114 516 1323 570 excludi
1360 516 1414 570 in
1464 516 1673 572 Christo
1727 517 2012 573 Creatoris.

419 604 684 675 Denique,
754 604 907 659 aufer
976 605 1116 660 hunc
1180 613 1399 672 statum,
1463 614 1518 662 et
1564 614 1718 662 vacat
1760 606 2008 677 quaestio.

417 692 649 749 Vacante
678 701 852 749 autem
883 694 1197 764 quaestione,
1233 697 1371 751 ultro
1421 697 1669 753 omnibus
1708 698 2009 770 agnosCen-

419 782 562 838 tibus
599 784 981 839 discedendum
1021 785 1123 841 sibi
1150 802 1270 841 esse
1297 787 1364 841 ab
1395 787 1585 842 ordine
1629 787 1893 843 Creatoris
1913 803 2009 858 per

418 868 578 925 ﬁdem
615 873 714 927 Dei
751 873 990 939 alterius,
1042 875 1188 930 nulla
1231 876 1496 947 Apostolo
1526 877 1750 932 materia
1789 891 2007 947 compe-

417 961 591 1031 tisset,
622 961 677 1015 id
705 968 814 1016 tam
844 979 1030 1032 presse
1077 964 1325 1031 docendi,
1359 965 1503 1036 quod
1546 968 1688 1021 ultro
1727 965 1862 1021 ﬁdes
1890 966 2008 1035 ipsa

415 1049 690 1107 dictasset.
739 1048 908 1121 Igitur
950 1060 1061 1107 tota
1110 1052 1335 1110 intentio
1376 1053 1629 1126 Epistolm
1674 1054 1829 1109 istius
1874 1052 2006 1108 nihil

415 1137 560 1192 aliud
599 1138 776 1203 docet,
808 1156 969 1212 quam
1022 1141 1182 1213 Legis
1222 1142 1607 1199 discessionem
1637 1145 1661 1182 ⁵
1706 1143 2004 1199 venientem

416 1226 485 1281 de
524 1228 789 1283 Creatoris
843 1229 1220 1300 dispositione,
1278 1238 1339 1285 ut
1393 1232 1567 1287 adhuc
1620 1247 2003 1302 suggeremus.

414 1316 473 1373 Si
512 1316 639 1371 item
671 1317 870 1372 nullius
908 1318 1033 1375 novi
1068 1320 1165 1374 Dei
1215 1320 1414 1374 exserit
1468 1320 1815 1391 mentionem,
1863 1322 2007 1393 quod

413 1421 681 1477 nusquam
726 1406 906 1475 magis
948 1406 1182 1474 fecisset,
1234 1425 1394 1479 quam
1444 1410 1495 1464 in
1525 1409 1626 1466 ista
1675 1410 1916 1476 materia,
1949 1423 2009 1467 ut

412 1494 673 1551 rationem
722 1495 931 1551 scilicet
994 1496 1303 1570 ablegandae
1344 1498 1503 1571 Legis
1564 1498 1723 1556 unica
1793 1501 1893 1555 hac
1953 1508 2007 1555 et

410 1580 876 1638 sufficientissima
914 1582 1227 1640 deﬁnitione
1255 1595 1579 1657 proponeret
1626 1602 1777 1642 novae
1810 1587 2004 1644 divini-

412 1670 557 1737 tatis,
589 1681 813 1741 apparet
842 1674 1113 1742 quomodo
1145 1675 1342 1728 scribat
1372 1692 1384 1730 :
1423 1676 1591 1731 Miror
1620 1692 1709 1731 vos
1741 1680 1858 1730 tam
1888 1676 2002 1733 cito

412 1762 740 1830 transferri,
755 1761 819 1815 ab
841 1777 899 1817 eo
926 1762 1025 1832 qui
1043 1777 1133 1816 vos
1154 1763 1370 1818 vocavit
1388 1763 1450 1817 in
1468 1765 1734 1833 gratiam,
1755 1764 1828 1820 ad
1847 1764 2008 1821 aliud

411 1851 781 1920 Evangelium
815 1867 834 1903 :
863 1864 926 1902 ex
958 1848 1365 1905 conversatione
1394 1852 1559 1917 aliud,
1611 1867 1721 1908 non
1761 1869 1834 1908 ex
1872 1853 2005 1910 reli-

409 1936 599 2006 gione;
645 1952 709 1990 ex
747 1935 1049 2006 disciplina,
1107 1952 1213 1991 non
1258 1954 1322 1993 ex
1379 1938 1683 1997 divinitate.
1734 1940 2006 2009 Quoniam

410 2024 629 2095 quidem
659 2024 1008 2097 Evangelium
1056 2026 1254 2082 Christi
1298 2046 1330 2084 a
1359 2030 1501 2101 Lege
1556 2046 1780 2087 evocare
1832 2032 2003 2087 debe-

409 2122 495 2167 ret
538 2112 605 2167 ad
636 2114 881 2186 gratiam,
931 2130 1043 2170 non
1100 2131 1130 2169 a
1186 2117 1439 2174 Creatore
1488 2118 1553 2173 ad
1611 2120 1772 2175 alium
1818 2120 2000 2176 deum.

407 2201 579 2257 Nemo
609 2202 752 2256 enim
790 2202 914 2259 illos
955 2215 1196 2263 moverat
1243 2223 1273 2263 a
1324 2208 1601 2273 Creatore,
1647 2220 1703 2265 ut
1750 2209 2003 2266 videren-

408 2297 496 2344 tur
524 2290 603 2346 sic
630 2291 693 2345 ad
742 2290 886 2346 aliud
934 2294 1281 2366 Evangelium
1328 2297 1625 2365 transferri,
1666 2298 1821 2369 quasi
1876 2298 2005 2353 dum

408 2378 477 2432 ad
507 2379 816 2434 Creatorem
849 2381 1262 2439 transferuntur.
1306 2385 1440 2439 Nam
1471 2396 1522 2440 et
1554 2386 1833 2456 adjiciens,
1856 2387 2003 2458 quod

409 2465 554 2520 aliud
598 2467 945 2539 Evangelium
973 2472 1193 2525 omnino
1226 2489 1333 2527 non
1365 2484 1527 2540 esset,
1562 2474 1831 2531 Creatoris
1872 2491 2005 2532 con-

409 2554 586 2609 firmat
624 2556 696 2620 id,
745 2558 889 2628 quod
944 2573 1063 2614 esse
1110 2559 1366 2615 defendit.
1418 2563 1475 2616 Si
1536 2563 1704 2620 472
1760 2564 1904 2619 enim
1950 2573 2006 2620 et

409 2642 628 2698 Creator
656 2644 1005 2718 Evangelium
1050 2649 1394 2717 repromittit,
1457 2650 1637 2708 dicens
1665 2669 1764 2724 per
1810 2654 2002 2708 Isaiam

409 2730 525 2802 (xc.
543 2734 598 2802 9)
629 2750 642 2786 :
676 2734 918 2791 Ascende
938 2737 999 2790 in
1020 2742 1271 2794 montem
1290 2739 1710 2813 excelsumqui
1729 2742 2004 2814 evangeli-

408 2836 504 2875 zas
535 2822 693 2877 Sioni
714 2840 731 2890 ;
759 2825 969 2880 extolle
989 2841 1172 2882 uocem
1200 2827 1265 2883 in
1284 2828 1537 2884 valentia
1567 2834 1688 2898 tua,
1711 2834 1809 2903 qui
1836 2848 2003 2888 evan-

406 2910 615 2979 gelizas
645 2912 977 2967 Jerusalem.
1008 2914 1136 2966 Item
1171 2914 1289 2984 (LII,
1321 2916 1378 2985 7)
1399 2918 1464 2970 ad
1494 2919 1863 2989 apostolorum
1882 2935 2002 2990 per-

2122 518 2376 588 dendum,
2429 517 2642 589 quando
2696 530 2796 571 nec
2843 512 3059 585 angelo,
3122 526 3221 565 nec
3277 507 3562 581 apostolo;
3604 522 3711 564 non

2120 608 2371 680 angelum
2400 606 2466 661 ad
2504 604 2862 678 Evangelium
2890 602 3114 658 referret
3159 598 3443 655 Creatoris.
3478 595 3717 661 Exinde,

2119 697 2413 753 decurrens
2437 694 2684 750 ordinem
2704 689 3072 750 conversionis
3101 705 3211 743 suae
3244 688 3309 742 de
3356 693 3710 757 persecutore

2117 787 2171 841 in
2204 788 2536 857 apostolum;
2568 784 2886 854 scripturam
2918 784 3171 836 Actorum
3202 778 3227 815 8
3282 774 3707 848 apostolicorum

2114 873 2413 939 confirmat,
2461 875 2605 944 apud
2659 890 2817 944 quam
2863 872 2982 942 ipsa
3038 869 3199 923 etiam
3257 864 3516 937 Epistolas
3553 863 3708 919 istius

2115 965 2337 1019 materia
2382 961 2809 1035 recognoscitur,
2856 958 3221 1016 intercessisse
3280 956 3543 1026 quosdam
3602 951 3706 1023 (6),

2113 1052 2207 1122 qui
2241 1052 2482 1107 dicerent
2519 1049 2833 1107 circumcidi
2880 1056 3155 1120 oportere,
3216 1051 3272 1100 et
3317 1040 3707 1099 observandam

2115 1155 2235 1196 esse
2259 1142 2426 1211 Moysi
2448 1141 2623 1215 legem
2655 1154 2669 1194 :
2701 1148 2825 1197 tunc
2852 1138 3125 1209 apostolos
3161 1134 3229 1191 de
3267 1132 3365 1189 ista
3410 1130 3707 1202 quaestione

2113 1229 2413 1296 consultos,
2446 1245 2520 1285 ex
2546 1228 2855 1285 auctoritate
2894 1226 3128 1299 Spiritus
3181 1222 3538 1287 renuntiasse,
3593 1234 3707 1274 non

2114 1334 2233 1374 esse
2260 1319 2585 1391 imponenda
2612 1334 2776 1374 onera
2817 1316 3145 1379 hominibus,
3188 1328 3311 1385 quae
3366 1318 3547 1381 patres
3601 1306 3707 1379 ipsi

2114 1423 2223 1463 non
2255 1408 2555 1479 potuissent
2593 1407 2879 1464 sustinere.
2929 1403 3089 1474 Quod
3135 1404 3179 1458 si
3223 1412 3278 1459 et
3305 1417 3371 1456 ex
3417 1401 3522 1454 hoc
3575 1412 3708 1453 con-

2112 1504 2305 1568 gruunt
2356 1498 2526 1554 Paulo
2581 1498 2945 1569 apostolorum
2994 1497 3147 1562 Acta,
3196 1509 3291 1550 cur
3345 1507 3411 1546 ea
3440 1486 3707 1560 reapuatis

2106 1586 2219 1655 jam
2245 1596 2483 1658 apparet,
2514 1594 2573 1642 ut
2619 1588 2796 1641 Deum
2832 1585 3039 1642 scilicet
3067 1600 3171 1639 non
3202 1582 3362 1638 alium
3402 1578 3704 1650 pradican-

2112 1675 2185 1730 tia
2231 1693 2391 1748 quam
2428 1677 2749 1742 Creatorem,
2802 1691 2904 1731 nec
2951 1673 3226 1729 Christum
3280 1668 3496 1725 alterius
3540 1681 3702 1738 quam

2111 1765 2397 1837 Creatoris,
2475 1765 2688 1838 quando
2746 1779 2846 1821 nec
2890 1760 3177 1834 promissio
3241 1758 3475 1831 Spiritus
3530 1753 3701 1811 sancti

2112 1855 2329 1911 aliunde
2373 1856 2627 1927 probetur
2702 1853 2965 1918 exhibita,
3005 1868 3167 1924 quam
3221 1849 3289 1904 de
3342 1848 3700 1902 instrumento

2112 1948 2388 2001 Actorum.
2421 1944 2553 2013 Quae
2581 1943 2766 2015 utique
2815 1941 3108 1998 verisimile
3136 1955 3245 1995 non
3273 1946 3376 2003 est,
3436 1952 3501 1990 ex
3547 1946 3704 2006 parte

2111 2033 2330 2104 quidem
2372 2034 2636 2104 Apostolo
2666 2031 2970 2099 convenire,
3021 2044 3143 2085 cum
3190 2026 3436 2083 ordinem
3461 2025 3579 2093 ejus
3608 2039 3705 2077 se-

2110 2121 2347 2177 cundum
2400 2121 2573 2190 ipsius
2628 2120 2988 2175 testimonium
3038 2116 3359 2179 ostendunt;
3419 2129 3481 2168 ex
3546 2121 3701 2181 parte

2109 2227 2239 2267 vero
2284 2211 2567 2277 dissidere,
2624 2226 2742 2266 cum
2800 2209 3126 2264 divinitatem
3184 2206 3239 2261 in
3285 2205 3497 2259 Christo
3526 2201 3698 2256 Crea-

2112 2300 2239 2355 toris
2268 2299 2620 2367 annuntiant;
2652 2308 2711 2355 ut
2739 2298 3175 2370 praedicationem
3220 2294 3439 2365 quidem
3469 2299 3698 2362 aposto-

2109 2389 2284 2445 lorum
2315 2388 2536 2444 omnino
2566 2388 2637 2445 sit
2664 2390 2690 2428 9
2717 2397 2935 2445 secutus
2980 2388 3192 2451 Paulus,
3252 2383 3346 2455 qui
3375 2382 3597 2440 formam
3629 2381 3699 2435 ab

2111 2478 2187 2533 eis
2214 2477 2539 2534 dedocendae
2558 2477 2695 2551 legis
2723 2478 2952 2549 accepit.

2729 2619 2953 2675 CAPUT
2990 2618 3081 2674 IlI.

2176 2743 2423 2814 Denique
2456 2745 2667 2813 (Gatat.
2702 2762 2742 2799 Il
2776 2753 2827 2799 et
2876 2748 2988 2814 Ill),
3040 2743 3107 2799 ad
3158 2739 3513 2813 patrocinium
3554 2737 3701 2792 Petri

2107 2839 2529 2905 caaterorumque
2576 2833 2747 2890 473
2792 2832 3158 2904 apostolorum
3206 2830 3513 2887 ascendisse
3571 2827 3704 2882 Hie-

2110 2922 2435 2990 rosolymam
2488 2930 2607 2993 post
2666 2939 2837 2978 annos
2882 2922 3311 2993 quatuordecim,
3375 2917 3579 2981 scribit,
3638 2923 3701 2970 ut

407 3013 645 3054 sonam:
692 3001 865 3068 Quam
918 3005 1234 3073 tempestivi
1272 3007 1435 3076 pedes
1482 3008 2001 3079 euangelizantium
2031 3018 2074 3097 ο
2104 3012 2373 3067 conferret
2399 3028 2523 3066 cum
2555 3012 2663 3066 illis
2694 3014 2760 3066 de
2798 3011 3076 3084 Evangelii
3121 3012 3203 3065 sui
3268 3010 3471 3082 regula,
3526 3023 3593 3062 ne
3641 3005 3699 3059 in

402 3102 622 3158 pacem,
653 3090 1169 3159 euangelizantium
1201 3092 1343 3148 bona
1362 3114 1381 3161 ;
1400 3094 1586 3167 utique
1615 3106 1665 3150 et
1696 3098 1999 3152 nationibus

408 3174 929 3246 evangelizantium;
963 3181 1216 3251 quoniam
1248 3189 1299 3235 et
1333 3200 1346 3236 :
1391 3185 1453 3238 In
1486 3188 1715 3243 nomine
1745 3188 1886 3258 ejus,
1920 3188 2000 3241 in-

406 3265 521 3335 quit
551 3264 716 3335 (χιιι,
754 3266 828 3339 4),
871 3269 1134 3326 nationes
1154 3274 1485 3342 sperabunt,
1522 3274 1719 3329 Christi
1748 3275 1996 3341 scilicet;

406 3352 491 3407 cui
520 3353 592 3409 ait
624 3374 636 3411 :
674 3358 848 3412 Posui
882 3361 936 3414 te
962 3360 1025 3412 in
1060 3361 1248 3417 lumen
1281 3366 1607 3418 nationum.
1630 3364 1723 3417 Est
1768 3364 1792 3401 6
1820 3371 1997 3418 autem

406 3439 758 3513 Evangelium
789 3446 949 3501 etiam
997 3448 1097 3502 Dei
1128 3450 1278 3515 novi,
1301 3452 1446 3521 quod
1476 3452 1576 3517 vis,
1610 3460 1737 3508 tunc
1765 3452 1831 3506 ab
1851 3453 1998 3520 Apo-

408 3530 546 3585 stolo
578 3531 879 3589 defensum.
912 3536 1029 3591 Jam
1070 3553 1198 3611 ergo
1244 3540 1351 3595 duo
1382 3552 1504 3595 sunt
1532 3541 1825 3612 Evangelia
1856 3542 1999 3612 apud

404 3618 542 3674 duos
571 3620 721 3688 deos,
755 3630 810 3678 et
836 3627 1093 3681 mentitus
1129 3628 1229 3682 erit
1253 3629 1577 3699 Apostolus,
1616 3630 1805 3685 dicens
1850 3630 1999 3702 quod

406 3707 551 3762 aliud
581 3710 800 3765 omnino
832 3727 939 3766 non
976 3721 1078 3780 est,
1121 3708 1242 3770 cum
1299 3717 1367 3771 sit
1412 3726 1467 3773 et
1510 3719 1686 3785 aliud;
1746 3735 1867 3773 cum
1919 3718 1999 3773 sic

406 3810 565 3848 suum
592 3795 950 3867 Evangelium
979 3799 1272 3856 defendere
1316 3803 1593 3872 potuisset,
1618 3812 1678 3857 ut
1708 3804 1884 3873 potius
1904 3804 1999 3859 de-

405 3891 748 3949 monstraret,
776 3901 881 3939 non
913 3896 969 3939 ut
999 3903 1165 3941 unum
1195 3889 1598 3945 determinaret.
1631 3892 1737 3947 Sed
1768 3891 1999 3949 fortasse

404 3976 463 4024 ut
501 3968 674 4040 fugias
712 3970 871 4036 hinc;
923 3981 977 4027 et
1026 3973 1149 4029 ideo
1204 3978 1249 4041 7,
1302 3977 1472 4043 dices,
1503 3980 1783 4034 subtexit:
1847 3983 1998 4039 Licet

403 4058 638 4130 angelus
649 4060 715 4116 de
732 4060 865 4119 caelo
881 4062 1055 4119 aliter
1074 4066 1877 4136 euangelizaverit,anathema
1888 4073 1995 4139 sit;

401 4147 528 4219 quia
557 4155 612 4203 et
647 4148 959 4205 Creatorem
987 4151 1191 4207 sciebat
1236 4156 1737 4227 evangelizaturum.
1789 4159 1997 4216 Rursus

404 4252 535 4310 ergo
588 4245 641 4294 te
686 4239 948 4305 implicas.
1010 4242 1122 4298 Hoc
1170 4251 1254 4298 est
1308 4243 1450 4298 enim
1499 4261 1605 4316 quo
1661 4247 1994 4323 astringeris.

403 4324 524 4379 Duo
556 4326 700 4381 enim
730 4325 1033 4399 Evangelia
1059 4330 1402 4402 conﬁrmare,
1451 4348 1560 4389 non
1600 4346 1682 4391 est
1732 4300 1865 4407 eju:
1906 4338 1997 4410 qui
2031 4300 2075 4375 Β

399 4412 542 4468 aliud
588 4415 703 4484 jam
770 4417 999 4488 negarit.
1058 4419 1264 4476 Tamen
1316 4423 1459 4479 lucet
1505 4440 1697 4481 sensus
1743 4429 1861 4493 ejus
1901 4427 1997 4498 qui

401 4518 551 4558 suam
582 4505 840 4574 praemisit
873 4523 1174 4576 personam.
1201 4511 1307 4568 Sed
1335 4517 1390 4568 et
1417 4516 1467 4568 si
1495 4531 1597 4571 nos
1625 4520 1727 4571 aut
1756 4518 1993 4587 angelus

400 4592 469 4647 de
490 4594 624 4649 caelo
646 4595 818 4651 aliter
838 4599 1341 4668 euangelizaverit;
1370 4601 1520 4655 verbi
1542 4602 1683 4656 enim
1705 4604 1879 4675 gratia
1898 4604 1990 4656 di-

400 4687 545 4736 ctum
576 4690 676 4737 est.
712 4684 993 4753 Caeterum,
1055 4686 1099 4738 si
1146 4703 1246 4743 nec
1295 4688 1407 4756 ipse
1446 4689 1605 4743 aliter
1646 4693 1989 4765 evangeliza-

400 4778 569 4839 turus,
592 4772 775 4844 utique
804 4789 904 4829 nec
940 4774 1189 4846 angelus.
1223 4778 1299 4831 lta
1325 4777 1578 4849 angelum
1621 4779 1687 4834 ad
1736 4781 1839 4835 hoc
1886 4797 1987 4837 no-

2103 3116 2335 3157 vacuum
2402 3109 2481 3157 tot
2532 3102 2689 3157 annis
2754 3101 3073 3167 cucurriset,
3155 3108 3244 3155 aut
3312 3105 3581 3160 curreret;
3650 3094 3705 3149 si

2105 3190 2235 3259 quid
2289 3190 2494 3246 scilicet
2543 3191 2676 3246 citra
2723 3190 2949 3245 formam
3009 3190 3225 3244 illorum
3281 3186 3697 3260 evangelizaret.

2104 3278 2254 3331 Adeo
2284 3279 2350 3332 ab
2382 3278 2486 3331 illis
2533 3278 2771 3349 probari,
2808 3289 2862 3334 et
2898 3277 3231 3333 constabiliri
3270 3276 3599 3330 desiderarat
3628 3273 3697 3326 ιο.

2105 3364 2260 3432 Quod
2318 3365 2363 3420 si
2416 3366 2626 3439 quando
2672 3366 2833 3420 vultis
2893 3368 2935 3404 ιι
2987 3365 3243 3435 judaismi
3291 3364 3465 3435 magis
3510 3360 3703 3416 afﬁnes

2106 3454 2434 3527 subintelligi
2465 3456 2529 3509 12.
2553 3471 2673 3510 cum
2708 3457 2753 3494 13
2797 3474 2897 3513 nec
2929 3458 2973 3495 1"
3010 3459 3194 3513 Titum
3231 3456 3362 3511 dicit
3399 3453 3702 3511 circumci-

2103 3559 2266 3610 sum;
2294 3544 2403 3612 jam
2445 3544 2638 3614 incipit
2666 3546 2951 3601 ostendere
2980 3546 3152 3600 solam
3186 3545 3232 3583 15
3274 3540 3703 3599 circumeisionis

2104 3632 2454 3701 quaestionem
2488 3648 2551 3687 ex
2600 3632 2912 3688 defensione
2944 3634 3118 3688 adhuc
3165 3633 3324 3705 Legis
3378 3646 3701 3688 concussam

2103 3720 2171 3774 ab
2200 3721 2298 3785 eis,
2328 3736 2463 3792 quos
2499 3731 2785 3792 prepterea
2832 3722 2999 3778 falsos
3049 3732 3103 3779 et
3152 3722 3624 3794 superinductitios
3652 3720 3703 3759 15

2104 3808 2297 3864 fratres
2323 3812 2575 3881 appellat,
2608 3827 2712 3867 non
2743 3812 2889 3868 aliud
2928 3822 3162 3868 statuere
3200 3821 3493 3886 pergentes
3540 3827 3701 3882 quam

2103 3900 2554 3970 perseverantiam
2599 3901 2778 3971 Legis,
2839 3919 2903 3958 ex
2958 3901 3065 3958 fide
3111 3901 3227 3958 sine
3273 3903 3437 3958 dubio
3490 3902 3704 3971 integra

2103 3988 2404 4053 Creatoris;
2437 3996 2595 4060 atque
2640 3991 2713 4045 ita
2753 3999 3124 4062 pervertentes
3154 3991 3531 4061 Evangelium,
3590 4004 3700 4044 non

2102 4076 2517 4147 interpolatione
2565 4078 2863 4150 Scripturae
2923 4079 3024 4151 (7),
3076 4095 3183 4152 qua
3225 4079 3498 4134 Christum
3534 4079 3701 4133 Crea-

2105 4165 2234 4221 toris
2271 4166 2610 4241 efﬁngerent,
2641 4167 2739 4222 sed
2779 4166 3083 4223 retentione
3130 4168 3328 4224 veteris
3374 4166 3695 4236 disciplinae,

2106 4270 2176 4310 ne
2216 4255 2387 4327 legem
2418 4255 2686 4312 Creatoris
2716 4256 3079 4313 excluderent.
3113 4256 3279 4327 Ergo,
3326 4257 3563 4327 Pr0pter
3611 4270 3703 4309 su-

2105 4345 2557 4415 perinductitios,
2581 4344 2770 4416 inquit,
2792 4346 2965 4415 falsos
2993 4345 3333 4419 fratres,qui
3352 4346 3703 4401 subintrave-

2104 4436 2241 4487 rant
2262 4434 2331 4487 ad
2350 4434 2755 4506 speculandum
2779 4436 3093 4491 libertatem
3110 4439 3389 4499 nostram,
3412 4450 3583 4505 quam
3607 4433 3703 4487 Ita-

2101 4520 2292 4577 bemus
2321 4523 2385 4577 in
2402 4523 2638 4587 Christo,
2666 4528 2728 4577 ut
2746 4539 2844 4577 nos
2866 4524 3483 4594 subigerentservituti,
3508 4539 3607 4578 nec
3626 4524 3701 4578 ad

2104 4609 2300 4665 horam
2342 4612 2615 4666 cessimus
2665 4609 3023 4680 subjectioni.
3073 4611 3422 4666 Intendamus
3472 4608 3616 4665 enim
3647 4617 3701 4663 et

2099 4700 2282 4753 sensui
2314 4696 2438 4768 ipsi,
2497 4704 2550 4752 et
2604 4712 2781 4752 causa:
2836 4698 2973 4764 ejus,
3039 4706 3094 4753 et
3156 4699 3434 4767 apparebit
3491 4696 3701 4752 vitiatio

2096 4785 2395 4855 scripturae,
2428 4799 2551 4839 cum
2582 4783 2891 4855 praemittit:
2937 4785 3041 4842 Sed
3075 4801 3180 4842 nec
3228 4788 3396 4852 Titus,
3442 4786 3545 4857 qui
3588 4802 3702 4842 me-

1759 4905 1949 4969 Variae
2020 4912 2335 4973 lectiones.

469 4998 492 5035 5
522 4999 900 5055 Decessionem
959 5003 1135 5060 Rhen.
1172 5005 1352 5062 Seml.
1392 5008 1613 5066 Oberth.
1644 5011 1995 5069 dicessionem
2027 5016 2186 5069 Pam.
2229 5016 2253 5052 6
2284 5017 2409 5070 Esto
2439 5019 2586 5087 forte
2627 5034 2705 5073 an
2764 5017 3061 5125 legendum
3099 5022 3258 5075 esset.
3293 5019 3315 5056 7
3346 5017 3484 5072 Hinc
3534 5016 3699 5074 video

469 5074 522 5123 at.
555 5070 579 5105 θ
604 5072 859 5125 Actorum
883 5078 1075 5125 omitt.
1107 5079 1236 5125 Jun-
1270 5079 1294 5116 9
1355 5081 1727 5125 Annsrnlnmm
1759 5100 1863 5125 nnn
1898 5086 1960 5125 ςίΙ
2001 5088 2130 5125 Dnm
2198 5088 2245 5125 ιο
2269 5086 2618 5125 nncidnrnhal
2656 5091 2750 5125 In}
2840 5090 2856 5125 1
2885 5090 3033 5125 nunc
3065 5090 3107 5125 et
3167 5090 3380 5125 πηοτπιη
3409 5088 3519 5125 υηῐι
3579 5090 3677 5125 In;

399 5069 522 5147 Eat.
555 5070 579 5105 θ
604 5072 859 5147 {sclerum
883 5078 1075 5147 ωηερε.
1107 5079 1236 5132 Jun.
1270 5079 1294 5116 9
1352 5081 1730 5147 Apostolorum
1759 5100 1866 5138 non
1897 5086 1965 5139 sit
1994 5088 2155 5141 Pam.
2198 5088 2245 5125 ιο
2269 5069 2769 5143 ὗίρέἰάὲἶὰὒὲιῖὰίέ

2840 5090 2856 5126 1
2885 5090 3035 5161 Quos
3065 5090 3109 5143 si
3167 5090 3380 5161 quando
3409 5088 3522 5161 vult
3552 5090 3697 5161 Δ[ταί.

398 5141 717 5232 1:Llutell‘i‘gi
746 5144 955 5232 ξαιλιιδ
980 5146 1137 5232 ¹γεξτο
1166 5148 1297 5203 add.
1332 5141 1506 5207 Rlien.
1561 5154 1732 5211 Seml.
1796 5156 2013 5212 Oberth.
2051 5159 2095 5195 14
2124 5158 2239 5215 Nec
2268 5162 2457 5217 0mm.
2483 5141 2681 5217 Lat.1g
2808 5141 3131 5218 αιίιῖξῙλἾλαῇ.
3168 5141 3695 5232 116“Sit—perdiuctitios.

396 5210 568 5269 Rhen.
626 5210 793 5270 Séml.
833 5214 1053 5273 Oberth.

1800 5315 2301 5383 Commentarius.

466 5406 540 5480 (6)
570 5409 953 5485 Intercessisse
982 5412 1267 5485 quosdam,
1310 5421 1411 5472 etc.
1466 5417 1580 5473 Hoc
1625 5426 1705 5474 est
1758 5419 1995 5479 interve-

393 5479 563 5554 nisse,
585 5482 903 5554 opposuisse
923 5479 1283 5554 se'quosdam.
1308 5488 1491 5546 RHEN.

467 5550 534 5619 (’7)
582 5550 1035 5627 Interpolatione'
1095 5557 1427 5635 Scriptura.
1494 5559 1855 5636 Interpolator
1896 5580 1993 5623 seu

2103 5436 2387 5500 corruptor
2423 5427 2971 5500 esthhaereticusqui
3031 5428 3335 5500 detorquet,
3392 5429 3695 5494 detruncat,

2102 5496 2393 5568 imminuit,
2430 5498 2622 5559 addive
2650 5514 2814 5558 sacrm
2844 5496 3151 5575 scripturae.
3185 5496 3255 5557 [Ie
3284 5502 3379 5557 Pa.
