4018 6192
186 311 271 372 505

182 453 284 494 cum
297 438 592 504 erat,cum
609 438 749 492 esset
768 435 1015 501 Gnaeus,
1028 439 1256 493 coact-us
1277 439 1363 493 est
1381 434 1750 506 circumcidi;
1781 447 1828 526 Α

182 524 346 581 dehinc
370 524 653 596 subjungit
701 541 714 580 :
762 529 998 598 propter
1042 526 1538 599 superinductitios
1575 525 1750 596 falsos

182 616 381 686 fratres,
436 619 492 668 et
536 612 743 682 reliqua
791 630 807 667 :
853 613 1108 669 contrarii
1157 613 1344 685 utique
1393 613 1517 671 facti
1565 613 1750 682 incipit

183 703 373 758 reddere
401 700 694 769 rationem,
734 702 1026 758 ostendens
1076 711 1296 774 prOpter
1343 703 1472 774 quid
1523 701 1748 768 fecerit;

185 789 432 862 quod'nec
459 788 695 854 fecisset,
747 805 848 845 nec
887 791 1228 859 ostendisset,
1260 791 1322 861 '_si
1353 792 1482 847 illud
1531 798 1754 863 propter

183 879 299 954 quod
352 879 500 947 fecit,
543 892 654 934 non
691 878 990 935 accidisset.
1048 879 1314 951 Denique,
1359 880 1508 936 dicas
1564 879 1749 943 velim,

181 967 647 1027 sisubintroissent
692 967 812 1022 falsi
865 968 943 1022 illi
992 967 1184 1023 fratres
1241 968 1309 1024 ad
1366 968 1752 1041 speculandam

178 1059 456 1115 libertatem
503 1071 712 1122 eorum,
743 1055 1031 1114 cessissent
1076 1057 1444 1127 subjectioni?
1490 1073 1598 1114 non
1628 1056 1750 1130 Opi-

178 1165 273 1206 nor.
303 1148 444 1222 Ergo
474 1155 776 1216 cesserunt,
822 1146 951 1218 quia
992 1145 1214 1202 fuerunt
1257 1148 1300 1186 Π
1352 1155 1575 1218 propter
1615 1160 1753 1217 quos

176 1238 450 1300 cederetur,
485 1236 589 1290 hoc
639 1235 783 1290 enim
839 1233 959 1289 rudi
1012 1234 1138 1291 ﬁdei
1198 1242 1252 1292 et
1297 1235 1471 1291 adhuc
1517 1234 1582 1290 de
1613 1234 1751 1305 legis

175 1325 522 1381 observatione
546 1337 827 1392 suspensae
849 1337 968 1377 com
978 1323 1202 1393 petebat,
1217 1322 1335 1394 ipso
1357 1339 1569 1395 quoque
1587 1324 1753 1393 Apos-

173 1415 283 1478 tolo,
311 1431 383 1470 ne
423 1414 491 1468 in
518 1427 767 1469 vacuum
809 1413 1161 1468 cucurrisset
1190 1416 1294 1469 aut
1339 1417 1617 1478 curreret,
1653 1428 1750 1467 su-

171 1511 356 1572 specto.
414 1501 602 1570 Itaque
657 1499 947 1556 frustrandi
1007 1509 1160 1557 erant
1204 1500 1321 1557 falsi
1368 1501 1582 1568 fratres,
1621 1516 1748 1571 spe-

169 1589 388 1646 culantes
442 1588 754 1644 libertatem
809 1588 1174 1658 christianam,
1217 1606 1286 1646 ne
1339 1598 1463 1647 ante
1519 1606 1635 1646 eam
1695 1590 1750 1644 in

169 1679 465 1734 servitutem
491 1675 821 1733 abducerent
847 1675 1122 1746 judaismi,
1155 1695 1316 1750 quam
1366 1679 1559 1734 Paulus
1589 1677 1752 1734 sciret

1377 307 1502 372 LIB.
1545 307 1588 366 V
1623 305 1787 367 ADV.
1823 301 2224 365 MARCIONBM.

3341 298 3447 362 506

1859 429 1969 485 Nec
1993 427 2134 484 enim
2165 425 2460 482 laborasset
2488 424 2651 481 ﬁdem
2679 441 2709 480 α
2756 425 2878 498 lege
2918 426 3246 493 discernere,
3289 441 3451 499 quam

1859 518 2144 575 diversitas
2197 518 2336 572 ultro
2391 513 2568 588 ipsius
2632 515 2926 574 divinitatis
2981 518 3344 584 discrevisset,
3401 514 3449 572 si

1861 609 2073 666 fuisset.
2148 607 2336 664 Merito
2407 623 2516 662 non
2569 606 2930 664 reaediﬁcabat
2993 624 3115 680 quae
3171 606 3451 664 destruxit.

1861 699 2072 755 Destrui
2102 709 2280 754 autem
2312 698 2414 752 Lex
2443 696 2650 767 habuit,
2683 713 2748 752 ex
2776 713 2883 768 quo
2913 711 3018 753 vox
3063 697 3286 753 Joannis
3331 698 3447 754 cla-

1860 787 2026 844 mavit
2052 789 2206 860 (Luc.
2247 788 2330 858 ιιι)
2360 787 2414 841 in
2445 802 2626 842 eremo
2659 805 2671 841 :
2705 789 2912 842 Parate
2947 787 3068 843 vias
3099 789 3364 854 Domini;
3393 794 3455 842 ut

1860 875 2049 934 ﬁerent
2067 877 2179 933 rivi
2206 879 2262 934 et
2281 877 2446 935 colles
2463 879 2517 934 et
2535 882 2753 934 montes
2772 878 2978 948 repleti
2991 880 3047 931 et
3069 875 3382 943 humiltati,
3398 881 3454 932 et

1862 969 2116 1025 tortuosa
2136 970 2191 1022 et
2209 983 2409 1038 aspera
2436 969 2500 1022 in
2528 967 2934 1023 rectitudi-nem
2963 970 3018 1020 et
3039 966 3103 1020 in
3133 981 3376 1036 campos,
3399 963 3454 1018 id

1859 1063 1960 1122 est,
1989 1055 2152 1128 Legis
2198 1054 2541 1110 difﬁcultates
2584 1055 2641 1110 in
2667 1053 2950 1128 Evangelii
2999 1053 3302 1109 facilitates.
3336 1054 3454 1108 Me-

1857 1142 2087 1199 minerat
2107 1143 2221 1212 jam
2247 1151 2300 1198 et
2328 1142 2526 1198 Psalmi
2556 1142 2644 1215 (ιι)
2674 1159 2796 1199 esse
2825 1151 3040 1213 tempus
3070 1160 3085 1197 :
3120 1144 3453 1213 Disrumpo-

1858 1249 1984 1288 mus
2011 1249 2046 1288 a
2073 1232 2231 1290 nobis
2259 1234 2494 1290 vincula
2527 1249 2744 1300 eorum,
2784 1238 2835 1290 et
2870 1233 3206 1303 abjiciamus
3233 1249 3270 1286 a
3297 1232 3454 1287 nobis

1851 1321 2060 1393 jugum
2082 1322 2334 1395 ipsorum
2352 1342 2372 1378 :
2392 1322 2478 1377 Ex
2496 1337 2602 1393 quo
2627 1323 3004 1379 tumultuatw
3021 1326 3154 1378 sunt
3172 1322 3455 1393 gentes,'et

1851 1410 2052 1483 populi
2069 1411 2333 1467 meditati
2351 1415 2488 1468 sunt
2513 1412 2735 1477 inania,
2751 1414 3064 1468 astiterunt
3084 1426 3236 1482 reges
3261 1416 3452 1476 terrae,

1857 1503 1911 1554 et
1939 1499 2316 1570 magistratus
2352 1503 2674 1573 congregati
2701 1504 2838 1557 sunt
2873 1501 2938 1556 in
2959 1516 3147 1556 unum
3183 1499 3456 1554 adversus

1859 1589 2165 1643 Dominum
2188 1592 2246 1644 et
2273 1587 2536 1646 adversus
2579 1591 2864 1646 Christum
2894 1589 3112 1660 ipsius;
3150 1593 3212 1642 ut
3246 1586 3360 1654 jam
3389 1602 3455 1641 ex

1862 1672 1986 1729 ﬁdei
2005 1675 2250 1731 libertate
2265 1677 2596 1746 justiticetur
2615 1681 2911 1744 homo,non
2927 1693 2993 1732 ex
3010 1676 3147 1751 legis
3167 1675 3452 1731 servitute:

167 1783 217 1824 se
265 1782 371 1822 non
427 1765 484 1820 in
542 1781 766 1819 vacuum
823 1766 1145 1833 cucurrisse,
1188 1783 1349 1838 quam
1400 1768 1652 1824 dexteras
1700 1765 1751 1822 ei
1787 1739 1830 1817 Β
1869 1764 2009 1832 Quia
2027 1766 2226 1835 justus
2245 1780 2315 1821 ea:
2334 1766 2443 1835 ﬁde
2470 1769 2608 1824 vivit
2637 1766 2816 1837 (Hebr.
2837 1783 2901 1831 x,
2931 1767 3044 1836 38).
3067 1739 3225 1832 διιοά
3255 1764 3299 1817 si
3329 1777 3456 1834 pro-

169 1856 346 1911 darent
369 1865 754 1920 antecessores,
785 1869 947 1924 quam
988 1869 1052 1910 ex
1101 1871 1267 1911 censu
1315 1870 1503 1912 comm
1549 1855 1602 1910 in
1646 1870 1748 1908 na-

175 1944 342 1998 tiones
367 1941 686 2013 praedicandi
709 1958 907 1997 munus
939 1941 1140 2000 subiret
1162 1943 1229 1998 13.
1253 1943 1570 2001 Necessario
1592 1941 1756 2014 igitur

177 2033 332 2087 cessit
367 2031 434 2086 ad
467 2039 687 2101 tempus.
722 2031 810 2086 Sic
855 2031 902 2085 ei
951 2030 1087 2085 ratio
1136 2040 1363 2096 constat,
1411 2033 1754 2087 Timotheum

169 2118 602 2188 circumcidendi,
634 2127 688 2172 et
735 2133 886 2174 rasos
944 2118 1319 2175 introducendi
1364 2120 1418 2176 in
1469 2120 1747 2190 templum,

164 2193 273 2277 quae
323 2207 378 2260 in
437 2207 585 2262 Actis
631 2208 777 2277 (xvr,
810 2209 901 2277 21)
958 2208 1263 2276 edicuntur,
1315 2209 1451 2264 adeo
1503 2224 1648 2273 vera,
1691 2217 1752 2265 ut

165 2295 410 2364 Apostolo
457 2305 757 2350 consonent
805 2295 1070 2366 proﬁtenti
1115 2297 1167 2368 (I
1195 2298 1316 2354 Cor.
1350 2313 1431 2363 ιχ,
1464 2297 1554 2368 20)
1591 2315 1602 2353 :
1639 2300 1746 2353 Fa-

165 2389 300 2440 ctum
327 2399 385 2440 se
401 2384 617 2439 Iudicis
636 2384 998 2455 judteum,ut
1029 2386 1248 2442 Iudaeos
1283 2387 1668 2458 lucrifaceret,
1692 2391 1752 2443 et

168 2473 252 2528 sub
279 2474 406 2544 Lege
426 2476 706 2541 agentem,
720 2477 954 2545 propter
981 2488 1067 2529 eos
1085 2477 1183 2547 qui
1204 2475 1307 2530 sub
1325 2477 1460 2546 Lege
1481 2479 1711 2546 agerent
1732 2495 1750 2528 .-

177 2562 242 2615 sic
265 2569 314 2615 et
341 2569 564 2629 pr0pter
609 2560 1089 2630 superinductitios
1138 2564 1185 2600 19
1224 2561 1368 2625 illos,
1405 2573 1457 2619 et
1503 2563 1754 2618 omnibus

180 2648 440 2702 novissime
486 2648 670 2703 omnia
715 2648 932 2714 factum,
983 2649 1152 2705 474
1183 2658 1242 2705 ιιι
1286 2666 1472 2706 omnes
1518 2652 1756 2706 lucrare-

185 2745 272 2790 tur.
309 2737 361 2791 Si
405 2737 522 2792 haec
571 2752 788 2808 quoque
831 2739 1052 2811 intelligi
1103 2755 1169 2794 ex
1214 2740 1322 2795 hoc
1364 2741 1657 2810 postulant,
1701 2739 1756 2793 id

182 2840 370 2896 quoque
408 2840 565 2880 nemo
610 2825 873 2881 dubitavit
933 2827 1002 2894 20,
1035 2828 1153 2896 ejus
1180 2827 1280 2883 Dei
1310 2838 1363 2883 et
1389 2828 1586 2884 Christi
1616 2843 1756 2898 prte-

184 2912 452 2967 dicatorum
510 2913 758 2978 Paulum,
807 2915 964 2983 cujus
1017 2915 1222 2990 legem,
1278 2917 1525 2986 quamvis
1571 2916 1756 2971 exclu-

1864 1852 2050 1923 phetes
2097 1852 2348 1910 Habacuc
2375 1853 2459 1925 (ιι,
2491 1852 2546 1924 4)
2594 1852 2990 1924 praenuntiavit,
3021 1852 3192 1907 habes
3221 1859 3276 1904 et
3321 1867 3460 1921 apo-

1863 1943 2060 1996 stolum
2103 1944 2397 2013 Prophetas
2437 1941 2863 2009 conﬁrmantem,
2913 1939 3052 1996 sicut
3089 1949 3145 1995 et
3191 1940 3454 1994 Christus.

1862 2029 1992 2098 Ejus
2022 2046 2156 2100 ergo
2185 2030 2282 2085 Dei
2310 2031 2412 2086 erit
2441 2029 2581 2086 ﬁdes
2616 2030 2672 2085 in
2703 2045 2810 2101 qua
2855 2027 2995 2086 vivet
3036 2029 3251 2097 justus;
3303 2028 3459 2096 cujus

1861 2125 1915 2172 et
1942 2117 2047 2185 lex,
2081 2118 2136 2174 in
2183 2135 2292 2190 qua
2335 2135 2444 2175 non
2478 2118 2808 2188 justiﬁcatur
2853 2116 3148 2190 Operarius.
3201 2115 3456 2184 Proinde,

1861 2204 1991 2260 siin
2021 2207 2140 2277 lege
2195 2207 2499 2263 maledictio
2530 2217 2635 2278 est,
2684 2209 2739 2263 in
2776 2207 2882 2262 fide
2927 2221 3057 2264 vero
3104 2203 3455 2269 benedictio;

1865 2302 2154 2365 utrumque
2181 2296 2353 2352 habes
2382 2297 2718 2367 pr0positum
2748 2295 2892 2366 apud
2931 2295 3240 2351 Creatorem
3276 2310 3288 2350 :
3324 2296 3460 2350 Ecce

1859 2389 2043 2458 posui,
2068 2386 2240 2458 inquit
2270 2387 2288 2457 (
2321 2390 2482 2443 Deut.
2507 2403 2582 2457 χι,
2606 2388 2718 2458 26),
2750 2391 2888 2444 ante
2913 2389 2966 2441 te
2995 2384 3460 2441 maledictionem

1862 2479 1918 2532 et
1946 2475 2408 2532 benedictionem.
2438 2477 2558 2532 Non
2603 2485 2780 2546 potest
2805 2473 3115 2530 distantiam
3152 2472 3461 2541 vindicare;

1862 2579 1982 2632 quae
2010 2564 2110 2618 etsi
2140 2579 2324 2619 rerum
2352 2572 2454 2630 est,
2488 2580 2592 2619 non
2621 2563 2747 2618 ideo
2777 2571 3058 2620 auctorum
3083 2581 3098 2629 ;
3144 2559 3313 2618 475
3339 2576 3460 2632 quas

1865 2653 1934 2706 ab
1993 2667 2100 2708 uno
2159 2662 2384 2710 auctore
2442 2653 2780 2726 proponitur.
2812 2653 2922 2708 Cur
2977 2660 3160 2707 autem
3216 2651 3462 2706 Christus

1865 2741 2037 2797 factus
2063 2741 2133 2798 sit
2171 2758 2268 2811 pro
2297 2743 2455 2799 nobis
2490 2742 2816 2813 maledictio,
2865 2741 2980 2811 ipso
3019 2738 3283 2810 Apostolo
3331 2741 3462 2794 edo-

1865 2839 2020 2886 cente
2072 2831 2421 2886 manifestum
2478 2840 2578 2898 est,
2638 2847 2800 2901 quam
2853 2829 3135 2886 nobiscum
3194 2827 3373 2890 faciat,
3405 2827 3460 2881 id

1867 2916 1971 2986 est,
2011 2919 2304 2975 secundum
2353 2919 2512 2975 fidem
2561 2919 2847 2975 Creatoris.
2897 2918 3086 2990 Neque
3133 2917 3277 2970 enim
3336 2915 3464 2987 quia

185 3001 314 3066 deus,
371 3001 587 3056 interim
645 3009 821 3056 tamen
879 3019 977 3073 pro
1037 3005 1374 3074 temporibus
1435 3005 1752 3068 admiserat,
1787 3007 2076 3096 cCucator
2133 3009 2497 3078 pronuntiavit
2545 3025 2557 3062 :
2611 3009 2934 3065 Maledictus
2966 3008 3150 3065 omnis
3189 3008 3255 3062 in
3308 3007 3463 3076 ligno

185 3089 341 3142 statim
403 3089 761 3144 amoliendam
834 3089 879 3144 si
936 3106 1131 3148 novum
1202 3093 1363 3147 deum
1419 3093 1750 3162 protuliSset.

186 3177 309 3231 Bene
338 3177 499 3250 igitur
527 3177 668 3249 quod
699 3185 752 3231 et
783 3178 1031 3234 dexteras
1081 3181 1244 3235 Paulo
1274 3182 1539 3236 dederunt
1568 3181 1757 3236 Petrus

185 3273 230 3319 et
267 3267 492 3323 Iacobus
537 3275 588 3323 et
630 3268 902 3332 Joannes;
953 3279 1006 3324 et
1037 3269 1104 3324 de
1161 3268 1324 3326 officii
1379 3269 1754 3325 distributione

182 3354 508 3427 pepigerunt,
538 3363 598 3411 ut
627 3355 826 3411 Paulus
857 3356 912 3410 in
942 3357 1210 3423 nationes,
1248 3359 1324 3413 illi
1368 3358 1424 3412 in
1464 3358 1754 3414 circumci-

179 3443 409 3514 sionem;
452 3453 660 3500 tantum
706 3454 764 3500 ut
800 3446 1166 3503 meminissent
1209 3463 1524 3519 egenorum,
1557 3457 1610 3504 et
1655 3449 1758 3503 hoc

179 3534 458 3586 secundum
515 3533 695 3602 legem
749 3534 1039 3605 Creatoris,
1115 3551 1378 3605 pauperes
1450 3542 1503 3590 et
1557 3551 1759 3607 egenos

179 3617 414 3688 foventis,
445 3622 586 3677 sicut
625 3621 679 3676 in
720 3622 994 3695 Evangelii
1014 3620 1188 3678 vestri
1226 3629 1513 3679 retractatu
1563 3625 1758 3693 proba-

184 3715 282 3762 tum
311 3721 410 3765 est.
442 3711 598 3766 Adeo
638 3718 846 3766 constat
877 3713 941 3767 de
978 3711 1117 3783 Lege
1145 3712 1260 3766 sola
1287 3712 1454 3768 fuisse
1495 3713 1759 3784 questio-

184 3812 314 3862 nem,
344 3797 469 3854 dum
521 3799 821 3856 ostenditur
857 3800 986 3870 quid
1018 3816 1082 3855 ex
1129 3799 1270 3873 Lege
1317 3801 1575 3857 custodiri
1622 3817 1760 3857 con-

183 3887 392 3940 venerit.
440 3888 544 3943 Sed
577 3887 938 3960 reprehendit
981 3891 1239 3954 Petrum,
1272 3905 1388 3945 non
1445 3894 1598 3948 recto
1622 3890 1761 3962 pede

187 3973 523 4031 incedentem
565 3976 645 4047 (8)
691 3976 761 4033 ad
791 3978 1080 4047 Evangelii
1111 3979 1423 4033 veritatem.
1470 3978 1628 4032 Plane
1671 3995 1762 4034 re-

191 4060 485 4132 prehendit;
521 4078 632 4120 non
661 4064 731 4119 ob
760 4063 903 4118 aliud
934 4073 1128 4130 tamen,
1159 4081 1318 4137 quam
1339 4066 1401 4123 ob
1437 4068 1762 4124 inconstan-

194 4151 326 4204 tiam
354 4154 545 4218 victus,
579 4169 738 4227 quem
769 4169 864 4224 pro
897 4169 1245 4223 personarum
1290 4156 1544 4227 qualitate
1579 4157 1763 4211 varia-

195 4237 289 4304 bat,
323 4243 522 4298 timens
553 4258 642 4299 eos
666 4245 761 4316 qui
790 4249 956 4298 erant
975 4259 1046 4298 ea:
1067 4245 1527 4312 circumcisione,-
1560 4261 1668 4300 non
1698 4247 1767 4301 ob

198 4325 407 4399 aliquam
435 4332 734 4388 divinitatis
762 4332 1190 4401 perversitatem,
1223 4333 1290 4387 de
1321 4349 1429 4404 qua
1470 4343 1526 4389 et
1568 4335 1684 4389 aliis
1713 4335 1766 4389 in

201 4413 363 4472 faciem
401 4420 702 4484 restitisset,
763 4420 854 4491 qui
899 4421 967 4475 de
1021 4421 1231 4477 minore
1280 4437 1441 4477 causa
1490 4436 1776 4478 conversa-

1861 3111 2186 3166 suspensus,
2211 3095 2331 3149 ideo
2353 3096 2622 3151 videbitur
2651 3095 2876 3151 alterius
2909 3095 3007 3150 Dei
3037 3111 3159 3151 esse
3188 3095 3462 3159 Christus,

1863 3192 1916 3238 et
1952 3182 2153 3239 idcirco
2182 3200 2213 3236 a
2241 3183 2494 3237 Creatore
2529 3183 2641 3251 jam
2673 3191 2803 3238 tunc
2841 3183 2893 3236 in
2937 3184 3059 3254 lege
3114 3183 3459 3239 maledictus.

1862 3272 1927 3327 Et
1971 3273 2243 3343 quomodo
2300 3271 2783 3343 prmmaledixisset
2839 3287 2966 3326 eum
3019 3273 3260 3335 Creator,
3301 3287 3465 3340 quem

1863 3361 2121 3432 ignorat?
2152 3361 2259 3417 Cur
2295 3371 2472 3418 autem
2501 3377 2610 3418 non
2656 3360 2832 3432 magis
2880 3366 3152 3431 competat
3201 3357 3463 3423 Creatori,

1865 3449 2057 3505 Filium
2113 3467 2270 3506 suum
2325 3450 2538 3506 dedisse
2584 3447 2948 3504 maledictioni
2995 3464 3131 3514 sum,
3162 3463 3327 3518 quam
3384 3445 3466 3500 illi

1864 3538 1979 3592 Deo
2038 3544 2128 3593 tuo
2194 3537 2500 3594 subdidisse
2552 3537 2938 3602 maledictioni,
2988 3543 3042 3591 et
3094 3535 3311 3606 quidem
3369 3549 3466 3602 pro

1868 3625 2086 3680 homine
2132 3625 2354 3680 alieno?
2382 3625 2640 3697 Denique,
2691 3624 2740 3680 si
2787 3632 2945 3680 atrox
2994 3623 3205 3678 videtur
3253 3623 3356 3678 hoc
3413 3622 3468 3676 in

1867 3715 2119 3770 Creatore
2167 3717 2311 3770 circa
2357 3715 2572 3779 Filium,
2619 3711 2845 3786 proinde
2874 3721 2966 3768 tuo
2995 3711 3052 3766 in
3088 3711 3219 3766 Deo.
3248 3708 3306 3763 Si
3336 3721 3468 3764 vero

1869 3803 2130 3859 rationale
2178 3813 2231 3859 et
2258 3803 2314 3859 in
2347 3812 2458 3869 tuo,
2494 3802 2719 3873 proinde
2747 3810 2803 3858 et
2828 3800 2884 3856 in
2912 3816 3056 3870 meo,
3087 3807 3141 3855 et
3185 3796 3364 3869 magis
3411 3795 3471 3850 in

1870 3907 2010 3947 meo.
2039 3892 2297 3969 .Facilius
2341 3892 2487 3947 enim
2525 3891 2793 3956 credetur,
2847 3893 2969 3960 ejus
3017 3905 3141 3945 esse
3196 3903 3296 3959 per
3345 3901 3468 3940 ma-

1887 3981 2208 4036 edictionem
2254 3980 2450 4037 Christi
2498 3980 2929 4036 benedictionem
2973 3976 3321 4051 prospexisse
3366 3976 3471 4030 ln-

1873 4069 2021 4134 mini,
2053 4071 2146 4140 qui
2202 4077 2255 4124 et
2311 4069 2747 4126 maledictionem
2807 4068 3096 4139 aliquando
3135 4073 3188 4121 et
3251 4062 3474 4121 benedi-

1873 4159 2105 4214 ctionem
2137 4159 2480 4230 pr0posuerit
2515 4167 2636 4213 ante
2666 4158 2960 4222 hominem,
3000 4171 3165 4227 quam
3197 4155 3288 4224 qui
3324 4169 3472 4208 neu-

1876 4256 2018 4303 trum
2048 4263 2286 4316 unquam
2318 4247 2386 4301 sit
2414 4248 2554 4318 apud
2585 4257 2633 4301 te
2662 4245 2960 4316 professus.
3004 4244 3330 4313 Accepimus
3358 4240 3470 4310 igi-

1880 4339 1976 4393 tur
2003 4333 2444 4392 benedictionem
2471 4334 2789 4404 spiritalem
2823 4348 2928 4404 per
2965 4331 3155 4402 ﬁdem,
3187 4327 3377 4399 inquit,
3408 4342 3474 4382 ex

1883 4441 1993 4498 qua
2022 4423 2222 4480 scilicet
2263 4423 2410 4478 vivet
2449 4423 2626 4490 justus
2670 4421 2964 4476 secundum
2993 4420 3321 4474 Creatorem.
3363 4415 3474 4470 Hoc

201 4502 345 4561 tionis
378 4510 648 4581 ambiguae
694 4510 850 4564 Petro
891 4509 995 4580 ipsi
1023 4526 1129 4566 non
1170 4511 1428 4581 pepercit.
1479 4511 1590 4566 Sed
1631 4527 1772 4584 quo-

201 4594 344 4650 modo
385 4598 713 4654 Marcionita:
760 4598 946 4654 volunt
990 4599 1182 4654 credi?
1231 4601 1310 4654 De
1348 4601 1544 4656 caetero
1582 4609 1775 4675 pergat

200 4683 492 4751 Apostolus,
527 4702 738 4758 negans
766 4703 837 4742 ex
867 4689 1124 4761 operibus
1144 4689 1297 4759 Legis
1315 4689 1641 4760 justiﬁcari
1669 4690 1773 4746 ho-

201 4773 519 4841 minem,sed
539 4793 613 4832 ea:
631 4774 765 4845 ﬁde,
789 4777 1032 4845 ejusdem
1061 4784 1236 4831 tamen
1258 4777 1375 4847 Dei,
1395 4779 1550 4848 cujus
1571 4790 1624 4834 et
1641 4777 1770 4834 Lex.

1882 4525 1963 4568 est
1991 4528 2122 4584 ergo
2150 4512 2292 4583 quod
2322 4510 2465 4574 dico,
2518 4510 2637 4576 ejus
2683 4507 2782 4563 Dei
2812 4507 2968 4562 ﬁdem
2999 4521 3141 4575 esse,
3194 4506 3350 4574 cujus
3393 4509 3477 4557 est

1883 4603 2053 4658 forma
2101 4600 2283 4672 gratiae
2341 4597 2487 4655 ﬁdei.
2536 4597 2642 4653 Sed
2680 4605 2735 4652 et
2780 4612 2904 4652 cum
2959 4594 3146 4663 adjicit
3195 4611 3208 4651 :
3278 4593 3474 4648 Omnes

1879 4693 2032 4747 enim
2061 4691 2174 4760 ﬁlii
2201 4691 2330 4746 estis
2356 4687 2508 4758 ﬁdet,
2540 4685 2837 4742 ostenditur
2868 4683 3000 4756 quid
3029 4697 3193 4752 supra
3223 4679 3478 4754 haeretica

1878 4777 2146 4834 industria
2175 4776 2437 4844 eraserit;
2480 4774 2815 4831 mentionem
2861 4773 3063 4829 scilicet
3105 4769 3333 4825 Abrahae
3373 4767 3473 4838 (9),

1537 4921 1730 4984 Variae
1801 4925 2111 4985 lectiones.

267 5019 308 5057 ¹⁷
335 5021 699 5099 Cessissentne
737 5023 1363 5099 subjectiopi‘ngpinor.
1401 5027 1513 5099 Ego
1546 5037 1840 5093 cesserant,
1871 5029 1995 5099 quia
2016 5029 2229 5082 fuerant
2257 5024 2376 5082 cod.
2431 5025 2631 5084 Wouw.
2673 5022 2720 5062 ιθ
2751 5021 2938 5079 Obiret
2969 5023 3092 5078 Lat.
3135 5018 3183 5060 ιθ
3214 5017 3477 5090 Superin-

201 5085 372 5150 ductos
401 5097 576 5154 Rhen.
613 5097 782 5154 Seml.
831 5085 1051 5153 Dberth.
1085 5096 1135 5136 2ο
1163 5085 1647 5157 ῠιιδίιεωιυιυιση.
1699 5085 2129 5158 δθπιί.’οὺενιὴ.

1577 5222 1719 5287 Com
1729 5227 2072 5287 mentarius.

259 5321 333 5402 (8A)
366 5327 485 5402 Sed_
496 5326 862 5402 reprehendit
889 5329 1125 5402 Petrum
1154 5344 1270 5385 non
1290 5333 1442 5402 recto
1467 5330 1603 5402 pede
1622 5333 1757 5388 ince-

1889 5327 2229 5402 EGSOpﬁnovt-a
2259 5325 2501 5402 μαθήτῷ,
2523 5323 2776 5402 ἐμῷνυμον
2805 5322 3214 5402 Πέτρῳ-τυχόῃα
3235 5326 3311 5401 ,τῷ
3327 5318 3485 5402 dno:-

187 5391 522 5474 dentem._ln
557 5391 750 5474 'Graaco
788 5410 870 5474 est
915 5398 1298 5474 dpoenbbon'vra.
1349 5391 1650 5474 Notandum
1677 5409 1757 5474 qtae

1886 5391 2024 5474 τόλῴ
2041 5391 2074 5434 θ’
2091 5420 2117 5452 (ι
2152 5391 2327 5474 Unum
2358 5391 2529 5454 fuisse
2551 5391 2631 5474 ait
2657 5391 2722 5452 ex
2751 5391 3092 5474 septuaginta
3118 5391 3391 5464 discipulis
3416 5391 3480 5443 B.

187 5412 431 5452 dentem.
464 5412 522 5453 In
558 5412 750 5454 urazco
788 5412 870 5454 est
915 5412 1298 5470 ὀρυοπῡδοῦντα.
1349 5412 1650 5456 Notandum
1696 5412 1779 5457 ta-
1886 5412 2055 5474 τόλῳ’
2091 5420 2117 5452 (ι
2153 5412 2327 5454 unum
2358 5412 2529 5454 tuisse
2557 5412 2631 5452 an
2657 5412 2722 5452 ex
2751 5412 3092 5520 septuaginta
3118 5412 3244 5448 0130]

185 5481 307 5544 men
337 5467 514 5544 in__illa
543 5469 980 5544 reprehensione,
1013 5469 1068 5523 id
1105 5470 1250 5544 quod
1286 5471 1467 5544 habet
1487 5472 1776 5544 Eusebius,
1887 5475 2044 5531 Petro
2073 5471 2317 5544 apostolo
2347 5468 2743 5544 cognominem.
2777 5486 2812 5544 ι.
2837 5468 2914 5544 La
2958 5481 3039 5544 An.
3235 5533 3244 5544 .

182 5539 318 5616 θέει.
374 5539 468 5616 lib.
501 5535 760 5616 capi”,
789 5540 878 5596 ubi
909 5535 1297 5616 aliumh'fuisse
1325 5541 1580 5616 Cepham
1622 5541 1667 5597 'a
1713 5535 1773 5599 BL
1957 5544 2037 5616 (9)
2063 5535 2204 5612 Quid
2221 5558 2395 5616 supra
2415 5535 2684 5616 liget-etim
2708 5539 3011 5616 industria;
3031 5535 3291 5613 eraserit,
3324 5545 3481 5616 rgen-

179 5608 365 5681 Petro,
415 5613 487 5666 ait
514 5599 583 5668 ei
614 5613 672 5668 S.
704 5599 979 5670 Clemente
1014 5631 1028 5667 :
1062 5610 1192 5668 Ἕνα
1227 5611 1340 5685 φησὶ
1381 5599 1625 5686 γὲγονέναι
1681 5621 1757 5668 τῶι

1889 5599 2101 5674 tionem
2151 5599 2369 5670 scilicet
2409 5610 2663 5669 Abrahae.
2704 5608 3021 5666 Subindicat
3061 5603 3288 5660 erasisse
3332 5599 3481 5658 Mar-
