3992 6174
487 260 593 322 507

1178 259 1623 322 TEBTULLIANI
1660 257 1923 320 OPERUM
1963 256 2130 320 PARS
2168 258 2237 320 ΙΙ.
2275 290 2349 304 -
2384 258 2611 322 SERIES
2650 260 2692 333 Ι,
2735 259 3082 322 POLEMICA.

3681 257 3781 319 508

485 403 594 460 qua
621 399 722 442 nos
747 381 1044 457 Apostolus
1070 383 1212 441 ﬁlios
1253 384 1483 443 Abrahm
1510 402 1608 458 per
1633 383 1794 442 ﬁdem
1831 382 2081 452 afﬁrmat,
2115 397 2163 477 Α
2192 388 2314 444 ritu
2351 401 2473 445 meo
2520 387 2586 443 in
2633 402 2858 445 omnem
2893 402 3146 454 carnem,
3204 384 3501 443 secundum
3553 384 3777 442 Joelem.

488 475 783 533 secundum
830 490 992 546 quam
1037 474 1369 532 mentionem
1411 477 1503 532 hic
1529 492 1743 549 quoque
1782 475 1922 531 ﬁlios
1952 475 2079 530 ﬁdei

485 565 712 623 notavit.
770 564 1062 634 Caeterum,
1120 565 1394 637 quomodo
1450 565 1544 621 ﬁlii
1599 565 1773 623 ﬁdei?
1818 574 1871 620 et
1927 566 2083 635 cujus

484 654 632 724 ﬁdei,
665 653 709 711 si
739 669 848 712 non
876 655 1102 712 Abrahae
1121 656 1149 711 ?
1189 655 1247 712 Si
1278 654 1421 711 enim
1450 655 1728 712 Abraham
1759 658 1863 714 Deo
1893 654 2079 712 credi-

487 747 594 814 dit,
617 750 673 801 et
701 745 1041 818 deputatum
1059 745 1106 784 ²¹
1128 749 1214 803 est
1223 743 1497 819 justitiae',
1529 753 1693 817 atque
1714 744 1910 801 exinde
1928 752 2082 816 pater

486 835 783 892 multarum
819 835 1095 892 nationum
1132 835 1331 892 meruit
1376 835 1711 908 nuncupari;
1756 851 1856 891 nos
1900 843 2079 891 autem

488 924 758 981 credendo
809 925 922 981 Deo
979 924 1172 997 magis,
1228 924 1455 997 proinde
1508 924 1885 996 justiticamur,
1940 924 2081 980 sicut

488 1016 798 1085 Abraham;
864 1023 918 1072 et
975 1017 1141 1072 vitam
1196 1016 1425 1087 proinde
1483 1014 1883 1089 consequimur,
1941 1012 2081 1070 sicut

489 1106 668 1175 justus
696 1122 760 1161 ex
786 1104 904 1162 ﬁde‘
938 1105 1106 1174 vivit;
1136 1105 1214 1162 sic
1261 1106 1321 1161 ﬁt
1357 1112 1418 1161 ut
1463 1114 1515 1161 et
1562 1122 1744 1178 supra,
1792 1103 1933 1161 ﬁlios
1980 1118 2081 1160 nos

489 1193 724 1251 Abrahae
761 1194 1138 1265 pronuntiarit,
1182 1211 1287 1265 qua
1330 1193 1504 1266 patris
1548 1192 1695 1260 ﬁdei,
1725 1201 1777 1249 et
1804 1192 1893 1249 hic
1940 1190 2082 1248 ﬁlios

491 1281 636 1349 ﬁdei,
668 1298 770 1354 per
822 1299 983 1354 quam
1039 1283 1311 1339 Abraham
1363 1291 1518 1354 pater
1570 1281 1852 1338 nationum
1907 1280 2083 1336 fuerat

490 1372 871 1442 repromissus.
928 1373 1114 1443 Ipsum
1165 1372 1314 1442 quod
1367 1370 1530 1427 ﬁdem
1586 1387 1619 1426 a
1674 1370 2084 1428 circumcisione

490 1461 797 1526 revocabat,
829 1475 1009 1517 nonne
1038 1460 1276 1517 Abrahae
1331 1459 1468 1517 ﬁlios
1504 1460 1832 1516 constituere
1869 1475 2081 1531 quaere-

489 1548 599 1613 bat,
639 1547 733 1619 qui
770 1546 823 1602 in
864 1547 1043 1605 carnis
1083 1548 1392 1622 integritate
1435 1546 1783 1606 crediderat?
1810 1545 2076 1620 Denique,

490 1636 710 1693 alterius
738 1637 838 1693 Dei
866 1636 1022 1709 ﬁdes,
1055 1638 1122 1693 ad
1151 1638 1384 1692 formam
1430 1637 1529 1693 Dei
1585 1638 1803 1693 alterius
1833 1651 1943 1692 non
1971 1650 2077 1708 po-

490 1735 588 1782 test
616 1726 841 1791 admitti,
874 1733 934 1783 ut
961 1727 1243 1784 credentes
1283 1726 1507 1795 justitize
1546 1725 1788 1798 deputet,
1818 1736 1877 1782 ut
1905 1726 2082 1795 justos

489 1816 673 1871 vivere
703 1814 877 1883 faciat,
907 1824 966 1870 ut
1010 1814 1256 1871 nationes
1299 1814 1438 1872 ﬁlios
1493 1815 1614 1872 ﬁdei
1659 1817 1801 1873 dicat
1850 1836 1864 1873 :
1910 1823 2081 1872 totum

491 1904 595 1958 hoc
622 1903 744 1972 ejus
791 1903 840 1941 ²²
868 1908 969 1971 est,
1029 1904 1172 1975 apud
1227 1920 1386 1976 quem
1425 1908 1550 1962 ante
1602 1905 1711 1977 jam
1764 1914 1951 1962 notum
2001 1912 2084 1961 est

490 1990 591 2045 sub
637 1990 825 2046 eadem
855 1990 1088 2047 Abrahae
1118 1993 1408 2061 mentione,
1441 1994 1567 2049 dum
1622 1994 1741 2067 ipso
1789 2010 1951 2052 sensu
1997 2009 2082 2049 re-

489 2079 752 2139 vincatur.

1112 2225 1336 2282 CAPUT
1372 2226 1465 2281 YI.

564 2338 775 2407 Adhuc,
807 2340 981 2413 inquit
1008 2341 1219 2414 (Galat.
1271 2357 1351 2409 ιιι,
1385 2359 1462 2409 ιν,
1496 2359 1534 2399 v
1563 2350 1613 2400 et
1641 2345 1743 2416 γι),
1777 2345 2083 2402 secundum

493 2428 774 2485 hominem
803 2429 945 2499 dico,
964 2433 1098 2489 dum
1122 2449 1365 2489 essemus
1379 2434 1629 2505 parvuli,
1659 2434 1759 2490 sub
1787 2435 2083 2492 elementis

491 2518 692 2572 mundi
722 2536 951 2575 eramus
973 2521 1164 2593 positi,
1191 2521 1263 2576 ad
1291 2521 1706 2580 deserviendum
1751 2525 1849 2579 eis.
1882 2523 2084 2594 Atquin

493 2620 602 2660 non
634 2606 811 2663 476
855 2616 937 2663 est
976 2609 1081 2666 hoc
1124 2610 1433 2667 humanitus
1472 2611 1675 2668 dictum
1726 2629 1740 2667 :
1784 2628 1894 2669 non
1941 2613 2085 2669 enim

491 2697 792 2767 exemplum
832 2705 934 2764 est,
994 2699 1091 2754 sed
1145 2699 1362 2756 veritas.
1422 2699 1558 2769 Quis
1614 2700 1757 2756 enim
1814 2703 2083 2773 parvulus,

497 2785 683 2855 utique
733 2802 917 2853 sensu,
967 2788 1112 2859 quod
1167 2797 1292 2843 sunt
1347 2790 1611 2855 nationes,
1660 2806 1766 2846 non
1806 2789 2086 2847 elementis

494 2874 769 2942 subjectus
797 2883 877 2930 est
902 2877 1111 2942 mundi,
1143 2893 1265 2950 quae
1293 2892 1394 2949 pro
1422 2878 1539 2934 Deo
1570 2879 1795 2951 suspicit
1820 2879 1918 2936 23?
1948 2880 2085 2936 Illud

2191 477 2369 553 Ipsius
2397 484 2511 534 erat
2557 476 2880 534 sustinuisse
2917 484 3127 550 tempus
3178 474 3412 549 impleri,
3467 475 3622 546 cujus
3671 483 3784 530 erat

2188 568 2351 626 etiam
2381 566 2504 623 ﬁnis
2532 566 2789 640 temporis
2845 566 2984 625 sicut
3022 565 3255 623 initium.
3316 566 3584 622 Caeterum
3638 565 3786 621 Deus

2186 657 2280 715 ille
2306 657 2532 725 otiosus,
2580 673 2682 714 nec
2737 656 3086 729 operationis,
3115 672 3217 713 nec
3253 653 3654 727 praedicationis
3704 653 3786 711 ul-

2186 746 2312 814 lius,
2344 754 2505 818 atque
2550 746 2625 803 ita
2669 762 2767 803 nec
2812 745 3071 817 temporis
3100 745 3346 815 alicujus,
3380 745 3506 818 quid
3560 743 3783 800 omnino

2188 838 2301 905 egit
2329 836 2476 910 quod
2505 835 2743 894 efﬁceret
2770 846 2981 906 tempus
3009 836 3238 908 impleri,
3292 835 3455 892 etiam
3483 835 3533 873 2⁵
3555 833 3785 906 implen-

2188 926 2321 982 dum
2350 925 2654 982 sustineri?
2685 925 2743 981 Si
2785 925 2940 993 nihil,
2967 925 3099 981 satis
3144 940 3346 981 vanum
3389 932 3470 996 est
3515 931 3576 980 ut
3620 923 3783 980 Crea-

2191 1015 2322 1071 toris
2379 1023 2628 1087 tempora
2683 1014 3001 1072 sustinuerit
3057 1014 3300 1071 serviens
3354 1011 3615 1071 Creatori.
3688 1010 3786 1068 Cui

2189 1110 2369 1161 autem
2398 1105 2476 1159 rei
2505 1105 2668 1161 misit
2703 1104 2912 1160 Filium
2946 1120 3119 1160 suum
3141 1102 3169 1156 .9
3202 1105 3266 1160 Ut
3293 1119 3382 1160 eos
3411 1104 3510 1175 qui
3536 1100 3634 1159 sub
3671 1101 3786 1172 lege

2189 1198 2374 1263 erant,
2406 1193 2711 1250 redimeret
2742 1213 2760 1249 :
2795 1194 2899 1249 hoc
2925 1200 3026 1258 est,
3059 1199 3119 1247 ut
3145 1190 3384 1247 efﬁceret
3424 1191 3555 1262 (Isa.
3603 1205 3700 1259 xc,
3734 1188 3788 1260 4)

2193 1285 2439 1338 tortuosa
2458 1282 2508 1320 ²⁶
2529 1283 2594 1339 in
2612 1282 2765 1338 viam
2788 1283 3088 1347 rectam,et
3106 1297 3310 1354 aspera
3328 1281 3391 1335 in
3413 1281 3532 1337 vias
3554 1280 3706 1336 lenes
3716 1277 3787 1344 2",

2189 1370 2486 1426 secundum
2531 1371 2767 1439 Isaiam;
2816 1378 2877 1425 ut
2928 1373 3120 1426 vetera
3168 1371 3504 1434 transirent,
3539 1373 3593 1425 et
3643 1383 3787 1422 nova

2189 1461 2500 1526 orirentur,
2534 1463 2651 1516 Lea:
2685 1475 2830 1517 nova
2859 1476 2933 1516 ea:
2962 1461 3115 1525 Sion,
3157 1462 3216 1516 et
3239 1474 3423 1516 sermo
3461 1457 3691 1514 Domini
3710 1472 3790 1517 ea:

2186 1549 2501 1606 Jerusalem
2530 1548 2662 1620 (Isa.
2694 1564 2756 1613 II,
2791 1547 2845 1619 3)
2876 1565 2890 1604 :
2926 1555 2981 1603 et
3024 1552 3095 1605 ut
3123 1548 3488 1621 adoptionem
3533 1546 3790 1618 filiorum

2186 1638 2590 1710 acciperemus,
2620 1636 2808 1710 utique
2835 1636 3105 1706 nationes,
3129 1652 3253 1711 quae
3282 1635 3379 1692 ﬁlii
3409 1650 3518 1692 non
3547 1650 3785 1691 eramus.

2187 1688 2590 1710 π--τ-.----η,,
2627 1688 2806 1710 τμη--
2837 1688 3105 1706 "mm",
3132 1688 3249 1711 .,_--
3410 1688 3517 1692 ηη
3557 1688 3675 1690 ,

2115 1688 2158 1766 Β
2185 1727 2252 1783 Et
2280 1726 2396 1799 ipse
2433 1726 2576 1783 enim
2608 1727 2712 1784 tua:
2741 1728 2854 1783 erit
2883 1728 3211 1795 nationum,
3244 1730 3301 1783 et
3334 1725 3390 1781 in
3420 1726 3639 1781 nomine
3668 1724 3788 1795 ejus

2189 1815 2439 1872 nationes
2495 1817 2802 1886 sperabunt.
2854 1818 3063 1888 Itaque,
3122 1824 3179 1871 ut
3228 1822 3435 1872 certum
3487 1822 3630 1870 esset
3688 1830 3788 1871 nos

2188 1903 2326 1961 ﬁlios
2353 1904 2453 1961 Dei
2492 1922 2611 1963 esse
2655 1906 2792 1979 (10),
2825 1906 2990 1962 misit
3018 1907 3299 1977 Spiritum
3326 1921 3493 1960 suum
3524 1905 3586 1960 in
3621 1905 3790 1961 corda

2189 1999 2406 2062 nostra,
2423 1996 2790 2065 clamantem,
2806 1994 2971 2064 Abba,
2985 1997 3173 2051 Pater.
3190 1995 3257 2050 In
3275 1995 3599 2051 novissimis
3619 1994 3788 2063 enim,

2188 2083 2362 2156 inquit
2382 2085 2539 2154 (Joel,
2562 2100 2622 2155 ιι,
2647 2084 2757 2156 28),
2791 2085 2981 2141 diebus
3007 2084 3311 2156 effundam
3332 2085 3397 2140 de
3416 2098 3536 2140 meo
3569 2084 3792 2156 Spiritu

2189 2174 2254 2228 in
2281 2189 2507 2230 omnem
2525 2188 2775 2231 carnem.
2810 2173 2979 2242 Cujus
3008 2171 3214 2244 gratiae,
3249 2170 3355 2225 nisi
3388 2171 3548 2242 cujus
3579 2181 3632 2226 et
3660 2184 3788 2240 pro-

2190 2261 2376 2317 missio
2403 2262 2590 2333 gratiae
2610 2263 2638 2318 ‘1
2668 2261 2791 2333 quis
2829 2262 3005 2327 Pater,
3038 2260 3142 2316 nisi
3173 2259 3266 2331 qui
3296 2267 3351 2316 et
3392 2260 3567 2316 factor
3588 2261 3616 2315 ?
3666 2260 3792 2315 Post

2190 2350 2288 2407 has
2326 2352 2506 2422 itaque
2535 2351 2769 2418 divitias,
2800 2365 2910 2406 non
2965 2357 3080 2406 erat
3126 2340 3521 2407 revertendum
3572 2348 3640 2404 ad
3688 2349 3786 2404 in-

2189 2442 2359 2512 firma
2387 2447 2445 2498 et
2472 2441 2736 2499 mendica
2783 2443 3084 2498 elementa.
3134 2439 3411 2494 Elementa
3439 2447 3616 2494 autem
3644 2440 3792 2510 apud

2190 2531 2464 2588 Romanos
2515 2547 2729 2605 quoque
2776 2531 2937 2586 etiam
2980 2531 3169 2601 primae
3215 2529 3404 2585 litterae
3442 2529 3619 2585 solent
3656 2528 3786 2586 dici.

2192 2622 2315 2678 Non
2356 2637 2486 2693 ergo
2535 2637 2633 2693 per
2675 2618 3027 2678 mundialium
3058 2618 3447 2675 elementorum
3484 2617 3793 2690 derogatio-

2194 2725 2314 2765 nem
2346 2723 2380 2763 a
2406 2710 2518 2765 Deo
2555 2723 2743 2764 eorum
2773 2715 3013 2764 avertere
3059 2707 3307 2779 cupiebat
3357 2728 3371 2776 ;
3420 2706 3521 2763 etsi
3555 2706 3790 2763 dicendo

2192 2814 2253 2852 su
2262 2813 2358 2869 pra
2379 2814 2393 2852 :
2417 2798 2476 2855 Si
2495 2814 2618 2868 ergo
2648 2798 2735 2853 his
2755 2798 2851 2869 qui
2871 2812 2989 2853 non
3006 2801 3221 2853 natura
3238 2800 3381 2854 sunt
3410 2796 3518 2853 Dei
3546 2797 3793 2863 servitis,

2193 2885 2451 2959 physicae,
2492 2883 2649 2943 477
2695 2885 2750 2941 id
2778 2893 2877 2951 est,
2927 2884 3185 2941 naturalis
3233 2884 3631 2957 superstitionis
3672 2885 3795 2941 ele-

494 2969 675 3052 autem
732 2961 857 3018 facit
919 2963 987 3032 3",
1042 2965 1184 3036 quod
1256 2981 1384 3023 cum
1443 2966 1741 3024 secundum
1813 2968 2090 3025 hominem
2122 2974 2165 3052 ε
2194 2983 2381 3030 menta
2407 2991 2506 3046 pro
2535 2977 2649 3030 Deo
2677 2974 2927 3030 habentis
2965 2973 3258 3045 sugillabat
3302 2974 3355 3013 2⁸
3399 2988 3660 3039 errorem,
3692 2990 3799 3029 nec

498 3047 737 3117 dixisset,
777 3056 955 3108 tamen
1001 3060 1381 3110 testamentum
1418 3054 1655 3112 hominis
1694 3071 1854 3113 nemo
1882 3057 2089 3128 spernit

494 3145 586 3193 aut
613 3138 1009 3210 superordinat.
1042 3140 1307 3214 Exemplo
1336 3143 1480 3199 enim
1525 3144 1749 3201 humani
1780 3146 2089 3202 testamenti

494 3225 883 3297 permanentia,
914 3226 1160 3286 divinum
1191 3229 1458 3287 tuebatur.
1489 3231 1725 3289 Abrahae
1752 3232 1921 3289 dictae
1946 3236 2088 3290 sunt

494 3316 912 3388 promissiones,
945 3323 999 3375 et
1027 3320 1232 3374 semini
1259 3321 1398 3389 ejus.
1421 3321 1542 3376 Non
1570 3321 1741 3390 dixit,
1756 3321 2085 3389 seminibus,

495 3406 662 3477 quasi
702 3406 1006 3478 pluribus;
1052 3406 1148 3465 sed
1194 3409 1425 3474 semini,
1466 3412 1741 3482 tanquam
1778 3413 1905 3477 uni,
1946 3411 2089 3484 quod

501 3494 755 3551 Christus
785 3500 887 3553 est.
908 3495 1206 3553 Erubescat
1234 3496 1460 3573 spongia
1488 3497 1794 3570 Marcionis,
1813 3499 1915 3557 nisi
1942 3501 2087 3573 quod

496 3598 565 3638 ex
616 3584 910 3641 abundanti
939 3593 1169 3642 retracto
1224 3602 1343 3658 quae
1400 3587 1639 3653 abstulit,
1672 3604 1799 3645 cum
1853 3591 2088 3648 validius

482 3670 568 3727 “sit
602 3672 754 3728 illum
791 3688 856 3728 ex
886 3673 971 3729 his
1011 3675 1214 3733 revinci
1259 3691 1381 3745 quae
1419 3677 1676 3733 servavit.
1727 3680 1868 3735 Cum
1896 3685 2087 3737 autem

498 3761 686 3817 evenit
715 3762 943 3834 impleri
980 3766 1229 3834 tempus:
1251 3765 1412 3819 misit
1461 3767 1600 3821 Deus
1637 3768 1847 3824 Filium
1875 3785 2086 3837 suum;

488 3848 681 3921 utique
707 3849 771 3919 is,
806 3852 895 3921 qui
923 3851 1083 3906 etiam
1139 3851 1379 3923 ipsorum
1434 3860 1737 3925 temporum
1793 3860 1941 3916 Deus
1982 3867 2083 3929 est,

497 3938 695 4010 quibus
738 3940 995 3996 saeculum
1042 3948 1287 4014 constat;
1336 3942 1430 4014 qui
1460 3943 1616 4016 signa
1641 3960 1861 4019 quoque
1887 3956 2090 4021 tempo-

499 4043 620 4082 rum
645 4028 934 4096 ordinavit,
963 4030 1127 4096 soles,
1157 4038 1212 4086 et
1242 4030 1419 4099 lunas,
1454 4041 1507 4087 et
1544 4033 1739 4109 sidera,
1778 4044 1833 4093 et
1860 4038 2082 4110 stellas;

500 4117 593 4188 qui
621 4118 739 4174 Filii
766 4120 993 4193 denique
1037 4120 1121 4176 sui
1163 4122 1545 4180 revelationem
1592 4124 1646 4179 in
1695 4128 2090 4184 extremitatem

2194 3065 2270 3119 sic
2306 3072 2487 3121 tamen
2516 3063 2904 3120 elementorum
2935 3063 3103 3119 Deum
3134 3071 3342 3119 taxans.
3378 3063 3486 3120 Sed
3514 3078 3636 3135 quae
3666 3063 3799 3119 velit

2192 3151 2418 3226 intelligi
2476 3152 2768 3219 elementa,
2836 3152 3035 3222 primas
3111 3152 3317 3209 scilicet
3370 3152 3578 3208 litteras
3631 3151 3797 3223 legis,

2192 3237 2309 3311 ipse
2340 3239 2576 3296 declarat
2608 3259 2622 3294 :
2654 3241 2780 3296 Dies
2808 3238 3129 3306 obseruatis,
3162 3244 3221 3298 et
3266 3256 3506 3307 menses,
3538 3245 3598 3298 et
3646 3244 3796 3297 tem-

2189 3346 2350 3403 pora,
2403 3332 2461 3385 et
2506 3345 2706 3395 annos,
2761 3336 2815 3384 et
2860 3328 3115 3395 Sabbata,
3166 3338 3226 3386 ut
3273 3329 3488 3401 Opinor,
3519 3337 3577 3386 et
3609 3344 3801 3386 coenas

2191 3433 2358 3489 puras
2386 3417 2524 3490 (11),
2555 3426 2610 3473 et
2647 3417 2857 3489 jejunia
2885 3426 2936 3474 et
2960 3418 3077 3474 dies
3108 3433 3355 3492 magnos.
3389 3419 3618 3476 Cessare
3648 3419 3801 3476 enim

2192 3508 2259 3563 ab
2285 3507 2374 3562 his
2423 3522 2637 3579 quoque
2670 3506 2810 3564 sicut
2850 3515 2904 3564 et
2942 3507 3353 3565 circumcisione
3390 3510 3676 3581 Oportebat
3730 3527 3803 3566 ex

2193 3595 2428 3653 decretis
2457 3595 2748 3663 Creatoris,
2780 3596 2874 3669 qui
2912 3605 2965 3652 et
2993 3613 3091 3669 per
3134 3597 3335 3653 Isaiam
3364 3600 3425 3669 (ι.
3461 3597 3550 3670 14)
3600 3615 3614 3655 ;
3657 3600 3803 3658 Neo-

2191 3688 2410 3744 menias
2426 3691 2639 3744 vestras
2660 3691 2717 3742 et
2747 3686 2988 3744 Sabbata
3006 3691 3063 3743 et
3085 3687 3237 3744 diem
3254 3704 3529 3760 magnum
3549 3703 3667 3744 non
3685 3705 3803 3745 sus-

2194 3775 2379 3833 tinebo
2426 3794 2446 3832 :
2463 3776 2765 3848 jejunium
2794 3779 2851 3833 et
2877 3778 3054 3847 ferias
3083 3781 3138 3833 et
3166 3778 3530 3835 cwremonias
3576 3781 3801 3835 vestras

2192 3864 2313 3922 odit
2327 3865 2523 3921 anima
2544 3881 2702 3934 mea;
2721 3871 2776 3921 et
2794 3867 3081 3936 per‘Amos
3100 3866 3179 3938 (v,
3203 3866 3295 3936 2t)
3320 3884 3332 3920 :
3360 3867 3479 3936 Odi,
3502 3867 3681 3937 rejcci
3699 3882 3806 3923 cce-

2191 3954 2475 4011 remonias
2495 3956 2733 4022 vestras,
2763 3959 2819 4012 et
2847 3971 2964 4012 non
2992 3954 3261 4013 odorabor
3283 3954 3332 3993 39
3359 3956 3425 4011 in
3453 3956 3802 4028 frequentiis

2192 4043 2415 4099 vestris.
2447 4042 2584 4098 Item
2615 4059 2711 4112 per
2740 4041 2883 4099 Osee
2914 4041 2998 4113 (ιι,
3032 4042 3121 4115 11)
3163 4060 3179 4099 :
3209 4044 3473 4101 Avertam
3499 4044 3804 4101 universas

2190 4131 2587 4204 jucunditates
2615 4133 2760 4205 ejus,
2785 4136 2841 4189 et
2875 4133 3241 4191 cteremonias
3280 4135 3423 4204 eius,
3456 4135 3514 4190 et
3533 4132 3805 4199 Sabbata,

501 4214 803 4279 temporum
832 4216 885 4263 et
915 4207 1176 4278 disposuit
1202 4219 1256 4264 et
1284 4211 1594 4281 praedicavit
1622 4214 1754 4284 (Isa.
1801 4232 1861 4287 ιι,
1891 4218 1945 4289 2)
1977 4234 1992 4275 :
2027 4217 2090 4275 In
2124 4265 2168 4294 η
2198 4223 2253 4279 et
2270 4223 2597 4281 neomenias
2631 4222 2772 4293 ejus,
2800 4225 2856 4278 et
2875 4237 3067 4278 omnes
3101 4222 3458 4294 frequentius
3486 4222 3630 4293 ejus.
3665 4221 3808 4290 Qua:

613 4265 627 4279 .
1001 4265 1017 4278 .
1284 4265 1300 4281 ‘
1360 4265 1383 4266 η
1464 4265 1479 4268 _
1510 4265 1591 4268 ηη
1626 4265 1754 4284 \__.._
1801 4265 1861 4287 ,Ἴ
1892 4265 1942 4289 _/
1978 4265 1992 4275 .
2027 4265 2088 4275 .,-
2198 4265 2251 4279 ν.
2272 4265 2595 4281 "vv-"vuum
2631 4265 2772 4293 ινδ-υ,
2800 4265 2855 4278 vv
2876 4265 3064 4278 νυνι-νυ
3101 4265 3456 4294 ιινῚυννη-ησν
3486 4265 3630 4293 νι·”“”
3670 4265 3804 4290 ‘i'w

505 4300 821 4355 novissimis
854 4298 1046 4357 diebus
1067 4301 1179 4355 erit
1207 4302 1550 4373 manifestus
1586 4320 1750 4363 mons
1771 4308 2018 4376 Domini,
2038 4316 2093 4364 et
2124 4265 2170 4342 Β
2199 4310 2315 4382 ipse
2341 4309 2709 4378 constituerat,
2742 4309 2946 4382 inquis,
2975 4309 3188 4366 erasit?
3216 4310 3390 4383 Magis
3418 4326 3580 4382 quam
3607 4309 3754 4365 alius
3788 4329 3804 4364 :

503 4383 659 4457 (Joel,
680 4401 742 4453 ιι,
765 4388 983 4459 28):In
1006 4390 1328 4448 novissimis
1357 4391 1551 4450 diebus
1571 4395 1871 4466 effundam
1898 4397 1964 4453 de
1983 4400 2094 4471 spi-
2199 4406 2290 4455 aut
2317 4399 2368 4439 3°
2410 4398 2458 4456 si
2484 4398 2640 4467 alius,
2676 4414 2807 4473 ergo
2853 4398 2945 4454 ille
2996 4397 3207 4470 adjuvit
3258 4398 3580 4457 sententiam
3634 4399 3811 4456 Crea-

1860 4538 2050 4602 Variae
2120 4544 2430 4606 lectiones.

573 4660 618 4698 ²ί
658 4660 964 4740 Deputatur
1001 4663 1125 4740 ραι.
1148 4661 1347 4740 ηΑΕέυε
1376 4665 1532 4740 abest
1554 4667 1690 4740 Par.
1722 4666 1775 4740 93
1801 4667 2039 4740 Suscipit
2079 4672 2157 4727 at.
2200 4671 2249 4709 24
2278 4670 2397 4726 Fuit
2427 4672 2562 4727 Jun.
2621 4669 2671 4708 2⁵
2698 4668 2809 4726 Aut
2863 4669 2975 4739 jam
3023 4672 3143 4725 Lat.
3175 4669 3224 4708 26
3280 4671 3592 4726 Tortuosam
3654 4668 3807 4727 viam

502 4735 673 4790 Fran.
707 4733 753 4772 2⁷
783 4733 971 4791 Ιιᾶενεε
1001 4735 1133 4791 Jun.
1166 4735 1217 4772 2⁸
1243 4735 1514 4810 Suggillat
1541 4738 1716 4796 Rhen.
1749 4739 1919 4797 Semt.
1957 4733 2171 4800 Dberth.
2204 4743 2253 4781 99
2279 4742 2560 4799 Adorabor
2592 4740 2766 4799 Rhen.
2801 4733 2971 4799 Seml.
3007 4740 3227 4799 Oberth.
3262 4742 3315 4782 ³ο
3339 4742 3410 4796 At
3448 4743 3584 4797 Par.

1895 4863 2393 4930 Commentarius.

501 4986 716 5071 cionem
744 4992 857 5044 tum
886 4986 1040 5071 initio
1068 4990 1234 5071 hujus
1258 4991 1467 5071 capitis,
1498 4999 1611 5048 tum
1650 5004 1791 5071 ante
1806 4995 1952 5053 dicta
1977 4999 2088 5068 jam
2200 5005 2344 5071 trum
2388 4995 2697 5071 lectionem,
2741 4995 2895 5071 apud
2931 5010 3026 5052 eos
3056 4993 3431 5071 de_sideratur,_
3462 5001 3517 5071 at
3557 4994 3809 5054 vicissim

501 5057 667 5145 verba
702 5072 891 5145 versus
920 5060 1125 5145 aliquot
1144 5057 1555 5145 praecedentes;
1588 5068 1734 5145 quod
1778 5057 2087 5145 ipsum're-
2199 5070 2327 5145 legit
2368 5069 2577 5126 Auctor
2620 5057 2801 5145 corda
2842 5067 3260 5145 nos_tra,_j_uxta
3286 5057 3436 5145 quod
3464 5067 3664 5145 Graece
3719 5074 3810 5123 est

504 5134 646 5214 petit
656 5144 807 5211 _cap.
864 5134 1128 5214 sequenti,
1161 5134 1346 5214 ;idque
1399 5152 1519 5214 non
1564 5134 1738 5195 solum
1768 5134 1835 5214 de
1860 5141 2089 5197 Abraha:
2192 5134 2358 5214 ἣρῖὢν,
2389 5140 2853 5197 consentientibus
2880 5138 3043 5214 etiam
3071 5134 3175 5193 B'B.
3228 5134 3424 5214 Amhr.
3473 5146 3530 5195 et
3569 5139 3804 5214 Hieron:

505 5153 807 5211 peutﬁup.
864 5153 1128 5213 sequenti,
1184 5153 1346 5261 tuque
1399 5153 1507 5193 non
1564 5153 1738 5195 80mm
1768 5153 1835 5195 ae
1860 5153 2089 5197 Abram!)
2192 5153 2358 5214 ἡμῶν,
2389 5153 2853 5197 consentientibus
2880 5153 3043 5194 etiam
3071 5153 3175 5193 ms.
3228 5153 3424 5195 Amor.
3473 5153 3530 5195 et
3569 5153 3804 5195 mel-on.

505 5203 926 5289 m_entione,_sed
955 5211 1117 5289 etiam
1144 5204 1212 5261 de
1238 5206 1261 5289 _i
1288 5207 1339 5262 lo
1373 5222 1386 5263 :
1420 5227 1444 5258 ι
1477 5208 1678 5289 Tamen
1707 5212 2087 5289 testamentum
2197 5213 2251 5269 in
2267 5213 2487 5289 _Com__m_.
2512 5226 2646 5289 ’ριρ
2683 5226 2749 5266 eo
2778 5210 2921 5282 quod
2951 5210 3042 5289 alii
3085 5214 3317 5289 vestra._
3350 5211 3519 5289 Porro
3546 5217 3701 5266 recte
3728 5209 3804 5289 ibi

504 5274 869 5359 hominnisnnou
898 5276 1130 5359 spernit,
1159 5287 1253 5359 aut
1286 5279 1744 5359 superordinat.__»
1779 5283 1918 5359 Pan.
2197 5274 2553 5359 subintelligit
2584 5274 2897 5347 Rhenanus,
2928 5286 3035 5354 est,
3066 5298 3187 5339 cum
3215 5281 3343 5339 dicit
3372 5281 3604 5353 Auctor,
3628 5284 3801 5354 cujus

547 5343 622 5426 '(t
635 5343 691 5416 0)
720 5343 1026 5429 {taque—ut
1053 5343 1457 5429 certumnesset
1487 5366 1594 5429 nos
1632 5352 1778 5422 ﬁlios
1808 5355 1907 5429 Dei
1951 5370 2087 5429 esse.
2194 5358 2410 5429 gratia.
2438 5343 2520 5429 Ιιῖ.

503 5415 850 5501 Sni'ceiplic‘a‘t
885 5416 1018 5501 illud
1058 5419 1319 5501 Apostoli
1362 5439 1375 5476 :
1415 5415 1691 5501 Quoniam
1718 5428 1913 5501 autem
1955 5428 2091 5501 estis
2194 5415 2219 5429 “’
2270 5428 2398 5501 (ιι)
2420 5427 2613 5501 gamus
2637 5443 2836 5499 ρηναε,
2857 5427 3195 5501 -Ρδταεθεγὲξ
3225 5424 3273 5479 ἐν
3303 5430 3365 5499 τῇ
3390 5424 3505 5501 ἕκτῃ
3539 5429 3640 5501 “3,,
3691 5424 3805 5496 ἠμί-

504 5488 617 5571 filii
643 5488 761 5571 Dei:
783 5487 1143 5571 conﬁrmatur
1170 5492 1411 5550 omnium
1433 5487 1746 5571 Latinorum
1794 5496 1952 5551 lectio
1997 5498 2093 5571 qui
2201 5487 2315 5570 ρῶη).
2347 5487 2435 5554 Sic
2452 5487 2836 5571 interpi'etatur
2855 5498 3114 5571 Irenaaus,
3137 5497 3229 5553 lib.
3255 5487 3429 5570 x,cap.
3454 5487 3542 5554 ι’ὸ.
3563 5487 3803 5561 διοεὲω,

505 5560 607 5617 Dei
651 5559 877 5632 addunt,
905 5561 1051 5636 quod
1085 5564 1237 5635 juxta
1271 5572 1606 5624 constantem
1652 5567 1969 5626 Gmorum
1997 5559 2095 5624 Pa-
2202 5559 2371 5628 Coena
2409 5585 2564 5645 pura,
2594 5559 2962 5645 ἱεροσάϐὁατον.
2994 5559 3117 5628 Βισζ
