4018 6192
239 305 345 379 509

233 430 379 502 toris,
428 429 686 489 auferens
723 448 845 507 quae
882 436 938 493 et
984 433 1080 492 ille
1135 433 1502 491 damnaverat.
1561 431 1668 490 Sed
1723 448 1831 490 non

235 521 393 591 hujus
422 520 531 577 loci
570 521 822 595 quaestio,
883 539 981 581 cur
1026 523 1183 597 leges
1219 538 1352 580 suas
1382 523 1608 580 Creator
1660 520 1829 578 infrev

235 608 393 685 gerit.
453 610 664 668 Sufﬁcit
722 613 870 685 quod
927 612 1287 670 infracturum
1348 611 1716 686 probavimus,
1778 618 1835 667 ut

236 698 589 757 conﬁrmetur
631 700 767 756 nihil
824 700 1153 773 Apostolum
1201 701 1463 760 adversus
1524 701 1832 757 Creatorem

238 788 650 855 determinasse,
681 806 804 846 cum
834 798 889 847 et
915 786 1033 861 ipsa
1069 791 1312 850 amolitio
1342 792 1389 832 31
1423 792 1585 865 Legis
1611 807 1643 846 a
1670 791 1834 846 Crea-

239 884 355 933 tore
387 876 480 933 sit.
512 878 617 933 Sed
656 884 713 933 ut
743 878 792 916 33
831 878 1041 935 furibus
1079 881 1215 937 solet
1252 879 1456 953 aliquid
1486 878 1730 936 excidere
1767 877 1834 932 de

237 966 422 1040 praeda
460 966 515 1021 iu
544 966 824 1037 indicium,
866 968 939 1023 ita
966 968 1130 1026 credo
1168 977 1224 1026 et
1268 968 1597 1025 Marcionem
1645 968 1832 1024 novis-

236 1055 425 1108 simam
457 1055 694 1110 Abrahae
722 1057 1055 1113 mentionem
1086 1057 1463 1130 dereliquisse,
1498 1056 1699 1111 nullam
1729 1072 1836 1111 ma-

236 1141 316 1212 gis
352 1139 732 1210 auferendam,
774 1145 882 1200 etsi
923 1160 989 1200 ex
1019 1151 1168 1214 parte
1196 1142 1463 1201 convertit
1493 1143 1562 1197 33.
1598 1143 1657 1199 Si
1688 1142 1835 1200 enim

235 1230 515 1287 Abraham
537 1231 673 1289 duos
702 1231 903 1293 liberos
943 1233 1164 1301 habuit,
1190 1249 1371 1291 unum
1419 1247 1492 1289 ea:
1521 1233 1755 1301 ancilla,
1780 1237 1841 1289 et

234 1318 411 1375 alium
433 1335 507 1376 ea:
528 1318 705 1377 libera
724 1321 846 1378 :sed
866 1322 965 1394 qui
984 1338 1056 1379 ea:
1075 1322 1310 1388 ancilla,
1330 1322 1645 1379 carnaliter
1664 1322 1835 1377 natus

232 1412 314 1463 est
333 1427 354 1473 ,-
376 1409 480 1479 qui
506 1424 636 1465 vero
657 1424 730 1465 ex
766 1410 964 1479 libera,
1000 1427 1099 1482 per
1130 1409 1289 1467 478
1322 1410 1833 1482 repromissionem,

231 1513 353 1569 qua:
372 1501 516 1553 sunt
543 1497 873 1569 allegorica,
896 1498 953 1554 id
976 1506 1077 1565 est,
1100 1498 1247 1555 aliud
1270 1498 1643 1571 portendentis
1676 1514 1690 1552 :
1721 1498 1837 1555 haec

229 1590 366 1641 sunt
416 1588 572 1643 enim
611 1586 721 1644 duo
765 1591 1130 1653 testamenta,
1164 1587 1278 1646 sive
1325 1588 1449 1645 dua:
1478 1586 1834 1653 ostensiones,

234 1675 380 1729 sicut
439 1674 755 1730 invenimus
819 1677 1228 1748 interpretatum
1279 1694 1293 1731 :
1337 1693 1523 1734 unum
1562 1693 1600 1733 a
1644 1677 1838 1735 monte

1462 307 1585 371 LIB.
1631 306 1671 366 V
1709 306 1866 368 ADV.
1904 305 2322 370 MARCIONEM.

3432 306 3540 370 510

1944 448 2068 489 eum
2116 432 2387 491 constituit
2431 433 2908 503 manumissorem,
2940 433 3031 509 qui
3082 434 3185 493 fuit
3220 432 3539 491 Dominus?

1940 520 2164 580 Alienos
2192 523 2339 579 enim
2376 538 2564 581 servos
2615 538 2683 580 ne
2719 522 2891 582 Galba
2919 523 3133 596 quidem
3172 524 3221 564 36
3261 521 3538 581 manumi-

1941 611 2011 668 sit
2052 614 2190 683 (12),
2233 612 2442 669 facilius
2496 612 2700 670 liberos
2754 612 3050 669 soluturus.
3108 614 3191 669 Ab
3250 627 3316 669 eo
3370 611 3536 685 igitur

1940 702 2281 771 praestabitur
2326 702 2569 772 libertas,
2618 702 2762 773 apud
2791 717 2958 774 quem
2989 699 3089 757 fuit
3118 700 3347 759 servitus
3373 701 3531 776 legis.

1940 792 2007 847 Et
2036 793 2250 848 merito.
2298 792 2421 847 Non
2475 780 2700 849 decebat
2754 788 3119 845 manumissos
3176 805 3359 846 rursus
3399 790 3535 864 jugo

1941 881 2214 939 servitutis
2263 880 2400 952 (l3),
2443 879 2496 935 id
2537 888 2619 937 est
2647 878 2808 952 legis,
2858 878 3139 951 adstringi,
3166 879 3277 949 jam
3324 878 3537 936 Psalmo

1941 968 2023 1040 (it)
2040 969 2332 1040 adimpleto
2358 987 2373 1027 :
2395 971 2801 1042 Dirumpamus
2821 969 3057 1025 uincula
3076 984 3293 1035 eorum,
3317 972 3374 1026 et
3402 966 3539 1039 abji-

1941 1059 2157 1116 ciamus
2178 1076 2213 1115 a
2232 1058 2389 1118 nobis
2409 1060 2619 1130 jugum
2639 1061 3211 1132 ipsorum,postquam
3240 1058 3537 1114 archontes

1940 1148 2262 1222 congregati
2307 1152 2444 1214 sunt
2486 1149 2550 1203 in
2596 1164 2785 1204 unum
2814 1148 3075 1205 adversus
3102 1149 3446 1215 Dominum;
3485 1150 3538 1203 et

1942 1238 2206 1296 adversus
2228 1236 2522 1293 Christum
2550 1239 2753 1309 ipsius.
2785 1237 2866 1293 De
2894 1236 3153 1292 servitute
3174 1235 3342 1308 igitur
3364 1250 3542 1292 exem-

1944 1337 2084 1397 ptos,
2100 1327 2270 1396 ipsam
2287 1325 2560 1383 servitutis
2582 1334 2767 1381 notam
2782 1325 3005 1382 eradere
3024 1325 3420 1396 perseverabat,
3439 1323 3543 1378 cir-

1942 1415 2362 1481 cumcisionem;
2414 1430 2478 1469 ex
2528 1413 2930 1486 praedicationis
2960 1410 3134 1469 479
3175 1411 3380 1469 scilicet
3406 1427 3540 1483 pro-

1943 1506 2171 1577 pheticus
2213 1502 2563 1570 auctoritate;
2626 1517 2831 1559 memor
2865 1502 3068 1558 dictum
3108 1518 3205 1572 per
3248 1500 3536 1557 Jeremiam

1945 1592 2106 1666 (mil
2129 1612 2142 1649 :
2169 1596 2241 1649 Et
2259 1593 2738 1649 circumcidimini
2753 1592 3045 1665 praeputia
3065 1590 3111 1629 37
3133 1590 3316 1647 cordis
3337 1606 3426 1648 ves
3435 1591 3536 1659 tri,

1944 1680 2086 1753 Quia
2113 1690 2167 1738 et
2192 1682 2405 1755 Moyses
2434 1684 2618 1751 (Deut.
2651 1697 2709 1748 x,
2745 1684 2831 1749 16)
2860 1700 2878 1737 :
2914 1680 3341 1737 Circumcidetis
3365 1678 3533 1736 duri—

232 1765 389 1828 Sina,
419 1766 486 1820 in
521 1781 860 1838 synagogam
892 1766 1239 1834 Judteorum,
1278 1768 1592 1825 secundum
1643 1769 1836 1839 legem,
1872 1766 1916 1844 Β
1944 1772 2196 1831 cordiam
2223 1774 2491 1837 vestram,
2540 1770 2594 1825 id
2632 1779 2735 1841 est,
2775 1784 2882 1825 non
2913 1783 3148 1824 carnem.
3196 1768 3461 1839 Denique,
3490 1767 3536 1822 si

232 1869 514 1923 generans
570 1855 633 1908 in
700 1856 1075 1923 seruitutem;
1130 1856 1289 1912 aliud
1316 1857 1365 1895 3"
1396 1872 1561 1928 super
1615 1870 1830 1912 omnem

236 1934 610 2012 principatum,
635 1957 914 2014 generans
944 1944 1076 2012 vim,
1109 1943 1557 2012 dominationem,
1589 1952 1642 2000 et
1671 1958 1832 2001 omne

242 2044 447 2084 nomen
499 2029 637 2101 quod
667 2031 1000 2103 nominatur,
1053 2048 1162 2088 non
1202 2040 1410 2087 tantum
1452 2033 1508 2088 iu
1546 2034 1654 2090 hoc
1690 2047 1828 2099 mvo,

228 2118 327 2172 sed
356 2118 411 2172 in
441 2118 622 2175 futuro
653 2138 667 2174 :
700 2138 824 2193 qua:
852 2126 936 2179 est
974 2125 1163 2179 mater
1204 2127 1428 2188 nostra,
1462 2121 1517 2177 in
1548 2138 1706 2195 quam
1739 2136 1832 2177 re-

225 2207 587 2278 promisimus
631 2219 869 2265 sanctam
908 2210 1195 2267 Ecclesium
1249 2229 1261 2269 :
1305 2212 1539 2284 ideoque
1581 2210 1769 2281 adjicit
1817 2225 1829 2263 :

224 2296 468 2368 Propter
487 2298 654 2370 quod,
671 2302 903 2370 fratres,
928 2317 1042 2357 non
1070 2318 1267 2358 sumus
1313 2302 1546 2358 ancillae
1572 2302 1708 2371 ﬁlii,
1740 2298 1835 2357 sed

229 2387 440 2444 liberae.
479 2388 681 2462 Utique
729 2390 1093 2447 manifestavit
1140 2400 1196 2447 et
1240 2392 1624 2449 christianismi
1662 2405 1834 2463 gene-

226 2476 511 2533 rositatem
558 2478 616 2532 in
662 2478 773 2535 lilio
819 2480 1057 2536 Abrahae
1096 2497 1163 2536 ex
1209 2481 1379 2539 libera
1409 2489 1535 2537 nato
1564 2479 1835 2551 allegoria

228 2567 428 2622 habere
478 2577 902 2641 sacramentum,
931 2571 1069 2626 sicut
1117 2579 1173 2627 et
1216 2571 1473 2627 Judaismi
1517 2572 1835 2627 servitutem

233 2656 462 2727 legalem
512 2659 569 2712 in
612 2657 725 2715 ﬁlio
767 2659 1015 2726 ancillas;
1056 2669 1217 2733 atque
1270 2661 1340 2718 ita
1388 2662 1507 2730 ejus
1562 2661 1665 2715 Dei
1719 2676 1836 2716 esse

240 2754 523 2817 utramque
580 2746 1009 2819 dispositionem,
1084 2751 1228 2820 apud
1303 2767 1465 2823 quem
1531 2750 1836 2807 invenimus

245 2832 528 2903 utriusque
560 2834 930 2907 dispositionis
977 2838 1415 2894 delineationem.
1467 2840 1650 2911 Ipsum
1693 2839 1836 2911 quod

247 2922 331 2977 ait.
367 2924 490 2991 Qua
509 2926 773 2981 libertate
802 2926 1055 2984 Christus
1078 2944 1176 2985 nos
1194 2931 1536 2987 manumisit
1562 2931 1630 2999 35,
1659 2945 1838 2987 nonne

1939 1859 2348 1919 circumcisione
2376 1860 2445 1915 ab
2483 1858 2587 1914 alio
2627 1859 2744 1916 Deo
2794 1855 3018 1914 veniens
3066 1854 3400 1921 excludebat,
3434 1869 3535 1910 cur

1939 1952 2102 2005 etiam
2153 1948 2618 2020 prmputiationem
2676 1953 2837 2020 negat
2886 1944 3177 2017 quidquam
3235 1943 3420 1998 valere
3477 1944 3531 1998 in

1940 2037 2173 2103 Christo,
2223 2038 2363 2094 sicut
2417 2043 2472 2092 et
2520 2032 3030 2091 circumcisionem?
3092 2029 3342 2102 praeferre
3387 2029 3528 2085 enim

1940 2128 2172 2183 debebat
2226 2124 2471 2182 aemulam
2528 2125 2667 2194 ejus,
2727 2138 2886 2197 quam
2934 2120 3303 2192 expugnabat,
3360 2118 3406 2174 si
3462 2116 3530 2173 ab

1942 2216 2137 2272 aemulo
2194 2213 2619 2271 circumcisionis
2663 2214 2781 2269 Deo
2829 2219 2992 2267 esset.
3053 2211 3241 2276 Porro,
3298 2209 3427 2279 quia
3481 2215 3536 2263 et

1943 2304 2279 2362 circumcisio
2325 2312 2379 2359 et
2436 2301 2775 2375 praeputiatio
2820 2301 2913 2357 uni
2952 2301 3066 2357 Deo
3120 2299 3537 2370 deputabantur,

1942 2394 2063 2450 ideo
2093 2402 2318 2465 utraque
2358 2392 2413 2447 in
2443 2392 2658 2449 Christo
2691 2390 2934 2459 vacabat,
2977 2395 3201 2460 prOpter
3236 2386 3365 2443 ﬁdei
3393 2401 3540 2458 pras-

1944 2484 2236 2549 latiouem;
2297 2483 2439 2538 illius
2469 2481 2618 2553 fidei,
2680 2480 2745 2535 de
2790 2495 2898 2552 qua
2941 2492 3056 2534 erat
3104 2476 3367 2548 scriptum
3409 2476 3542 2548 (Isa.

1941 2589 2082 2638 xui,
2104 2573 2159 2642 4)
2196 2587 2209 2624 :
2234 2573 2304 2627 Et
2328 2573 2389 2627 in
2412 2570 2643 2626 nomine
2672 2570 2798 2640 ejus
2819 2569 3085 2624 nationes
3105 2566 3373 2632 credent;
3399 2564 3546 2621 illius

1944 2660 2086 2729 fidei,
2104 2673 2269 2731 quam
2299 2657 2531 2714 dicendo
2560 2672 2660 2728 per
2675 2655 3034 2712 dilectionem
3057 2653 3276 2725 perﬁci,
3300 2649 3378 2706 sic
3402 2667 3547 2723 quo-

1942 2766 2049 2824 que
2086 2748 2357 2805 Creatoris
2398 2746 2657 2804 ostendit.
2706 2744 2832 2800 Sive
2861 2744 3003 2798 enim
3034 2742 3376 2798 dilectionem
3415 2738 3547 2796 dicit

1944 2855 2064 2911 quas
2097 2838 2148 2892 in
2190 2838 2387 2903 Deum,
2418 2844 2472 2892 et
2500 2836 2602 2891 hoc
2639 2830 2911 2889 Creatoris
2936 2838 3019 2887 est
3057 2831 3237 2902 (Deut.
3270 2831 3352 2898 vr)
3398 2841 3410 2878 :
3442 2829 3542 2884 Di-

1947 2929 2080 3000 liges
2100 2928 2279 2982 Deum
2307 2940 2380 2980 ea:
2411 2927 2525 2981 toto
2552 2922 2713 2981 corde
2744 2925 2863 2994 tuo,
2887 2925 2943 2978 et
2963 2937 3035 2981 ex
3056 2923 3173 2978 tota
3194 2921 3392 2976 anima
3414 2922 3536 2984 tua,

1602 3047 1792 3110 Variae
1864 3050 2181 3109 lectiones.

309 3144 353 3183 31
384 3143 627 3201 Abolitio
651 3149 726 3204 al.
762 3147 809 3186 ³2
838 3148 905 3202 Et
934 3151 1065 3203 Par.
1094 3154 1147 3187 ³⁵
1178 3148 1464 3204 Convenit
1492 3154 1613 3208 Lat.
1646 3152 1695 3189 3"
1713 3151 1892 3206 Alium
1938 3150 2114 3207 Rhen.
2149 3148 2318 3204 Seml.
2358 3143 2576 3201 Oberth.
2601 3142 2829 3198 alterum
2868 3145 2994 3199 Lat.
3028 3142 3077 3181 ³⁵
3114 3141 3540 3197 Delineationem

246 3218 395 3274 Pam.
429 3218 847 3275 declinationem
877 3222 1008 3277 Jun.
1050 3220 1099 3258 ³ο
1128 3222 1239 3277 Nec
1269 3220 1438 3277 Galbi
1471 3224 1607 3278 Jun.
1630 3226 1753 3279 sine
1774 3240 1837 3294 qu

1947 3238 2000 3276 m
2028 3220 2076 3260 ³⁷
2102 3218 2374 3290 Prarputio
2402 3216 2481 3272 al.

1651 3314 2145 3375 Commentarius.

310 3419 423 3492 (l2)
457 3417 684 3492 Alienas
707 3419 872 3492 enim,
889 3432 1071 3473 servos
1093 3435 1161 3475 ne
1180 3419 1349 3492 Galba
1372 3417 1597 3492 quidem
1627 3435 1831 3475 manu-

242 3490 422 3545 misit.
471 3488 564 3544 Sic
592 3489 814 3545 omnino
860 3490 1045 3562 leguut
1092 3488 1435 3562 exemplaria,
1484 3507 1658 3562 neque
1703 3507 1829 3544 mu-

244 3563 465 3616 tandum
508 3563 820 3632 quicquam.
877 3561 939 3614 In
993 3577 1055 3615 ea
1098 3561 1197 3617 fuit
1237 3564 1427 3616 haeresi
1478 3561 1735 3626 Marcion,
1776 3570 1835 3616 ut

243 3633 450 3688 diceret
503 3632 779 3687 Christum
831 3646 940 3686 non
968 3647 1088 3686 esse
1145 3632 1333 3687 Filium
1379 3632 1479 3688 Dei
1525 3632 1831 3696 Creatoris;

242 3705 521 3774 aliumque
554 3718 675 3776 esse
702 3703 877 3776 Deum
913 3705 1106 3776 veteris
1133 3705 1479 3775 Testamenti,
1511 3705 1626 3760 sive
1652 3702 1832 3776 Legis,

241 3775 407 3830 alium
451 3774 577 3829 novi
625 3775 742 3830 sive
790 3774 1084 3847 Evangelii.
1120 3776 1293 3850 Deum
1340 3777 1496 3850 Legis
1526 3774 1835 3850 esse‘Cr'ea-

242 3858 437 3919 torem,
485 3855 694 3901 trucem
742 3852 797 3899 et
853 3861 1095 3919 saevum;
1126 3847 1580 3919 Evangelii'vero
1638 3847 1833 3919 Deum,

246 3918 399 3988 nihil,
428 3932 682 3988 creasse;
733 3918 1103 3974 tantummodo
1148 3918 1510 3973 essebonum
1554 3926 1607 3973 et
1648 3918 1834 3972 indul-

295 3987 653 4056 entissimum,
685 3988 777 4059 qui
833 4004 936 4059 nos
983 4005 1077 4059 per
1108 4058 1111 4059 ν
1141 3989 1414 4044 Christum
1460 4006 1617 4043 suum
1648 3999 1835 4044 trucu-

269 4058 384 4132 euti
413 4059 649 4132 illiusac
678 4058 938 4132 tyrannici
967 4058 1073 4132 Dei
1095 4058 1229 4132 jugo
1261 4059 1514 4116 liberarit.
1551 4062 1699 4132 Hanc,
1717 4075 1839 4115 sen-

245 4130 480 4206 tentiam
544 4130 906 4206 Tertullianus
968 4130 1184 4186 multis“
1218 4131 1544 4206 argumentis
1619 4131 1833 4206 refellit,

242 4211 409 4273 atque
469 4202 574 4258 hoc
624 4203 760 4257 inter
813 4209 1029 4269 caetera,
1096 4204 1240 4273 quod
1283 4202 1574 4259 'Christum
1621 4204 1834 4270 Paulus,

244 4274 493 4344 Epistola
530 4274 600 4328 ad
638 4274 872 4339 Galatas,
923 4274 1372 4330 manumissorem
1422 4284 1670 4329 nostrum
1717 4288 1838 4327 esse

246 4345 411 4417 dicat.
443 4346 616 4412 Quam
646 4346 946 4417 Epistolam
978 4361 1079 4401 nec
1106 4344 1346 4417 Marcion
1386 4345 1606 4417 quidem
1632 4344 1837 4417 rejecit.

245 4416 379 4488 Inde
429 4424 608 4488 autem
640 4415 946 4488 necessario
974 4416 1150 4488 sequi,
1198 4431 1299 4488 nos
1341 4416 1632 4488 aliquando
1658 4415 1839 4488 luisse

249 4487 301 4539 in
332 4486 604 4542 servitute
631 4487 774 4558 apud
788 4486 947 4558 illum
978 4483 1151 4542 Deum
1184 4483 1514 4555 Creatorem,
1546 4483 1838 4541 Christum-

248 4573 356 4628 que
398 4573 526 4613 esse
567 4556 680 4613 Dei
722 4557 869 4612 illius
924 4558 1191 4615 Creatoris
1244 4558 1437 4614 Filium
1487 4577 1505 4613 :
1561 4573 1681 4628 cum
1736 4572 1839 4611 nec

248 4627 353 4703 diei
382 4644 484 4684 uec
511 4644 632 4685 esse
678 4630 854 4703 possit
890 4632 1292 4703 manumissor,
1325 4630 1426 4684 nisi
1470 4627 1564 4703 qui
1610 4627 1709 4703 fuit
1738 4628 1845 4683 Do-

250 4702 473 4765 minus;
527 4715 629 4755 nec
681 4700 926 4770 libertus,
980 4700 1085 4755 nisi
1137 4699 1229 4771 qui
1276 4698 1843 4770 justam'servitutem

253 4771 477 4845 servivit
517 4771 658 4845 apud
705 4771 1169 4845 manumissorem.
1200 4772 1311 4845 Nos
1349 4772 1536 4845 igitur,
1557 4771 1708 4845 quod
1742 4785 1840 4845 ea:-

252 4842 375 4914 dem
429 4842 703 4914 Epistula“
732 4843 907 4910 docet,
957 4857 1144 4914 servos
1188 4841 1504 4914 aliquandiu
1550 4841 1713 4898 fuisse
1745 4841 1844 4895 sub

252 4910 394 4985 Lege
420 4910 619 4969 veteris
663 4912 1027 4984 Testamenti;
1062 4921 1246 4985 postea
1276 4910 1402 4971 vero
1447 4914 1643 4970 Christi
1672 4915 1840 4968 bene—

252 4982 376 5039 ﬁcio
406 4985 661 5040 liberatos
689 5000 753 5058 ea
789 4982 1045 5058 servitute
1063 4982 1254 5058 'Legis,
1309 5000 1408 5040 nec
1430 4986 1540 5055 jam
1574 4988 1675 5058 sub
1705 4986 1848 5058 Lege

252 5070 396 5130 esse,
430 5070 622 5111 verum
646 5056 748 5130 sub
793 5056 1107 5130 Evangelia.
1147 5056 1354 5129 Itaque,
1385 5060 1465 5113 sic
1490 5056 1852 5130 colligitk'rl‘er-

257 5127 514 5183 tullianus
593 5147 607 5183 :
670 5126 726 5201 Si
774 5126 1647 5201 manumissorem'agnoscimus'
1687 5127 1849 5183 Chri-

254 5205 416 5270 stum,
458 5198 765 5254 necessario
813 5214 1109 5270 agnoscere
1146 5198 1412 5256 debemus
1450 5201 1699 5255 eumdem
1727 5215 1850 5255 esse

255 5269 533 5343 Christum
577 5269 867 5343 Creatoris
897 5270 1063 5336 illius,
1122 5272 1279 5341 cujus
1329 5270 1432 5343 fuit
1475 5272 1693 5343 eaALex
1719 5286 1853 5343 Aqua

253 5341 421 5397 soluti
453 5357 668 5407 sumus,
698 5342 895 5411 adepta
934 5340 1199 5397 libertate.
1230 5342 1432 5397 Etenim
1472 5341 1574 5396 nisi
1604 5340 1851 5397 Christus

252 5420 420 5482 esset,
454 5412 749 5479 Creatoris,
781 5427 893 5468 non
928 5414 1055 5483 jure
1082 5428 1183 5468 nos
1230 5428 1293 5469 ea
1338 5414 1595 5469 servitute
1625 5414 1852 5468 liberas-

249 5493 356 5557 set,
382 5500 583 5557 quam_
611 5484 981 5557 serviebamus
1015 5484 1163 5556 apud
1212 5483 1540 5557 Creatorem,
1572 5486 1670 5541 sub
1710 5483 1854 5539 illius

247 5552 643 5627 legis‘duritia.
702 5552 1084 5627 Serviebamus
1129 5556 1275 5627 apud
1312 5555 1641 5627 Creatorem,
1687 5570 1852 5627 opor-

246 5625 355 5683 tuit
390 5641 525 5698 ergo
567 5625 1018 5684 manumissorem
1056 5643 1088 5683 a
1114 5625 1368 5686 creatore
1423 5626 1657 5686 venisse.
1711 5626 1858 5682 Alie-

1946 3431 2048 3471 nos
2085 3413 2232 3470 enim
2286 3423 2475 3466 servos
2522 3408 2613 3480 qui
2660 3406 3010 3480 manumittit,
3041 3404 3223 3480 nihil
3259 3402 3390 3480 agit.
3446 3403 3545 3458 Hic

1945 3503 2072 3542 vero
2118 3500 2269 3539 more
2333 3497 2431 3538 suo
2479 3475 2846 3536 Tértullianus
2892 3476 3092 3549 aliquid
3131 3475 3259 3549 salis
3296 3475 3543 3549 fadSper-

1943 3560 2022 3632 git
2057 3573 2070 3610 :
2111 3578 2133 3607 ιι
2174 3555 2398 3632 Alii-nos
2427 3552 2828 3632 en‘imuservos,
2860 3546 3172 3632 inqu'it,lnc
3217 3546 3394 3632 Galba
3414 3546 3543 3618 qui-

1944 3620 2063 3685 dem
2112 3624 2443 3688 manumisit,
2476 3622 2687 3678 facilius
2716 3620 3244 3677 liberos'soluturus.
3290 3637 3316 3670 ι
3363 3620 3543 3690 Lege-7

1944 3708 2023 3754 rat
2071 3697 2213 3770 apud
2272 3694 3028 3770 Suetonium_Tr_anquillum,
3100 3700 3377 3770 auctorem
3428 3687 3544 3770 sibi

1944 3760 2288 3837 familiarem,
2338 3782 2436 3822 nec
2464 3765 2628 3821 semel
2677 3766 2779 3837 abs
2805 3760 2863 3837 se
2910 3763 3150 3837 citatum,
3194 3760 3541 3837 caedem_N_e.

1946 3843 2095 3898 ronis
2140 3830 2349 3897 tantum
2390 3838 2645 3912 gaudium
2693 3834 2910 3905 publice
2940 3834 3262 3912 praebuisse,
3295 3838 3355 3886 ut
3385 3830 3541 3912 plebs

1945 3915 2141 3984 pileata
2184 3921 2291 3968 tota
2332 3904 2895 3984 urbe~d_iscurreret,_
2907 3904 3078 3984 quasi
3122 3904 3349 3960 liberata
3400 3904 3537 3959 tristi

1945 3975 2217 4041 servitutis
2240 3986 2375 4055 jugo
2409 3980 2681 4055 :‘Galbam
2712 3993 2843 4055 vero
2877 3975 3112 4055 Neronis
3166 3989 3540 4055 successorem

1944 4056 2063 4111 haec
2090 4057 2203 4128 Asui
2240 4046 2259 4055 ⁷
2282 4046 2619 4128 principatus
2693 4047 2931 4120 auspicia
2963 4046 3331 4128 “sumpsisse,
3417 4061 3541 4128 cum

1946 4126 2103 4198 quasi
2134 4117 2539 4198 manumissioni
2585 4117 2870 4198 vacaturus
2910 4118 3145 4174 tribunal
3193 4117 3542 4197 conscendis-

1946 4187 2045 4261 set,
2096 4211 2159 4251 ac
2198 4193 2489 4265 propositis
2536 4198 2661 4265 aute
2706 4208 2763 4265 se
2787 4191 3174 4265 damnatorum
3222 4187 3548 4242 occisorum-

1947 4259 2054 4338 que
2089 4283 2121 4321 a
2148 4259 2366 4338 Nerone
2393 4279 2554 4334 quam
2583 4261 2832 4338 plurimis
2856 4259 3205 4338 imaginibus
3237 4266 3545 4338 temporum

1946 4326 2143 4395 statum
2170 4326 2464 4413 deplorare
2519 4326 2802 4413 C(ipisset;
2853 4329 2910 4385 in
2939 4326 3137 4413 ‘e'oque
3194 4327 3383 4413 habitu
3432 4326 3548 4408 sive

1947 4417 2086 4478 actu,
2136 4407 2204 4464 ab
2252 4398 2723 4478 circumstantibus
2769 4398 3195 4478 consalutatum"
3223 4398 3390 4478 fuisse
3433 4398 3543 4478 im-

1951 4468 2273 4554 peratorem.
2306 4475 2396 4531 Ait
2425 4475 2589 4554 igitur
2617 4471 3000 4554 Tertullianus,
3038 4485 3105 4523 ne
3156 4468 3384 4550 Galbam
3413 4472 3541 4551 qui-

1951 4541 2095 4621 dem,
2146 4567 2213 4606 ea
2265 4541 2643 4621 rerum—facie,
2684 4556 2873 4621 servos
2902 4541 3112 4621 alienos
3139 4541 3544 4621 manumisisse.

1953 4609 2163 4679 Addit:
2199 4642 2226 4670 α
2276 4618 2504 4675 Facilius
2548 4614 2752 4670 liberos
2778 4612 3103 4676 soluturum,
3151 4630 3176 4660 ι
3211 4609 3422 4666 reddita
3465 4609 3549 4665 vi-

1953 4695 2144 4751 delicet
2186 4692 2429 4749 libertate
2474 4686 2681 4744 civibus
2727 4683 3002 4748 Romanis,
3043 4681 3139 4753 qui
3186 4679 3389 4736 {tedam
3443 4681 3547 4735 sub

1950 4767 2166 4822 Nerone
2194 4765 2506 4833 servitutem
2536 4757 2859 4833 serviebant,
2886 4754 3012 4809 th.
3232 4824 3243 4833 .
3516 4822 3527 4833 .

2022 4839 2134 4906 (i3)
2166 4837 2286 4892 Non
2324 4832 2549 4906 decebat
2576 4827 3191 4906 manumissgsfursus
3212 4824 3350 4896 jugo
3378 4824 3546 4906 servi-

1957 4893 2129 4965 tutis:
2155 4906 2328 4962 Verba
2376 4904 2491 4959 haec
2525 4917 2591 4956 ex
2621 4916 2674 4957 c.
2702 4914 2762 4954 vr
2788 4898 2856 4951 ad
2885 4896 3119 4963 Galatas,
3163 4893 3319 4966 juxta
3349 4893 3549 4966 editio:

1956 4964 2056 5035 nes
2100 4994 2289 5035 omnes
2344 4975 2627 5045 desumpta
2680 4979 2824 5045 sunt,
2883 4968 3057 5045 Atqui
3086 4964 3252 5045 recte
3304 4964 3552 5045 astringi

1957 5052 2115 5110 vertit
2150 5048 2299 5120 quod
2326 5040 2552 5120 ,Graece'
2581 5050 2663 5097 est
2710 5040 2973 5120 ἐγέχεσθαι.
3021 5040 3099 5095 Ibi
3154 5046 3404 5120 autem}
3465 5040 3554 5106 ip-

1957 5139 2073 5179 sam
2102 5111 2369 5178 servitutis
2413 5124 2593 5172 notam
2631 5116 2862 5169 eradere
2907 5111 3281 5181 perseverabat
3316 5111 3551 5165 circum-

1963 5195 2242 5261 cisionem,
2281 5210 2305 5240 ι
2357 5187 2554 5261 alludit
2584 5185 2654 5241 ad
2706 5185 2768 5261 id.
2800 5184 2944 5255 quod
3000 5182 3246 5261 sequitur
3291 5182 3487 5261 ibidem
3517 5196 3549 5261 _:

1962 5269 2096 5323 Ecce
2133 5252 2469 5337 ego'Paulus
2496 5258 2625 5337 dico
2649 5252 3119 5337 vobis.,_'quonia.:ii
3150 5255 3202 5337 si
3249 5252 3553 5337 circumci:

1959 5321 2200 5402 domini,
2230 5334 2487 5391 Christus
2506 5331 2651 5387 vobis
2675 5327 2823 5402 nihil
2839 5321 3113 5402 proderit,
3142 5334 3271 5402 e_t_c.,
3293 5321 3552 5402 usque__ad

1959 5425 2100 5464 vers.
2132 5392 2199 5464 6.,
2220 5403 2585 5477 Epiphanius,
2621 5400 2768 5477 quod
2798 5392 2880 5453 est
2923 5392 3302 5477 intermedium
3338 5392 3425 5477 ες».
3447 5392 3556 5477 Te-

1960 5490 2075 5537 stor
2100 5464 2285 5536 autem
2310 5464 2518 5555 rursus,
2756 5472 2920 5555 homo
2945 5464 3554 5555 cire‘umcis‘trs‘ﬁebitor

1962 5536 2045 5607 est
2069 5559 2129 5606 ut
2169 5558 2333 5606 totam
2373 5536 2824 5620 lggemiuipleat,
2856 5539 3074 5596 adducit
3123 5538 3176 5593 in
3222 5536 3552 5592 Marcioneln

1963 5621 2175 5679 confut.
2205 5624 2260 5690 3,
2290 5635 2358 5676 ex
2375 5613 2479 5690 Εὖ.
2516 5616 2586 5672 ad
2623 5613 2746 5673 Gal.
2780 5613 2923 5667 PAII.
