3992 6174
422 252 522 314 511

420 384 479 436 et
511 395 582 435 ea:
619 378 752 436 totis
781 376 996 435 viribus
1044 380 1195 446 tuis;
1226 378 1341 436 sive
1384 395 1505 452 quae
1551 380 1606 437 in
1650 381 1960 454 proximum
1994 399 2007 441 :

422 473 479 524 et
501 468 835 539 proximum
866 472 1029 523 tuum
1065 472 1337 541 tanquam
1366 475 1439 539 te,
1471 471 1745 527 Creatoris
1772 482 1877 528 est.
1906 474 2014 543 Qui

424 559 620 610 autem
652 555 849 612 turbat
876 574 989 627 vos,
1021 556 1303 628 iudicium
1330 561 1499 629 feret.
1524 563 1569 616 A
1596 575 1703 631 quo
1742 561 1859 617 Deo
1878 561 1907 617 ’ἲ
1927 561 2011 617 Ab

422 644 629 712 Optimo
650 646 679 702 ?
704 646 808 702 Sed
839 646 929 701 ille
966 662 1073 703 non
1117 647 1340 717 judicat.
1374 649 1420 704 A
1449 650 1700 708 Creatore
1720 652 1748 706 ?
1778 651 1883 706 Sed
1915 667 2013 707 nec

422 733 512 788 ille
568 733 841 790 damnabit
877 747 1198 791 assertorem
1253 736 1699 794 circumcisiOnis.
1760 738 1916 808 Quod
1966 741 2010 794 si

419 835 525 876 non
581 823 683 878 erit
738 824 873 879 alius
918 825 1011 895 qui
1055 825 1262 895 judicet
1295 827 1400 882 nisi
1454 829 1695 894 Creator,
1727 829 1837 899 jam
1882 844 2011 902 ergo

421 924 528 963 non
568 911 840 969 damnabit
870 915 1029 983 Legis
1071 914 1402 983 defensores,
1444 917 1548 973 nisi
1585 918 1682 990 qui
1735 919 1848 989 ipse
1895 934 2011 973 eam

421 1013 631 1055 cessare
664 1000 954 1057 constituit.
1007 1000 1149 1068 Quid
1196 1020 1357 1075 nunc,
1393 1004 1439 1060 si
1469 1016 1522 1061 et
1551 1004 1832 1062 confirmat
1870 1005 2011 1060 illam

423 1103 487 1141 ex
529 1098 682 1159 parte
710 1108 814 1161 qua
853 1091 1062 1147 debet?
1100 1096 1231 1149 Tota
1271 1094 1433 1160 enim,
1481 1096 1673 1166 inquit,
1716 1098 1830 1153 Lex
1874 1099 1933 1151 in
1964 1095 2013 1133 ³⁸

422 1177 571 1235 vobis
600 1182 910 1253 adimpleta
936 1186 1019 1238 est
1048 1184 1287 1254 :Diliges
1313 1186 1649 1256 proximum
1682 1190 1849 1242 tuum
1888 1191 2015 1241 tan-

422 1285 592 1339 quam
613 1272 683 1327 te.
706 1270 815 1326 Aut
838 1270 881 1326 si
904 1272 982 1327 sic
1004 1272 1088 1330 vel
1122 1273 1370 1347 intelligi,
1395 1274 1716 1347 Adimpleta
1732 1280 1837 1345 est,
1859 1273 2014 1347 quasi

416 1356 528 1423 jam
570 1374 676 1413 non
709 1360 1068 1431 adimplenda,
1102 1377 1235 1436 ergo
1262 1379 1372 1419 non
1398 1365 1512 1419 vult
1540 1373 1596 1419 ut
1626 1365 1851 1437 diligam
1884 1380 2012 1437 pro-

421 1445 623 1501 ximum
666 1456 918 1519 tanquam
948 1466 1054 1516 me,
1088 1460 1146 1505 ut
1173 1459 1223 1504 et
1248 1453 1353 1508 hoc
1381 1469 1505 1507 cum
1536 1454 1653 1527 lege
1679 1452 2007 1518 cessaverit;

420 1533 517 1587 sed
559 1539 1014 1604 perseverandum
1069 1541 1173 1596 erit
1209 1556 1423 1610 semper
1462 1541 1517 1596 in
1564 1542 1670 1597 isto
1709 1550 2003 1613 prmcepto.

416 1621 559 1696 Ergo
590 1622 673 1679 lex
705 1625 975 1681 Creatoris
1003 1628 1163 1683 etiam
1193 1628 1258 1681 ab
1290 1629 1598 1683 adversario
1631 1630 1853 1700 probata
1881 1638 1995 1701 est;

1124 250 1559 315 TERTULLIANI
1597 254 1861 317 OPERUM
1900 255 2064 316 PARS
2100 254 2169 315 II.
2208 282 2279 297 --
2315 248 2548 311 SERIES
2587 248 2632 321 Ι,
2668 245 3014 308 POLEMIGA.

3606 238 3718 299 512

2758 373 2982 430 CAPUT
3021 372 3086 429 V.

2191 465 2533 524 Praestructio
2582 463 2877 535 superioris
2914 459 3170 532 Epistolas
3208 459 3281 516 ita
3324 456 3496 524 duxit,
3544 466 3603 513 ut
3646 456 3720 513 de

2120 556 2273 614 titulo
2303 555 2421 624 ejus
2452 569 2559 609 non
2605 551 3024 618 retractaverim,
3072 560 3251 607 certus
3282 556 3336 606 et
3380 545 3509 603 alibi
3540 554 3716 600 retra-

2120 647 2249 700 ctari
2270 661 2396 701 eum
2422 659 2625 714 posse;
2657 656 3001 698 communem
3030 640 3257 705 scilicet,
3290 645 3344 693 et
3379 635 3628 693 eumdem
3656 632 3715 687 in

2119 734 2376 804 Epistolis
2418 734 2671 789 omnibus
2702 750 2717 786 :
2750 730 2895 803 quod
2943 719 3051 785 non
3089 729 3275 799 utique
3304 726 3533 783 salutem
3562 739 3713 795 prte-

2119 825 2305 880 scrihit
2342 824 2423 879 eis
2470 824 2667 896 quibus
2716 823 2923 891 scribit,
2955 821 3047 877 sed
3098 822 3349 892 gratiam
3378 824 3434 877 et
3484 833 3712 891 pacem.

2119 914 2233 968 Non
2264 912 2386 969 dico
2421 912 2551 983 quid
2601 912 2678 966 illi
2725 928 2848 968 cum
2892 910 3108 980 judaico
3157 908 3335 963 adhuc
3384 923 3551 973 more,
3602 906 3711 961 de-

2121 1001 2371 1057 structori
2424 1001 2720 1066 Judaismi;
2763 1016 2886 1056 nam
2931 1009 2981 1054 et
3010 998 3181 1054 hodie
3222 997 3394 1052 Judaei
3452 998 3507 1051 in
3564 995 3717 1068 pacis

2120 1090 2340 1145 nomine
2377 1091 2667 1161 appellant,
2700 1097 2753 1144 et
2798 1097 2939 1144 retro
2993 1089 3047 1142 in
3078 1084 3371 1157 Scripturis
3399 1084 3478 1140 sic
3506 1084 3715 1140 saluta-

2119 1180 2266 1235 bant.
2299 1179 2406 1235 Sed
2436 1179 2680 1250 intelligo
2711 1178 2860 1234 illum
2899 1176 3205 1233 defendisse
3235 1174 3414 1231 ofﬁcio
3445 1189 3543 1230 suo
3571 1190 3716 1244 prae-

2120 1268 2441 1326 dicationem
2469 1269 2737 1324 Creatoris
2784 1268 2916 1337 (Isa.
2966 1281 3061 1332 LII,
3108 1269 3161 1333 7)
3203 1280 3216 1319 :
3258 1267 3437 1335 Quam
3490 1264 3715 1319 maturi

2115 1358 2283 1430 pedes
2325 1359 2841 1429 etrangelizantium
2870 1359 3031 1419 bona,
3063 1356 3580 1427 euangelizantium
3603 1371 3717 1427 pa-

2120 1446 2281 1502 cem!
2324 1445 2732 1517 Evangelizator
2778 1444 2924 1500 enim
2971 1446 3257 1508 bonorum,
3290 1443 3345 1498 id
3383 1449 3484 1509 est,
3525 1443 3716 1514 gratiae

2120 1534 2237 1601 Dei,
2271 1534 2389 1605 paci
2411 1550 2529 1589 eam
2560 1533 2950 1605 praeferendam
2984 1533 3201 1589 sciebat.
3232 1533 3357 1588 Haec
3387 1547 3507 1589 cum
3537 1547 3569 1585 a
3596 1532 3715 1587 Deo

2119 1622 2272 1677 Patre
2315 1630 2521 1688 nostro,
2569 1629 2622 1678 et
2666 1622 2900 1678 Domino
2928 1623 3055 1678 Jesu
3084 1622 3429 1687 annuntians,
3468 1635 3720 1676 commu-

417 1689 520 1765 ηεξ
546 1711 906 1782 dispendium,
952 1716 1047 1769 sed
1077 1715 1457 1784 compendium
1494 1718 1562 1771 ab
1605 1689 1671 1772 elo
1718 1727 2009 1774 consecuta
2043 1689 2085 1766 Β
2118 1709 2275 1764 nibus
2311 1708 2618 1766 nominibus
2666 1719 2864 1779 utatur,
2898 1711 3328 1783 competentibus
3356 1716 3542 1765 nostro
3570 1724 3715 1780 quo-

418 1808 520 1863 est,
553 1800 765 1855 redacta
804 1817 1014 1856 summa
1043 1802 1096 1855 in
1144 1818 1308 1857 unum
1350 1804 1463 1873 jam
1510 1816 1860 1877 praeceptum.
1901 1805 2010 1863 Sed

414 1901 515 1941 nec
544 1888 647 1942 hoc
676 1888 769 1942 alii
808 1889 981 1961 magis
1029 1891 1303 1961 competit,
1344 1909 1503 1964 quam
1550 1894 1778 1950 auctori.
1826 1894 2007 1965 Atque

414 1975 546 2029 adeo
577 1991 699 2029 cum
720 1976 847 2033 dicit
878 1995 890 2031 :
929 1981 1107 2036 Onera
1135 1986 1326 2038 vestra
1356 1984 1597 2040 invicem
1626 1985 1918 2047 sustinete,
1953 1986 2007 2040 et

415 2064 495 2118 sic
538 2064 916 2136 adimplebitis
964 2070 1133 2142 legem
1192 2071 1433 2140 Christi;
1466 2074 1513 2126 si
1555 2072 1658 2127 hoc
1696 2088 1803 2127 non
1833 2082 2009 2142 potest

416 2151 549 2218 ﬁeri,
585 2153 689 2208 nisi
729 2156 849 2227 quis
877 2158 1069 2231 diligat
1113 2162 1428 2216 Proximum
1465 2178 1621 2217 suum
1670 2162 1719 2201 39
1749 2169 2003 2232 tanquam

415 2258 493 2306 se,
524 2252 763 2313 apparet,
792 2248 996 2320 Diliges
1011 2251 1343 2321 proximum
1367 2256 1535 2308 tuum
1554 2254 1603 2291 4ο
1627 2256 1904 2325 tanquam
1928 2257 2005 2318 te,

414 2344 512 2398 per
536 2333 678 2400 quod
713 2334 924 2390 auditur
956 2352 968 2388 :
1022 2339 1267 2393 Invicem
1314 2356 1487 2398 onera
1523 2345 1710 2396 vestra
1751 2344 1999 2412 portate,

415 2417 609 2474 Christi
654 2437 773 2477 esse
815 2423 1015 2495 legem,
1064 2443 1187 2496 quae
1242 2427 1312 2482 sit
1359 2430 1674 2485 Creatoris:
1724 2438 1883 2500 atque
1929 2429 2005 2484 ita

414 2507 684 2565 Christum
733 2512 1006 2568 Creatoris
1044 2530 1183 2585 esse,
1212 2516 1341 2570 dum
1381 2518 1581 2572 Christi
1613 2528 1693 2574 est
1722 2519 1805 2573 lex
1832 2520 2004 2575 Crea-

411 2597 567 2651 toris.
606 2601 850 2667 Erratis,
882 2605 1031 2660 Deus
1058 2622 1175 2661 non
1202 2606 1510 2662 deridetur.
1542 2608 1745 2678 Atquin
1772 2608 2004 2665 derideri

406 2696 585 2758 potest
635 2689 768 2745 deus
821 2691 1126 2757 Marcionis,
1176 2696 1268 2765 qui
1325 2711 1425 2752 nec
1469 2696 1630 2751 irasci
1683 2696 1853 2765 novit,
1902 2712 2005 2752 nec

406 2776 611 2831 ulcisci.
650 2779 801 2847 Quod
828 2783 983 2836 enim
1003 2786 1368 2840 seminaverit
1394 2786 1440 2823 ἰι
1473 2786 1651 2855 homo,
1678 2785 1778 2842 hoc
1810 2790 1867 2841 et
1887 2801 2004 2839 me-

408 2869 510 2920 tet.
542 2865 686 2938 Ergo
732 2869 1105 2925 retributionis
1132 2881 1184 2926 et
1226 2873 1415 2941 judicii
1447 2874 1597 2929 Deus
1627 2873 1869 2929 intentat.
1902 2876 2004 2930 Bo-

402 2970 547 3053 num
575 2960 769 3011 autem
801 2958 1074 3027 facientes
1094 2976 1210 3016 non
1230 2964 1565 3033 fatigemur,
1597 2970 1651 3018 et
1680 2981 1693 3017 :
1727 2965 1871 3019 Dum
1900 2962 2003 3018 ha-
2038 2975 2080 3053 ο

404 3040 596 3099 bemus
666 3048 909 3117 tempus,
979 3065 1279 3120 operemur
1336 3050 1513 3107 480
1561 3052 1787 3110 bonum.
1846 3052 2002 3122 Nega

405 3129 713 3186 Creatorem
741 3133 945 3190 bonum
975 3135 1156 3193 facere
1176 3141 1521 3212 praecepisse,
1554 3148 1608 3197 et
1636 3142 1850 3196 diversa
1878 3140 2003 3195 doc-

403 3220 539 3274 trina
572 3221 641 3275 sit
663 3220 892 3279 diversae
922 3224 1239 3282 divinitatis.
1268 3229 1456 3295 Porro,
1499 3229 1543 3283 si
1586 3230 1996 3285 retributionem

400 3308 681 3377 praedicat,
697 3312 764 3366 ab
781 3311 974 3368 eodem
995 3314 1095 3368 erit
1114 3326 1168 3370 et
1187 3317 1546 3386 corruptionis
1565 3318 1759 3373 messis
1780 3327 1836 3373 et
1854 3317 1996 3373 vitae.

408 3398 669 3469 Tempore
687 3404 881 3458 autem
899 3418 997 3458 suo
1016 3408 1313 3468 metemus,
1335 3404 1463 3476 quia
1482 3416 1537 3462 ct
1553 3405 1907 3463 Ecclesiastes
1928 3407 1998 3476 42,

401 3486 503 3555 (ιιι,
538 3490 649 3555 t7),
690 3491 939 3563 Tempus,
971 3490 1166 3561 inquit,
1191 3495 1303 3549 erit
1319 3496 1477 3552 omni
1506 3496 1610 3551 rei.
1636 3494 1739 3549 Sed
1770 3501 1823 3550 et
1850 3496 1997 3552 mihi

402 3571 604 3629 famulo
634 3576 901 3634 Creatoris
921 3580 1169 3636 mundus
1194 3583 1505 3652 cruciﬁxus
1534 3587 1640 3651 est,
1682 3597 1789 3637 non
1820 3592 1998 3639 tamen
2048 3614 2051 3615 ν

402 3660 549 3715 Deus
578 3664 799 3729 mundi;
833 3672 890 3722 et
918 3684 1012 3739 ego
1042 3672 1279 3735 mundo,
1311 3686 1417 3726 non
1448 3678 1627 3727 tamen
1648 3671 1763 3726 Deo
1784 3672 1996 3726 mundi.

399 3748 664 3802 Mundum
713 3752 877 3821 enim,
940 3765 1205 3825 quantum
1244 3757 1314 3811 ad
1360 3759 1831 3815 conversationem
1879 3762 1998 3832 ejus

398 3833 578 3903 posuit
606 3836 694 3890 cui
743 3841 1104 3897 renuntiando
1134 3851 1321 3901 mutuo
1350 3846 1739 3920 transﬁgimur,
1772 3858 1826 3903 et
1854 3848 1997 3904 invi-

405 3938 524 3978 cem
588 3925 867 3997 morimur,
924 3940 1299 4001 persecutores
1350 3943 1503 3991 vocat
1568 3936 1804 4008 Christi;
1876 3952 1997 3992 cum

406 4027 536 4067 vero
566 4013 769 4085 adjicit,
819 4018 1099 4090 Stigmata
1141 4022 1349 4080 Christi
1392 4026 1457 4080 in
1484 4042 1713 4098 corpore
1743 4043 1846 4085 suo
1877 4044 1998 4098 ges-

408 4102 533 4158 tare
562 4119 620 4159 se
647 4103 762 4175 (14)
793 4105 1003 4179 (utique
1032 4112 1332 4180 corporalia
1360 4117 1719 4185 competunt),
1746 4116 1857 4185 jam
1889 4130 1997 4169 non

405 4191 719 4260 putativam,
752 4196 849 4250 sed
878 4212 1056 4252 veram
1098 4208 1151 4254 et
1186 4200 1412 4257 solidam
1458 4219 1675 4259 carnem
1706 4205 1988 4275 professus

402 4289 483 4335 est
511 4280 727 4347 Christi,
755 4285 910 4354 cujus
939 4286 1192 4361 stigmata
1218 4292 1518 4363 corporalia
1546 4295 1798 4351 ostendit.

2115 1815 2222 1869 que
2275 1807 2627 1864 sacramento,
2688 1815 2794 1855 non
2865 1807 2992 1870 puto
3048 1799 3242 1869 dispici
3296 1813 3457 1870 posse
3504 1799 3625 1865 quis
3661 1798 3715 1837 ’⁸³

2116 1887 2261 1942 Deus
2289 1887 2460 1952 Pater,
2496 1894 2550 1942 et
2594 1887 2864 1944 Dominus
2891 1890 3053 1944 Jesus
3106 1888 3450 1959 praedicetur,
3494 1886 3597 1942 nisi
3646 1903 3717 1942 ex

2115 1975 2505 2043 accidentibus,
2537 1977 2626 2033 cui
2680 1978 2856 2050 magis
2886 1985 3214 2049 competant.
3255 1977 3433 2033 Primo
3488 1975 3715 2048 quidem

2113 2066 2325 2121 Patrem
2365 2067 2659 2123 Dominum
2699 2068 2990 2139 praescribo
3049 2084 3155 2124 non
3193 2068 3358 2122 alium
3413 2082 3714 2137 agnoscen-

2111 2155 2261 2223 dum,
2305 2173 2463 2229 quam
2512 2165 2568 2212 et
2606 2159 2842 2215 hominis
2890 2166 2943 2213 et
2987 2158 3349 2216 univcrsitatis
3396 2159 3710 2214 Creatorem

2112 2254 2166 2298 et
2222 2246 2599 2302 institutorem.
2643 2248 2832 2312 Porro,
2863 2248 3008 2301 Patri
3054 2248 3215 2302 etiam
3267 2246 3482 2302 Domini
3511 2259 3708 2299 nomen

2111 2335 2366 2389 accedere
2407 2334 2475 2388 ob
2506 2344 2842 2403 potestatem,
2877 2336 3023 2407 quod
3061 2344 3114 2391 et
3155 2336 3321 2391 Filius
3363 2351 3464 2407 per
3492 2337 3708 2389 Patrem

2112 2423 2304 2492 capiat.
2335 2421 2567 2487 Dehinc,
2610 2423 2837 2495 gratiam
2870 2434 2925 2480 et
2967 2440 3155 2495 pacem
3210 2441 3315 2481 non
3372 2424 3552 2480 solum
3581 2425 3708 2491 ejus

2110 2526 2250 2579 esse,
2304 2526 2339 2565 a
2393 2526 2499 2581 quo
2543 2510 2985 2581 prmdicabantur,
3045 2514 3141 2568 sed
3202 2513 3324 2583 ejus
3379 2512 3471 2584 qui
3539 2511 3707 2567 fuerit

2111 2600 2369 2655 otl’ensus.
2429 2602 2540 2655 Nec
2584 2600 2756 2671 gratia
2810 2602 2956 2657 enim
3011 2601 3068 2656 tit
3115 2602 3216 2656 nisi
3278 2601 3544 2671 offensae;
3601 2616 3706 2655 nec

2112 2705 2233 2757 pax,
2267 2687 2365 2742 nisi
2415 2688 2590 2743 belli:
2644 2697 2697 2744 et
2741 2693 2977 2762 populus
3023 2698 3206 2746 autem
3256 2705 3354 2761 per
3399 2689 3704 2760 disciplinae

2112 2775 2621 2846 transgressionem,
2654 2786 2707 2832 et
2745 2793 2903 2834 omne
2950 2779 3232 2834 hominum
3263 2794 3437 2849 genus
3464 2793 3566 2850 per
3596 2792 3705 2831 na-

2112 2874 2244 2920 tura:
2298 2865 2782 2923 dissimulationem
2834 2876 2887 2923 et
2932 2867 3250 2939 deliquerat,
3306 2874 3361 2921 et
3416 2867 3707 2923 rebellave-

2111 2962 2191 3010 rat
2235 2954 2498 3011 adversus
2551 2955 2886 3012 Creatorem.
2929 2958 3073 3013 Deus
3115 2966 3295 3013 autem
3328 2955 3618 3012 Marcionis
3649 2960 3705 3011 et

2109 3043 2233 3115 quia
2281 3045 2329 3082 4⁸⁸
2377 3044 2615 3117 ignotus,
2664 3062 2772 3101 non
2814 3047 2988 3117 potuit
3031 3045 3260 3115 offendi,
3292 3055 3345 3103 ct
3374 3046 3500 3119 quia
3528 3046 3576 3084 4⁵
3605 3061 3705 3100 nc-

2109 3134 2209 3189 scit
2228 3133 2403 3191 irasci.
2437 3131 2571 3201 Quae
2602 3151 2737 3209 ergo
2758 3136 2933 3208 gratia
2963 3153 2993 3191 a
3024 3152 3131 3192 non
3156 3137 3369 3193 offenso
3393 3140 3420 3191 ε)
3448 3151 3569 3207 quae
3597 3151 3703 3206 pax

2105 3237 2135 3275 a
2168 3237 2274 3277 non
2305 3222 2563 3277 rebellato
2585 3224 2613 3277 ‘t
2639 3222 2733 3278 Ait
2772 3240 2997 3280 crucem
3031 3225 3242 3282 Christi
3269 3226 3559 3281 stutitiam
3588 3240 3705 3281 esse

2105 3312 2386 3381 perituris
2417 3310 2569 3367 CSI
2609 3313 2882 3368 virtutem
2913 3319 3111 3372 autem
3136 3314 3250 3386 (15)
3282 3320 3337 3372 et
3357 3317 3703 3387 sapientiam

2107 3401 2225 3463 Dei,
2256 3400 2507 3456 salutem
2552 3404 2970 3459 consecuturis.
3020 3404 3086 3458 Et
3116 3412 3175 3459 ut
3218 3404 3531 3462 ostenderet
3561 3405 3705 3460 unde

2108 3487 2210 3544 hoc
2236 3488 2493 3558 eveniret,
2544 3488 2727 3560 adjicit
2773 3491 2822 3529 ⁴⁶
2850 3493 3138 3565 Scriptum
3193 3497 3278 3551 est
3315 3494 3516 3550 enim:
3567 3496 3705 3550 Per-

2107 3576 2238 3631 dam
2275 3577 2622 3649 sapientiam
2649 3581 3024 3650 sapientium,
3055 3586 3111 3637 et
3151 3581 3530 3654 prudentiam
3556 3600 3705 3655 pru-

2106 3664 2365 3720 dentium
2395 3668 2627 3721 irritam
2655 3668 2895 3738 faciam.
2926 3668 2983 3725 Si
3022 3670 3139 3726 haec
3166 3670 3433 3725 CreatOris
3469 3678 3614 3737 sunt,
3648 3680 3703 3727 et

2108 3770 2228 3825 quae
2274 3754 2322 3793 ’⁸⁷
2353 3757 2418 3811 ad
2466 3772 2683 3813 causam
2712 3759 2885 3815 crucis
2928 3762 3194 3830 pertinent
3236 3762 3473 3817 stultitiae
3528 3762 3707 3834 depu-

2108 3851 2230 3899 tatae
2255 3845 2341 3911 43;
2383 3860 2517 3919 ergo
2547 3855 2599 3901 et
2650 3862 2803 3915 crux,
2846 3856 2900 3904 et
2938 3866 3035 3921 per
3062 3866 3279 3907 crucem
3338 3850 3584 3906 Christus
3635 3852 3703 3908 ad

2106 3931 2411 3989 Creatorem
2464 3934 2776 4007 pertinebit,
2804 3953 2836 3991 a
2873 3952 2982 4009 quo
3028 3938 3380 4009 praedicatum
3432 3948 3517 3995 est
3556 3940 3706 4013 quod

2105 4021 2172 4076 ad
2211 4038 2427 4078 crucem
2459 4024 2714 4095 pertinet.
2770 4029 2875 4081 Aut
2928 4027 2973 4081 si
3014 4029 3265 4095 Creator,
3307 4044 3415 4100 qua
3444 4030 3702 4098 aemulus,

2113 4110 2311 4169 idcirco
2349 4113 2658 4183 sapientiam
2686 4115 2922 4184 abstulit,
2957 4127 3016 4172 ut
3052 4133 3184 4174 crux
3227 4118 3443 4185 Christi,
3494 4118 3704 4176 scilicet

2114 4200 2425 4270 adversarii,
2466 4202 2691 4258 stultitia
2737 4204 3062 4275 deputetur;
3095 4216 3152 4262 et
3196 4207 3467 4280 quomodo
3522 4217 3704 4278 potest

2020 4266 2065 4343 Π
2109 4288 2311 4359 aliquid
2342 4290 2409 4345 ad
2440 4306 2660 4348 crucem
2706 4292 2903 4350 Christi
2951 4311 3057 4351 non
3087 4296 3172 4352 sui
3202 4300 3426 4355 Creator
3454 4315 3703 4369 pronun-

1764 4392 1956 4453 Varite
2026 4391 2332 4450 lectiones.

480 4484 532 4565 εξ
559 4485 615 4565 I-j-
649 4487 807 4565 abest
822 4493 992 4565 Fran.
1030 4492 1081 4540 39
1105 4491 1215 4550 Sibi
1244 4493 1419 4552 Rhen.
1459 4497 1626 4552 Semt.
1666 4495 1885 4554 Oberth.
1909 4491 2112 4565 ‘°,,~Tibi
2144 4491 2318 4565 Rhen.
2344 4492 2516 4549 Seml.
2541 4493 2758 4552 Oberth.
2782 4494 2828 4534 ⁴ι
2851 4496 3059 4554 Severit
3078 4500 3251 4557 Rhen.
3278 4502 3447 4557 Seml.
3474 4501 3698 4559 Oberth.

402 4554 464 4643 ξς,
491 4555 893 4643 Ecclesiasticus
922 4562 1097 4643 Rhen.
1132 4566 1302 4643 Semt.
1344 4566 1591 4643 A0berth_.
1613 4568 1667 4607 ὀδ
1709 4554 2001 4643 Ὀιι-ιξξνιῇι

2111 4586 2114 4600 ε
2169 4562 2286 4643 Qua
2314 4565 2502 4643 Latin.
2536 4566 2586 4603 4⁵
2616 4565 2734 4635 Qua
2764 4569 2953 4625 Latin.
2975 4571 3025 4608 46
3051 4554 3497 4643 Ᾱὶὶᾆιιίἆ-Ῑυιὲὴί

406 4627 625 4686 Oberth.
657 4631 706 4670 ‘7
736 4631 872 4701 Quae
902 4636 1089 4691 omitt.
1120 4636 1298 4693 Rhen.
1333 4637 1504 4694 Semt.
1533 4639 1753 4695 Oberth.
1785 4639 1836 4677 ἰδ
1853 4636 2140 4695 Stultitiam
2171 4627 2394 4703 deputat
2423 4637 2585 4691 Pam.

1800 4736 2299 4801 Comtnentarius.

468 4825 521 4895 (1
531 4827 588 4908 ἑ)
619 4828 903 4908 Stigmata
947 4829 1162 4908 Christi
1185 4832 1247 4886 in
1276 4848 1504 4905 corpore
1522 4850 1623 4892 suo
1652 4840 1886 4908 portare
1911 4852 1985 4899 se.

396 4894 499 4949 etc.
530 4894 622 4971 En
655 4894 727 4971 eo
752 4903 918 4970 quod,
951 4908 1011 4956 ut
1048 4902 1243 4971 probet
1286 4894 1467 4959 veram
1509 4917 1563 4962 et
1609 4894 1838 4962 solidam
1866 4894 1985 4964 car;

395 4980 521 5051 nem
567 4967 1130 5051 Christi,_subjungit,
1178 4975 1334 5051 cujus
1379 4977 1634 5050 stigmata
1683 4980 1988 5051 corporalia

395 5037 670 5124 ostendit_;
726 5037 946 5124 videtur
996 5037 1262 5124 accipere
1292 5037 1497 5124 Δῃοιῶ
1551 5037 1820 5124 stigmata,
1879 5067 1986 5108 non

395 5121 496 5175 pro
527 5110 689 5184 nudis
726 5112 890 5184 notis,
936 5110 1187 5184 qualibus
1223 5118 1369 5173 servi
1404 5135 1436 5174 a
1465 5110 1697 5177 dominis
1733 5110 1988 5179 notaban-

394 5184 483 5265 tur
524 5182 707 5265 utﬂab
762 5183 869 5265 illis
925 5182 1407 5265 dignoscerentur;
1459 5191 1711 5265 sed__pro
1768 5194 1983 5265 talibus,

389 5264 528 5336 quas
571 5252 747 5336 etiam.
784 5253 839 5309 in
883 5272 958 5336 se
985 5252 1260 5336 'Christus
1318 5252 1680 5336 corporaliter
1732 5252 1983 5336 portavit;

392 5324 913 5403 tanquam__diceret,
944 5344 1032 5403 _se
1099 5330 1296 5403 iisdem
1341 5324 1682 5403 passionibus
1733 5324 1986 5393 affectum

393 5389 562 5479 fuisse
588 5395 788 5479 quibus
813 5389 1094 5479 Christus.
1142 5389 1358 5479 Innhoc'
1391 5389 1985 5479 autem’differtIquod

393 5461 621 5542 texebat
634 5468 848 5542 Christi
874 5486 972 5542 pro
1001 5488 1112 5542 quo
1140 5473 1250 5541 alii,
1284 5461 1510 5534 Domini
1527 5478 1675 5535 Jesu.
1708 5461 1848 5535 Pais.

388 5584 397 5596 .
465 5536 582 5607 (15)
602 5540 717 5609 Ait,
743 5536 979 5603 Crucem
1003 5536 1539 5605 Christistuttitiam
1557 5564 1672 5609 esse
1686 5552 1982 5624 perituris.

2097 4833 2373 4911 virtutem
2420 4835 2636 4911 autem,
2658 4844 2774 4911 _e_tc.
2805 4837 2984 4911 Etiam
3015 4839 3103 4895 hic
3131 4839 3199 4895 ab
3236 4840 3499 4911 Apostolo
3529 4841 3706 4898 variat

2097 4904 2309 4981 Auctor.
2350 4901 2597 4981 fortassis
2655 4908 2980 4981 Marcionem
3041 4901 3304 4968 secutus.
3334 4913 3497 4981 Apud
3547 4913 3702 4968 illum

2097 4972 2257 5059 animi
2282 4972 2519 5059 habetur
2564 4974 3168 5059 imprimiquerbum
3214 4972 3407 5059 crucis
3462 4984 3703 5059 Christi,

2097 5042 2295 5138 dei-nde
2329 5042 2764 5138 :LpLereunAt‘t'bus,
2796 5057 2853 5135 et
3003 5055 3282 5138 ψέλια.ιυί
3308 5055 3461 5138 ﬁunt

2097 5130 2277 5187 neque
2330 5116 2514 5183 habet,
2574 5122 2631 5173 et
2684 5116 3051 5209 sapientiam.
3106 5125 3213 5209 Ubi
3268 5116 3446 5209 autem
3509 5116 3706 5210 adjicit

2094 5185 2306 5269 Auctor
2334 5202 2412 5269 ex-
2455 5187 2739 5269 Apostolo,
2776 5197 3148 5268 prudentiam
3190 5201 3425 5254 irritam
3452 5200 3702 5269 faciam,

2096 5212 2306 5242 Λυυιυτ
2334 5212 2402 5242 τι
2455 5212 2739 5263 Λμυδιοιο,
2776 5212 3148 5268 prudentiam
3190 5212 3425 5254 irritam
3452 5212 3702 5269 faciam,

2096 5256 2301 5342 Graece.
2337 5265 2419 5342 est
2458 5259 2717 5340 ﬂeet-dcto,
2774 5283 2873 5338 pro
2934 5284 3054 5342 quo
3106 5269 3373 5342 interpres
3418 5269 3702 5342 vulgatus,

2097 5335 2165 5411 et.
2200 5329 2545 5411 Epipbapius
2579 5329 2817 5411 quoque,
2869 5329 3188 5411 reprobabo.
3219 5329 3356 5396 Nam
3384 5329 3550 5397 etiam
3592 5329 3702 5398 hoc.

2095 5398 2274 5527 gum
2300 5398 2392 5457 ille
2410 5400 2464 5456 in
2494 5398 2818 5468 Μειὼίοὸοαὶ
2856 5398 3068 5471 echini.
3100 5415 3153 5478 t,
3182 5426 3251 5469 ex
3281 5412 3382 5484 Ep.
3415 5412 3438 5468 ι
3465 5412 3534 5468 ad
3561 5412 3699 5471 Cor.
