3992 6174
301 311 404 370 513

1527 297 1653 356 LIB.
1699 297 1737 356 V
1775 296 1931 356 ADV.
1975 298 2374 360 MARCIONEM.

3500 321 3605 382 514

306 437 496 523 tiasse,
517 445 684 523 quem
713 425 1000 523 ignorabat
1018 439 1144 481 cum
1170 420 1555 523 praedicabat‘l
1576 422 1683 521 Sed
1713 429 1896 523 et‘cur
1925 439 1972 518 Α
2125 426 2334 482 mundi
2378 428 2546 500 elegit
2593 433 2757 504 Deus,
2788 439 2851 491 ut
2898 440 3212 508 confundat
3257 444 3457 523 fortia,
3503 463 3604 503 nec

300 525 443 597 apud
481 520 772 577 Dominum
809 516 1096 588 Optimum,
1128 519 1184 569 et
1212 511 1450 583 profusae
1487 511 1893 585 misericordiae,

303 613 393 669 alii
423 612 657 668 salutem
695 605 958 670 referunt,
989 603 1276 659 credentes
1306 615 1526 656 crucem
1565 599 1818 657 virtutem
1845 610 1898 657 et

300 698 626 771 sapientiam
691 693 792 753 Dei
860 707 1024 761 esse;
1091 689 1181 744 alii
1253 688 1635 761 perditionem,
1701 689 1897 760 quibus

301 787 504 845 Christi
559 801 690 840 crux
737 781 965 838 stultitia
1018 787 1322 850 reputatur,
1370 777 1415 837 si
1463 793 1573 833 non
1621 777 1895 834 Creatoris

297 886 378 934 est
431 873 673 943 aliquam
701 877 756 924 et
802 865 984 939 populi
1015 875 1070 921 et
1116 864 1339 920 humani
1365 863 1584 933 generis
1627 866 1894 922 offensam

299 964 628 1022 detrimento
680 955 962 1028 sapientiae
1012 961 1174 1024 atque
1233 951 1536 1022 prudentiae
1593 953 1893 1008 multasse?

296 1058 413 1112 Hoc
455 1046 742 1121 sequentia
772 1044 1200 1115 conﬁrmabunt,
1259 1055 1404 1103 cum,
1459 1039 1591 1094 dicit
1638 1056 1653 1096 :
1694 1042 1892 1098 Nonne

293 1140 619 1216 infatuavit
648 1140 795 1200 Deus
813 1134 1155 1207 sapientiam
1181 1130 1390 1187 mundi
1411 1132 1694 1202 ?Cumque
1723 1140 1776 1187 et
1803 1133 1892 1189 hic

293 1230 498 1303 adjicit,
528 1241 697 1299 quare
722 1245 734 1282 :
767 1225 1042 1293 Quoniam
1070 1223 1134 1277 in
1155 1221 1255 1276 Dei
1282 1220 1569 1292 sapientia
1595 1235 1712 1275 non
1725 1221 1893 1276 intel-

293 1323 441 1378 lexit
468 1315 721 1374 mundus
736 1327 841 1385 per
867 1312 1213 1382 sapientiam
1242 1310 1415 1365 Deum
1441 1308 1512 1374 ‘9,
1544 1307 1675 1363 boni
1719 1311 1888 1366 duxit

291 1414 438 1468 Deus
460 1405 578 1480 (l6)
596 1421 701 1477 per
719 1401 1034 1459 stultitiam
1049 1398 1480 1471 praedicationis
1499 1398 1678 1454 salvos
1695 1401 1888 1469 facere

286 1500 603 1557 credentes.
632 1493 737 1550 Sed
776 1489 928 1564 prius
958 1491 1027 1544 de
1067 1488 1273 1544 mundo
1319 1486 1652 1558 disceptabo,
1701 1501 1888 1560 quate-

286 1606 391 1646 nus
420 1583 758 1643 subtilissimi
805 1577 1048 1634 haeretici
1083 1577 1176 1632 hic
1225 1577 1306 1632 vel
1349 1575 1582 1631 maxime
1621 1580 1885 1634 mundum

285 1696 388 1752 per
448 1673 745 1732 Dominum
797 1667 986 1724 mundi
1037 1667 1488 1737 interpretantur;
1547 1681 1649 1722 nos
1703 1675 1882 1722 autem

291 1767 569 1825 hominem
595 1762 688 1835 qui
731 1762 799 1814 sit
843 1759 900 1815 in
937 1756 1140 1811 mundo
1186 1754 1544 1827 intelligimus
1591 1770 1657 1811 ex
1706 1755 1881 1811 forma

296 1855 524 1928 simplici
560 1850 792 1924 loquelae
821 1848 1090 1914 humanae,
1121 1847 1230 1916 qua
1277 1846 1596 1915 plerumque
1633 1844 1689 1898 id
1736 1845 1881 1916 quod

298 1945 554 2007 continet,
583 1939 837 2012 ponimus
874 1951 972 2008 pro
1022 1949 1087 1990 eo
1132 1934 1278 2005 quod
1327 1932 1652 1987 continetur.
1696 1932 1883 1988 Circus

287 2032 544 2092 clamavit
581 2038 634 2087 et
664 2028 860 2083 Forum
891 2028 1130 2080 locutum
1161 2031 1260 2088 est,
1294 2029 1344 2076 et
1375 2021 1604 2076 Basilica
1627 2023 1876 2091 tremuit;

281 2127 335 2181 id
365 2136 473 2188 est,
507 2119 604 2194 qui
651 2118 708 2173 in
747 2116 830 2171 his
872 2114 1010 2170 locis
1054 2127 1168 2168 rem
1217 2121 1465 2186 egerunt.
1515 2111 1700 2180 Igitur,
1750 2116 1880 2184 quia

279 2215 473 2278 homo,
507 2226 619 2264 non
652 2210 793 2263 Deus
828 2201 1032 2269 mundi,
1058 2201 1116 2256 in
1159 2200 1426 2271 sapientia
1466 2217 1572 2256 non
1624 2203 1879 2273 cognovit

277 2307 482 2368 Deum,
513 2315 676 2372 quem
703 2308 1040 2367 cognoscere
1067 2291 1351 2356 debuerat,
1391 2297 1446 2345 et
1480 2291 1702 2348 Iudaeus
1729 2293 1782 2346 in
1796 2308 1878 2348 sa-

275 2393 492 2467 pientia
538 2389 960 2459 Scripturarum,
1011 2389 1064 2438 et
1101 2380 1279 2436 omnis
1327 2395 1462 2453 gens
1503 2380 1558 2434 in
1607 2382 1876 2452 sapientia

275 2497 512 2556 operum
539 2499 559 2536 :
591 2478 715 2533 ideo
743 2477 888 2531 Deus
916 2473 1083 2537 idem,
1118 2470 1212 2543 qui
1245 2470 1299 2524 in
1329 2469 1590 2540 sapientia
1635 2486 1737 2526 sua
1766 2488 1876 2530 non

276 2582 398 2631 erat
429 2571 654 2642 agnitus
682 2567 752 2633 ⁵ο,
784 2563 970 2620 statuit
998 2560 1322 2633 sapientiam
1369 2558 1650 2614 hominum
1696 2562 1875 2618 stulti-

275 2667 346 2723 tia
393 2666 758 2732 repercutere,
797 2657 974 2710 salvos
1009 2649 1260 2707 faciendo
1303 2651 1582 2705 credentes
1627 2666 1876 2723 quoaquo

275 2754 329 2808 in
359 2752 588 2808 stultam
633 2745 812 2802 crucis
859 2740 1319 2814 praedicationem.
1365 2740 1640 2807 Quoniam
1689 2740 1873 2796 Iudici

273 2845 439 2914 signa
470 2838 817 2898 desiderant,
848 2833 941 2904 qui
962 2833 1078 2901 jam
1107 2833 1174 2884 de
1202 2830 1313 2884 Deo
1341 2828 1478 2882 certi
1513 2842 1634 2882 esse
1664 2830 1870 2885 debue-

274 2941 433 2998 rant;
479 2933 537 2985 et
571 2925 746 2981 Graeci
774 2921 1120 2993 sapientiam
1151 2919 1415 2992 quierunt
1436 2915 1561 2986 ;qui
1590 2931 1747 2970 suam
1768 2917 1868 2972 sci-

2004 515 2300 572 inltonesta
2339 521 2396 573 et
2426 519 2669 577 minima
2710 525 2766 576 et
2810 515 3436 604 contemptibilia,'quw
3482 553 3600 593 non

2001 608 2162 671 sunt,
2281 615 2381 671 est,
2420 621 2544 677 qua}
2576 622 2683 663 non
2714 625 2837 664 vere
2867 621 3012 676 sunt,
3037 620 3101 670 ut
3131 603 3448 687 confundat
3470 639 3596 694 quae

2002 694 2158 754 sunt,
2191 690 2244 746 id
2277 701 2374 757 est,
2399 710 2520 764 qua:
2549 711 2678 775 vere
2708 706 2855 752 sunt.
2882 699 3029 754 Nihil
3061 703 3201 757 enim
3233 720 3261 758 a
3290 707 3402 762 Deo
3419 690 3597 779 dispo-

2003 779 2170 832 situm
2200 788 2282 834 est
2319 781 2388 847 ⁵³,
2425 792 2477 837 et
2507 800 2632 840 vere
2670 787 2965 853 modicum,
2999 796 3051 843 et
3079 790 3342 861 ignobile,
3374 805 3428 849 et
3455 813 3593 851 con-

2005 867 2323 939 temptibile,
2356 870 2453 925 sed
2481 871 2626 944 quod
2675 873 2742 927 ab
2789 875 3008 932 homine
3042 895 3055 932 :
3089 881 3235 950 apud
3284 882 3596 939 Creatorem

2002 963 2176 1010 autem
2197 957 2381 1026 ,etiam
2412 966 2464 1014 et
2501 972 2684 1016 vetera
2711 963 2782 1030 ⁵4,
2812 964 3056 1020 stultitia:
3083 975 3139 1021 et
3164 967 3506 1038 ,intirmitati,
3546 980 3603 1028 et

2000 1041 2414 1112 inhonestati,et
2443 1047 2719 1117 pusilitati,
2750 1058 2801 1106 et
2829 1058 3159 1125 contemptui
3188 1057 3433 1128 deputari
3463 1076 3594 1130 pos-

2000 1141 2143 1187 sunt.
2177 1133 2318 1202 Quid
2346 1136 2585 1202 stultius,
2619 1139 2748 1210 quid
2789 1140 3073 1209 inﬁrmius,
3107 1162 3276 1217 quum
3310 1149 3598 1206 sacriﬁcio-

2000 1238 2118 1278 rum
2143 1234 2511 1293 cruentorum,
2545 1235 2598 1284 et
2635 1229 3136 1288 holocautomatum
3156 1237 3535 1294 nidorosorum
3563 1255 3594 1294 a

1998 1314 2112 1369 Deo
2140 1315 2395 1370 exactio?
2441 1314 2583 1384 Quid
2615 1317 2903 1387 inﬁrmius,
2951 1338 3113 1393 quam
3154 1326 3501 1383 vasculorum
3539 1335 3593 1383 et

1996 1404 2344 1474 grabatorum
2365 1405 2415 1442 ⁵⁵
2444 1407 2692 1477 purgatio
2709 1409 2736 1464 ?
2757 1409 2898 1478 Quid
2918 1410 3276 1480 inhonestius,
3295 1432 3458 1487 quam
3475 1433 3592 1472 car-

1996 1495 2080 1547 nis
2133 1495 2245 1562 jam
2291 1493 2662 1550 erubescentis
2711 1497 2814 1551 alia
2867 1499 3253 1557 dcdecoratio?
3292 1502 3435 1572 Quid
3484 1515 3592 1560 tam

1994 1582 2217 1647 humile,
2249 1597 2412 1652 quam
2454 1583 2670 1639 talionis
2715 1585 2983 1643 indictio?
3010 1588 3149 1657 Quid
3187 1597 3298 1646 tam
3341 1600 3590 1649 contem-

1995 1669 2202 1741 ptibile,
2260 1686 2425 1740 quam
2480 1671 2728 1727 ciborum
2798 1675 3089 1746 exceptio?
3162 1678 3384 1747 Totum,
3441 1680 3589 1752 quod

1993 1759 2183 1816 sciam.
2235 1759 2401 1816 Vetus
2445 1759 2852 1816 Testamentum
2898 1764 3072 1819 omnis
3120 1765 3406 1823 haereticus
3456 1768 3589 1826 irri-

1987 1850 2078 1904 det
2108 1867 2126 1904 :
2158 1849 2356 1905 Stulta
2385 1847 2530 1904 enim
2566 1850 2773 1906 mundi
2801 1852 2969 1924 elegit
2994 1855 3140 1911 Deus
3177 1859 3244 1910 ut
3271 1857 3590 1927 confundat

1986 1938 2337 2010 sapientiam
2366 1937 2437 1995 55.
2467 1938 2758 1994 Marcionis
2788 1940 2927 1996 deus
2960 1941 3090 1996 nihil
3139 1942 3262 1998 tale.
3295 1941 3434 2011 Quia
3479 1961 3584 2002 nec

1989 2027 2268 2082 simulatur
2310 2027 2581 2083 contraria
2621 2028 2906 2084 contrariis
2949 2032 3308 2102 redarguere,
3346 2047 3418 2088 ne
3460 2033 3584 2106 glo-

1986 2119 2176 2172 rietur
2204 2118 2388 2175 omnis
2434 2133 2607 2185 caro;
2652 2123 2740 2189 ut,
2786 2119 3258 2190 quemadmodum
3306 2125 3586 2195 scriptum

1986 2209 2091 2273 est,
2114 2206 2213 2278 qui
2239 2207 2520 2278 gloriatur
2545 2208 2607 2261 in
2637 2207 2872 2264 Domino
2900 2209 3193 2280 glorietur.
3212 2210 3272 2264 In
3300 2225 3408 2281 quo
3430 2211 3457 2266 ‘2
3480 2210 3584 2264 uti-

1985 2311 2094 2366 que
2119 2295 2175 2349 in
2202 2311 2268 2352 eo
2294 2295 2387 2366 qui
2427 2295 2533 2350 hoc
2570 2295 2853 2368 praecipit;
2886 2296 2990 2352 nisi
3040 2298 3264 2354 Creator
3300 2299 3581 2372 praecepit,

1985 2394 2043 2441 ut
2071 2385 2126 2440 in
2156 2385 2260 2441 deo
2281 2385 2328 2424 ⁵“¹
2358 2384 2644 2441 Marcionis
2674 2384 2955 2458 glorietur.

2601 2507 2834 2564 CAPUT
2860 2509 2954 2567 VI.

2055 2648 2224 2720 Igitur
2251 2645 2296 2718 (Ι
2343 2647 2463 2703 Cor.
2499 2659 2538 2700 ιι
2575 2650 2628 2699 et
2657 2642 2747 2715 ιιι)
2794 2659 2891 2714 per
2935 2643 3052 2700 haec
3095 2641 3274 2700 omnia
3320 2643 3573 2712 ostendit,

1981 2740 2140 2808 cujus
2168 2736 2268 2792 Dei
2296 2735 2615 2806 sapientiam
2646 2735 2898 2804 loquatur
2941 2733 3082 2788 inter
3119 2735 3386 2803 perfectos
3418 2753 3432 2789 :
3465 2736 3584 2804 ejus

1982 2828 2187 2884 scilicet
2204 2825 2296 2897 qui
2316 2825 2662 2898 sapientiam
2681 2822 3031 2894 sapienti-um
3043 2819 3347 2879 abstulerit
3367 2826 3424 2877 et
3442 2838 3582 2894 pru-

1979 2918 2232 2973 dentiam
2263 2915 2630 2986 prudentium
2651 2914 2883 2969 irritam
2903 2911 3150 2985 fecerit;
3173 2910 3264 2983 qui
3293 2910 3585 2971 infamave-

275 3021 430 3086 licet,
489 3031 599 3072 non
662 3014 762 3068 Dei
816 3009 1134 3082 sapientiam
1191 3006 1407 3062 sistunt.
1467 3008 1757 3072 Caeterum,
1819 3007 1866 3063 si
1904 3009 1947 3088 ε
1979 3008 2048 3060 rit
2078 3003 2396 3076 sapientiam
2427 3000 2632 3067 mundi,
2669 3002 2833 3056 stulta
2862 2999 3070 3072 eligens
3096 3001 3239 3070 ejus,
3289 3011 3344 3057 et
3387 3001 3581 3073 dispo-

275 3125 454 3168 novus
479 3109 634 3180 .deus
672 3101 1060 3176 praedicaretur
1084 3138 1098 3166 ,
1136 3096 1268 3170 quid
1313 3094 1652 3166 deliquerant
1697 3096 1871 3154 Judaei

271 3202 438 3271 signa
491 3195 859 3253 desiderantes
921 3190 1116 3264 quibus
1171 3187 1493 3243 crederent?
1544 3196 1636 3239 aut
1691 3185 1871 3242 Graeci

271 3291 607 3362 sapientiam
636 3290 924 3347 sectantes,
967 3279 1054 3336 cui
1101 3278 1276 3348 magis
1313 3275 1644 3331 crederent?
1691 3275 1761 3328 ita
1818 3283 1872 3331 et

270 3375 643 3435 remuneratio
677 3375 794 3443 ipsa
843 3370 896 3425 in
926 3369 1143 3423 Judaaos
1171 3378 1224 3423 et
1253 3364 1497 3431 Graioos,
1539 3371 1591 3418 et
1637 3365 1869 3419 zelotem

265 3472 449 3526 Deum
510 3464 795 3522 conﬁrmat
839 3468 890 3516 et
941 3459 1203 3530 judicem,
1253 3457 1346 3526 qui
1402 3470 1468 3510 ex
1520 3453 1871 3510 retributione

265 3559 470 3614 aemula
532 3564 588 3610 et
637 3553 813 3624 judice
865 3545 1211 3604 intatuaverit
1274 3543 1597 3615 sapientiam
1660 3545 1869 3600 mundi.

262 3650 431 3718 Quod
462 3647 511 3702 si
542 3648 663 3718 ejus
683 3652 809 3698 sunt
834 3649 888 3695 et
911 3653 1114 3709 causae,
1144 3636 1300 3707 cujus
1325 3633 1648 3688 adhibentur
1687 3633 1873 3705 Scrip-

263 3749 430 3804 tune,
453 3752 589 3808 ergo
609 3737 678 3788 de
699 3736 815 3789 Deo
845 3735 1082 3786 tractans
1112 3727 1410 3797 Apostolus
1445 3739 1552 3780 non
1572 3723 1867 3791 intellecto,

263 3830 339 3883 de
397 3829 663 3884 Creatore
719 3823 900 3892 utique
952 3821 1123 3891 .docet
1195 3815 1618 3885 intelligendum,
1698 3811 1868 3869 482

262 3918 438 3975 etiam
484 3913 631 3988 quod
673 3909 984 3967 scandalum
1025 3906 1231 3962 ludatis
1277 3902 1537 3974 praedicat
1575 3901 1866 3973 Christum,

257 4005 614 4083 prOphetium
656 4016 820 4073 super
861 3999 954 4054 illo
1000 3994 1290 4065 consignat
1332 3991 1600 4048 Creatoris
1637 3991 1868 4046 dicentis

257 4081 365 4171 per
393 4098 600 4152 Isaiam
627 4093 852 4165 (xxvm,
888 4089 976 4158 15)
1001 4104 1019 4142 :
1045 4086 1181 4141 Ecce
1201 4087 1360 4156 posui
1388 4085 1452 4138 in
1470 4083 1602 4139 Sion
1624 4081 1867 4171 lapidem

262 4170 635 4261 offensionis,
667 4187 724 4241 et
750 4186 978 4256 petram
1006 4176 1265 4233 scandali
1295 4193 1312 4230 :
1345 4181 1496 4244 petra
1539 4180 1716 4228 autem
1767 4170 1870 4226 fuit

1978 3112 2113 3152 nens
2141 3094 2197 3148 in
2235 3092 2488 3147 salutem.
2522 3090 2670 3144 Hanc
2699 3089 2830 3144 dicit
2872 3089 3198 3161 sapientiam
3248 3092 3313 3146 in
3361 3093 3583 3148 occulto

1979 3186 2314 3254 fuisse,.qum
2343 3179 2505 3236 fuerit
2525 3178 2579 3233 in
2606 3177 2784 3233 stultis
2814 3185 2867 3232 et
2895 3178 2950 3230 in
2982 3178 3193 3247 pusillis
3230 3187 3284 3232 et
3313 3179 3580 3234 inhones-

1978 3275 2080 3342 tis;
2110 3287 2232 3343 quze
2253 3269 2468 3326 latuerit
2497 3267 2658 3325 etiam
2684 3268 2784 3322 sub
2811 3265 3020 3338 ﬁguris,
3045 3264 3321 3337 allegoriis
3340 3274 3392 3320 et
3421 3266 3584 3335 amig-

1977 3363 2229 3428 matibus,
2272 3358 2557 3416 revelanda
2602 3355 2948 3428 postmodum
2997 3354 3052 3410 in
3111 3354 3357 3420 Christo,
3406 3352 3583 3425 posito

1980 3454 2036 3508 in
2095 3454 2277 3507 lumen
2325 3449 2606 3504 nationum
2661 3463 2693 3500 a
2749 3446 3006 3501 Creatore
3059 3443 3414 3514 promittente
3486 3457 3583 3514 per

1979 3541 2134 3598 Isaiae
2163 3555 2376 3608 vocem,
2409 3537 2807 3610 patefacturum
2839 3550 2900 3589 se
2945 3534 3233 3589 thesauros
3279 3530 3583 3587 imisibiles

1978 3640 2031 3690 et
2056 3631 2319 3688 occultos.
2367 3629 2508 3683 Nam
2557 3635 2616 3682 ut
2661 3623 3012 3680 absconderit
3060 3621 3266 3693 aliquid
3313 3621 3359 3676 is
3413 3621 3580 3686 Deus,

1975 3722 2070 3794 qui
2099 3720 2233 3776 nihil
2264 3719 2379 3791 egit
2405 3715 2628 3772 omnino
2675 3713 2731 3769 in
2769 3713 2918 3786 quod
2964 3711 3168 3784 aliquid
3226 3709 3581 3768 abscondisse

1977 3810 2396 3872 existimaretur,
2431 3801 2604 3862 488
2636 3803 2768 3859 satis
2814 3800 3148 3857 inoredibile.
3182 3800 3306 3870 Ipse
3335 3799 3380 3854 si
3411 3804 3577 3863 esset,

1979 3902 2151 3958 latere
2176 3907 2376 3969 posset,
2409 3895 2610 3950 nedum
2647 3893 2828 3964 aliqua
2857 3890 2976 3960 ejus
3007 3897 3370 3946 sacramenta.
3412 3885 3581 3943 Crea-

1977 4001 2062 4048 tor
2087 3998 2268 4045 autem
2298 3997 2407 4043 tam
2438 3986 2552 4057 ipse
2582 3991 2766 4046 notus,
2797 3995 2961 4052 quam
2989 3982 3043 4034 et
3063 3987 3402 4034 sacramenta
3430 3977 3578 4048 ejus;

1980 4078 2440 4155 palam‘Lscilicet
2493 4073 2834 4130 decurrentia
2893 4068 3040 4140 apud
3104 4069 3301 4134 Israel,
3359 4065 3454 4122 sed
3481 4064 3581 4155 gde

1980 4152 2357 4246 signiticantiis
2405 4164 2777 4227 obrumbrata,
2825 4159 2885 4214 in
2933 4157 3130 4246 quibus
3175 4155 3432 4246 sapientia
3479 4152 3579 4210 Dei

600 4242 769 4329 etiam.
822 4268 1059 4326 Marcion
1115 4275 1312 4321 servat.
1346 4242 1504 4332 Quid
1559 4268 1642 4318 est
1686 4269 1867 4316 autem
1901 4263 1948 4344 υ
1981 4242 2327 4320 delitescebat
2356 4258 2510 4313 inter
2557 4254 2855 4326 perfectos,
2901 4245 3170 4344 narranda
3200 4260 3296 4344 suo
3341 4242 3396 4298 in
3435 4251 3578 4344 tem-

259 4371 524 4428 stultum
556 4368 658 4422 Dei
683 4363 1002 4436 sapientius
1024 4353 1492 4426 ltominibus,_nisi
1507 4367 1635 4408 crux
1656 4361 1869 4408 etmors

263 4460 475 4516 Christi
493 4459 523 4513 ?
551 4457 690 4528 Quid
710 4455 1008 4523 inﬁrmum
1024 4449 1126 4505 Dei
1153 4446 1362 4520 fortius
1383 4445 1628 4512 homine,
1657 4442 1758 4498 nisi
1781 4455 1873 4497 na-

262 4551 452 4607 tivitas
491 4555 546 4601 et
573 4559 701 4600 caro
728 4543 830 4598 Dei
849 4543 876 4598 ‘l
907 4542 1175 4595 Caeterum
1199 4536 1246 4592 si
1274 4550 1377 4593 nec
1394 4543 1550 4589 natus
1578 4549 1644 4589 ex
1665 4533 1870 4606 tirgine

261 4642 544 4708 Christus,
583 4653 683 4692 nec
719 4648 878 4690 carne
920 4636 1283 4696 constructus,
1318 4641 1385 4683 ac
1415 4641 1511 4699 per
1548 4625 1652 4682 hoc
1697 4639 1870 4695 neque

264 4745 512 4796 crucem,
552 4741 724 4798 neque
747 4729 974 4779 mortem
1002 4735 1131 4777 vere
1173 4732 1466 4790 perpessus
1495 4723 1598 4784 est,
1639 4714 1771 4769 nihil
1815 4713 1871 4768 in

261 4822 363 4878 illo
378 4820 451 4876 sit
472 4819 521 4856 ⁵ι
551 4817 772 4873 stultum
800 4823 854 4869 et
882 4809 1185 4879 inﬁrmum;
1215 4822 1313 4863 nec
1327 4807 1443 4878 jam
1463 4807 1648 4863 stulta
1669 4804 1871 4861 mundi

265 4916 442 4986 elegit
464 4915 627 4977 Deus,
660 4913 731 4965 ut
753 4902 1068 4978 confundat
1097 4900 1442 4973 sapientiam
1470 4899 1519 4938 ⁵2
1539 4916 1554 4968 ;
1576 4911 1678 4954 nec
1709 4895 1872 4966 inﬁr-

1643 5020 1836 5088 Variie
1899 5023 2214 5089 lectiones.

343 5139 395 5181 *9
424 5136 713 5197 Dominum
735 5135 910 5193 Rhen.
938 5134 1109 5192 Seml.
1138 5132 1356 5191 Obertlt.
1386 5131 1437 5173 ⁵ο
1457 5132 1763 5207 Adagnitus
1791 5133 1870 5189 al.
1903 5131 1949 5207 5}

279 5215 430 5273 abest
443 5218 508 5271 in
525 5209 786 5286 quibusd.
809 5209 860 5247 ⁵⁵
889 5207 1030 5266 Vera
1058 5209 1182 5264 Lat.
1204 5207 1254 5245 ⁵⁵
1281 5205 1614 5263 Gabatarum
1646 5205 1978 5263 CiacconJu

1975 4369 2132 4428 pore,
2165 4350 2458 4424 proposita
2476 4360 2604 4401 vero
2643 4343 2707 4397 in
2731 4340 3007 4412 preposito
3039 4337 3138 4394 Dei
3166 4337 3304 4428 ante
3347 4330 3579 4428 saecula.

1977 4421 2146 4518 Cujus
2167 4421 2225 4498 vet
2254 4421 2474 4503 saecula,
2509 4431 2613 4487 nisi
2642 4427 2959 4485 Creatoris?
2989 4425 3047 4480 Si
3097 4423 3241 4480 enim
3290 4428 3343 4476 et
3379 4421 3579 4518 saecula

1980 4509 2321 4608 temporibus
2378 4531 2584 4582 structa
2641 4525 2770 4576 sunt
2791 4535 2821 4608 ;_
2862 4527 3102 4586 tempora
3161 4517 3339 4608 autem
3387 4509 3580 4608 diebus

1979 4637 2032 4684 et
2062 4598 2341 4681 mensibus
2368 4623 2423 4674 et
2450 4613 2610 4671 annis
2648 4606 3106 4680 compinguntur;
3154 4599 3271 4656 dies
3318 4611 3479 4670 porro
3527 4598 3581 4650 et

1978 4731 2194 4777 menses
2223 4724 2278 4769 et
2307 4707 2434 4765 anni
2465 4705 2671 4762 solibus
2717 4705 2771 4755 et
2808 4696 2951 4752 Iunis
2992 4701 3047 4749 et
3091 4688 3357 4746 sideribus
3406 4685 3576 4777 Crea-

1978 4811 2111 4868 toris
2139 4807 2446 4877 signantur,
2476 4799 2531 4853 in
2561 4797 2663 4851 hoc
2691 4792 2759 4846 ab
2789 4802 2854 4844 eo
2876 4781 3086 4858 positis,
3118 4783 3188 4838 Et
3207 4779 3380 4834 erunt
3408 4771 3577 4877 epim,

1977 4863 2325 4985 (Cen.
2347 4896 2410 4966 ι),
2521 4890 2686 4959 signa
2717 4879 3003 4939 mensium
3031 4875 3088 4930 et
3116 4882 3400 4929 annorum
3416 4863 3531 4939 (1⁸7)
3558 4877 3574 4919 :

1973 5087 2858 5261 iiigsgliiiénfgnifirFirmi:
2869 5067 3576 5220 Βδὴᾟῗῐὲὲἓιιξῗὶῒθῗοῖὴξςί

1663 5301 2170 5371 Commentarius.

343 5424 463 5496 (16)
499 5425 642 5481 Boni
669 5422 836 5480 duxit
875 5422 1037 5478 Deus.
1079 5418 1168 5496 Sic
1195 5418 1350 5496 vertit
1377 5416 1524 5496 quod
1554 5415 1744 5496 Graece
1787 5421 1872 5470 est

263 5489 528 5565 εὖδὸιιγίσεν
583 5499 607 5547 ὁ
661 5496 802 5554 Θεός.
861 5492 1334 5561 Quemadmodum
1366 5489 1541 5565 _eni_m
1615 5494 1861 5565 auctores

259 5557 459 5629 dicunt
511 5567 644 5628 boni
696 5557 1002 5634 consulere,
1046 5573 1120 5635 et,
1165 5565 1308 5636 atqui
1366 5561 1607 5633 bonique
1659 5557 1861 5628 facere,

1971 5373 3573 5548 “alii?Lil’n‘i‘i'iii‘i‘fiiiiiiienim:

1970 5502 2455 5609 αηὲέτίαῗιῖἥῖάῖ
2472 5502 2834 5595 Silli'dné'zi
2869 5502 3003 5575 solis
3042 5502 3239 5575 motus,
3291 5502 3430 5573 dies,
3461 5515 3568 5560 ιιι-
