3992 6174
420 317 523 383 515

1104 319 1545 387 TERTULLIANI
1583 319 1845 381 OPERUM
1881 318 2049 380 PARS
2086 319 2153 378 II.
2192 349 2262 361 —
2298 316 2525 383 SBRIES
2564 320 2606 387 Ι,
2646 319 2990 382 POLEMICA.

3603 322 3717 384 516

417 453 641 519 apparet
684 458 740 506 et
779 451 983 507 saecula
1031 452 1303 509 Creatoris
1339 467 1495 521 esse;
1547 458 1600 506 ct
1654 465 1815 506 omne
1862 446 2005 520 quod
2039 461 2086 541 Α
2116 446 2376 505 adversus
2426 463 2587 521 quem
2661 447 2842 505 valere
2893 463 3008 505 non
3062 449 3279 541 potuit;
3347 457 3403 506 et
3455 462 3718 523 superest

416 545 535 592 ante
572 540 771 596 saecula
801 541 1143 614 propositum
1185 542 1415 607 dicatur,
1460 555 1570 598 non
1609 538 1829 595 alterius
1864 553 2005 603 esse,

416 642 579 696 quam
616 630 775 698 cujus
820 639 873 686 et
901 631 1120 687 ssecula.
1154 631 1262 686 Aut
1306 630 1495 701 probet
1541 629 1638 684 Dei
1683 626 1767 685 sui
1811 627 2011 682 saecula

416 717 676 783 Marcion,
708 720 953 775 ostendat
971 728 1023 775 et
1054 720 1312 775 mundum
1344 719 1541 790 ipsum,
1574 717 1630 771 in
1678 732 1783 789 quo
1814 714 2010 771 saecula

415 804 755 873 deputentur,
794 824 890 865 vas
936 808 1332 879 quodammodo
1382 817 1706 878 temporum,
1757 814 1811 861 et
1853 805 2007 878 signa

414 892 611 963 aliqua,
657 896 738 951 vel
795 904 973 951 ortum
1028 912 1215 953 eorum
1250 897 1318 951 ⁵8.
1359 896 1415 952 Si
1461 896 1594 950 nihil
1641 897 2002 965 demonstrat,

413 991 662 1039 revertor
689 992 743 1038 ut
781 993 831 1040 et
864 985 1000 1041 illud
1030 986 1222 1046 dicam.
1275 987 1382 1041 Cur
1424 994 1601 1042 autem
1637 992 1760 1040 ante
1808 983 2007 1038 saecula

415 1072 681 1129 Creatoris
711 1074 994 1146 preposuit
1024 1074 1255 1145 gloriam
1290 1076 1573 1130 nostram?
1619 1084 1798 1145 posset
1832 1072 2005 1128 videri

415 1177 534 1216 eam
563 1172 685 1218 ante
733 1165 931 1219 saecula
980 1164 1346 1235 proposuisse,
1401 1180 1558 1235 quam
1609 1161 2004 1218 introductione

411 1249 598 1305 saeculi
634 1253 948 1309 revelasset.
999 1252 1065 1309 At
1108 1268 1234 1307 cum
1272 1251 1321 1306 id
1364 1251 1488 1307 facit
1529 1268 1668 1322 pene
1708 1252 1825 1322 jam
1877 1250 2003 1307 totis

412 1338 627 1395 saeculis
680 1340 953 1397 Creatoris
1001 1341 1281 1411 productis
1330 1339 1399 1405 59,
1451 1355 1589 1396 vane
1635 1347 1757 1394 ante
1806 1338 2004 1394 saecula

410 1428 713 1499 proposuit,
753 1437 804 1485 et
832 1444 941 1485 non
986 1431 1159 1502 magis
1207 1429 1345 1483 intra
1390 1429 1603 1495 saecula,
1653 1428 1796 1500 quod
1843 1443 2002 1485 reve-

408 1514 613 1572 laturus
643 1525 761 1574 erat
789 1533 929 1589 pene
967 1527 1090 1589 post
1136 1518 1350 1574 saecula.
1401 1518 1525 1572 Non
1553 1515 1699 1571 enim
1749 1515 1869 1584 ejus
1919 1523 2003 1571 est

408 1604 689 1663 festinasse
743 1605 797 1661 in
844 1606 1233 1679 proponendo,
1285 1604 1444 1673 cujus
1486 1612 1540 1659 et
1585 1603 1893 1659 retardasse
1943 1602 1999 1658 in

406 1694 717 1752 revelando.
780 1693 1022 1750 Creatori
1067 1700 1248 1748 autem
1290 1691 1547 1763 competit
1592 1701 1900 1764 utrumque,
1948 1699 2003 1748 et

407 1791 531 1839 ante
585 1781 785 1838 saecula
841 1780 1218 1853 pr0posnisse,
1270 1790 1323 1838 et
1387 1781 1442 1837 in
1498 1780 1604 1837 ﬁne
1674 1781 2002 1838 saeculorum
2034 1751 2077 1828 Β

407 1871 707 1942 revelasse;
755 1871 887 1942 quia
934 1878 987 1925 et
1043 1870 1186 1942 quod
1244 1869 1529 1943 proposuit
1586 1878 1640 1926 et
1703 1869 1959 1927 revelavit
1987 1912 2000 1937 ,

406 1959 585 2016 medio
614 1958 787 2029 spatio
825 1959 1143 2015 saeculorum
1189 1958 1246 2015 in
1292 1958 1484 2033 ﬁguris
1531 1967 1586 2018 et
1625 1960 2005 2032 aenigmatibus

407 2056 462 2104 et
518 2047 794 2120 allegoriis
849 2048 1285 2120 praeministravit
1326 2050 1395 2105 δο.
1443 2049 1554 2105 Sed
1611 2049 1737 2122 quia
1784 2049 2003 2119 subjicit

408 2136 479 2192 de
508 2136 682 2210 gloria
711 2146 912 2207 nostra,
960 2137 1106 2210 quod
1143 2154 1268 2193 eam
1308 2156 1472 2197 nemo
1521 2154 1595 2195 ea:
1640 2138 2001 2212 principibus

411 2226 578 2299 hujus
609 2227 715 2284 (ευί
747 2230 941 2284 scierit
966 2248 985 2284 :
1015 2232 1306 2296 caeterum,
1340 2230 1390 2286 si
1417 2231 1674 2295 scissent,
1705 2245 2002 2303 nunquam

411 2317 716 2373 Dominum
743 2319 938 2388 gloria:
966 2319 1421 2388 cruci/ixissent;
1453 2325 1863 2391 argumentatur
1883 2320 2001 2374 han-

406 2405 623 2473 reticus,
666 2406 811 2476 quod
860 2407 1133 2477 principes
1174 2407 1339 2477 hujus
1368 2406 1464 2464 aevi
1513 2409 1750 2476 demum,
1782 2407 2001 2465 alterius

402 2493 609 2550 scilicet
678 2493 779 2549 Dei
836 2494 1146 2567 Christum,
1215 2495 1366 2551 cruci
1431 2495 1767 2562 conﬁxerint,
1841 2505 1902 2551 ut
1946 2506 2002 2553 et

396 2582 503 2637 hoc
562 2574 618 2636 in
670 2581 849 2653 ipsum
904 2583 1107 2639 recidat
1161 2584 1208 2621 δι
1267 2584 1594 2640 Creatorem.
1654 2586 1840 2651 Porro,
1906 2587 1997 2642 cui

398 2686 559 2743 supra
606 2672 943 2728 ostendimus
996 2672 1067 2745 62,
1116 2672 1493 2745 quibusmodis
1549 2674 1727 2745 gloria
1771 2682 1994 2743 nostra,

397 2775 429 2815 a
458 2761 711 2817 Creatore
743 2761 813 2815 sit
843 2760 1171 2832 deputanda,
1221 2761 1633 2832 praejudicatnm
1669 2776 1784 2817 esse
1832 2762 1999 2817 debe-

397 2849 494 2917 bit,
554 2867 673 2907 eam
723 2866 844 2923 quae
894 2849 950 2904 in
1000 2849 1211 2907 occulto
1256 2850 1415 2906 fuerit
1466 2852 1607 2921 apud
1668 2851 1995 2917 Creatorem,

398 2938 587 2994 merito
644 2941 880 3011 ignotam
953 2937 1112 2994 etiam
1170 2939 1237 2993 ab
1293 2939 1545 2995 omnibus
1600 2940 1650 2978 63
1706 2939 1994 2997 virtutibus

2118 546 2176 592 ut
2202 536 2496 593 secundum
2526 552 2613 592 me
2660 537 2875 609 quidem
2910 539 3163 595 credibile
3209 539 3279 595 sit
3327 541 3564 597 scientes
3592 558 3716 596 vrr-

2115 630 2259 680 tutes
2287 632 2340 681 et
2371 633 2665 697 potestates
2693 625 2965 683 Creatoris
2994 628 3166 683 Deum
3197 628 3386 703 gloriae
3434 631 3715 685 Christum

2115 729 2272 769 suum
2314 712 2658 780 crucifixisse,
2703 730 2805 786 qua
2840 714 3216 787 desperatione
3264 727 3316 773 et
3363 718 3580 773 malitiae
3624 735 3716 773 re-

2114 802 2404 859 dundantia
2445 804 2586 859 servi
2617 820 2831 877 quoque
2869 806 3237 863 scelestissimi
3285 808 3537 864 dominos
3582 824 3719 863 suos

2114 890 2416 947 interﬁcere
2458 909 2567 948 non
2613 892 2877 948 dubitant.
2919 893 3191 965 Scriptum
3247 904 3329 950 est
3373 896 3517 951 enim
3568 897 3718 969 apud

2114 996 2200 1035 me
2230 980 2391 1050 (Luc.
2432 997 2575 1049 χχιι,
2630 983 2707 1051 3ζ,
2739 982 3019 1038 Satanam
3066 986 3131 1039 in
3180 985 3387 1041 ludam
3418 987 3715 1044 introisse.

2112 1066 2414 1123 Secundum
2470 1077 2652 1123 autem
2706 1070 3072 1138 Marcionem,
3115 1086 3218 1128 nec
3262 1073 3553 1143 Apostolus
3608 1075 3721 1130 hoc

2111 1155 2231 1210 loco
2256 1155 2457 1226 patitur
2485 1155 2843 1226 ignorantiam
2875 1157 3109 1215 adscribi
3144 1160 3436 1217 virtutibus
3478 1162 3712 1218 Creato-

2111 1245 2186 1299 ris
2214 1243 2272 1300 in
2302 1246 2491 1319 gloriae
2530 1245 2834 1310 dominum,
2864 1248 2992 1320 quia
3031 1248 3235 1305 scilicet
3273 1265 3383 1306 non
3430 1251 3550 1306 illas
3597 1253 3717 1308 vult

2109 1332 2341 1407 intelligi
2386 1334 2660 1406 principes
2699 1336 2859 1406 hujus
2908 1337 3028 1393 aevi.
3063 1338 3220 1405 Quod
3258 1340 3305 1395 si
3348 1354 3456 1396 non
3499 1342 3718 1397 videtur

2111 1422 2180 1478 de
2209 1422 2581 1494 spiritualibns
2601 1423 2808 1481 dixisse
2836 1425 3187 1497 principibus,
3207 1442 3339 1498 ergo
3376 1430 3446 1485 de
3474 1430 3713 1486 saecula-

2110 1509 2260 1565 ribus
2291 1509 2460 1577 dixit;
2489 1511 2557 1566 de
2585 1513 2790 1584 populo
2837 1512 3123 1585 principali
3180 1514 3370 1587 utique
3415 1532 3522 1573 non
3571 1518 3715 1574 inter

2110 1598 2372 1667 nationes,
2391 1599 2460 1657 de
2488 1599 2617 1671 ipsis
2644 1602 2990 1658 archontibns
3026 1602 3166 1674 ejus,
3191 1604 3260 1658 de
3307 1621 3435 1677 rege
3467 1607 3711 1675 Herode,

2111 1688 2274 1744 etiam
2318 1689 2383 1744 de
2431 1688 2624 1765 l’ilato,
2680 1699 2731 1747 et
2784 1705 2893 1764 quo
2940 1694 3114 1763 major
3155 1694 3487 1767 principatus
3543 1698 3712 1767 hujus

2110 1778 2209 1836 aevi
2262 1793 2486 1834 romana
2532 1778 2767 1852 dignitas
2813 1780 3163 1852 praesidebat.
3225 1782 3302 1842 Ita
3342 1791 3398 1840 et
3442 1800 3567 1842 cum
3604 1788 3713 1842 de-

2111 1866 2388 1924 struantur
2434 1868 2927 1941 argumentationes
2973 1870 3197 1927 diversae
3244 1872 3415 1944 partis
3440 1914 3454 1940 ,
3505 1882 3712 1932 nostra:

2108 1956 2472 2029 expositiones
2542 1955 2896 2015 aediﬁcantur.
2947 1958 3057 2014 Sed
3108 1958 3190 2018 vis
3239 1960 3417 2019 adhuc
3472 1961 3709 2034 gloriam

2108 2054 2351 2102 nostram
2376 2045 2479 2102 Dei
2518 2044 2597 2102 tui
2626 2063 2773 2114 esse,
2812 2054 2866 2104 et
2888 2046 3038 2119 apud
3065 2064 3188 2104 eum
3209 2047 3264 2105 in
3293 2050 3503 2108 occulto
3532 2051 3711 2111 fuisse

2109 2144 2162 2193 et
2186 2152 2353 2208 quare
2391 2138 2570 2194 adhuc
2597 2139 2786 2194 eodem
2814 2148 2869 2195 et
2896 2139 3040 2195 Deus
3066 2138 3429 2199 instrumento
3460 2152 3513 2200 et
3553 2144 3708 2216 Apo-

2108 2225 2281 2282 stolus
2308 2224 2500 2283 nititur
2529 2226 2626 2282 6"?
2667 2225 2809 2296 Quid
2838 2226 2913 2282 illi
2957 2243 3081 2284 cum
3133 2231 3415 2287 sententiis
3459 2233 3705 2306 PrOphe-

2107 2320 2276 2369 tarum
2306 2314 2506 2387 ubique
2526 2316 2554 2369 ‘2
2593 2316 2725 2383 Quis
2754 2317 2906 2372 enim
2935 2318 3196 2388 cognovit
3222 2334 3456 2376 sensum
3470 2324 3706 2380 Domini

2105 2406 2163 2458 et
2182 2403 2311 2474 quis
2335 2403 2427 2461 illi
2457 2405 2823 2461 consiliarius
2842 2405 2961 2476 fuit
2988 2404 3018 2459 .9
3032 2405 3195 2462 Isaias
3207 2415 3286 2463 est
3310 2410 3442 2479 (Isa.
3463 2425 3558 2466 xc.
3584 2415 3700 2481 l3).

2106 2490 2247 2560 Quid
2294 2492 2372 2547 illi
2430 2494 2589 2548 etiam
2645 2509 2769 2549 cum
2830 2496 3084 2567 exemplis
3137 2498 3238 2554 Dei
3303 2500 3519 2556 nostri?
3561 2502 3701 2558 Nam

2107 2580 2251 2650 quod
2289 2583 2671 2639 architectum
2701 2599 2757 2639 se
2782 2584 3119 2658 prudentem
3163 2586 3413 2658 afﬁrmat,
3458 2590 3561 2646 hoc
3605 2590 3702 2645 in-

2104 2670 2351 2727 venimus
2408 2671 2696 2744 signiﬁcari
2737 2673 3097 2744 depalatorem
3159 2675 3456 2749 disciplinas
3504 2678 3704 2735 divinae

2102 2774 2136 2814 a
2163 2762 2431 2828 Creatore,
2466 2777 2564 2832 per
2608 2760 2799 2817 Isaiam
2841 2762 2946 2833 (nl,
2988 2765 3045 2836 2)
3077 2781 3091 2820 :
3123 2766 3394 2837 Att/eram
3444 2770 3595 2825 enim
3622 2770 3698 2835 55,

2101 2849 2296 2921 inquit,
2326 2850 2567 2908 aJudrea
2599 2852 2737 2906 inter
2763 2860 2961 2908 caetera
2990 2858 3050 2909 et
3074 2856 3389 2927 sapientem
3415 2856 3700 2915 architec-

2105 2944 2249 2995 tum.
2282 2938 2345 2993 Et
2377 2939 2635 3011 numquid
2679 2940 2730 2978 55
2755 2940 2878 3012 ipse
2906 2950 3032 2999 tunc
3060 2943 3259 3000 Paulus
3300 2944 3695 3014 destinabatur,

399 3026 445 3082 el
474 3026 838 3098 potestatibus
880 3025 1189 3097 Creatoris;
1232 3029 1362 3100 quia
1412 3043 1511 3084 nec
1567 3027 1782 3085 famulis
1839 3029 1995 3085 liceat
2025 3044 2067 3124 ε
2097 3027 2162 3083 dc
2192 3030 2398 3100 Judaea,
2442 3029 2494 3083 id
2543 3038 2641 3098 est,
2675 3030 2742 3086 de
2797 3029 3094 3098 Judaismo,
3133 3032 3335 3090 auferri
3381 3034 3589 3124 habens
3636 3037 3694 3093 in

398 3114 626 3172 consilia
689 3130 852 3172 nosse
896 3115 1261 3184 dominorum,
1312 3117 1508 3173 nedum
1572 3116 1678 3172 illis
1733 3119 1994 3189 apostatis

398 3203 625 3278 angelis,
677 3204 890 3278 ipsique
947 3203 1181 3276 principi
1233 3205 1685 3279 transgressionis
1732 3206 1989 3277 diabolo,

395 3309 505 3365 quo
560 3292 734 3369 magis
777 3302 1068 3349 extraneos
1118 3292 1287 3349 fuisse
1335 3294 1710 3350 contenderim
1758 3296 1828 3350 ob
1876 3296 1993 3351 eul-

395 3397 522 3453 pam
552 3385 618 3439 ab
662 3382 811 3438 omni
850 3383 1185 3438 conscientia
1229 3381 1642 3454 dispositionum
1698 3383 1989 3439 Creatoris.

395 3469 499 3526 Sed
542 3472 655 3543 jam
708 3486 809 3528 nec
857 3470 988 3527 mihi
1042 3470 1301 3541 competit
1359 3471 1625 3542 principes
1679 3471 1844 3542 hujus
1892 3472 1991 3528 aevi

395 3559 624 3615 virtutes
685 3568 739 3616 et
794 3566 1086 3630 potestates
1142 3558 1483 3631 interpretari
1524 3560 1816 3625 Creatoris,
1865 3561 1992 3632 quia

394 3646 752 3719 ignorantiam
779 3647 854 3702 illi
884 3647 1138 3705 adscribit
1168 3648 1464 3719 Apostolus
1484 3646 1676 3705 :484
1693 3650 1877 3705 Jesum
1902 3665 1993 3705 au-

395 3740 497 3790 tem
528 3742 580 3790 et
609 3735 903 3793 secundum
933 3743 1181 3793 nostrum
1220 3735 1574 3810 Evangelium
1602 3736 1718 3809 (18)
1762 3738 1987 3807 (Matth.

394 3823 481 3893 tv)
535 3822 785 3879 diabolus
838 3838 1056 3894 quoque
1119 3824 1175 3879 in
1244 3824 1536 3881 tentatione
1591 3825 1880 3897 cognovit;
1936 3836 1990 3884 et

392 3912 689 3969 secundum
740 3926 1022 3968 commune
1065 3910 1484 3968 instrumentum
1527 3914 1677 3985 (Luc.
1736 3930 1824 3983 iv,
1872 3917 1984 3988 34),

390 4001 607 4073 Spiritus
642 4016 871 4075 nequam
904 4000 1106 4057 sciebat
1132 4016 1257 4057 eum
1300 4013 1544 4058 sanctum
1589 4002 1689 4060 Dei
1735 4020 1884 4071 esse;
1933 4010 1988 4063 et

386 4091 573 4149 Iesum
622 4092 824 4162 vocari,
875 4098 929 4147 et
981 4088 1039 4146 in
1107 4090 1466 4164 perditionem
1522 4107 1706 4149 eorum
1752 4095 1984 4153 venisse.

388 4180 565 4237 Etiam
617 4181 877 4255 parabola
930 4180 1082 4238 fortis
1136 4181 1284 4238 illius
1340 4181 1551 4249 armati,
1611 4199 1772 4258 quem
1845 4186 1985 4243 alius

390 4272 611 4330 validior
637 4271 927 4344 oppressit,
957 4278 1010 4328 et
1041 4288 1166 4330 vasa
1193 4272 1314 4343 ejus
1349 4273 1632 4346 occupavit
1670 4274 1829 4346 (Luc.
1872 4278 1977 4351 ιι),

2101 3117 2496 3175 adilicationem
2529 3119 2940 3193 Christianismi,
2996 3121 3269 3193 positurus
3308 3123 3527 3182 unicum
3566 3126 3701 3184 fun-

2102 3208 2431 3277 damentum,
2466 3209 2615 3281 quod
2642 3219 2725 3266 est
2770 3210 3062 3267 Christus?
3092 3212 3218 3284 quia
3247 3224 3300 3269 et
3346 3214 3414 3270 de
3461 3215 3565 3273 hoc
3599 3232 3703 3286 per

2101 3299 2351 3354 eumdem
2409 3299 2735 3371 prophetam
2793 3298 3013 3356 Creator
3070 3319 3085 3356 :
3148 3304 3287 3359 Ecce
3351 3320 3466 3376 ego,
3524 3304 3700 3377 inquit

2098 3386 2320 3460 (xxvm.
2347 3388 2458 3460 15),
2506 3390 2703 3461 injicio
2748 3391 2811 3445 in
2840 3389 3222 3462 fundamenta
3243 3394 3427 3450 Sionis
3451 3396 3697 3468 lapidem

2095 3480 2426 3549 pretiosum,
2441 3477 3017 3553 honorabilem;etqui
3031 3482 3095 3537 in
3115 3498 3244 3539 eum
3263 3484 3571 3541 crediderit
3584 3503 3699 3543 non

2098 3567 2504 3637 confundetur.
2539 3567 2655 3622 Nisi
2685 3567 2731 3623 si
2761 3569 2808 3607 6⁷
2838 3576 3161 3626 structorem
3192 3587 3251 3629 se
3280 3574 3478 3629 terreni
3518 3577 3702 3647 operis

2096 3653 2243 3709 Deus
2269 3653 2641 3725 proﬁtebatur,
2676 3663 2735 3711 ut
2763 3673 2873 3714 non
2919 3659 2986 3715 de
3013 3659 3227 3718 Christo
3266 3677 3367 3720 suo
3422 3663 3699 3737 signiﬁca-

2098 3753 2199 3808 rct,
2256 3744 2347 3814 qni
2406 3741 2619 3800 futurus
2677 3754 2819 3802 esset
2875 3746 3284 3806 fundamentum
3357 3754 3693 3809 credentium

2097 3834 2151 3886 in
2191 3847 2336 3903 eum,
2368 3847 2544 3905 super
2571 3834 2716 3906 quod
2740 3840 2913 3908 prout
2950 3840 3185 3911 quisque
3212 3846 3695 3913 superstruxerit,

2095 3921 2314 3994 dignam
2341 3922 2544 3979 scilicet
2561 3921 2728 3981 485
2748 3926 2828 3981 vel
2849 3925 3127 3999 indignam
3149 3929 3449 3986 doctrinam
3480 3933 3525 3988 si
3557 3948 3696 4005 opus

2095 4012 2217 4082 ejus
2234 4027 2337 4084 per
2366 4013 2553 4083 ignem
2569 4013 2925 4086 probabitur,
2948 4016 2995 4071 si
3022 4032 3235 4075 merces
3270 4018 3350 4074 illi
3378 4036 3475 4093 per
3503 4019 3690 4097 ignem

2093 4101 2419 4173 rependetur
2449 4103 2586 4175 (l9),
2619 4106 2887 4163 Creatoris
2915 4115 3031 4177 est;
3063 4109 3189 4180 quia
3215 4126 3315 4181 per
3361 4113 3540 4186 ignem
3586 4115 3687 4184 ju-

2092 4191 2304 4249 dicatur
2321 4192 2372 4230 58
2396 4202 2571 4250 vestra
2599 4195 3065 4270 superaediﬁcatio,
3094 4199 3285 4272 utique
3312 4202 3398 4257 sui
3426 4202 3478 4242 69
3498 4201 3692 4261 funda-

2090 4279 2275 4346 menti,
2309 4280 2363 4336 id
2401 4288 2486 4337 est
2526 4282 2611 4340 sui
2658 4284 2859 4341 Christi
2890 4301 2905 4340 :
2940 4288 3173 4344 nescitis
3219 4290 3361 4363 quod
3404 4294 3689 4365 templum

389 4360 433 4416 si
490 4361 545 4417 in
592 4342 918 4451 Creatorem
961 4342 1231 4435 accipitur
1277 4363 1418 4451 apud
1474 4342 1822 4436 Marcionem,
1867 4342 1981 4437 jam
2014 4342 2060 4420 Ι.)
2088 4370 2191 4427 Dei
2217 4342 2363 4442 sitis,
2390 4376 2447 4429 et
2475 4372 2537 4428 in
2574 4372 2734 4431 nobis
2763 4342 3696 4451 inhabitetSpiriiusﬂbeii‘ngiho:

388 4464 490 4505 nec
536 4452 821 4522 ignorasse
866 4449 1005 4506 ultra
1053 4452 1229 4524 potuit
1276 4450 1500 4509 Creator
1544 4451 1717 4509 Deum
1769 4454 1979 4527 gloriae,

386 4536 516 4595 dum
544 4539 612 4595 ab
640 4554 706 4597 eo
749 4540 1110 4612 opprimitur;
1151 4556 1250 4598 nec
1278 4540 1333 4597 in
1383 4555 1599 4600 crucem
1637 4559 1764 4599 eum
1792 4542 1979 4617 ﬁgere,

2090 4473 2202 4528 mo,
2238 4467 2291 4515 et
2315 4476 2426 4533 res,
2452 4470 2505 4518 et
2533 4478 2690 4534 opus,
2731 4470 2786 4519 et
2810 4464 3013 4540 imago,
3035 4474 3089 4523 et
3118 4468 3439 4538 similitudo,
3474 4478 3528 4527 et
3556 4486 3691 4530 caro

2092 4564 2191 4618 per
2218 4556 2438 4620 terram,
2485 4559 2539 4607 et
2578 4552 2753 4609 anima
2799 4570 2899 4628 per
2944 4554 3186 4615 afﬂatum
3233 4558 3508 4616 Creatoris
3554 4572 3688 4631 est;

1742 4664 1934 4732 Variae
1993 4673 2307 4738 lectiones.

457 4763 894 4858 squamam
923 4767 1701 4858 (then.h8.eml.n0bert;nota_s
1732 4789 1938 4858 eorum.
1976 4778 2178 4858 Wouw.
2211 4791 2378 4858 ortam
2408 4798 2616 4858 eorum.
2650 4786 2781 4844 Jun.
2813 4786 2864 4826 59
2882 4788 3165 4849 Productis
3195 4793 3275 4852 al.
3307 4792 3358 4835 5°
3385 4797 3686 4858 Praemons-

386 4842 582 4942 tra‘vitm
573 4844 714 4942 1%..
745 4843 792 4882 δι
832 4845 1715 4942 βθρὶξέιῑῠβὴεηλδεγηὲλρρςνίὴῖ
1748 4847 1805 4942 ᾖ
1824 4848 2233 4942 ρειρειάει-ίνφιιε
2276 4842 3685 4942 51:372..semli_0beqh.'aiiﬁpiiiiiiibus’nféiwfé

386 4919 502 5011 rotet.
523 4913 787 5011 '“nlltituf
823 4917 947 4972 Lat.
974 4913 1024 4956 6⁵
1054 4915 1225 4972 Etiam
1255 4919 1387 4974 Par.
1431 4917 1481 4956 θδ
1507 4917 1625 4975 Non
1656 4920 1733 4976 al.
1759 4916 1805 4958 67
1823 4918 1882 4975 Si
1910 4920 2084 4981 abest.
2102 4925 2234 4980 Par.
2276 4925 2327 4965 6⁸
2356 4913 2633 4986 Iudicatur
2651 4913 3680 5011 Pa'r'.‘ridn.69'§ajiéi‘iiz}é}7ahé¥£

387 4984 559 5042 Seml.
587 4986 805 5043 Oberth.

1781 5090 2280 5161 Commentarios.

384 5204 504 5267 nos,
537 5191 751 5259 saecula,
784 5196 1028 5267 tempora
1057 5193 1405 5267 distinguent.
1458 5195 1572 5254 Hoc
1619 5197 1738 5255 loco
1770 5200 1972 5259 Genes.

385 5276 424 5333 ι,
453 5264 771 5341 abutuntur_
799 5264 909 5341 qui
944 5267 996 5321 in
1048 5264 1354 5341 astrologiae
1394 5268 1767 5341 defensionem
1819 5272 1971 5329 illum

375 5345 686 5461 ﬁssumunt,
745 5332 981 5409 facitque
1029 5344 1217 5395 contra
1250 5332 1369 5397 "eos
1414 5340 1531 5396 hazc
1576 5341 1967 5413 interpretatio.

417 5422 451 5461 ε
490 5422 580 5461 pa.

417 5422 451 5463 Ε
490 5422 580 5463 PII.

451 5479 566 5549 (18)
608 5478 927 5555 Secundum
955 5485 1215 5555 nostrum
1243 5482 1626 5555 Evangelium.
1656 5483 1728 5541 Ut
1770 5484 1966 5541 distin-

377 5557 511 5621 guat
536 5566 566 5605 a
600 5550 897 5621 depravato
926 5554 1217 5610 Marcionis
1259 5550 1473 5613 codice.
1504 5555 1691 5612 Matth.
1742 5571 1796 5614 IV
1849 5558 1968 5616 haec

378 5621 703 5694 referuntur,
744 5629 799 5680 et
826 5624 991 5695 paulo
1019 5634 1141 5699 post
1168 5643 1181 5682 :
1206 5626 1495 5700 Scriptum
1519 5630 1604 5686 est
1630 5628 1785 5689 enim
1811 5630 1964 5705 apud

2083 5206 2477 5273 me,Satanam
2496 5224 2559 5286 in
2575 5208 2781 5286 Iudam
2810 5216 3094 5273 introisse.
3118 5216 3222 5286 Qui
3250 5217 3404 5277 locus
3423 5221 3685 5282 estLucze

2081 5291 2236 5357 XXII},
2248 5293 2330 5357 ἐξ
2344 5295 2460 5357 quo
2497 5282 2733 5357 Marcion
2760 5286 2910 5357 apud
2928 5303 3017 5343 me
3045 5282 3403 5347 recensuerat.
3438 5293 3518 5348 In.

2150 5348 2704 5439 ἶςίυξγεεξιτεειίιιί
2715 5348 2823 5439 per
2849 5358 3039 5439 ignem:
3056 5361 3422 5439 rependatur:
3445 5364 3526 5421 De
3548 5366 3684 5439 igne

2082 5418 2389 5504 Purgaclorii
2416 5423 2561 5480 hunc
2588 5418 2765 5504 locum
2794 5418 3042 5504 Ap'oston
3089 5418 3361 5504 enim
3378 5418 3519 5492 res
3548 5418 3684 5495 ὶῖιῖιξ

2076 5507 2193 5570 nes,
2230 5498 2590 5570 _inter_‘quos
2647 5498 2969 5558 FranciScus
3022 5498 3318 5561 Turrianus
3381 5515 3436 5563 et
3494 5508 3555 5565 S.
3623 5513 3679 5566 J.

2068 5562 2333 5692 Etissime
2389 5566 2443 5625 id
2469 5562 2733 5643 expendit
2786 5570 2843 5628 in
2894 5573 3102 5631 defens.
3152 5562 3429 5636 canonum
3474 5562 3677 5653 Kpost.
