3992 6174
224 316 316 378 517
1425 313 1552 374 LIB.
1596 312 1635 370 V
1675 311 1830 376 ADV.
1873 311 2282 376 MARCI'ONEM.

3407 323 3515 388 518

223 451 354 500 totus
382 443 434 480 ἰο
463 456 598 513 ergo
649 441 707 496 in
742 440 920 498 alieno
967 439 1172 496 habitat
1223 441 1370 498 Deus
1423 440 1708 498 Marcionis
1737 443 1808 512 τι,
1838 457 1884 534 Α
1921 449 2182 500 nostrum
2228 443 2562 502 immolatus
2617 451 2702 504 est
2751 447 3028 507 Christus.
3085 449 3266 519 Quare
3311 457 3514 526 pascha

222 535 260 588 si
287 547 394 588 non
426 531 479 570 71’
505 529 774 587 Creatoris
803 546 990 586 sumus
1019 530 1297 601 templum.
1353 528 1512 600 Quod
1561 531 1606 586 si
1661 537 1803 588 tem-

219 622 374 696 plum
397 623 500 678 Dei
527 621 650 692 quis
679 620 990 687 vitiaverit,
1023 619 1342 686 vitiabitur,
1391 619 1578 691 utique
1630 635 1662 674 a
1690 621 1805 676 Deo

219 711 414 780 templi.
449 711 688 766 Ultorem
717 710 1007 778 intentans,
1038 710 1346 767 Creatorem
1395 711 1680 768 intentabit
1734 713 1804 767 73.

219 800 389 856 Stulii
409 804 584 856 estote
603 805 666 855 ut
677 801 805 854 sitis
817 799 1340 871 sapientes.Quare?
1357 802 1650 872 Sapientia
1663 803 1804 858 enim

214 890 382 960 hujus
405 888 606 944 mundi
633 889 892 944 stultitia
922 891 1008 945 est
1035 905 1206 960 penes
1227 892 1418 946 Deum.
1454 891 1624 945 Penes
1643 907 1806 960 quem

215 980 380 1033 Deum
403 979 431 1032 ‘?
473 977 524 1034 Si
555 977 688 1032 nihil
717 976 874 1033 nobis
903 985 956 1032 et
1000 978 1177 1034 adhuc
1209 994 1462 1034 sensuum
1493 978 1542 1016 ⁷⁵³
1585 979 1806 1050 pristina

212 1068 718 1138 prtejudicaverunt,
743 1067 882 1121 bene
921 1067 1070 1137 quod
1109 1075 1162 1122 et
1209 1068 1296 1121 hic
1326 1067 1551 1122 adstruit
1582 1088 1594 1124 :
1651 1069 1804 1124 Scri-

207 1161 370 1230 ptum
393 1162 480 1212 est
499 1156 654 1211 enim
672 1175 690 1210 :
711 1155 1140 1228 Deprehendens
1157 1157 1435 1230 sapientes
1465 1157 1528 1211 in
1549 1159 1806 1228 nequitia

213 1247 466 1301 illorum.
481 1245 546 1298 Et
567 1260 782 1299 rursus:
801 1246 1073 1300 Dominus
1089 1246 1198 1300 scit
1215 1245 1576 1316 cogitationes
1590 1247 1808 1318 sapien-

213 1336 376 1398 tium,
407 1333 563 1404 quod
607 1331 718 1386 sint
746 1347 1113 1402 supervacuae.
1151 1331 1212 1386 In
1263 1339 1430 1388 totum
1473 1332 1614 1388 enim
1669 1349 1807 1404 prae-

209 1421 474 1493 scriptum
501 1436 534 1474 a
562 1419 718 1476 nobis
744 1419 864 1490 erit,
897 1420 1042 1476 nulla
1083 1419 1228 1475 illum
1273 1423 1539 1476 sententia
1576 1423 1654 1477 uti
1701 1437 1803 1492 po-

211 1513 374 1566 tuisse
401 1511 527 1580 ejus
574 1509 696 1574 Dei,
749 1525 909 1581 quem
967 1509 1244 1568 destruere
1298 1509 1540 1580 deberet,
1601 1510 1648 1566 si
1697 1526 1806 1567 non

207 1599 282 1655 illi
309 1599 556 1656 doceret.
581 1599 740 1670 Ergo,
763 1598 958 1670 inquit,
987 1613 1150 1656 nemo
1170 1599 1448 1670 glorietur
1475 1600 1538 1654 in
1558 1600 1804 1658 homine.

209 1689 272 1746 Et
297 1690 402 1744 hoc
419 1687 722 1743 secundum
742 1687 1010 1742 Creatoris
1039 1686 1378 1758 disciplinam
1402 1689 1626 1758 (Jerem.
1659 1705 1804 1756 xvn,

213 1777 562 1849 5),Miserum
582 1775 996 1848 hominem,qui
1013 1793 1166 1846 spem
1181 1777 1343 1836 habet
1360 1781 1422 1834 in
1433 1779 1738 1848 hominem;
1756 1787 1810 1835 et

220 1869 396 1938 (Psal.
419 1867 608 1936 casu),
637 1869 852 1922 Bonum
879 1870 958 1923 est
987 1865 1159 1936 ﬁdere
1189 1867 1251 1923 in
1283 1866 1412 1934 Deo,
1441 1883 1610 1940 quam
1638 1867 1811 1938 ﬁdere

227 1959 288 2012 in
313 1957 536 2015 hoinine
556 1955 604 1994 75
623 1955 698 2011 ita
725 1963 780 2012 et
807 1953 1024 2029 gloriari
1057 1957 1111 2026 (Ι
1129 1956 1252 2015 Cor.
1282 1970 1361 2026 tv,
1404 1959 1486 2028 ι).

820 2099 1048 2156 CAPUT
1087 2099 1205 2155 Vl].

279 2223 592 2281 Etocculta
623 2225 984 2282 tenebrarum
1023 2225 1142 2296 ipse
1183 2224 1562 2290 illuminabit,
1619 2226 1806 2298 utique

213 2329 304 2384 per
333 2314 634 2382 Christum,
676 2313 764 2385 qui
793 2313 1084 2386 Christum
1113 2313 1164 2352 τε
1217 2313 1662 2372 illuminationem
1717 2333 1808 2372 re-

213 2402 464 2475 promisit
516 2405 648 2474 (Isa.
678 2419 819 2470 xui,
859 2405 946 2474 6);
997 2419 1058 2460 se
1083 2418 1300 2476 quoque
1356 2405 1630 2460 lucernam
1679 2423 1806 2478 pro-

211 2492 496 2558 nuntiavit,
521 2496 883 2550 scrutantem
909 2493 1076 2550 corda
1097 2497 1152 2550 et
1177 2509 1338 2550 renes
1364 2495 1534 2564 (Psal.
1567 2511 1666 2562 vn,
1693 2501 1802 2571 10).

213 2579 414 2636 Abillo
449 2581 554 2637 erit
587 2589 642 2636 et
677 2581 792 2636 laus
821 2579 1128 2653 unicuique,
1169 2596 1199 2635 a
1238 2595 1344 2655 quo
1387 2590 1440 2638 et
1481 2587 1804 2644 contrarium

213 2667 382 2722 laudis
409 2677 472 2724 ut
498 2685 530 2724 a
547 2668 754 2738 judice.
791 2669 964 2736 Certe,
995 2669 1174 2741 inquis
1194 2670 1264 2738 77,
1310 2670 1394 2726 vel
1421 2671 1510 2728 hic
1545 2674 1806 2730 mundum

215 2757 384 2812 Deum
423 2758 616 2813 mundi
643 2757 1044 2830 interpretatur,
1077 2759 1308 2815 dicendo
1342 2778 1356 2814 :
1407 2761 1806 2833 Spectaculum

211 2850 353 2920 facti
367 2866 564 2906 sumus
583 2849 795 2906 mundo
815 2851 870 2905 et
890 2848 1128 2920 angelis,
1155 2852 1211 2904 et
1240 2849 1577 2906 hominibus.
1601 2849 1738 2919 Quia
1757 2855 1808 2892 78

213 2937 254 2990 si
319 2937 579 2993 mundum
663 2937 905 2992 homines
977 2937 1164 2992 mundi
1245 2937 1630 3011 signiﬁcasset,
1699 2957 1808 2996 non

211 3025 370 3082 etiam
419 3026 665 3082 homines
693 3026 1030 3096 postmodum
1069 3025 1422 3083 nominasset.
1460 3027 1575 3084 lmo
1607 3045 1674 3086 ne
1731 3030 1808 3088 ita

208 3117 677 3187 argumentareris,
724 3115 1060 3190 providentia
1113 3113 1350 3187 Spiritus
1380 3117 1548 3173 sancti
1579 3118 1801 3175 demon-

205 3204 406 3258 stravit
443 3204 690 3275 quidnam
719 3205 768 3242 ’³9
795 3203 1034 3272 dixisset,
1070 3205 1462 3278 Spectaculum
1507 3209 1655 3278 facti
1699 3225 1800 3266 su-

205 3309 338 3348 mus
365 3294 608 3362 mundo;
631 3293 760 3348 dum
789 3295 996 3368 angelis
1045 3293 1140 3366 qui
1175 3297 1436 3351 mundum
1479 3298 1800 3367 ministrant,

205 3387 258 3436 et
301 3382 619 3438 hominibus
657 3383 854 3454 quibus
912 3382 1234 3442 ministrant.
1285 3385 1582 3442 Verebatur
1633 3388 1802 3444 nimi-

203 3487 326 3526 rum
357 3481 518 3526 tanta:
545 3473 860 3528 constantiae
887 3471 991 3542 vir,
1049 3488 1118 3528 ne
1169 3473 1344 3528 dicam
1393 3473 1624 3546 Spiritus
1672 3493 1804 3532 san-

199 3569 338 3627 ctus,
361 3561 664 3632 praesertim
692 3561 761 3616 ad
797 3560 938 3618 filios
965 3561 1226 3630 scribens,
1278 3579 1418 3635 quos
1455 3564 1510 3619 in
1547 3565 1800 3639 Evange-

197 3649 270 3706 lio
299 3659 682 3723 generaverat,
713 3650 884 3708 libere
911 3653 1084 3707 Deum
1138 3651 1322 3707 mundi
1364 3653 1664 3726 nominare,
1712 3658 1804 3712 ad-

197 3755 394 3796 versus
421 3757 606 3812 quem,
638 3741 744 3796 nisi
773 3749 1006 3808 exserte,
1039 3755 1148 3798 uon
1177 3751 1360 3814 posset
1387 3741 1562 3802 videri
1595 3746 1800 3816 praedi-

195 3845 348 3885 care.
387 3831 512 3886 Non
543 3829 772 3886 defendo
802 3829 1098 3886 secundum
1137 3829 1314 3904 legem
1373 3831 1642 3889 Creatoris
1681 3835 1800 3891 dis-

197 3917 464 3986 plicuisse
494 3915 666 3974 186
703 3919 880 3988 illum,
903 3920 1001 3992 qui
1029 3919 1330 3978 mulierem
1346 3921 1535 3992 patris
1571 3923 1666 3979 sui
1703 3925 1804 3980 ha-

197 4008 349 4072 buit,
389 4008 695 4065 communis
742 4017 794 4064 et
833 4007 1064 4079 publicae
1119 4007 1406 4082 religionis
1461 4019 1682 4068 secutus
1735 4013 1804 4069 sit

191 4095 562 4168 disciplinam.
597 4097 703 4154 Sed
751 4113 874 4153 cum
918 4113 1038 4154 eum
1077 4096 1316 4155 damnat
1353 4099 1666 4158 dedendum
1706 4105 1802 4162 Sa-

193 4189 374 4254 tanae,
418 4186 750 4242 damnatoris
791 4187 896 4242 Dei
933 4201 1110 4258 praeco
1138 4195 1238 4242 est.
1293 4188 1500 4244 Viderit
1551 4199 1606 4246 et
1658 4205 1800 4260 quo-

191 4275 366 4330 modo
395 4273 594 4330 dixerit
621 4276 686 4330 in
703 4276 1010 4332 interitum
1027 4277 1318 4342 carnis,ut
1347 4277 1588 4349 spiritus
1610 4279 1800 4336 salvus

1917 531 2186 599 Christus,
2225 533 2272 588 si
2301 549 2410 590 non
2439 535 2638 604 pascha
2665 535 2838 609 figura
2869 538 3087 607 Christi,
3129 557 3228 612 per
3255 542 3510 600 similitu—

1914 621 2098 678 dinem
2129 623 2410 696 sanguinis
2439 625 2706 692 salutaris,
2741 637 2795 682 et
2824 629 3035 698 pecoris
3082 629 3312 686 Christi?
3371 635 3514 702 Quid

1917 709 2076 764 nobis
2127 719 2180 766 et
2233 712 2452 768 Christo
2507 713 2773 785 imagines
2843 715 3018 770 induit
3064 717 3114 754 30
3189 721 3512 776 solemnium

1917 799 2198 865 Creatoris,
2247 800 2294 854 si
2341 817 2448 856 non
2498 813 2650 859 erant
2695 806 2946 860 nostra}?
3001 807 3267 864 Avertens
3323 815 3513 868 autem

1915 905 2014 944 nos
2045 907 2080 944 a
2107 891 2508 959 fornicatione,
2567 891 2874 950 manifestat
2925 895 3104 951 carnis
3157 900 3512 956 resurrectio-

1915 992 2058 1030 nem.
2093 979 2323 1052 Corpus,
2359 979 2544 1050 inquit,
2579 999 2692 1040 non
2723 985 3122 1054 fornicationi,
3147 987 3238 1042 sed
3261 990 3512 1054 Domino,

1916 1071 1970 1122 et
1999 1068 2268 1124 Domi-nus
2325 1071 2579 1140 corpori;
2639 1079 2696 1125 ut
2759 1072 3016 1142 templum
3075 1073 3210 1140 Deo,
3271 1083 3324 1130 et
3373 1078 3516 1133 Deus

1915 1157 2136 1225 templo.
2172 1156 2450 1226 Templum
2493 1174 2624 1228 ergo
2665 1161 2778 1216 Deo
2819 1163 3036 1234 peribit,
3079 1171 3132 1218 et
3186 1165 3332 1220 Deus
3372 1173 3514 1222 tem-

1913 1243 2024 1314 plo.
2059 1243 2260 1314 Atquin
2291 1245 2468 1312 vides,
2513 1247 2617 1316 Qui
2663 1251 2968 1305 Daminum
2995 1253 3300 1310 suscitauit
3328 1261 3384 1312 et
3415 1273 3514 1314 nos

1914 1332 2232 1398 suscitabit,
2307 1333 2364 1388 in
2439 1349 2668 1406 corpore
2721 1353 2937 1410 quoque
3007 1341 3315 1407 suscitabit;
3385 1345 3516 1415 quia
3613 1339 3620 1344 ’

1914 1435 2110 1489 corpus
2139 1420 2389 1487 Domino,
2431 1429 2484 1476 ct
2527 1423 2790 1478 Dominus
2815 1426 3056 1496 corpori.
3105 1425 3170 1482 Et
3198 1429 3334 1484 bene
3371 1433 3514 1502 quod

1913 1515 2169 1579 aggerat:
2195 1510 2430 1568 Nescitis
2459 1527 2694 1583 corpora
2713 1517 2900 1570 vestra
2919 1513 3174 1572 membra
3203 1534 3318 1574 esse
3352 1521 3514 1576 Chri-

1913 1596 2040 1654 sti?
2087 1595 2226 1664 Quid
2283 1599 2427 1655 dicet
2474 1601 2808 1658 htereticus?
2866 1603 3108 1658 Membra
3153 1606 3350 1662 Christi
3402 1625 3513 1665 non

1916 1693 2222 1760 resurgant,
2243 1703 2368 1760 quae
2391 1695 2574 1756 nostra
2605 1690 2720 1758 jam
2757 1706 2866 1746 non
2896 1694 3063 1748 sunt?
3111 1697 3302 1767 Empti
3359 1702 3512 1756 enim

1917 1793 2116 1835 sumus
2139 1777 2326 1850 pretio
2348 1777 2396 1814 δι
2425 1793 2628 1849 magno
2662 1777 2794 1849 (20).
2829 1780 2988 1834 Plane
3037 1783 3206 1848 nullo,
3259 1787 3304 1840 si
3335 1786 3512 1855 phan-

1920 1875 2087 1922 tasma
2133 1865 2232 1922 fuit
2269 1865 2538 1935 Christus,
2579 1883 2680 1923 nec
2710 1867 2894 1924 habuit
2938 1868 3101 1924 ullam
3157 1872 3510 1931 substantiam

1917 1954 2182 2028 corporis,
2211 1971 2370 2028 quam
2415 1971 2514 2028 pro
2561 1955 2760 2013 nostris
2804 1958 3122 2031 corporibus
3159 1961 3511 2033 dependeret.

1916 2046 2058 2118 Ergo
2084 2045 2134 2082 82
2161 2044 2406 2102 Christus
2455 2044 2638 2102 habuit.
2664 2061 2772 2118 quo
2815 2061 2918 2104 nos
2965 2049 3300 2108 redimeret:
3359 2061 3412 2108 et
3468 2053 3514 2108 si

1913 2135 2094 2206 aliquo
2123 2149 2320 2208 magno
2355 2135 2580 2191 redemit
2627 2137 2744 2192 haec
2789 2151 3038 2208 corpora,
3069 2139 3124 2194 in
3153 2157 3276 2212 quae
3325 2143 3514 2200 eadem

1915 2225 2296 2280 committenda
2323 2225 2374 2263 33
2425 2224 2708 2283 fornicatio
2749 2241 2854 2282 non
2899 2227 3018 2294 erit,
3065 2235 3124 2283 ut
3183 2229 3236 2284 in
3269 2232 3512 2288 membra

1911 2313 2022 2382 jam
2053 2312 2268 2380 Christi,
2298 2329 2408 2370 non
2439 2323 2622 2370 nostra
2655 2331 2667 2368 :
2699 2313 2884 2386 utique
2931 2315 3034 2372 sibi
3077 2318 3224 2376 salva
3273 2332 3506 2390 prmsta-

1913 2403 2008 2468 bit,
2041 2419 2160 2475 quae
2206 2419 2402 2476 magno
2456 2404 2806 2476 comparavit.
2865 2405 2982 2460 Jam
3039 2423 3184 2462 nunc
3235 2413 3512 2480 quomodo

1913 2491 2346 2550 honorabimus?
2387 2494 2658 2566 quomodo
2689 2493 2936 2550 tollemus
2975 2495 3150 2550 Deum
3179 2496 3234 2551 in
3277 2513 3513 2570 corpore

1913 2582 2156 2651 perituro
2177 2584 2204 2637 ?
2233 2582 2489 2653 Sequitur
2531 2583 2602 2640 de
2647 2583 2855 2656 nuptiis
2883 2586 3163 2656 congredi,
3193 2601 3331 2658 quas
3367 2591 3512 2645 Mar-

1912 2671 2034 2726 cion
2057 2672 2388 2727 constantior
2417 2671 2682 2741 Apostolo
2712 2673 2986 2742 prohibet.
3015 2673 3230 2730 Etenim
3285 2687 3514 2746 aposto-

1911 2759 2016 2828 lus,
2047 2767 2096 2814 et
2121 2761 2166 2814 si
2195 2760 2402 2816 bonum
2429 2762 2798 2816 continentia:
2813 2763 3072 2832 praefert,
3107 2769 3286 2819 tamen
3304 2769 3514 2838 conju-

1913 2850 2073 2919 gium
2093 2853 2146 2905 et
2167 2850 2432 2906 contrahi
2457 2851 2764 2920 permittit,
2807 2855 2862 2907 et
2917 2853 3050 2908 usui
3085 2868 3226 2921 esse,
3257 2859 3312 2912 et
3331 2857 3512 2928 magis

1917 2939 2160 2993 retineri
2179 2955 2354 3008 quam
2383 2938 2635 3010 disjungi
2663 2940 2884 2997 suadet.
2917 2941 3080 2996 Plane
3099 2941 3344 2999 Christus
3373 2953 3512 3000 vetat

1841 3063 1881 3142 ο
1916 3025 2138 3098 (Matth.
2172 3043 2208 3081 ν
2229 3031 2284 3083 et
2311 3027 2436 3096 XIX)
2473 3027 2786 3094 divortium,
2819 3030 3032 3100 Moyses
3060 3047 3191 3086 vero
3225 3033 3506 3104 permittit.

1911 3117 2107 3142 "-__:-
2139 3125 2304 3142 .-......_
2348 3117 2683 3142 ....--..t.:.-...
2736 3117 2982 3142 -.-.-.._-_-
3035 3120 3211 3142 cum
3242 3139 3283 3142 μ

1911 3117 2110 3172 Marcio
2139 3125 2304 3172 totum
2345 3117 2686 3172 concubitum
2734 3117 2986 3174 auferens
3035 3120 3286 3178 ﬁdelibus
3340 3123 3512 3189 (vide-

1909 3206 2014 3262 rint
2043 3207 2186 3260 enim
2217 3205 2590 3262 catechumeni
2621 3205 2766 3278 ejus)
2797 3207 3082 3278 repudium
3103 3219 3230 3264 ante
3261 3221 3441 3281 nuptae
3460 3214 3508 3250 84

1906 3296 2126 3367 jubens,
2155 3294 2314 3364 cujus
2361 3295 2682 3350 sententiam
2741 3296 3001 3366 sequitur,
3047 3297 3222 3368 Moysi
3259 3314 3326 3353 an
3356 3299 3510 3354 Chri-

1910 3386 2024 3440 sti?
2061 3384 2262 3454 Atquin
2291 3391 2346 3438 et
2395 3383 2594 3440 Christi
2649 3382 2944 3456 Apostolus
2971 3385 3042 3452 8⁵,
3099 3401 3220 3441 cum
3268 3387 3510 3457 praecipit

1909 3474 2212 3532 mulierem
2237 3490 2274 3529 α
2301 3475 2424 3530 viro
2461 3489 2576 3530 non
2606 3473 2904 3540 discedere,
2928 3479 3034 3530 aut
3085 3477 3134 3530 si
3163 3475 3506 3542 discesserit,

1909 3579 2144 3620 manere
2171 3565 2500 3635 innuptam,
2531 3567 2636 3618 aut
2681 3563 3048 3620 reconciliari
3077 3566 3227 3632 viro;
3259 3573 3314 3620 et
3339 3581 3508 3638 repu-

1907 3653 2054 3708 dium
2079 3651 2338 3724 permisit,
2369 3652 2516 3725 quod
2545 3667 2652 3708 non
2703 3651 2758 3706 in
2791 3661 2959 3709 totum
2992 3651 3158 3710 487
3211 3654 3506 3724 prohibuit,

1909 3747 1962 3797 et
2007 3741 2412 3796 matrimonium
2481 3739 2842 3806 conﬁrmavit,
2893 3741 3041 3812 quod
3113 3741 3286 3810 primo
3337 3743 3510 3798 vetuit

1909 3831 2170 3904 disjungi,
2207 3837 2263 3887 et
2300 3830 2346 3884 si
2391 3829 2532 3886 forte
2571 3829 2920 3898 disiunctum,
2979 3829 3148 3888 voluit
3199 3829 3502 3886 reformari.

1909 3920 2012 3975 Sed
2043 3931 2096 3975 et
2126 3919 2474 3975 continentiae
2494 3935 2626 3991 quas
2653 3919 2728 3974 ait
2756 3935 2945 3975 causas
2965 3920 2994 3974 ?
3019 3921 3162 3988 Quia
3193 3925 3415 3992 tempus
3443 3923 3508 3976 in

1911 4011 2142 4068 collecto
2163 4015 2268 4067 est.
2297 4011 2637 4076 Putaveram,
2667 4016 2794 4081 quia
2823 4011 2968 4066 Deus
2997 4011 3134 4066 alius
3163 4009 3220 4064 in
3251 4011 3466 4068 Christo
3491 4029 3506 4077 ;

1911 4109 1966 4154 et
1991 4107 2168 4154 tamen
2198 4114 2230 4153 a
2256 4114 2364 4171 quo
2393 4106 2477 4155 est
2496 4098 2738 4155 collectio
2779 4097 3060 4170 temporis,
3089 4097 3158 4153 ab
3203 4115 3270 4154 eo
3317 4099 3420 4156 erit
3457 4109 3511 4155 et

1910 4189 2053 4261 quod
2110 4187 2413 4244 collectioni
2465 4187 2730 4256 temporis
2784 4187 3056 4263 congruit.
3109 4189 3281 4244 Nemo
3330 4187 3510 4243 alieno

1910 4275 2145 4347 tempori
2188 4275 2438 4330 consulit.
2489 4275 2748 4330 Pusillum
2803 4276 2976 4330 Deum
3022 4275 3274 4331 adfirmas
3333 4285 3506 4346 tuum,

191 4365 270 4418 sit
303 4365 370 4419 in
399 4363 488 4422 die
515 4367 758 4431 Domini,
791 4365 918 4420 dum
946 4373 1000 4421 et
1041 4365 1106 4421 de
1139 4365 1315 4421 carnis
1361 4364 1600 4435 interitu,
1636 4373 1692 4423 et
1735 4367 1804 4424 de
1838 4349 1884 4428 Β
1911 4365 2168 4434 Marcion,
2196 4379 2354 4436 quem
2385 4363 2441 4417 in
2484 4361 2670 4434 aliquo
2711 4371 3024 4437 coangustat
3076 4371 3292 4434 tempus
3345 4364 3508 4421 Crea-

193 4453 380 4510 salute
405 4453 626 4524 spiritus
648 4454 938 4524 judicarit;
978 4462 1030 4510 et
1069 4455 1292 4526 auferri
1326 4453 1531 4527 jubens
1584 4457 1806 4514 malum

193 4541 262 4598 de
341 4543 548 4610 medio,
615 4545 882 4601 Creatoris
927 4543 1415 4616 frequentissimam
1488 4547 1805 4602 sententiam

191 4633 724 4690 commemoraverit.
759 4635 1086 4706 Expurgate
1129 4637 1289 4690 uetus
1313 4637 1689 4706 fermentum,
1731 4640 1800 4692 ut

193 4723 328 4776 sitis
359 4739 506 4778 nova
543 4725 854 4795 conspersio
875 4725 1026 4780 sicut
1051 4725 1186 4780 estis
1205 4726 1409 4797 azymi.
1445 4723 1591 4797 Ergo
1622 4725 1800 4799 azymi

195 4805 396 4881 ﬁgurae
440 4819 592 4868 erant
619 4821 818 4868 nostrae
848 4813 991 4884 apud
1017 4813 1344 4870 Creatorem.
1379 4814 1468 4870 Sic
1512 4825 1565 4872 et
1591 4815 1800 4890 pascha

1917 4455 2070 4512 toris.
2101 4454 2262 4511 Certe
2295 4451 2677 4525 praescribens,
2718 4454 2962 4510 Tantum
2999 4454 3062 4509 in
3109 4453 3342 4512 Domino
3391 4470 3508 4512 esse

1914 4543 2278 4612 nubendum;
2317 4558 2385 4598 ne
2423 4541 2516 4614 qui
2559 4539 2738 4596 ﬁdelis
2791 4539 3068 4596 ethnicum
3109 4542 3508 4598 matrimonium

1908 4635 2204 4701 contrahat,
2286 4633 2462 4708 legem
2511 4639 2690 4688 tuetur
2743 4629 3036 4702 Creatoris,
3109 4631 3508 4703 al10phylorum

1909 4723 2124 4796 nuptias
2165 4724 2367 4798 ubique
2395 4723 2754 4796 prohibentis.
2799 4723 2924 4792 Sed,
2965 4723 3072 4779 etsi
3100 4727 3254 4791 sunt,
3290 4724 3386 4796 qui
3413 4723 3506 4778 di-

1910 4821 2121 4872 cuntur
2148 4815 2264 4881 Dei,
2288 4815 2402 4873 sive
2422 4815 2486 4870 in
2507 4814 2683 4884 caelis,
2697 4815 2810 4871 sive
2831 4813 2892 4869 in
2913 4812 3112 4880 terris;
3133 4818 3354 4883 apparet
3373 4826 3510 4884 quo-

1567 4915 1762 4978 Varia:
1829 4914 2143 4978 lectiones.

197 5081 238 5094 ῃ
271 5012 324 5094 7?
344 5016 498 5094 'i‘uus
513 5016 646 5072 Par.
679 5017 863 5094 Fran:
884 5013 931 5054 71
960 5014 1364 5094 Mprcion__P_a_r.
1397 5021 1568 5094 Eran.
1601 5019 1652 5094 τέ
1674 5019 1790 5094 Nos
1819 5020 1998 5094 Rhen.
2021 5020 2191 5094 Seml.
2229 5015 2534 5094 Oberthﬂ‘,
2567 5015 2860 5094 Intentabis
2879 5017 3052 5094 Rhen-
3086 5016 3252 5094 δενηᾷ
3282 5012 3504 5076 Obertho

207 5085 246 5121 ί*
277 5087 366 5140 Ad
407 5089 550 5143 hunc
579 5103 792 5143 sensum
825 5089 958 5144 Par.
991 5091 1158 5145 Fran.
1191 5088 1240 5126 ’³⁵
1272 5089 1588 5146 Hominibus
1619 5092 1794 5148 Rhen.
1849 5092 2020 5149 Seml.
2074 5091 2296 5147 Oberth.
2333 5092 2383 5128 75
2411 5085 2654 5146 Christus
2693 5093 2877 5148 Venet.
2911 5091 3110 5146 Christi
3139 5091 3258 5148 cod.
3301 5094 3502 5149 Wouw.

201 5155 246 5230 77"
267 5157 454 5230 lnquit
493 5159 574 5216 al.
605 5160 656 5197 7⁸
685 5157 789 5225 Qui
826 5161 986 5214 Pam.
1017 5159 1068 5196 79
1096 5159 1381 5227 Quomodo
1443 5161 1616 5220 Rhen.
1643 5166 1812 5220 Seml.
1853 5162 2075 5220 Oberth.
2101 5164 2151 5200 ⁸ο
2179 5163 2380 5216 lmbuit
2409 5161 2581 5218 Rhen.
2619 5164 2802 5218 Venet.
2833 5163 2880 5198 ει
2909 5161 3090 5218 Pretio
3107 5165 3296 5219 omitt.
3331 5166 3501 5219 Rhen.

201 5229 372 5306 Seml.
411 5231 634 5306 Qberth.
665 5231 716 5306 ﬁ?
745 5231 812 5306 Et
838 5231 965 5306 add.
1001 5230 1172 5306 Rhen.
1206 5233 1636 5306 SekmtrOberth.
1669 5235 1723 5277 ⁸³
1757 5236 2105 5292 Admittenda
2165 5234 2420 5292 Ciaccon.
2461 5233 2512 5272 ⁸4
2557 5235 2784 5306 Nuptias
2831 5235 3004 5292 Rhen.
3048 5235 3214 5292 Seml.
3283 5234 3500 5290 Oberth.

197 5303 388 5372 nuptis
417 5305 558 5360 Jun.
581 5303 631 5341 ⁸⁵
659 5302 856 5359 Christi
887 5302 1060 5360 Rhen.
1085 5304 1222 5360 Jun.
1251 5303 1421 5360 Seml.
1450 5305 1669 5363 Oberth.

1599 5379 2092 5445 Commentarios.

267 5483 386 5558 (2o)
423 5483 618 5558 Empti
643 5483 800 5540 enim
821 5499 1020 5542 sumus
1051 5485 1234 5558 pretio
1263 5501 1490 5556 magno.
1513 5483 1584 5541 Ut
1603 5487 1798 5558 probet

195 5552 485 5626 Marcium,
527 5552 708 5612 'veram
773 5572 984 5612 carnem
1051 5552 1301 5614 induisse
1362 5552 1668 5626 Christum,
1723 5559 1800 5616 ait

197 5641 296 5684 nos
345 5625 528 5697 pretio
577 5641 775 5700 magno
803 5635 895 5686 aut
945 5627 1093 5686 nullo
1143 5627 1490 5702 redemptos;
1541 5628 1708 5698 nullo,
1750 5631 1796 5687 si

1907 5489 2224 5559 phantasma
2267 5493 2474 5543 tantum
2530 5485 2666 5556 fuit;
2727 5500 2958 5559 magno,
3005 5483 3076 5559 si_
3113 5481 3232 5556 ipse
3275 5481 3330 5538 in
3377 5491 3502 5540 cor-

1907 5555 2039 5630 pore
2065 5575 2168 5618 suo
2195 5559 2392 5615 delicta
2421 5567 2605 5618 nostra
2645 5555 2897 5630 portavit.
2937 5557 3016 5613 Le
3044 5555 3144 5612 Pa.
