3992 6174
531 333 635 393 519

1218 325 1658 387 TERTULLIAN]
1695 326 1957 387 OPERUM
1995 328 2163 387 PARS
2193 329 2260 388 Il.
2301 358 2370 372 —
2406 328 2633 389 SERIES
2688 331 2727 400 Ι,
2770 331 3120 392 POLEMICA.

3713 340 3821 398 520

524 454 687 511 modo
712 452 928 518 dixerit,
969 464 1074 506 non
1105 451 1263 523 quasi
1291 452 1342 489 ⁸6
1370 468 1494 507 vere
1530 451 1637 506 sint
1673 452 1743 518 37,
1791 452 1886 524 qui
1932 451 2112 507 dican-
2143 468 2189 546 Α
2219 453 2391 525 ipsius
2417 454 2540 509 est?
2564 461 2620 510 et
2663 456 2821 528 quale
2852 457 2974 524 erit,
3016 466 3075 514 ut
3112 466 3451 528 peccatorem
3498 462 3682 517 aemuli
3736 466 3823 519 sui

526 552 614 597 tur
651 541 866 614 quando
919 556 1027 595 non
1076 541 1228 598 sint:
1280 542 1349 596 de
1403 539 1561 595 idolis
1615 542 1759 594 enim
1816 541 1999 610 carpit,
2048 542 2114 595 de

527 630 841 701 idolothytis
871 631 1244 700 disputaturus
1275 648 1289 684 :
1323 631 1538 687 Scimus
1566 629 1714 701 quod
1740 630 1953 687 idolum
1970 629 2118 685 nihil

522 724 618 777 sit.
662 719 972 776 Creatorem
1005 728 1182 775 autem
1215 728 1268 774 et
1294 718 1527 774 Marcion
1557 719 1727 773 Deum
1764 735 1871 775 non
1916 727 2111 790 negat:

523 827 653 883 ergo
685 826 792 865 non
816 818 990 879 potest
1018 809 1188 864 videri
1218 809 1509 879 Apostolus
1546 808 1849 863 Creatorem
1907 823 2117 878 quoque

522 903 663 956 inter
699 916 793 955 eos
824 900 1097 971 posuisse,
1147 899 1239 969 qui
1270 898 1343 951 dii
1382 899 1645 961 dicantur,
1694 906 1746 952 et
1791 906 1963 953 tamen
2006 912 2116 951 non

522 990 668 1053 sint;
701 988 916 1058 quando
965 987 1064 1041 etsi
1103 985 1345 1055 fuissent,
1379 986 1534 1041 nobis
1573 993 1757 1042 tamen
1778 1002 1929 1041 unus
1976 990 2116 1041 esset

522 1082 666 1134 Deus
696 1079 866 1132 Pater
897 1092 969 1131 ex
1006 1092 1109 1149 quo
1148 1079 1342 1134 omnia
1371 1077 1438 1129 ⁸⁸.
1473 1076 1552 1130 Ex
1581 1091 1691 1146 quo
1728 1077 1907 1130 omnia
1939 1075 2114 1140 nobis,

522 1166 627 1221 nisi
658 1166 814 1234 cujus
845 1166 1024 1219 omnia
1045 1165 1072 1216 ‘2
1103 1163 1362 1231 Quaenam
1395 1163 1543 1217 ista?
1588 1164 1769 1219 Habes
1816 1164 1870 1218 in
1918 1171 2114 1234 praete-

522 1254 670 1320 ritis;
710 1254 909 1309 Omnia
930 1256 1117 1308 vestra
1155 1257 1308 1317 sunt,
1344 1255 1457 1309 sive
1484 1254 1717 1319 Paulus,
1759 1254 1871 1309 sive
1900 1253 2110 1324 Apollo,

518 1346 632 1400 sive
668 1341 897 1413 Cephas,
918 1343 1031 1397 sive
1059 1342 1324 1405 mundus,
1348 1345 1460 1398 sive
1480 1343 1617 1410 vita,
1649 1344 1762 1398 sive
1790 1358 1969 1406 mors,
2002 1345 2113 1398 sive

518 1432 842 1508 praesentia,
874 1431 987 1486 sive
1007 1432 1233 1501 futura.
1266 1432 1416 1485 Adeo
1447 1430 1687 1485 omnium
1735 1432 1907 1485 Deum
1953 1430 2113 1485 Crea-

521 1533 686 1579 torem
742 1519 889 1588 facit,
933 1534 964 1572 a
1010 1534 1118 1589 quo
1159 1528 1212 1573 et
1249 1520 1500 1582 mundus,
1532 1529 1585 1574 et
1629 1518 1757 1586 vita,
1818 1524 1871 1571 et
1926 1533 2109 1586 mors;

520 1625 642 1682 qua
688 1606 904 1662 alterius
945 1604 1044 1661 Dei
1091 1622 1211 1661 esse
1253 1622 1359 1660 non
1408 1613 1655 1676 possunt.
1716 1605 1799 1659 Ab
1838 1620 1903 1659 eo
1948 1605 2114 1675 igitur

521 1700 659 1754 inter
685 1696 865 1752 omnia
893 1705 946 1750 et
975 1695 1242 1751 Christus.
1276 1698 1362 1749 Ea:
1386 1694 1568 1751 labore
1603 1709 1701 1751 suo
1733 1710 2111 1767 unumquem-

522 1803 628 1861 que
648 1787 847 1841 docens
876 1783 1058 1838 vivere
1100 1785 1212 1850 (21)
1244 1786 1520 1855 oportere,
1552 1782 1682 1837 satis
1702 1781 1949 1853 exempla
1976 1800 2111 1855 prte-

519 1876 743 1931 miserat
780 1871 1028 1934 militum,
1062 1881 1351 1940 pastorum,
1400 1872 1758 1944 rusticorum;
1807 1872 1904 1928 sed
1933 1873 2112 1928 divina

518 1964 594 2018 illi
626 1959 912 2016 auctoritas
951 1959 1153 2013 deerat.
1210 1960 1411 2031 Legem
1461 1960 1626 2034 igitur
1680 1960 1906 2031 opponit
1952 1964 2113 2019 Crea-

521 2051 651 2108 toris
690 2047 915 2121 ingratis
969 2049 1038 2117 89,
1072 2065 1229 2119 quam
1270 2050 1611 2105 destruebat:
1688 2050 1772 2105 sui
1820 2050 1963 2106 enim
2011 2051 2112 2106 Dei

520 2139 720 2195 nullam
751 2137 904 2192 talem
936 2136 1180 2192 habebat.
1213 2140 1364 2206 Bovi,
1402 2136 1589 2206 inquit,
1632 2140 1845 2195 terenti
1899 2156 1956 2197 os
1994 2156 2111 2196 non

519 2228 812 2298 obligabis;
858 2233 909 2278 et
955 2224 1182 2293 adjicit:
1224 2227 1504 2297 Numquid
1542 2224 1607 2283 de
1652 2226 1814 2284 bobus
1858 2230 2112 2299 pertinet

517 2316 593 2373 ad
620 2314 923 2372 Dominum
949 2312 977 2366 ?
1012 2313 1168 2369 etiam
1212 2320 1265 2369 et
1291 2314 1343 2352 90
1380 2313 1550 2368 bobus
1590 2321 1813 2385 preptcr
1865 2315 2109 2372 homines

516 2406 805 2476 benignum
827 2403 855 2457 ‘t
878 2404 1114 2474 Propter
1158 2419 1261 2458 nos
1307 2404 1442 2460 enin
1472 2405 1753 2475 scriptum
1778 2409 1876 2471 est,
1911 2405 2104 2478 inquit.

516 2496 661 2568 Ergo
691 2500 745 2549 et
772 2493 950 2563 legem
980 2491 1320 2562 allegoricam
1381 2491 1672 2547 secundum
1712 2508 1810 2549 nos
1839 2495 2104 2563 probavit,

516 2592 568 2641 et
596 2585 663 2639 de
693 2579 985 2652 Evangelio
1020 2580 1325 2635 viventibus
1363 2582 1810 2652 patrocinantem;
1861 2598 1925 2640 ac
1982 2600 2107 2653 pro-

516 2679 638 2744 pter
672 2671 793 2734 hoc,
843 2683 952 2723 non
1006 2667 1232 2723 alterius
1266 2684 1384 2724 esse
1429 2670 1904 2741 evangelizatores,
1947 2689 2105 2745 quam

518 2762 676 2830 cujus
703 2759 807 2823 lex,
836 2771 956 2828 quae
982 2755 1261 2827 prospexit
1290 2757 1413 2825 illis,
1436 2774 1557 2813 cum
1588 2758 1981 2832 dicit.Propter
2007 2779 2105 2818 nos

515 2851 670 2908 enim
697 2848 744 2886 91
776 2849 1054 2918 scriptum
1082 2850 1187 2903 est.
1212 2846 1318 2901 Sed
1348 2848 1518 2903 noluit
1548 2849 1622 2903 uti
1652 2849 1785 2920 legis
1815 2858 2098 2920 potestate,

514 2940 609 3010 qui
639 2935 828 2990 maluit
859 2933 1027 3005 gratis
1055 2934 1320 2990 laborare.
1361 2937 1477 2991 Hoc
1533 2937 1605 2992 ad
1649 2938 1888 3009 gloriam
1939 2957 2101 2996 suam

2222 541 2412 612 puniat
2442 542 2634 612 magis,
2669 559 2830 613 quam
2880 560 2911 599 e
2940 547 3210 602 contrario
3249 546 3432 603 foveat
3478 549 3627 604 Deus
3666 553 3817 607 zelo-

2225 630 2345 685 tes?
2383 629 2438 685 Si
2467 632 2536 684 ab
2566 631 2658 686 illo
2714 632 2850 697 Deo,
2889 634 3075 704 atquin
3106 636 3298 704 punire
3352 651 3461 692 non
3500 640 3666 693 novit.
3718 641 3817 705 Ita,

2226 724 2335 772 tota
2364 717 2460 772 ista
2496 720 2791 789 propositio
2821 720 3068 793 Apostcli
3106 724 3251 778 nulla
3280 725 3487 781 ratione
3544 728 3818 792 consistit,

2223 805 2267 858 si
2297 821 2403 859 non
2434 806 2498 860 ad
2537 806 2873 878 disciplinam
2911 810 3184 865 Creatoris
3213 820 3316 867 est.
3376 814 3622 886 Denique
3677 826 3732 870 et
3762 816 3815 870 in

2222 893 2455 948 clausula
2484 896 2783 963 praefationi
2812 898 3119 974 respondet.
3156 903 3280 955 Haec
3319 906 3517 958 autem
3536 904 3815 974 quemad-

2221 983 2449 1037 modum
2479 988 2787 1040 evenerunt
2816 987 2953 1054 illis,
2969 968 3180 1057 scripta
3201 993 3339 1043 sunt
3370 991 3441 1044 ad
3462 1008 3559 1046 nos
3581 1009 3817 1050 commo-

2220 1070 2453 1135 nendos,
2484 1072 2549 1126 in
2586 1090 2719 1144 quos
2755 1074 2897 1142 ﬁnes
2936 1092 3186 1131 clavorum
3242 1077 3709 1136 decucurrerunt.
3772 1082 3817 1138 Ο

2219 1158 2525 1215 Creatorem
2568 1170 2620 1215 et
2649 1162 2931 1227 praescium
2978 1164 3091 1232 jam
3124 1173 3177 1219 ct
3233 1166 3629 1225 admonitorem
3671 1172 3812 1226 alie-

2221 1260 2409 1301 norum
2460 1247 2921 1304 Christianoruml
2956 1252 3246 1318 Praetereo,
3298 1254 3344 1308 si
3399 1258 3618 1327 quando
3663 1261 3817 1329 paria.

2219 1349 2405 1389 eorum
2438 1350 2558 1405 quae
2601 1345 2881 1393 retractata
2907 1347 3052 1407 sunt,
3084 1342 3327 1411 quaedam
3370 1350 3425 1398 et
3455 1344 3689 1401 breviter
3719 1364 3813 1403 ex-

2218 1439 2425 1494 pungo.
2447 1424 2705 1497 Magnum
2735 1436 3116 1500 argumentum
3146 1430 3245 1484 Dei
3267 1431 3504 1503 alterius,
3523 1435 3814 1503 permissio

2217 1511 2456 1566 omnium
2484 1513 2856 1580 obsoniorum,
2909 1516 3173 1572 adversus
3206 1519 3437 1592 Legem;
3496 1523 3651 1593 quasi
3705 1540 3814 1579 non

2220 1610 2273 1656 et
2298 1598 2401 1669 ipsi
2420 1598 2774 1657 conﬁteamur
2800 1603 2971 1675 Legis
2998 1619 3163 1660 onera
3209 1606 3449 1677 dimissa,
3482 1610 3579 1665 sed
3627 1613 3696 1666 ab
3748 1628 3815 1670 eo

2218 1687 2308 1758 qui
2358 1686 2634 1759 imposuit,
2690 1690 2783 1761 qui
2837 1693 3185 1751 novationem
3239 1698 3583 1770 repromisit;
3635 1699 3711 1755 ita
3761 1710 3815 1758 et

2219 1776 2373 1830 cibos
2400 1776 2491 1846 qui
2537 1778 2757 1833 abstulit
2815 1779 3075 1850 reddidit,
3135 1783 3279 1854 quod
3330 1793 3385 1841 et
3436 1801 3470 1841 a
3515 1788 3815 1858 primordio

2223 1865 2486 1937 praestitit.
2531 1867 2815 1934 Craterum,
2859 1869 2905 1924 si
2940 1870 3064 1941 quis
3092 1871 3228 1929 alius
3277 1873 3412 1930 deus
3468 1874 3664 1933 fuisset
3713 1878 3815 1935 de-

2220 1962 2452 2010 structor
2496 1955 2597 2011 Dei
2626 1960 2818 2027 nostri,
2850 1958 2984 2014 nihil
3012 1962 3191 2030 magis
3245 1977 3375 2018 suos
3421 1965 3812 2035 prohibuisset.

2220 2059 2385 2115 quam
2413 2044 2480 2099 de
2508 2045 2679 2116 copiis
2710 2047 3003 2103 adversarii
3033 2049 3215 2106 vivere
3244 2051 3296 2123 (Ι
3326 2054 3449 2110 Cor.
3477 2069 3560 2111 xx.
3593 2056 3739 2128 xxv).

2812 2136 3038 2193 CAPUT
3077 2140 3217 2195 VIII.

2295 2222 2473 2294 Caput
2504 2223 2618 2280 viri
2648 2224 2902 2284 Christus
2931 2230 3033 2284 est.
3066 2228 3203 2297 Quis
3238 2230 3506 2300 Christus,
3560 2233 3654 2305 qui
3700 2249 3812 2291 non

2216 2320 2298 2367 est
2324 2311 2424 2367 viri
2454 2315 2674 2368 auctor?
2703 2316 2878 2385 Caput
2904 2315 3045 2371 enim
3084 2318 3153 2372 ad
3193 2321 3576 2377 auctoritatem
3607 2325 3810 2393 posuit,

2216 2400 2504 2457 auctoritas
2533 2411 2711 2459 autem
2756 2419 2862 2460 non
2901 2406 3126 2462 alterius
3162 2410 3283 2474 erit,
3334 2427 3493 2480 quam
3550 2414 3807 2470 auctoris.

2216 2489 2385 2558 Cujus
2414 2489 2649 2561 denique
2676 2490 2777 2548 viri
2806 2504 2969 2566 caput
2990 2496 3111 2550 est?
3133 2496 3291 2554 Certe
3318 2499 3386 2554 de
3406 2516 3515 2571 quo
3546 2502 3763 2572 subjicit
3793 2519 3808 2559 :

2226 2579 2313 2635 Vir
2332 2581 2467 2635 enin
2484 2596 2601 2636 non
2630 2580 2786 2637 debet
2801 2588 2977 2654 caput
2998 2585 3207 2653 velare,
3238 2602 3369 2644 cum
3387 2591 3462 2644 sit
3482 2592 3581 2646 Dei
3600 2594 3785 2662 imago
3815 2633 3833 2651 .

2214 2666 2382 2738 Igitur
2432 2668 2479 2721 si
2519 2668 2789 2725 Creatoris
2831 2678 2913 2724 est
2960 2672 3142 2747 imago
3186 2674 3295 2745 (ille
3348 2678 3478 2732 enin
3533 2678 3809 2734 Christum

2212 2756 2527 2811 Sermonem
2567 2773 2727 2812 suum
2754 2757 2970 2815 intuens
3000 2761 3272 2818 hominem
3304 2763 3544 2821 futurum
3571 2785 3585 2821 :
3611 2770 3810 2824 Facia-

2212 2862 2357 2916 mus,
2382 2845 2865 2915 inquit,hominem
2884 2848 2954 2903 ad
2974 2849 3283 2922 imaginem
3299 2858 3356 2908 et
3369 2856 3810 2911 similitudinem

2206 2936 2487 3007 nostram)
2508 2938 2783 3006 quomodo
2800 2952 3018 3006 possum
3032 2939 3260 2994 alterum
3281 2942 3478 2999 habere
3498 2954 3679 3016 caput,
3699 2962 3807 3002 non

514 3025 720 3091 retulit,
750 3038 912 3095 quam
938 3022 1165 3093 negavit
1184 3038 1519 3096 quemquam
1536 3031 1964 3094 evacuatur-um,
1997 3045 2104 3084 non
2135 3036 2177 3113 ο
2208 3039 2327 3079 eum
2351 3024 2506 3093 cujus
2526 3024 2703 3099 imago
2726 3041 2843 3079 sum
2862 3026 2890 3080 ‘l
2912 3027 3047 3081 Cum
3071 3028 3218 3082 enim
3242 3031 3423 3102 imago
3447 3048 3565 3087 sum
3581 3034 3809 3091 Creato-

514 3116 580 3169 ad
621 3113 785 3184 Legis
835 3110 1273 3175 destructionem,
1314 3127 1419 3183 qua
1473 3114 1636 3169 alium
1693 3116 1938 3185 probavit
1976 3134 2100 3171 usu-

512 3220 654 3259 rum.
685 3202 825 3257 Ecce
846 3206 1019 3254 autem
1050 3206 1102 3252 et
1131 3199 1194 3253 in
1220 3200 1448 3268 petram
1491 3196 1718 3251 offendit
1758 3212 1930 3253 caecus
1960 3200 2099 3255 Mar-

509 3293 652 3359 cion,
686 3290 751 3346 de
772 3304 879 3361 qua
900 3286 1151 3344 bibebant
1179 3287 1241 3340 in
1262 3285 1569 3342 solitudine
1594 3289 1787 3356 patres
1817 3290 2017 3344 nostri.
2041 3287 2097 3343 Si

512 3384 661 3438 enim
714 3390 865 3451 petra
903 3377 997 3431 illa
1063 3374 1309 3431 Christus
1378 3374 1495 3440 fuit,
1556 3377 1741 3444 utique
1810 3377 2096 3447 Creatoris,

509 3472 666 3541 cujus
722 3477 776 3524 et
838 3466 1090 3539 pOpulus.
1161 3462 1261 3519 Cui
1308 3463 1385 3517 rei
1437 3461 1667 3535 ﬁguram
1721 3466 1958 3522 extranei
2004 3483 2096 3521 sa-

508 3560 766 3618 cramenti
820 3557 1200 3625 interpretatur
1269 3552 1429 3623 (22)?
1479 3554 1564 3607 An
1634 3562 1692 3608 ut
1744 3555 1847 3612 hoc
1916 3557 2096 3627 ipsum

509 3651 750 3712 doceret,
786 3645 1017 3717 ﬁgurata
1047 3642 1213 3696 fuisse
1247 3648 1432 3698 vetera
1470 3640 1523 3695 in
1556 3641 1830 3697 Christum
1873 3658 1936 3699 ex
1992 3644 2097 3699 illis

508 3735 901 3794 recensendum
926 3733 955 3786 ‘t
997 3728 1165 3786 488
1196 3730 1337 3783 Nam
1375 3736 1429 3783 et
1458 3730 1735 3802 reliquum
1769 3731 1967 3788 exitum
1996 3747 2095 3803 po-

507 3825 618 3899 puli
650 3815 1001 3884 decursurus,
1017 3817 1295 3888 praemittit
1314 3834 1327 3870 :
1349 3820 1477 3873 ch
1506 3823 1700 3875 autem
1725 3822 1983 3894 exempla
2002 3839 2097 3881 no-

506 3916 589 3972 bis
619 3915 755 3969 sunt
786 3911 964 3981 facta.
986 3906 1086 3962 Dic
1105 3904 1258 3976 mihi,
1291 3922 1321 3962 a
1354 3906 1608 3964 Creatore
1630 3908 1848 3967 alterius
1875 3912 2093 3984 quidem

504 4000 679 4077 ignoti
700 4000 801 4055 Dei
840 3994 1151 4053 hominibus
1175 3994 1421 4066 exempla
1448 4006 1574 4053 sunt
1615 3997 1797 4055 facta?
1843 4017 1911 4056 an
1952 4002 2094 4058 alius

502 4094 650 4151 Deus
678 4090 748 4146 ab
777 4087 880 4145 alio
910 4095 1182 4143 mutuatur
1210 4087 1475 4157 exempla,
1507 4096 1559 4143 et
1598 4088 1820 4160 quidem
1848 4094 2043 4148 aemulo
2063 4093 2092 4149 τ

502 4185 582 4242 De
618 4181 710 4237 illo
738 4195 826 4234 me
849 4184 1012 4233 terret
1040 4176 1168 4246 sibi,
1200 4191 1233 4230 a
1259 4191 1369 4249 quo
1409 4176 1567 4233 ﬁdem
1596 4195 1768 4235 meam
1794 4181 2093 4239 transfert?

502 4272 780 4331 Meliorem
809 4283 895 4323 me
934 4264 1014 4322 illi
1054 4267 1391 4323 adversarius
1419 4266 1624 4323 faciet?
1671 4269 1788 4325 Jam
1843 4270 1890 4325 si
1944 4272 2083 4327 deli-

501 4377 669 4435 quero
717 4360 907 4417 eadem
961 4371 1084 4428 quae
1131 4365 1184 4413 et
1220 4357 1469 4429 pepulus,
1519 4358 1777 4416 eademne
1832 4377 2089 4432 passurus
2125 4315 2170 4393 Β

506 4468 648 4518 sum,
678 4464 856 4505 annon
884 4449 912 4502 ‘I
935 4445 1139 4518 Atquin
1188 4446 1233 4500 si
1266 4462 1373 4501 non
1401 4447 1608 4518 eadem,
1644 4466 1782 4507 vane
1827 4450 1960 4506 mihi
2015 4452 2089 4506 ti-

503 4543 696 4601 menda
724 4538 997 4613 proponit,
1028 4551 1150 4609 quas
1188 4551 1296 4591 non
1334 4553 1455 4592 sum
1502 4553 1780 4609 passurus.
1824 4540 2089 4597 Passurus

507 4644 682 4690 autem
711 4646 746 4689 a
777 4642 887 4703 quo
940 4627 1079 4685 ero?
1129 4625 1187 4683 Si
1227 4642 1257 4682 a
1287 4626 1563 4694 Creatore,
1621 4629 1802 4700 qualia
1844 4630 2090 4703 inﬂigere

2207 3114 2302 3179 ris,
2342 3128 2449 3168 non
2495 3124 2575 3168 est
2622 3116 2678 3167 in
2729 3130 2816 3170 me
2868 3114 3021 3171 locus
3064 3117 3255 3187 capitis
3300 3120 3542 3176 alterius.
3588 3123 3693 3178 Sed
3752 3134 3807 3181 et

2205 3218 2375 3272 quare
2393 3204 2605 3259 mulier
2612 3207 2951 3275 potestatem
2962 3221 3129 3278 super
3144 3212 3320 3279 caput
3335 3209 3533 3267 habere
3555 3212 3771 3270 debebit
3784 3220 3808 3271 ἵ

2207 3294 2269 3349 Si
2288 3292 2421 3364 quia
2438 3307 2509 3347 ex
2533 3293 2673 3357 viro,
2689 3297 2986 3365 etpropter
3004 3296 3194 3350 virum
3214 3297 3374 3367 facta
3387 3302 3469 3353 est
3501 3302 3797 3355 secundum

2205 3380 2590 3435 institutionem
2612 3380 2898 3451 Creatoris,
2932 3383 3011 3439 sic
3038 3399 3258 3455 quoque
3302 3388 3424 3456 ejus
3461 3376 3802 3459 disciplinam

2202 3470 2492 3542 Apostolus
2522 3469 2750 3539 curavit,
2781 3469 2848 3525 de
2876 3473 3041 3541 cujus
3063 3472 3398 3531 institutione
3428 3488 3621 3533 causas
3649 3479 3809 3536 disci-

2203 3559 2364 3631 plinae
2394 3558 2790 3629 interpretatur.
2821 3560 3024 3629 Adjicit
3050 3562 3234 3629 etiam,
3266 3565 3505 3637 Propter
3550 3569 3802 3640 angelos.

2204 3645 2393 3715 Quos?
2414 3645 2469 3699 id
2498 3652 2581 3700 est
2609 3646 2804 3715 cujus?
2825 3647 2880 3702 Si
2907 3648 3175 3705 Creatoris
3194 3660 3485 3723 apostatas,
3510 3657 3723 3729 merito,
3747 3664 3805 3712 ut

2202 3734 2290 3789 illa
2318 3733 2480 3789 facies
2507 3750 2629 3804 quae
2651 3748 2747 3790 eos
2768 3737 3173 3804 scandalizavit,
3196 3747 3375 3796 notam
3396 3743 3691 3814 quamdam
3716 3763 3805 3803 re-

2203 3822 2338 3879 ferat
2374 3822 2444 3877 de
2480 3822 2666 3879 habitu
2696 3824 3029 3892 humilitatis,
3059 3827 3512 3887 etobscuratione
3561 3832 3799 3901 decoris,

2204 3914 2261 3970 Si
2295 3910 2467 3970 489
2490 3928 2621 3970 vero
2644 3923 2865 3986 prOpter
2903 3917 3119 3989 angelos
3153 3918 3249 3973 Dei
3276 3918 3515 3990 alterius,
3548 3922 3678 3993 quid
3711 3940 3806 3981 ve-

2202 4013 2366 4073 retur,
2409 4002 2455 4058 si
2505 4018 2606 4059 nec
2672 4002 2774 4073 ipsi
2818 4004 3146 4061 Marcionita:
3202 4006 3435 4064 feminas
3490 4015 3805 4080 appetunt?

2199 4093 2355 4165 Saepe
2407 4093 2517 4162 jam
2571 4091 2912 4149 ostendimus
2959 4092 3195 4152 hwreses
3259 4098 3404 4168 apud
3470 4100 3803 4169 Apostolum

2200 4184 2356 4238 inter
2385 4182 2541 4238 mala
2567 4186 2636 4238 ut
2663 4182 2881 4238 malum
2910 4186 3063 4255 poni,
3096 4190 3155 4241 et
3183 4201 3272 4242 eos
3301 4186 3609 4259 probabiles
3630 4191 3807 4247 intel-

2203 4272 2467 4345 ligendos,
2500 4274 2596 4343 qui
2633 4271 2868 4329 haereses
2903 4278 2975 4329 ut
3000 4275 3222 4330 malum
3251 4278 3502 4348 fugiant.
3562 4277 3802 4336 Proinde

2201 4363 2355 4433 panis
2436 4367 2491 4415 et
2539 4359 2720 4415 calicis
2766 4375 3101 4418 sacramento
3170 4364 3286 4433 jam
3356 4365 3506 4437 (Luc.
3564 4371 3693 4436 xxi)
3741 4368 3799 4424 in

2194 4449 2488 4522 Evangelio
2548 4448 2893 4520 probavimus
2936 4451 3181 4523 corporis
3242 4459 3295 4509 et
3344 4454 3629 4527 sanguinis
3682 4457 3801 4513 Do-

2196 4537 2381 4594 minici
2443 4535 2721 4595 veritatem
2781 4539 2917 4609 (25),
2967 4540 3226 4595 adversus
3283 4540 3601 4611 phantasma
3645 4543 3801 4599 Mar-

2197 4629 2387 4686 cionis.
2425 4624 2535 4682 Sed
2580 4632 2635 4682 et
2663 4641 2872 4684 omnem
2914 4627 3129 4700 judicii
3177 4629 3500 4688 mentionem
3549 4631 3801 4689 Creatori

1855 4754 2046 4820 Variae
2114 4759 2427 4820 lectiones.

575 4866 626 4908 86
663 4865 805 4937 Quia
836 4866 927 4940 al.
947 4858 994 4940 εξ
1037 4860 1142 4940 5ςά
1174 4863 1301 4940 quia
1336 4859 1447 4940 sint
1473 4860 1601 4921 add.
1629 4863 1799 4923 Seml.
1832 4864 1936 4923 Sed
1966 4864 2091 4940 quia
2119 4865 2187 4922 sit
2204 4864 2377 4922 Fran.
2409 4863 2460 4902 88
2488 4859 2569 4919 Ex
2607 4877 2714 4935 quo
2746 4860 2926 4921 omnia
2958 4862 3127 4926 Seml.
3163 4863 3370 4939 legitur
3407 4864 3591 4927 Venet.
3612 4864 3663 4909 ⁸ο
3700 4867 3795 4925 In-

505 4936 699 5015 gratiis
728 4941 860 4996 Jun.
882 4938 933 4976 9°
966 4936 1038 4993 De
1067 4937 1228 4993 Pam.
1258 4936 1304 4975 91
1334 4936 1493 4992 Enim
1522 4940 1716 4997 omitt.
1764 4942 1936 4997 Fran.

1892 5037 2393 5104 Commentarius.

568 5141 684 5214 (2t)
721 5143 807 5198 Ex
836 5138 1020 5197 labore
1046 5154 1146 5214 suo
1175 5153 1629 5214 unumquemque
1657 5137 1857 5198 docens
1884 5136 2085 5214 vivere.

496 5210 596 5271 Hic
637 5210 1107 5284 variisexemplis
1162 5210 1374 5284 probat,
1406 5210 1845 5284 unumquemque
1892 5212 2085 5269 victum

497 5288 698 5342 debere
727 5283 829 5339 sibi
863 5298 1171 5354 comparare
1205 5298 1273 5337 ex
1328 5284 1511 5337 labore
1551 5283 1674 5339 suo.
1716 5284 1804 5339 Sic
1832 5284 1893 5339 B.
1933 5286 2087 5354 Apo-

498 5359 670 5415 stolus
731 5356 942 5412 dicebat
997 5356 1125 5411 olim
1174 5368 1364 5408 manus
1419 5354 1519 5408 sibi
1575 5354 1906 5410 ministrasse
1963 5370 2085 5415 quin

496 5444 635 5513 Opus
671 5428 722 5485 ei
757 5433 931 5513 erant.
973 5424 1079 5513 Qui
1110 5425 1425 5513 Evangelio
1463 5426 1723 5492 serviunt,
1775 5442 1840 5484 ex
1893 5424 2085 5483 eodem

489 5498 674 5580 vivere
710 5500 955 5580 __debent.
995 5498 1209 5580 LE_Pa.
1245 5570 1254 5580 ι
1577 5571 1612 5580 __
1647 5571 1685 5580 __
1730 5577 1738 5580 _
1811 5572 1838 5580 ,Α
2046 5568 2057 5580 ,

562 5574 678 5645 (22)
699 5574 968 5645 Figuram
981 5570 1254 5645 extranei
1270 5571 1630 5629 sacramenti.
1647 5571 1848 5628 Poterit
1865 5570 2082 5645 exponi,

496 5641 721 5715 ﬁguram
750 5641 870 5715 ejus
900 5644 994 5718 qui
1022 5641 1091 5699 sit
1134 5652 1425 5700 extraneas
1468 5658 1501 5698 a
1541 5652 1895 5703 sacramento.
1936 5641 2084 5700 Nam

2194 5140 2331 5221 solet
2359 5131 2667 5221 eatraneus
2705 5136 3021 5221 construere
3049 5153 3175 5221 cum
3226 5132 3487 5213 genitivo,
3534 5144 3594 5221 ut
3621 5154 3794 5221 supra

2194 5211 2318 5285 adv.
2337 5207 2527 5285 Mare.
2553 5208 2653 5285 lib‘.
2686 5224 2769 5264 u:
2819 5210 2952 5279 Quis
2998 5210 3120 5266 mali
3168 5207 3483 5277 extrahens,
3533 5211 3636 5265 nisi
3693 5207 3792 5285 qui

2193 5290 2249 5338 et
2278 5280 2529 5336 inimicus
2547 5282 2575 5335 ‘I
2620 5281 2806 5337 RuaN.

2265 5354 2379 5425 (23)
2409 5351 3052 5427 Probavimusheorporis
3082 5358 3139 5427 et
3182 5355 3477 5427 sanguinis
3505 5353 3790 5413 Dominici

2192 5423 2517 5483 veritatem.
2555 5424 2673 5479 Lib.
2704 5423 2912 5481 scilicet
2931 5426 3248 5495 superiore;
3281 5423 3334 5481 id
3379 5435 3555 5482 autem
3586 5427 3786 5481 factum

2192 5505 2387 5571 contra,
2425 5511 2729 5571 perversam
2783 5497 3070 5571 Marcionis
3120 5498 3451 5571 opinionem,
3514 5497 3606 5571 qui
3659 5513 3790 5555 car-

2192 5585 2313 5627 nem
2333 5566 2530 5626 Christi
2567 5567 2960 5639 phantasticatn
2994 5566 3227 5627 dicebat.
3261 5569 3339 5626 [ιε
3376 5569 3474 5625 Pa.

2246 5710 2327 5720 ..—~
