4018 6192
196 299 290 360 521

1420 294 1548 356 LIB.
1591 296 1629 355 ν
1665 293 1821 358 Αυν.
1859 295 2266 360 MARCIONEM.

3383 308 3490 371 522

194 432 540 516 competere,
557 430 618 479 ut
638 422 752 516 Deo
774 422 969 516 judici,
999 427 1116 516 toto
1145 438 1285 516 pene
1313 437 1482 494 opere
1500 426 1786 494 tractatum
1817 439 1863 516 Α
1898 426 2188 496 pertinere.
2246 428 2511 499 Compara
2581 427 2816 500 denique
2856 431 3064 501 species
3128 433 3377 506 Apostoli
3437 445 3490 493 et

197 523 296 573 est.
327 515 484 570 Nunc
504 513 572 569 de
602 512 952 586 spiritalibus
981 513 1124 578 dico,
1158 514 1273 569 haec
1299 527 1513 586 quoque
1542 513 1597 568 in
1628 513 1787 569 Chri-

196 612 333 660 stum
392 618 425 656 a
466 601 722 657 Creatore
756 601 1047 673 promissa,
1086 601 1190 656 sub
1243 601 1333 656 illa
1390 601 1790 672 praescriptione

193 691 508 764 justissima,
539 689 750 761 Opinor,
781 707 887 762 qua
916 706 1022 746 non
1052 689 1271 745 alterius
1309 690 1576 746 credenda
1603 691 1672 745 sit
1699 707 1790 744 cx-

197 780 406 846 hibitio,
439 794 598 851 quam
628 779 788 849 cujus
815 780 1034 849 probata
1069 777 1234 836 fuerit
1261 779 1631 852 repromissio.
1661 780 1792 834 Pro-

195 867 462 924 nuntiavit
504 866 672 923 Isaias
712 871 816 937 (χι,
867 868 938 939 Ι);
987 868 1237 926 Prodibit
1293 868 1453 938 virga
1506 868 1572 925 de
1603 868 1792 923 radice

197 962 342 1016 Jesse
371 959 445 1024 93,
479 960 538 1012 et
565 958 666 1026 flos
708 957 772 1013 de
817 957 1007 1013 radice
1052 958 1332 1025 ascendet,
1363 960 1669 1030 requiescet
1695 974 1791 1012 su-

195 1065 291 1122 per
319 1066 450 1106 cum
479 1048 720 1119 spiritus
740 1047 984 1103 Domini.
1018 1045 1228 1102 Dehinc
1257 1045 1464 1117 species
1501 1047 1622 1115 ejus
1660 1063 1793 1101 enu-

200 1144 404 1194 merat:
447 1137 696 1209 Spiritus
721 1135 1020 1208 sapientia:
1062 1139 1118 1190 et
1168 1136 1584 1206 intelligentia,
1615 1136 1793 1208 spiri-

202 1231 286 1283 tus
317 1226 554 1282 consilii
590 1228 648 1281 et
678 1224 962 1290 valentice,
1015 1228 1072 1279 et
1105 1223 1346 1294 spiritus
1381 1224 1690 1294 agnitionis
1739 1227 1794 1279 et

200 1316 535 1387 religionis;
559 1313 798 1385 spiritus
828 1327 960 1367 eum
991 1313 1225 1384 replebit
1259 1313 1482 1369 timoris
1504 1314 1618 1368 Dei.
1638 1311 1796 1366 Chri-

201 1413 339 1459 stum
399 1401 546 1459 enim
602 1401 657 1456 in
710 1399 855 1456 ﬂoris
891 1397 1066 1471 ﬁgura
1112 1399 1346 1456 ostendit
1417 1399 1678 1455 oriturum
1729 1415 1795 1454 ex

198 1494 348 1565 virga
366 1490 611 1563 profecta
639 1490 707 1545 de
736 1488 920 1544 radice
947 1488 1121 1554 Jesse,
1152 1487 1208 1543 id
1250 1495 1331 1544 est
1360 1487 1584 1559 Virgine
1622 1502 1796 1560 gene-

199 1583 272 1638 ris
310 1579 489 1638 David
517 1578 612 1635 ﬁlii
633 1581 809 1648 Jesse,
842 1578 900 1633 in
930 1594 1038 1650 quo
1067 1578 1280 1635 Christo
1307 1579 1602 1635 consistere
1630 1577 1799 1632 habe-

198 1679 279 1727 ret
317 1677 433 1726 tota
463 1669 770 1726 substantia
800 1666 1030 1738 Spiritus
1063 1685 1077 1734 ;
1126 1682 1233 1723 non
1263 1667 1418 1740 quasi
1465 1675 1653 1738 postea
1701 1667 1800 1721 ob-

201 1771 433 1819 ventura
469 1758 568 1825 illi,
620 1757 712 1829 qui
751 1772 968 1828 semper
1038 1756 1263 1827 spiritus
1312 1756 1408 1812 Dei
1457 1755 1637 1821 fuerit,
1680 1761 1803 1809 ante

207 1865 429 1906 carnem
458 1863 706 1920 quoque;
730 1860 799 1902 ne
829 1861 895 1901 ex
925 1845 1030 1902 hoc
1051 1843 1440 1919 argumenteris
1469 1841 1806 1915 pr0phetiam

216 1937 288 1992 ad
327 1953 456 1992 eum
493 1935 758 1990 Christum
800 1934 1092 2006 pertinere,
1145 1933 1240 2005 qui
1285 1941 1344 1988 ut
1387 1932 1551 1988 homo
1599 1939 1806 1988 tantum

217 2041 285 2079 ex
337 2022 458 2078 solo
503 2039 660 2079 censu
696 2021 888 2089 David,
939 2031 1124 2093 postea
1181 2027 1570 2076 consecuturus
1600 2021 1670 2074 sit
1709 2019 1806 2074 Dei

206 2111 292 2167 sui
316 2110 591 2183 spiritum.
623 2109 732 2166 Sed
760 2108 1020 2181 quoniam
1049 2107 1246 2164 exinde
1283 2123 1391 2179 quo
1439 2106 1709 2163 ﬂoruisset
1753 2105 1808 2161 in

203 2223 368 2264 carne
397 2217 615 2279 sumpta
656 2223 721 2262 ex
767 2206 940 2278 stirpe
982 2205 1171 2272 David,
1225 2204 1557 2277 requiescere
1606 2203 1660 2258 in
1718 2203 1808 2258 illo

204 2296 383 2354 omnis
433 2296 659 2352 haberet
705 2295 949 2367 operatio
1002 2294 1188 2367 gratias
1243 2292 1519 2365 spiritalis,
1571 2300 1626 2348 et
1680 2305 1812 2347 con-

204 2401 424 2442 cessare
454 2391 510 2439 et
537 2382 699 2440 ﬁnem
728 2382 902 2439 facere
943 2389 1204 2454 quantum
1251 2381 1319 2436 ad
1367 2380 1619 2447 Iudaeos;
1673 2381 1813 2435 sicut

208 2492 261 2539 et
297 2498 396 2539 res
447 2482 566 2554 ipsa
622 2488 869 2546 testatur,
928 2479 1060 2535 nihil
1120 2477 1314 2536 exinde
1366 2479 1600 2550 spirante
1646 2493 1812 2548 penes

210 2572 326 2627 illos
386 2569 586 2641 spiritu
641 2567 934 2636 Creatoris,
995 2567 1183 2624 ablato
1238 2584 1273 2623 a
1319 2566 1517 2623 Iudaea
1562 2569 1814 2640 sapiente

212 2665 264 2716 et
325 2659 619 2733 prudente
681 2657 1013 2722 architecto,
1069 2660 1126 2713 et
1184 2655 1531 2722 consiliario,
1590 2659 1647 2711 et
1680 2671 1813 2728 pro-

213 2756 382 2829 pheta
430 2756 563 2824 (Isa.
605 2769 690 2819 tu,
723 2753 810 2824 2);
848 2763 908 2808 ut
955 2755 1058 2810 hoc
1109 2750 1203 2817 sit,
1253 2753 1368 2808 Lex
1413 2755 1468 2807 et
1523 2752 1816 2823 Propheta:

213 2859 389 2915 usque
446 2841 520 2899 ad
563 2843 838 2898 Joannem
887 2842 1036 2910 (Luc.
1084 2855 1208 2906 xvx,
1260 2841 1372 2909 16).
1421 2839 1616 2911 Accipe
1671 2855 1818 2894 nunc

214 2929 489 3002 quomodo
519 2939 571 2985 et
598 2945 629 2984 a
659 2929 870 2985 Christo
901 2929 956 2984 in
992 2929 1194 2986 coelum
1231 2936 1456 2999 recepto
1503 2928 1817 2984 charisma-

1893 514 2044 569 Isaite
2073 515 2178 586 (xx)
2204 534 2218 569 :
2253 517 2388 581 Alii,
2420 516 2612 588 inquit,
2647 518 2819 575 datur
2846 535 2950 591 per
2982 522 3259 592 Spiritum
3308 541 3490 582 sermo

1895 605 2232 675 sapientiae;
2259 603 2438 660 statim
2479 615 2534 659 et
2585 605 2750 661 Isaias
2787 607 3037 677 spiritum
3092 611 3372 681 sapientiae
3401 629 3492 684 po-

1899 689 2026 744 suit.
2100 692 2214 747 Alii
2257 710 2440 749 sermo
2469 694 2765 761 scientiaz;
2795 695 2882 750 hic
2935 696 3038 751 erit
3085 713 3261 754 sermo
3308 700 3493 755 intelli-

1898 779 2098 850 gentia:
2129 788 2182 835 et
2212 781 2444 836 consilii.
2499 783 2613 838 Alii
2642 783 2778 852 ﬁdes
2808 785 2871 838 in
2905 785 3095 842 eodem
3125 789 3376 858 spiritu;
3406 789 3494 843 hic

1899 867 2002 922 erit
2031 868 2248 937 spiritus
2279 870 2558 942 religionis
2604 879 2654 926 et
2701 871 2908 928 timoris
2953 873 3070 928 Dei.
3131 875 3246 929 Alii
3283 876 3492 931 donum

1901 956 2290 1021 curationum,
2324 959 2430 1014 alii
2469 962 2790 1028 virtutum;
2823 961 2908 1015 hic
2957 961 3059 1016 erit
3105 963 3348 1017 valentius
3377 963 3494 1034 spi-

1903 1043 2057 1099 ritus.
2090 1047 2204 1101 Alii
2229 1047 2552 1118 prophetia,
2573 1051 2680 1104 alii
2709 1049 3003 1106 distinctio
3030 1052 3367 1122 spirituum,
3392 1053 3498 1108 alii

1900 1148 2106 1206 genera
2154 1131 2503 1206 linguarum,
2537 1139 2642 1192 alii
2682 1139 3080 1210 interpretatio
3124 1141 3498 1210 linguarum;

1903 1222 1989 1278 hic
2018 1225 2120 1278 erit
2145 1223 2432 1292 agnitionis
2470 1225 2714 1295 spiritus.
2766 1226 2932 1282 Vides
2975 1229 3298 1298 Apostolum
3341 1237 3394 1284 et
3441 1230 3497 1285 in

1903 1309 2278 1368 distributione
2339 1311 2576 1370 facienda
2649 1313 2812 1370 unius
2877 1314 3115 1384 spiritus,
3171 1323 3226 1371 et
3282 1316 3336 1370 in
3385 1317 3499 1388 Spi-

1905 1397 2194 1454 ritualitate
2241 1400 2290 1438 95
2367 1400 2788 1472 interpretanda,
2855 1401 3140 1473 Prophetas
3191 1404 3505 1475 conspirau-

1906 1495 2032 1541 tem.
2063 1486 2286 1542 Possum
2316 1488 2513 1554 dicere,
2559 1489 2736 1559 ipsum
2783 1489 2877 1561 qui
2916 1493 3162 1563 corporis
3191 1495 3372 1548 nostri
3397 1509 3502 1566 per

1905 1575 2094 1630 multa
2122 1579 2179 1631 et
2218 1569 2434 1632 diversa
2471 1577 2723 1633 membra
2756 1580 3044 1635 unitatem
3089 1579 3502 1637 charismatum

1909 1664 2196 1720 variorum
2225 1666 2536 1736 compagini
2551 1665 2886 1736 adaequavit,
2908 1666 3158 1722 eumdem
3178 1677 3234 1723 et
3259 1669 3504 1741 corporis

1914 1751 2152 1818 humani,
2185 1759 2238 1806 et
2266 1750 2497 1821 Spiritus
2525 1753 2698 1807 sancti
2718 1751 2996 1809 dominum
3027 1755 3255 1822 ostendi,
3287 1756 3379 1827 qui
3400 1772 3506 1814 mc-

1913 1838 2074 1894 ritum
2104 1839 2154 1877 95
2183 1839 2561 1895 charismatum
2589 1837 2823 1896 noluerit
2851 1855 2970 1896 esse
3002 1842 3055 1896 in
3087 1855 3317 1912 corpore
3335 1845 3504 1915 spiri-

1914 1934 2022 1992 tus,
2056 1942 2176 1998 quaa
2203 1943 2300 1983 nec
2328 1929 2382 1982 in
2424 1943 2653 2000 corpore
2684 1929 2919 1984 humano
2957 1929 3260 1997 collocavit,
3288 1933 3380 1999 qui
3442 1933 3508 1987 de

1915 2015 2218 2073 dilectione
2255 2031 2470 2088 quoque
2516 2017 2774 2074 omnibus
2805 2017 3241 2074 charismatibus
3281 2035 3508 2092 praepo-

1915 2104 2125 2169 nenda,
2153 2105 2474 2174 Apostolum
2522 2104 2840 2160 instruxerit
2888 2105 3170 2176 principali
3216 2117 3508 2178 praecepto.

1917 2191 2063 2263 quod
2081 2191 2331 2262 probavit
2351 2199 2403 2248 et
2424 2192 2670 2247 Christus
2689 2209 2701 2249 :
2719 2194 2931 2264 Diliges
2957 2195 3260 2251 Dominum
3280 2197 3348 2252 de
3377 2199 3512 2253 totis

1914 2281 2267 2354 prwcordiis,
2298 2286 2353 2336 et
2393 2283 2526 2340 totis
2554 2281 2787 2348 viribus,
2821 2285 2878 2337 et
2926 2287 3045 2340 tota
3067 2284 3265 2341 anima
3304 2289 3428 2355 tua,
3459 2290 3513 2341 et

1913 2371 2252 2443 proximum
2281 2370 2384 2426 tibi
2403 2370 2451 2409 97
2499 2375 2776 2441 tanquam
2797 2374 3039 2443 teipsum
3085 2372 3154 2426 9⁸.
3186 2372 3364 2442 Quod,
3415 2374 3518 2430 etsi

1918 2463 1975 2519 in
2005 2465 2122 2535 lege
2142 2464 2403 2536 scriptum
2429 2474 2590 2531 esset,
2619 2474 3006 2522 commemorat
3035 2468 3098 2524 in
3119 2469 3252 2525 aliis
3285 2471 3516 2541 linguis,

1922 2559 1980 2612 et
1998 2555 2060 2609 in
2085 2554 2214 2609 aliis
2239 2553 2398 2610 labiis
2422 2555 2750 2611 locuturum
2772 2555 3103 2623 Creatorem,
3118 2572 3240 2613 cum
3264 2559 3361 2614 hac
3377 2574 3520 2615 com-

1922 2644 2310 2698 memoratione
2339 2643 2624 2701 charisma
2655 2645 2984 2717 linguarum
3013 2645 3418 2712 conﬁrmat,nec
3435 2648 3523 2703 hic

1922 2740 2099 2804 potest
2119 2732 2290 2790 videri
2311 2733 2542 2788 alienum
2561 2734 2831 2789 charisma
2849 2734 3118 2790 Creatoris
3141 2735 3524 2806 praedicatione

1926 2819 2293 2879 conﬁrmasse.
2326 2823 2498 2893 Eque
2529 2823 2884 2892 praescribens
2932 2824 3224 2881 silentium
3269 2826 3524 2881 mulieri-

1925 2909 2028 2966 bus
2067 2911 2129 2965 in
2153 2910 2424 2980 Ecclesia,
2447 2926 2513 2964 ne
2541 2910 2668 2981 quid
2705 2911 2944 2966 discendi
2963 2911 3012 2949 99
3039 2913 3300 2967 duntaxat
3347 2914 3524 2985 gratia

218 2999 275 3076 ta
338 3020 653 3078 obventura
680 3019 1098 3092 pronuntiarit.
1125 3019 1386 3076 Ascendit
1410 3020 1474 3073 in
1500 3017 1813 3073 sublimita-

1924 2999 1941 3037 ι
1982 2999 2284 3070 loquantur,
2319 3006 2573 3092 caeterum
2632 3001 2990 3069 prophetandi
3033 3002 3121 3070 jus
3161 3011 3216 3058 et
3270 3002 3390 3057 illas
3426 3004 3524 3059 ha.

219 3113 352 3177 tem,
385 3108 441 3162 id
470 3115 574 3173 est,
598 3107 652 3162 in
681 3108 920 3175 caelum;
969 3108 1252 3178 captivam
1298 3108 1468 3163 duxit
1516 3107 1820 3177 captivita-

221 3202 351 3262 tem,
384 3195 442 3250 id
473 3203 577 3265 est,
610 3205 865 3260 mortem,
896 3196 980 3252 vel
1008 3196 1296 3250 humanam
1325 3194 1644 3251 servitutem
1669 3211 1682 3248 :
1712 3196 1822 3249 Da-

220 3289 278 3340 ta
315 3285 475 3342 dedit
510 3285 562 3323 93
609 3285 746 3355 ﬁliis
790 3284 1102 3350 hominum,
1152 3284 1204 3338 id
1266 3291 1346 3337 est
1382 3282 1651 3347 donativa,
1698 3297 1821 3354 quae

220 3375 546 3429 charismata
589 3371 838 3428 dicimus.
880 3372 1168 3444 Eleganter
1219 3370 1346 3425 ﬁliis
1385 3370 1666 3426 hominum
1725 3369 1816 3435 ait,

218 3481 323 3521 non
352 3463 560 3536 passim
584 3461 921 3531 hominibus;
943 3477 1044 3516 nos
1065 3459 1352 3517 ostendens
1382 3458 1522 3514 ﬁlios
1541 3460 1824 3514 hominum

217 3555 271 3608 id
301 3561 403 3618 est,
453 3567 581 3609 vere
624 3550 923 3616 hominum,
973 3549 1364 3620 apostolorum.
1425 3549 1490 3604 In
1527 3547 1824 3618 Evangelia

221 3645 397 3712 enim,
429 3641 646 3714 inquit,
677 3655 770 3712 ego
798 3657 890 3697 vos
919 3640 1200 3711 generavi.
1231 3638 1300 3692 Et
1335 3637 1529 3709 (Galat.
1590 3653 1667 3708 tv,
1711 3639 1822 3707 l9),

223 3734 357 3788 Filii
377 3732 514 3796 mei,
550 3746 682 3804 quos
711 3731 978 3801 parturio
1008 3744 1229 3785 rursus.
1269 3727 1388 3781 Jam
1433 3740 1572 3781 nunc
1630 3733 1683 3780 et
1735 3725 1828 3780 illa

222 3819 512 3890 promissio
541 3817 775 3889 Spiritus
803 3816 1048 3872 absolute
1075 3815 1214 3872 facte
1233 3831 1332 3886 per
1356 3817 1565 3870 Joalem
1603 3813 1690 3885 (ιι)
1714 3831 1729 3869 :
1761 3814 1827 3869 In

226 3909 548 3964 novissimis
579 3907 772 3964 diebus
800 3907 851 3944 9"
897 3905 1194 3977 effundam
1240 3904 1306 3962 de
1344 3921 1464 3962 meo
1503 3903 1718 3975 spiritu
1764 3903 1828 3956 in

229 4012 455 4053 omnem
498 4012 753 4060 carnem,
808 3998 863 4051 et
929 3993 1356 4066 prophetabunt
1428 3991 1538 4061 ﬁlii
1584 3990 1829 4062 ﬁliaeque

228 4102 476 4153 eorum;
515 4090 574 4142 et
619 4098 786 4157 super
823 4099 1006 4141 servos
1035 4086 1090 4140 et
1122 4082 1367 4140 ancillas
1409 4096 1561 4138 meas
1605 4079 1670 4135 de
1707 4094 1830 4135 meo

228 4177 439 4248 spiritu
479 4172 802 4245 effundam.
830 4173 899 4228 Et
930 4171 1118 4244 utique
1146 4169 1192 4227 si
1211 4170 1267 4226 in
1298 4166 1472 4225 490
1499 4166 1828 4224 novissimos

230 4265 349 4318 dies
373 4264 606 4336 gratiam
650 4260 882 4334 Spiritus
940 4260 1160 4318 Creator
1208 4256 1533 4330 repromisit,
1582 4253 1828 4311 Christus

232 4361 407 4408 autem
437 4349 759 4422 spiritalium
790 4348 1147 4421 dispensator,
1188 4349 1244 4403 in
1289 4343 1596 4405 novissimis
1641 4341 1834 4397 diebus

233 4438 505 4511 apparuit,
576 4436 785 4493 dicente
844 4435 1106 4508 Apostolo
1153 4434 1349 4505 (Galat.
1382 4448 1456 4499 tv,
1491 4433 1584 4503 4):
1617 4431 1687 4486 At
1738 4427 1836 4484 ubi
1865 4444 1912 4522 ο

236 4533 459 4602 tempus
491 4526 784 4598 expletum
819 4528 923 4592 est,
941 4526 1105 4581 misit
1134 4527 1278 4581 Deus
1305 4523 1517 4580 Filium
1544 4535 1744 4587 suum;
1779 4526 1834 4574 et

235 4632 422 4672 rursus
452 4616 506 4686 (I
545 4615 669 4672 Cor.
702 4629 807 4686 vn,
835 4615 964 4686 29):
996 4615 1136 4683 Quia
1166 4617 1388 4685 tempus
1410 4613 1536 4684 jam
1556 4612 1617 4666 in
1634 4608 1833 4665 collec-

239 4708 291 4762 to
319 4709 434 4774 est;
476 4711 704 4777 apparet
729 4711 782 4760 et
811 4703 876 4759 de
901 4712 1200 4774 temporum
1231 4701 1538 4758 ultimorum
1566 4695 1835 4771 praedica-

241 4795 401 4863 tione,
423 4795 562 4851 hanc
582 4792 807 4867 gratiam
831 4791 1056 4865 Spiritus
1084 4791 1151 4847 ad
1179 4789 1450 4848 Christum
1470 4783 1836 4862 praedicatoris

1925 3088 2052 3142 bere
2097 3089 2208 3156 jam
2245 3083 2500 3151 ostendit,
2548 3101 2670 3140 cum
2709 3086 2923 3141 mulieri
2969 3089 3130 3142 etiam
3180 3091 3526 3159 prophetanti

1926 3175 2172 3231 velamen
2200 3172 2449 3244 imponit,
2479 3188 2545 3228 ex
2573 3172 2689 3244 lege
2715 3173 2914 3244 accipit
2959 3175 3312 3244 subjicienda:
3362 3178 3526 3233 femi-

1929 3279 2012 3318 naa
2048 3261 2439 3330 auctoritatem,
2498 3275 2659 3332 quam
2716 3269 2776 3316 ut
2829 3262 2995 3317 semel
3049 3262 3303 3329 dixerim,
3365 3282 3527 3322 nosse

1930 3368 2036 3408 non
2089 3350 2295 3418 debuit,
2352 3349 2455 3404 nisi
2501 3349 2554 3404 in
2610 3349 3051 3406 destructionem.
3105 3351 3214 3406 Sed
3259 3363 3318 3408 ut
3341 3356 3450 3424 jam
3497 3371 3530 3410 a

1930 3439 2262 3512 spiritalibus
2291 3438 2616 3507 recedamus,
2648 3453 2737 3494 res
2784 3437 2917 3508 ipsa:
2961 3438 3193 3510 probare
3233 3441 3528 3514 debebunt,

1935 3529 2060 3600 quis
2107 3535 2350 3583 nostrum
2395 3535 2595 3582 temere
2651 3525 2754 3583 deo
2814 3542 2914 3582 suo
2958 3527 3230 3596 vindicet;
3300 3540 3354 3586 et
3409 3547 3476 3586 an
3508 3532 3532 3568 ²

1933 3627 2132 3674 nostras
2171 3617 2314 3688 parti
2351 3616 2521 3687 possit
2565 3614 2783 3688 cppoui,
2816 3617 2950 3682 haec,
3009 3616 3110 3673 etsi
3157 3617 3384 3674 Creator
3439 3637 3531 3676 re-

1934 3705 2181 3780 promisit
2237 3704 2290 3758 in
2340 3720 2497 3759 suum
2537 3704 2808 3759 Christum
2843 3705 3080 3760 nondum
3114 3707 3431 3774 revelatum,
3473 3717 3533 3765 ut

1933 3795 2136 3853 Judteis
2191 3801 2392 3850 tantum
2432 3792 2782 3859 destinatum,
2835 3807 2962 3849 suas
3019 3793 3265 3850 habitura
3319 3795 3373 3850 in
3431 3813 3534 3854 suo

1936 3898 2200 3960 tempore,
2242 3885 2297 3940 in
2353 3899 2452 3940 suo
2488 3883 2730 3951 Christo,
2761 3893 2816 3939 et
2867 3882 2924 3939 in
2979 3898 3076 3939 suo
3139 3885 3344 3956 populo
3400 3903 3534 3959 ope-

1936 3977 2193 4040 ratioues,
2226 3971 2486 4028 Exhibeat
2513 3971 2692 4042 itaque
2720 3970 2956 4028 Marcion
2981 3971 3078 4026 Dei
3105 3972 3188 4027 sui
3230 3973 3371 4030 dona
3401 3977 3534 4046 (24),

1938 4063 2145 4135 aliquos
2221 4062 2536 4132 prophetas,
2584 4059 2678 4131 qui
2753 4066 2929 4117 tamen
2996 4076 3105 4117 non
3160 4061 3227 4116 de
3300 4064 3537 4122 humano

1933 4168 2116 4218 sensu,
2145 4150 2242 4205 sed
2270 4150 2338 4204 de
2376 4149 2475 4204 Dei
2505 4147 2698 4219 spiritu
2745 4147 2853 4203 sint
2899 4148 3081 4215 locuti,
3116 4149 3208 4221 qui
3249 4158 3304 4205 et
3356 4151 3537 4209 futura

1939 4239 2100 4300 491
2147 4235 2576 4310 praenuntiariut,
2608 4243 2664 4290 et
2701 4235 2881 4290 cordis
2923 4236 3131 4292 occulta
3176 4237 3533 4296 traduxerint.

1939 4332 2078 4388 Edat
2097 4327 2347 4398 aliquem
2359 4325 2674 4396 psalmum,
2691 4323 2946 4395 aliquam
2962 4327 3255 4390 visionem,
3278 4329 3536 4402 aliquam

1957 4420 2294 4484 orationem,
2335 4413 2591 4466 duntaxat
2634 4410 2946 4481 spiritalem,
2975 4414 3040 4466 in
3070 4417 3292 4480 ecstasi,
3345 4416 3397 4472 id
3454 4426 3538 4474 est

1939 4505 2189 4572 amentia,
2221 4503 2269 4560 si
2305 4519 2416 4576 qua
2450 4501 2661 4572 lingua:
2690 4500 3089 4571 interpretatio
3118 4503 3366 4560 accessit.
3402 4507 3535 4563 Pro-

1942 4603 2032 4656 bet
2075 4593 2226 4658 mihi,
2281 4590 2486 4648 etiam3
2534 4588 2814 4644 mulierem
2861 4589 3002 4658 apud
3059 4604 3117 4644 se
3161 4591 3533 4662 pr0phetasse,

1943 4705 2012 4745 ex
2031 4684 2136 4742 illis
2155 4681 2268 4738 suis
2293 4677 2648 4738 sanctioribus
2675 4675 2897 4734 feminis
2926 4678 2950 4715 4
2992 4679 3352 4750 magnidicum
3391 4682 3534 4753 (25).

1943 4777 2003 4836 Si
2038 4777 2156 4831 haec
2188 4771 2368 4829 omnia
2395 4767 2606 4826 facilius
2641 4783 2672 4823 a
2721 4783 2810 4822 me
2846 4766 3216 4838 proferuntur,
3247 4776 3301 4826 et
3353 4770 3536 4844 utique

1611 4904 1804 4968 Variae
1848 4901 2154 4964 lectiones.

304 5017 357 5059 92
388 5019 470 5076 De
495 5018 655 5091 virga
675 5016 821 5091 add._
834 5017 992 5074 Pam.
1021 5013 1072 5055 93

1119 5013 1279 5070 Dedit
1305 5013 1426 5070 data
1462 5014 1622 5069 Pam.
1653 5012 1702 5051 94
1741 5005 2098 5079 Temporibus
2129 4997 2301 5079 Sami.
2333 4995 2383 5036 9⁵
2410 4993 2749 5079 Specialitate
2789 4993 2977 5079 Venet;
3006 4991 3060 5077 εἶθ
3110 4995 3330 5079 Merita
3359 4997 3535 5058 Rhen.

237 5090 282 5130 ⁵η
310 5064 992 5159 Tuitii'i‘r'aii's'siiéiiﬁ'
1011 5064 1944 5159 omittijberJWW—DocendiiRhen.
1976 5073 2192 5132 dicendi
2213 5072 2372 5126 Pam.
2409 5069 2427 5106 ι
2453 5064 2656 5124 Gloria
2687 5067 2856 5125 Seml.
2891 5065 2914 5104 ²
2933 5064 3072 5135 Quia
3099 5067 3233 5128 Par.
3284 5072 3455 5129 Fran.
3503 5089 3539 5128 a

237 5163 414 5222 Rhen.
447 5163 472 5202 ³
496 5161 675 5221 Etiam
704 5157 842 5216 mihi
867 5161 1024 5217 Pam.
1056 5159 1080 5198 4
1100 5158 1284 5231 Magni
1321 5157 1510 5214 ducam
1551 5157 1732 5214 Venet.

1639 5249 2138 5317 Commentarius.

309 5369 433 5441 (2A)
462 5367 746 5441 Exhibeqt
776 5369 973 5440 itaque
1000 5365 1247 5441 Marcion
1275 5362 1378 5420 Dei
1391 5359 1689 5441 _sui_~do_na.
1718 5359 1835 5441 Ya-

232 5432 427 5500 ticinia
454 5456 557 5496 sua
586 5442 654 5496 de
692 5439 808 5510 Deo
837 5432 953 5510 suo
976 5437 1238 5510 proferat,
1281 5433 1444 5492 modo
1470 5432 1595 5510 _Dei
1650 5432 1841 5510 spiritu

229 5513 430 5644 angitgti
469 5511 672 5568 fuerint
698 5509 776 5566 illi
805 5504 1108 5584 pr0phetaa,
1139 5508 1206 5565 iis
1251 5520 1382 5563 sane
1436 5504 1838 5576 obtemperabo.

397 5599 456 5641 ι.

393 5688 637 5750 Panos.
678 5688 746 5744 II.

2018 5353 2137 5426 (25)
2164 5352 2250 5407 Ex
2277 5349 2398 5426 illis
2432 5349 2552 5407 suis
2570 5344 2955 5426 sanctioribus
3001 5348 3234 5418 feminis
3279 5347 3542 5402 Maximil-

1951 5420 2059 5485 lam
2114 5420 2294 5479 forsan
2349 5421 2584 5475 Montani
2641 5420 2898 5474 asseclam
2966 5428 3157 5483 notat;
3237 5434 3543 5488 quanquam

1951 5514 2061 5555 non
2127 5505 2326 5552 temere
2382 5490 2610 5546 dixerim
2659 5491 2745 5545 hic
2803 5493 3167 5560 perstringere
3220 5489 3449 5560 multas,
3487 5500 3546 5548 ut

1953 5566 2186 5627 Simonis
2229 5561 2371 5635 Magi
2426 5561 2707 5632 Helenam,
2737 5557 2938 5634 apellis
2963 5557 3379 5634 _Pliilumeuem,
3426 5559 3548 5618 Car.

3315 5667 3378 5721 17
