4018 6192
501 317 605 375 523

1193 307 1626 369 TERTULLIANI
1664 307 1930 369 OPERUM
1968 308 2135 368 PARS
2172 307 2241 367 II.
2279 338 2349 352 —
2385 306 2611 368 SERIES
2651 309 2692 375 ι,
2732 308 3083 370 POLEMICA.

3675 317 3778 375 5‘24

495 435 857 508 conspirantia
884 434 1087 509 regulis
1116 443 1169 492 et
1196 434 1651 507 dispositionibus
1690 443 1743 489 et
1791 434 2087 505 disciplinis
2118 454 2165 532 Α
2193 434 2272 514 αθ.
2306 444 2454 490 terra
2508 441 2611 498 est,
2644 433 2740 487 ibit
2769 434 2823 489 in
2858 442 3075 491 terram.
3100 436 3210 491 Hoc
3240 435 3371 502 abit,
3401 438 3542 508 quod
3571 438 3626 493 in
3667 447 3781 495 ter-

494 526 786 594 Crcatoris,
818 525 933 580 sine
964 524 1132 579 dubio
1176 524 1274 581 Dei
1321 524 1429 580 mei
1466 524 1569 579 erit
1614 531 1668 579 et
1718 522 1987 590 Christus,
2033 530 2085 578 ct

492 615 746 687 Spiritus,
789 623 842 669 et
869 614 1188 686 Apostolus.
1232 613 1405 670 Habet
1449 612 1843 685 professionem
1890 628 2084 678 meam,

490 705 584 778 qui
610 704 837 763 voluerit
862 720 980 761 eam
1007 704 1223 776 exigere

1112 845 1338 901 CAPUT
1376 844 1471 900 IX.

557 970 772 1029 Interim
825 968 1166 1026 Marcionites
1215 969 1349 1024 nihil
1407 967 1717 1038 hujusmodi
1772 967 1796 1006 5
1854 969 1897 1037 (Ι
1955 970 2076 1025 Cor.

484 1066 579 1135 xv)
612 1061 905 1133 exhibebit,
936 1060 1032 1133 qui
1060 1060 1215 1115 timet
1236 1060 1349 1129 jam
1377 1060 1419 1125 6,
1453 1058 1825 1130 pronuntiare,
1857 1060 2016 1129 cujus
2056 1059 2078 1097 7

481 1152 656 1223 magis
687 1150 932 1205 Christus
974 1149 1218 1206 nondum
1261 1149 1329 1202 sit
1375 1147 1663 1204 revelatus.
1724 1146 1873 1202 Sicut
1926 1162 2079 1201 meus

478 1237 873 1311 exspectandus
900 1244 1001 1304 est,
1046 1238 1142 1308 qui
1189 1255 1219 1293 a
1257 1236 1547 1305 primordio
1594 1234 1917 1305 praedicatus
1972 1245 2075 1306 est,

476 1331 626 1385 illius
683 1326 848 1382 idirco
905 1342 1013 1383 non
1061 1333 1164 1392 est,
1214 1324 1341 1398 quia
1386 1340 1497 1380 non
1543 1340 1574 1378 a
1630 1323 1925 1393 primordio
1984 1323 2072 1379 sit.

477 1418 671 1474 Melius
720 1431 829 1472 non
876 1414 1149 1472 credimus
1201 1414 1255 1468 in
1310 1413 1586 1471 Christum
1620 1412 1879 1481 futurum,
1908 1428 2073 1483 quam

472 1507 760 1564 haereticus
828 1505 886 1560 in
924 1506 1153 1563 nullum.
1212 1506 1557 1561 Morinorum
1597 1505 2073 1559 resurrectionem

470 1596 745 1670 quomodo
794 1595 1023 1668 quidam
1069 1602 1196 1649 tunc
1236 1598 1501 1664 negarint
1526 1594 1659 1666 (26),
1694 1593 1841 1663 prius
1894 1591 2069 1662 dispi-

469 1688 718 1743 ciendum
773 1691 873 1740 est.
902 1684 1100 1754 Utique
1156 1682 1346 1737 eodem
1406 1683 1563 1737 modo
1619 1698 1728 1752 quo
1783 1690 1837 1738 et
1898 1698 2062 1739 nunc.

2195 540 2307 578 ram
2338 523 2430 577 ibit
2465 524 2530 591 9;
2564 524 2663 581 hoc
2696 523 2947 594 resurgit,
2981 524 3125 594 quod
3165 524 3324 579 cadit.
3372 526 3510 594 Quia
3539 544 3643 598 per
3674 529 3777 584 h0-

2191 616 2403 670 minem
2468 630 2639 681 mors,
2686 618 2741 668 et
2772 629 2872 685 per
2919 613 3197 669 hominem
3257 617 3621 673 resurrectio.
3675 617 3779 672 Hic

2189 704 2323 758 mihi
2355 714 2410 759 et
2439 703 2639 759 Christi
2667 719 2862 773 corpus
2899 704 3197 758 ostenditur
3240 702 3295 758 in
3325 705 3542 758 nomine
3590 705 3775 760 homi-

2189 796 2293 861 nis,
2318 794 2412 865 qui
2438 800 2645 848 constat
2673 808 2739 847 ex
2768 807 3014 861 corpore,
3054 800 3108 846 ut
3138 808 3282 863 saepe
3309 793 3419 861 jam
3467 793 3776 850 docuimus.

2188 880 2346 949 Quod
2376 881 2423 935 si
2461 882 2538 937 sic
2592 883 2656 937 in
2704 882 2923 938 Christo
2978 881 3333 949 viviﬁcamur
3387 896 3598 948 omnes,
3628 886 3776 941 sicut

2186 974 2565 1041 motiﬁcamur
2600 974 2664 1026 in
2692 970 2869 1027 Adam
2889 988 2907 1024 :
2937 968 3161 1038 Quando
3195 970 3242 1007 ιο
3270 970 3324 1024 in
3350 970 3520 1024 Adam
3546 985 3776 1042 corpore

2184 1060 2592 1125 mortiﬁcamur,
2624 1061 2701 1115 sic
2730 1074 2951 1115 necesse
2981 1065 3063 1113 est
3092 1066 3145 1113 et
3180 1058 3235 1112 in
3282 1058 3491 1115 Christo
3545 1074 3775 1131 corpore

2186 1148 2535 1205 viviﬁcemur.
2610 1148 2897 1213 Caeterum,
2977 1146 3270 1202 similitudo
3360 1163 3470 1204 non
3543 1159 3775 1218 constat,

2183 1237 2229 1292 si
2314 1253 2422 1294 non
2478 1238 2536 1292 in
2589 1236 2778 1292 eadem
2833 1236 3130 1291 substantia
3205 1234 3634 1293 mortiﬁcationis
3715 1240 3775 1295 in

2182 1326 2376 1393 Adam,
2408 1325 2694 1383 viviﬁeatio
2732 1335 3018 1381 concurrat
3060 1324 3116 1379 in
3146 1325 3379 1381 Christo.
3437 1324 3546 1383 Sed
3595 1326 3777 1384 inter-

2180 1416 2360 1486 posuit
2405 1414 2581 1470 adhuc
2624 1414 2826 1484 aliquid
2876 1414 2945 1469 de
3000 1414 3231 1479 Christo,
3264 1423 3316 1469 et
3371 1422 3587 1486 propter
3631 1433 3775 1489 prae-

2181 1510 2389 1559 sentem
2456 1502 2902 1573 disceptationem
2980 1517 3091 1557 non
3167 1502 3535 1559 omittendum.
3597 1506 3775 1562 Tanto

2179 1592 2352 1662 magis
2396 1590 2538 1646 enim
2588 1589 2899 1662 probabitur
2944 1590 3121 1645 carnis
3172 1592 3519 1663 resurrectio,
3568 1605 3772 1664 quanto

2177 1679 2449 1735 Christum
2506 1681 2622 1750 ejus
2663 1678 2761 1735 Dei
2809 1681 3113 1746 ostendero,
3152 1680 3297 1753 apud
3328 1698 3488 1753 quem
3535 1682 3773 1741 creditur

468 1775 749 1847 Siquidem
781 1749 1361 1842 semper'resurrectio
1417 1770 1595 1827 carnis
1638 1749 1895 1844 negatur.
1946 1772 2062 1828 (Σω-
2098 1749 2142 1828 Β
2170 1769 2349 1824 carnis
2378 1768 2722 1826 resurrectio.
2760 1768 2893 1824 Cum
2927 1768 3056 1825 dicit
3087 1786 3100 1823 :
3139 1769 3363 1842 Oportet
3390 1770 3543 1827 enim
3570 1788 3771 1843 regna-

468 1873 663 1932 terum,
740 1859 973 1915 animam
1050 1866 1104 1913 et
1163 1857 1487 1929 sapientium
1560 1860 1744 1930 plures
1822 1859 2060 1917 divinam

466 1952 817 2014 vindicantes,
859 1947 1063 2003 salvam
1100 1948 1517 2021 repromittunt;
1565 1957 1617 2005 et
1646 1949 1841 2022 vulgus
1881 1951 2057 2022 ipsum

461 2054 525 2095 ea
593 2035 1013 2110 praesumptione
1074 2035 1360 2094 defunctos
1423 2037 1572 2103 colit,
1668 2055 1774 2110 qua
1852 2039 2059 2095 animas

460 2144 650 2187 eorum
725 2142 940 2183 manere
1006 2126 1246 2183 conﬁdit.
1332 2128 1622 2193 Caeterum,
1688 2143 1918 2199 corpora
1970 2138 2060 2185 aut

460 2217 676 2290 ignibus
719 2216 919 2287 statim,
962 2222 1053 2271 aut
1099 2215 1246 2282 feris,
1296 2221 1388 2271 aut
1426 2215 1592 2272 etiam
1644 2216 2059 2289 diligentissime

456 2307 691 2373 condita,
776 2306 1109 2378 temporibus
1179 2315 1357 2361 tamen
1443 2305 1644 2361 aboleri
1718 2304 2055 2361 manifestum

458 2404 563 2452 est.
595 2394 651 2452 Si
690 2410 823 2467 ergo
866 2393 1044 2450 carnis
1084 2393 1537 2449 resurrectionem
1596 2404 1852 2465 negantes
1898 2395 2055 2466 Apo-

456 2485 632 2541 stolus
660 2483 921 2549 retundit,
962 2483 1147 2555 utique
1175 2484 1440 2539 adversus
1486 2483 1606 2538 illos
1652 2491 1848 2551 tuetur,
1906 2484 2054 2554 quod

451 2573 530 2628 illi
562 2574 853 2646 negabant,
883 2572 1064 2628 carnis
1105 2570 1309 2628 scilicet
1352 2571 1825 2629 resurrectionem.
1877 2572 2054 2628 Habes

452 2661 775 2734 compendio
825 2675 1166 2733 responsum.
1215 2661 1423 2716 Cmtera
1474 2661 1583 2731 jam
1634 2677 1696 2716 ex
1738 2660 2048 2719 abundanti.

448 2753 586 2807 Nam
615 2760 669 2808 et
720 2751 900 2823 ipsum
946 2749 1094 2822 quod
1149 2757 1484 2807 mortuorum
1540 2749 1864 2806 resurrectio
1919 2750 2051 2806 dici-

448 2850 553 2913 tur,
643 2840 811 2913 exigit
883 2839 1102 2897 defendi
1179 2839 1533 2912 proprietates
1629 2840 2037 2897 vocabulorum.

446 2932 716 2988 Mortuum
770 2931 795 2967 8
849 2931 1033 3002 itaque
1080 2927 1340 2986 vocabulo
1395 2944 1505 2985 non
1572 2935 1677 2999 est,
1734 2928 1839 2984 nisi
1895 2929 2041 3001 quod

2168 1875 2230 1916 re
2274 1873 2423 1925 eum,
2465 1859 2637 1916 donec
2661 1861 2841 1932 ponat
2868 1858 3127 1915 inimicos
3154 1860 3274 1931 ejus
3298 1860 3397 1917 sub
3408 1861 3575 1933 pedes
3602 1864 3767 1934 ejus;

2164 1949 2275 2018 jam
2312 1949 2533 2019 quidem
2553 1956 2607 2003 et
2636 1962 2699 2003 ex
2730 1948 2832 2004 hoc
2879 1947 3107 2003 ultorem
3155 1947 3328 2002 Deum
3372 1948 3554 2018 edicit,
3600 1958 3764 2022 atque

2165 2035 2359 2091 exinde
2380 2036 2559 2108 ipsum
2605 2036 2697 2108 qui
2745 2036 2847 2092 hoc
2904 2035 3115 2091 Christo
3168 2036 3538 2108 repromiserit
3583 2037 3760 2108 (Psal.

2166 2125 2287 2197 cxx)
2319 2143 2329 2180 :
2376 2125 2510 2182 Sede
2538 2125 2610 2182 ad
2638 2126 2934 2182 dexteram
2962 2142 3165 2193 meam,
3209 2126 3382 2182 donec
3409 2141 3615 2200 ponam
3642 2129 3761 2184 ini-

2164 2216 2335 2275 micos
2366 2220 2489 2274 tuos
2514 2216 2817 2273 scabellum
2840 2215 3046 2289 pedum
3086 2219 3350 2283 tuorum;
3395 2216 3610 2289 Virgam
3638 2219 3760 2273 vir-

2165 2307 2303 2363 tutis
2328 2310 2442 2364 tute
2461 2309 2689 2364 emittet
2718 2308 2989 2362 Dominus
3028 2319 3101 2361 ea:
3141 2306 3297 2377 Sion,
3330 2309 3391 2363 et
3445 2307 3763 2364 dominabi-

2166 2398 2262 2450 tur
2291 2395 2334 2432 11
2391 2397 2453 2450 in
2504 2395 2685 2453 medio
2732 2396 3100 2451 inimicorum
3144 2398 3416 2463 tuorum;
3452 2398 3657 2463 tecum,
3701 2406 3762 2453 et

2161 2492 2353 2540 caetera
2397 2483 2464 2539 12.
2515 2483 2623 2539 Sed
2670 2498 2892 2539 necesse
2940 2490 3043 2550 est,
3098 2485 3166 2541 ad
3205 2499 3381 2540 meam
3435 2485 3759 2541 sententiam

2160 2572 2431 2643 pertinere
2459 2570 2746 2627 defendam
2796 2588 2889 2628 eas
2929 2572 3252 2643 Scripturas,
3306 2590 3442 2645 quas
3478 2582 3531 2631 et
3581 2575 3758 2630 Judaei

2159 2661 2312 2718 nobis
2348 2677 2571 2719 avocare
2609 2672 2874 2719 conantur
2899 2660 3037 2735 (27).
3088 2662 3282 2719 Dicunt
3337 2664 3567 2735 denique
3610 2666 3759 2722 hunc

2158 2751 2426 2807 Psalmum
2461 2751 2635 2821 (Psal.
2669 2752 2785 2823 cxx)
2814 2750 2870 2806 in
2900 2751 3193 2808 Ezechiam
3222 2751 3502 2821 cecinisse,
3534 2753 3658 2826 quia
3708 2755 3759 2811 is

2159 2839 2357 2895 sederit
2384 2839 2449 2894 ad
2480 2840 2753 2895 dexteram
2781 2840 2989 2912 templi,
3018 2848 3072 2896 et
3101 2842 3286 2897 hostes
3333 2842 3451 2913 ejus
3498 2843 3755 2900 averterit

2149 2927 2297 2983 Deus
2325 2936 2378 2983 et
2396 2928 2753 2999 absumpserit
2782 2928 2874 2997 (IV
2904 2930 3033 3001 Reg.
3063 2931 3223 3001 xm);
3257 2938 3536 3003 prOpterea
3562 2930 3753 3002 igitur,

444 3018 625 3074 amisit
652 3017 904 3087 animam,
953 3016 1020 3073 de
1057 3018 1214 3087 cujus
1259 3016 1508 3073 facultate
1554 3017 1786 3075 vivebat.
1841 3016 2050 3089 Corpus
2081 3038 2123 3117 ο
2152 3024 2206 3073 et
2233 3021 2369 3074 ante
2394 3018 2705 3089 luciferum
2725 3032 2795 3074 ea:
2817 3020 2977 3075 utero
2997 3020 3263 3089 generavi
3281 3023 3354 3084 te,
3385 3017 3441 3072 in
3468 3018 3755 3075 Ezechiam

438 3116 527 3164 est
581 3107 726 3180 quod
782 3105 976 3162 amittit
1036 3106 1289 3176 animam,
1325 3113 1381 3162 et
1438 3106 1730 3163 amittendo
1793 3105 1853 3162 ﬁt
1899 3123 2046 3164 mor-

444 3208 628 3254 tuum:
688 3196 758 3251 ita
811 3196 1032 3254 mortui
1087 3196 1407 3253 vocabulum
1472 3196 1686 3269 corpori
1763 3197 2038 3269 competit.

444 3288 631 3355 Porro,
690 3284 737 3339 si
793 3282 1097 3341 resurectio
1146 3283 1344 3339 mortui
1398 3294 1503 3351 est,
1545 3292 1817 3340 mortuum
1865 3294 2042 3341 autem

438 3391 549 3432 non
594 3372 737 3431 aliud
781 3381 866 3431 est
902 3388 1062 3444 quam
1101 3387 1317 3444 corpus,
1366 3374 1611 3442 corporis
1651 3374 1752 3430 erit
1800 3389 2041 3431 resurre-

439 3465 569 3521 ctio.
627 3463 719 3520 Sic
771 3470 825 3518 et
871 3463 1304 3519 resurrectionis
1350 3461 1673 3519 vocabulum
1727 3477 1838 3518 non
1876 3462 2041 3519 aliam

442 3568 558 3609 rem
604 3550 861 3621 vindicat,
923 3566 1087 3623 quam
1137 3565 1261 3621 qua:
1316 3548 1533 3606 cecidit.
1592 3551 1829 3624 Surgere
1894 3552 2040 3607 enim

440 3648 619 3713 potest
646 3639 751 3694 dici
792 3646 847 3694 et
890 3638 1035 3707 quod
1059 3634 1228 3692 492
1262 3638 1485 3694 omnino
1512 3653 1623 3694 non
1656 3638 1870 3705 cecidit,
1892 3641 2039 3711 quod

441 3743 658 3797 semper
683 3735 827 3781 retro
852 3726 1054 3797 jacuit;
1100 3740 1387 3797 resurgere
1440 3735 1617 3783 autem
1665 3743 1776 3783 non
1802 3738 1884 3784 est
1936 3729 2040 3784 nisi

436 3817 561 3886 ejus
603 3815 750 3887 quod
796 3814 1008 3870 cecidit.
1076 3816 1276 3869 Iterum
1333 3814 1479 3871 enim
1540 3816 1834 3889 surgendo,
1910 3818 2040 3889 quia

438 3904 657 3971 cecidit,
717 3918 999 3975 resurgere
1050 3901 1266 3957 dicitur.
1325 3906 1401 3960 Re
1456 3905 1596 3959 enim
1670 3905 1876 3977 syllaba
1930 3906 2037 3963 ite-

434 3992 633 4051 rationi
704 4006 923 4063 semper
996 3990 1299 4048 adhibetur.
1357 3992 1563 4049 Cadere
1615 4010 1746 4069 ergo
1810 3995 2038 4052 dicimus

435 4100 636 4153 corpus
664 4083 721 4138 in
752 4090 950 4137 terram
981 4096 1082 4155 per
1108 4089 1360 4150 mortem,
1397 4082 1535 4139 sicut
1565 4091 1618 4141 et
1638 4100 1724 4141 res
1760 4085 1877 4157 ipsa
1923 4095 2035 4143 tes-

437 4182 602 4245 tatur,
626 4190 689 4230 ex
717 4172 817 4229 Dei
852 4172 999 4243 lege;
1034 4175 1247 4243 corpori
1277 4172 1422 4228 enim
1474 4174 1675 4231 dictum
1730 4184 1816 4233 est
1870 4175 2031 4248 (Gen.

436 4282 521 4336 ιιι,
554 4265 688 4338 19);
746 4266 911 4321 Terra
940 4278 1019 4333 es,
1068 4266 1125 4319 et
1171 4264 1232 4318 in
1292 4267 1506 4322 terram
1556 4264 1683 4323 ibis.
1743 4266 1825 4322 lta
1888 4266 2033 4337 quod

2157 3107 2462 3173 convenire,
2513 3113 2567 3163 et
2620 3106 2674 3161 in
2718 3106 2764 3144 13
2794 3105 3038 3161 Ezechiae
3092 3106 3425 3163 nativitatem
3459 3108 3593 3179 (28).
3639 3110 3752 3165 Nos

2156 3194 2366 3251 edimus
2421 3194 2705 3268 Evangelia
2763 3194 2909 3267 (29),
2964 3194 3030 3250 de
3085 3210 3317 3266 quorum
3376 3194 3482 3252 ﬁde
3546 3197 3750 3269 aliquid

2149 3284 2334 3356 utique
2358 3283 2468 3352 jam
2498 3283 2553 3338 in
2582 3290 2728 3338 tanto
2773 3297 2938 3354 Opere
2978 3282 3110 3339 istos
3167 3282 3521 3340 confirmasse
3576 3287 3751 3341 debe-

2150 3388 2271 3428 mus
2308 3372 2437 3443 (30),
2470 3379 2727 3428 nocturna
2756 3372 3033 3427 nativitate
3063 3371 3395 3428 declarantia
3434 3373 3748 3447 Dominum,

2149 3468 2208 3516 ut
2234 3462 2339 3517 hoc
2364 3461 2433 3516 sit
2462 3466 2596 3518 ante
2630 3462 2952 3532 luciferum,
2988 3468 3039 3517 et
3065 3477 3135 3517 ex
3184 3462 3338 3518 stella
3363 3463 3535 3535 Magis
3575 3464 3748 3519 intel-

2148 3549 2305 3616 lecta,
2327 3555 2381 3605 ct
2407 3564 2471 3604 ex
2503 3547 2807 3604 testimonio
2828 3545 3001 3604 493
3030 3548 3230 3621 angeli,
3255 3551 3347 3621 qui
3377 3558 3535 3606 nocte
3557 3558 3749 3623 pasto-

2148 3638 2296 3694 ribus
2324 3636 2664 3694 annuntiavit
2694 3646 2882 3694 natum
2911 3654 3033 3695 esse
3052 3654 3173 3696 cum
3195 3639 3425 3695 maxime
3444 3639 3741 3711 Christum;

2146 3734 2199 3783 et
2227 3744 2292 3783 ex
2320 3728 2439 3784 loco
2464 3736 2687 3798 partus:
2738 3729 2801 3784 in
2831 3727 3211 3786 diversorium
3242 3729 3385 3785 enim
3415 3731 3481 3785 ad
3526 3738 3746 3788 noctem

2146 3816 2485 3873 convenitur.
2524 3816 2775 3873 Fortasse
2815 3833 2881 3873 an
2913 3826 2967 3873 et
3022 3817 3249 3888 mystice
3305 3818 3501 3876 factum
3554 3820 3625 3875 sit
3684 3830 3747 3878 ut

2146 3913 2303 3962 nocte
2331 3906 2575 3962 Christus
2602 3917 2928 3973 nasceretur,
2961 3906 3047 3962 lux
3082 3907 3321 3965 veritatis
3351 3908 3561 3965 futurus
3589 3910 3747 3983 ignes

2145 4000 2333 4056 rantis:
2353 4001 2609 4057 tenebris.
2642 4002 2747 4058 Sed
2768 4017 2869 4059 nec
2894 4005 3160 4076 generari
3210 4008 3263 4059 te
3283 4003 3543 4062 edixisset
3571 4006 3743 4078 Deus,

2144 4090 2248 4145 nisi
2277 4088 2385 4146 ﬁlio
2415 4106 2583 4162 puero
2606 4091 2673 4148 14.
2707 4092 2843 4147 Nam
2864 4091 2964 4149 etsi
2992 4091 3060 4148 de
3092 4100 3204 4149 toto
3239 4094 3445 4167 papula
3484 4095 3557 4150 ait
3603 4094 3740 4166 (Isa.

2142 4179 2215 4245 1):
2266 4178 2435 4235 Filios
2485 4182 2788 4251 generavi;
2837 4180 2931 4236 sed
2973 4194 3083 4236 non
3128 4180 3357 4252 adjecit:
3415 4182 3504 4240 Ex
3551 4186 3740 4242 utero.

2144 4266 2253 4322 Cur
2280 4275 2455 4324 autem
2483 4269 2684 4339 adjecit
2737 4271 2827 4327 Ea:
2864 4274 3047 4338 utero,
3080 4278 3190 4327 tam
3228 4286 3381 4340 vane,
3429 4272 3587 4345 quasi
3634 4273 3741 4329 ali-

1814 4366 2005 4429 Variae
2049 4368 2360 4431 lectiones.

501 4471 526 4510 5
554 4469 834 4543 Ejusmodi
872 4470 1060 4528 Venet.
1088 4466 1317 4543 [Etiam
1342 4468 1464 4543 Lat.
1494 4470 1518 4509 ’⁷
1549 4470 1627 4529 Cu

1658 4488 1858 4547 us_nam
1874 4475 1999 4529 Lat.
2028 4473 2408 4547 tiMortuorum
2425 4474 2586 4547 Pan;
2608 4472 2794 4547 itaque
2821 4474 3091 4547 vocabulo
3107 4476 3297 4535 omitt.
3336 4474 3503 4537 Seml.
3527 4476 3551 4518 9
3579 4477 3745 4535 Cadit

501 4490 526 4510 υ
554 4490 834 4543 ιιμιειῐιοαι
876 4490 1060 4528 Venet.
1090 4490 1113 4501 ν
1142 4490 1317 4524 nuam
1342 4490 1464 4526 Lar.
1503 4490 1515 4509 ι
1549 4490 1846 4581 Cuiusnam
1874 4490 1999 4529 Lat.
2028 4490 2053 4511 °
2071 4490 2408 4530 mortuorum
2426 4490 2586 4543 rara;
2608 4490 2794 4547 Itaque
2821 4490 3091 4533 vocabulo
3107 4490 3297 4535 omitt.
3336 4490 3503 4537 Serm.
3527 4490 3551 4518 ν
3579 4490 3741 4535 Cadit

433 4561 498 4617 q.
534 4543 572 4599 i.
606 4553 646 4599 t.
679 4542 1075 4617 abitACiaccon.
1111 4540 1159 4617 ξς
1173 4540 1456 4617 Quomodo
1486 4545 1629 4617 Lat._
1657 4544 1672 4580 ι
1705 4544 2083 4600 Dominaberis
2112 4547 2285 4605 Fran.
2332 4553 2385 4601 et
2407 4545 2681 4603 dominare
2718 4547 2797 4604 at.
2832 4545 2879 4586 12
2907 4549 2972 4605 Et
3010 4556 3207 4606 cratera
3238 4551 3435 4607 omitt.
3469 4551 3647 4608 Seml.
3692 4552 3741 4591 13

435 4612 574 4673 Ante
631 4615 749 4673 cod.
784 4615 989 4670 Pithce.
1026 4614 1071 4651 ιθ
1111 4612 1255 4668 Vero
1291 4613 1475 4670 Ciacc.
1505 4615 1659 4687 prob.
1700 4618 1831 4672 Jun.

1830 4714 2326 4779 Commentarius.

431 4823 667 4914 ppcratis
711 4819 1103 4914 Mareellinam,
1138 4830 1203 4903 .et
1245 4820 1532 4914 Marcionis
1563 4820 1743 4914 ipsius
1772 4824 2026 4880 feminam
2062 4837 2108 4914 η
2141 4832 2214 4914 tat
2242 4823 2501 4914 adversus
2525 4820 2816 4914 Ebioneos,
2848 4826 2979 4914 liter.
3012 4831 3100 4894 30,
3134 4824 3193 4883 Β.
3223 4826 3589 4914 Epiphanius,
3610 4850 3743 4914 pro-

432 4892 598 4960 illam,
634 4909 796 4968 quam
825 4893 1049 4948 Romam
1080 4892 1299 4949 miserat
1329 4902 1387 4949 ut
1415 4894 1518 4949 sibi
1556 4892 1778 4951 domum
1807 4911 2028 4968 praepa-

428 4966 985 5111 ΐθῗῖἓξῦἓῗθὶμονυῃι
1008 5036 1483 5111 resurrectionem
1506 5037 1774 5111 quomodo
1795 5039 2027 5111 quidam

430 5112 568 5182 tunc
594 5106 880 5182 negarint.
918 5106 1242 5182 sadducmqs
1292 5106 1564 5180 intelligit,
1595 5110 1662 5164 de
1689 5106 1885 5182 quibus
1927 5130 2025 5166 su-

424 5180 611 5249 perius
640 5178 853 5249 egimus
882 5178 1009 5233 satis
1030 5179 1164 5235 fuse.
1196 5179 1277 5232 In.

496 5252 607 5321 (27)
650 5252 835 5305 Judaei
884 5250 1038 5307 nobis
1068 5264 1303 5307 avocare
1339 5256 1643 5307 conantur.
1687 5252 1913 5306 Rabbini
1949 5251 2028 5308 sci

421 5319 563 5389 licet,
590 5319 656 5374 ut
686 5336 837 5375 suam
868 5321 1224 5391 pervicaciam
1259 5328 1529 5385 tueantur,
1565 5338 1595 5375 e
1626 5324 1871 5376 manibus
1896 5340 2023 5379 nos-

422 5392 517 5446 tris
550 5395 726 5447 locum
750 5392 897 5445 illum
928 5392 1205 5445 extrahere
1233 5400 1511 5456 conantur,
1546 5393 1929 5449 dominabitur
1960 5397 2022 5449 in

417 5465 603 5587 {nerito
628 5466 991 5520 inimicorum
1024 5466 1273 5531 tuorum,
1304 5462 1636 5533 explicantes
1673 5466 1740 5519 de
1768 5465 2014 5523 Ezechia.

444 5550 498 5587 ι).

484 5574 602 5675 ξ28)
631 5607 699 5662 Et
720 5608 781 5661 in
814 5604 1058 5662 Ezechiae
1085 5604 1466 5664 nativitatem.
1496 5606 1659 5665 Recte
1688 5607 1832 5666 istud
1862 5606 2014 5666 refu-

2139 4896 2273 4951 bans
2294 4910 2357 4949 ex
2388 4895 2680 4971 Scripturis
2709 4898 3012 4961 Ezechiam,
3058 4916 3181 4955 cum
3225 4895 3542 4971 praediceret
3562 4895 3743 4961 'Is'aias

2135 4982 2256 5042 cap.
2298 4981 2381 5042 vI_1
2406 4984 2419 5022 :
2445 4968 2581 5042 Ecce
2601 4970 3085 5042 virgaconcipiet,
3111 4968 3296 5027 natum
3326 4974 3493 5030 fuisse
3525 4992 3615 5031 an.
3642 4981 3734 5031 11.

2133 5037 2195 5092 Β.
2227 5038 2439 5120 Justino
2470 5037 2707 5120 suffecit;
2724 5039 2901 5097 dicere
2928 5037 3079 5113 quod
3104 5041 3363 5102 Ezechias
3408 5061 3475 5101 ex
3520 5048 3740 5120 virgine

2135 5125 2242 5164 non
2277 5108 2437 5164 fuerit
2466 5121 2638 5167 natus.
2670 5112 2810 5167 Pan.

2208 5181 2705 5260 (2_9)_1_\'os_edimus
2738 5186 3064 5260 Evangetia,
3100 5193 3205 5241 etc.
3264 5186 3364 5260 Hic
3397 5196 3741 5260 protestetur

2131 5253 2274 5333 quod
2331 5253 2717 5333 Marcion_t_um_
2750 5253 2999 5333 Evzmgeii
3031 5255 3189 5333 Lucae
3228 5259 3328 5333 tria
3352 5253 3537 5333 priora
3572 5264 3737 5333 capi-

2132 5330 2212 5398 ta,
2239 5332 2349 5377 tum
2373 5331 2542 5379 totum
2572 5325 2807 5398 Matthtei
2838 5325 3188 5398 Evangelium
3211 5325 3511 5398 rejici'ebat,
3534 5333 3590 5386 af
3593 5325 3737 5391 ferre

2129 5395 2324 5476 volens
2337 5412 2411 5476 _ex
2442 5411 2489 5451 c.
2522 5410 2558 5449 ιι
2584 5397 2745 5476 Lucae
2776 5404 2829 5451 et
2852 5395 3226 5476 c_._1v'Matha_ei
3255 5395 3582 5476 testimonia,
3606 5420 3735 5476 quae

2129 5465 2251 5543 ipsa
2268 5467 2438 5543 etiam
2470 5470 2634 5539 paulo
2664 5468 2813 5537 prius
2844 5469 3044 5543 allegat
3073 5472 3134 5526 B.
3164 5472 3430 5543 Justinus,
3463 5476 3544 5529 In.

2200 5537 2314 5609 (30)
2353 5540 2437 5619 .In.
2472 5537 2644 5619 tanta
2674 5554 2835 5619 opere
2862 5537 3013 5619 Istos
3051 5537 3731 5614 conﬁrmasse'debemus.

2124 5609 2282 5677 Istos,
2313 5609 2565 5666 nimirum
2589 5609 2827 5667 Judr‘eos.
2862 5611 2986 5668 ch.
