3992 6174
250 362 331 422 525
1426 357 1554 420 LIB.
1593 358 1638 418 V
1675 356 1816 418 ADV,

1935 355 2276 418 ARCIONEM.
3392 364 3500 426 5‘26

248 487 344 559 quis
365 484 634 542 hominum
681 501 746 543 ex
773 493 932 543 utero
958 495 1116 542 natus
1143 483 1496 552 dubitaretur,
1533 485 1637 540 nisi
1667 484 1792 558 quia
1833 497 1879 577 Α
1909 501 2098 542 omnes
2130 499 2318 556 reges;
2348 497 2508 555 quem
2538 496 2748 552 omnes,
2787 483 2890 538 nisi
2917 484 3184 541 Christum
3205 489 3233 542 ἢ
3273 491 3340 544 Et
3371 509 3495 548 ser-

245 575 469 633 curiosius
516 575 683 630 voluit
735 575 962 647 intelligi
1009 575 1064 629 in
1120 573 1388 631 Christum
1442 589 1457 630 :
1505 575 1591 630 Ea:
1637 577 1800 631 utero
1833 570 1879 577 ”
1909 573 2064 630 vient
2093 574 2146 627 ei
2174 589 2384 638 omnes,
2417 572 2673 628 nationes
2701 591 2721 639 ;
2756 570 2841 627 cui
2873 586 3063 628 omnes
3094 575 3198 628 nisi
3239 576 3500 634 Christo?

241 665 472 739 generan
500 669 575 730 te,
607 665 660 719 id
681 671 786 737 est,
815 680 882 720 ex
915 662 1032 719 solo
1079 671 1256 733 utero,
1289 663 1408 718 sine
1435 660 1534 718 viri
1573 662 1798 728 semine,
1913 662 2000 718 Sit
2019 678 2223 718 nomen
2253 663 2375 734 ejus
2396 663 2458 716 in
2489 677 2668 716 aevum
2686 681 2705 729 ;
2733 660 2886 730 cujus
2913 676 3109 717 nomen
3139 663 3192 717 in
3219 673 3498 738 aeternum,

239 754 364 810 carni
389 755 652 826 deputans
682 769 744 810 ex
776 761 929 809 utero
961 751 1178 823 spiritus
1205 751 1320 824 (3i)
1347 750 1376 806 τ
1405 749 1566 820 Quod
1591 759 1645 807 et
1673 751 1727 806 in
1757 751 1803 790 15
1910 750 2017 805 nisi
2046 749 2241 807 Christi
2270 750 2298 804 ‘l
2329 754 2470 807 Ante
2503 750 2678 806 solem
2704 750 2957 806 manebit
2975 767 3179 808 nomen
3208 756 3348 825 ejus,
3382 764 3505 812 ante

236 842 337 913 ipso
376 841 460 897 hic
501 841 707 898 accedit
738 859 753 896 :
793 843 867 897 Tu
904 857 960 898 es
1013 841 1266 899 sacerdos
1319 841 1385 896 in
1437 857 1640 898 (svum.
1690 841 1807 896 Nec
1913 839 2078 894 solem
2110 838 2254 893 enim
2285 838 2474 893 Sermo
2503 837 2620 904 Dei,
2663 837 2716 892 id
2749 847 2831 893 est
2870 837 3132 896 Christus.
3165 843 3234 897 Et
3280 842 3506 902 benedi-

237 929 463 986 sacerdos
509 936 684 984 autem
731 928 1008 998 Ezechias,
1040 944 1143 985 nec
1189 929 1244 982 in
1293 943 1490 996 aevum,
1533 927 1632 984 etsi
1660 925 1804 984 fuis-
1913 933 2120 986 centur
2147 931 2211 985 in
2238 928 2660 987 illouniversie
2694 933 2926 1000 gentes;
2960 928 3016 982 in
3045 930 3330 987 Salomone
3359 933 3506 990 nulla

235 1028 322 1075 set.
350 1017 667 1074 Secundum
686 1017 966 1087 ordinem,
1006 1016 1196 1088 inquit,
1231 1016 1640 1074 Melchisedech.
1664 1015 1806 1085 Quid
1913 1017 2058 1073 natio
2104 1017 2464 1088 benedicitur,
2489 1017 2541 1071 in
2569 1016 2782 1073 Christo
2810 1031 2938 1074 vero
2965 1019 3162 1074 omnis.
3194 1017 3334 1087 Quid
3363 1037 3508 1078 nunc

235 1106 486 1174 Ezechias,
547 1106 612 1160 ad
686 1105 1080 1161 Melchisedech
1144 1105 1403 1161 Altissimi
1451 1105 1802 1174 sacerdotem,
1914 1105 2040 1161 siet
2068 1107 2240 1161 Deum
2269 1122 2389 1162 cum
2441 1107 2488 1144 1⁸
2543 1107 2792 1162 Psalmus
2845 1106 2949 1162 iste
2984 1107 3380 1165 demonstrat?
3436 1115 3506 1168 Et

233 1203 276 1252 et
301 1194 512 1268 quidem
557 1209 667 1249 non
693 1193 1097 1263 circumcisum,
1130 1194 1222 1265 qui
1252 1193 1521 1248 Abraham
1570 1192 1807 1249 circum-
1915 1193 2139 1251 beatum
2170 1211 2298 1250 eum
2344 1194 2554 1259 dicent,
2584 1193 2836 1265 quoniam
2867 1193 3188 1252 benedictus
3233 1198 3507 1255 Dominus

231 1284 381 1341 cisum
406 1284 522 1353 jam
573 1290 792 1354 accepta
829 1283 1157 1339 decimarum
1187 1282 1454 1339 oblatione
1484 1280 1808 1338 benedixit?
1916 1283 2062 1340 Deus
2082 1282 2428 1356 Israelis,qui
2444 1284 2587 1352 facit
2605 1283 2894 1338 mirabilia
2909 1283 3083 1341 solus.
3111 1286 3509 1344 Benictumno—

229 1376 290 1430 At
314 1373 365 1426 in
395 1371 668 1428 Christum
715 1371 998 1428 conveniet
1042 1372 1174 1427 ordo
1231 1369 1647 1438 Melchisedech,
1676 1386 1810 1444 quo-
1916 1389 2047 1429 men
2064 1372 2260 1444 gloria:
2279 1374 2422 1443 ejus,
2442 1375 2497 1430 et
2518 1371 2825 1444 replebitur
2853 1373 3119 1430 universa
3147 1377 3300 1431 terra
3325 1375 3508 1446 gloria

228 1463 356 1519 niam
413 1459 634 1533 quidem
685 1459 933 1516 Christus
978 1459 1232 1533 proprius
1278 1466 1330 1516 et
1381 1459 1654 1532 legitimus
1711 1458 1812 1515 Dei
1918 1462 2060 1533 ejus.
2091 1463 2312 1526 Contra,
2361 1459 2635 1526 Salomon,
2676 1459 2849 1515 audeo
2905 1459 3106 1527 dicere,
3151 1461 3309 1516 etiam
3341 1479 3508 1534 quam

227 1551 454 1615 antistes,
509 1549 812 1622 prteputiati
859 1548 1141 1605 sacerdotii
1186 1549 1446 1622 pontifex,
1488 1556 1599 1605 tum
1627 1547 1682 1604 in
1713 1564 1810 1604 na-
1919 1548 2107 1606 habuit
2135 1549 2188 1605 in
2217 1549 2332 1605 Deo
2361 1548 2588 1622 gloriam
2629 1548 2831 1614 amisit,
2863 1565 2958 1619 per
2987 1549 3271 1606 mulierem
3301 1551 3355 1606 in
3387 1553 3506 1610 ido-

227 1640 449 1697 tionibus
477 1637 819 1712 constitutus,
850 1654 882 1694 a
911 1637 1106 1712 quibus
1147 1638 1325 1712 magis
1381 1637 1584 1710 suspici
1629 1637 1802 1694 habe-
1917 1639 2182 1698 lolatriam
2221 1653 2391 1711 usque
2438 1644 2756 1710 pertractus.
2805 1638 2991 1710 Itaque
3043 1656 3164 1696 cum
3214 1641 3269 1695 in
3323 1642 3508 1701 medio

227 1731 328 1796 bat,
379 1728 426 1769 ιδ
473 1727 816 1802 cOgnituram
844 1743 902 1784 se
947 1727 1270 1802 quandoque
1315 1726 1803 1794 circumcisionem,
1839 1781 1881 1805 η
1913 1728 2125 1801 psalmo
2154 1727 2286 1784 illud
2333 1741 2551 1800 quoque
2580 1725 2812 1798 positum
2840 1727 2946 1782 sit:
2969 1728 3198 1785 Inimici
3227 1732 3349 1802 ejus
3377 1733 3508 1805 pul-

228 1827 278 1876 et
304 1781 526 1874 hbrahae
542 1781 794 1889 'gentem,
860 1781 984 1872 cur;
1027 1781 1219 1873 ultimb
1266 1814 1496 1883 venerit,
1563 1781 1807 1886 accepta;
1838 1781 1883 1860 Β
1914 1781 2102 1877 berem
2144 1781 2382 1890 litigent,
2413 1781 2642 1886 sdbjeeti
2693 1815 2874 1886 utique
2921 1816 3153 1887 pedibus
3199 1781 3405 1889 ipsius,r
3439 1819 3508 1876 ad

234 1908 369 1965 tione
419 1916 470 1962 et
509 1904 886 1961 benedictione
915 1903 1247 1978 dignabitur.
1292 1905 1385 1961 Est
1411 1911 1464 1960 et
1489 1905 1625 1960 alius
1653 1903 1807 1961 Psal-
1915 1905 2050 1962 illud
2102 1905 2408 1977 pertinebit,
2461 1912 2675 1976 propter
2727 1902 2874 1975 quod
2940 1903 3086 1962 hunc
3137 1905 3401 1976 psalmum
3455 1917 3510 1965 et

235 2013 350 2053 mus
376 1995 547 2068 (Lm)
571 1993 643 2050 ita
671 1993 1161 2066 incipienszDe-us,
1183 1993 1475 2067 judicium
1498 1998 1660 2051 tuum
1687 1995 1810 2067 regi
1915 1993 2091 2060 intuli,
2141 2001 2194 2049 et
2246 1992 2314 2050 ad
2361 2009 2533 2050 meam
2550 1991 2894 2061 ,sententiam
2933 1991 3175 2064 defendi,
3203 2002 3264 2050 ut
3307 1993 3510 2053 conﬁr-

228 2087 312 2155 da,
332 2083 384 2139 id
405 2090 502 2149 est,
530 2081 1662 2156 Christoregnaturo:etjustitiamtuam
1690 2082 1808 2152 ﬁlio
1915 2082 2172 2142 maverim
2209 2091 2264 2139 et
2318 2081 2473 2155 regni
2502 2081 2754 2156 gloriam,
2815 2087 2871 2136 et
2926 2080 3267 2141 inimicorum
3316 2084 3508 2155 subje-

226 2175 382 2246 regis,
421 2171 478 2226 id
523 2179 622 2241 est,
670 2170 878 2244 populo
916 2169 1134 2230 Christi.
1165 2170 1286 2230 Filii
1329 2171 1471 2227 enim
1496 2175 1617 2244 ejus
1662 2179 1805 2241 sunt,
1913 2173 2170 2243 ctionem,
2224 2171 2523 2228 secundum
2575 2169 2988 2243 dispositionem
3046 2171 3336 2242 Creatoris,
3379 2189 3509 2232 cou-

225 2264 306 2338 qui
349 2262 407 2318 in
461 2261 581 2335 ipso
629 2269 1005 2320 renascuntur.
1072 2261 1177 2319 Sed
1221 2263 1266 2304 ιτ
1321 2268 1377 2318 et
1422 2262 1512 2318 hic
1565 2261 1808 2319 Psalmus
1916 2268 2198 2320 secuturus
2244 2259 2310 2331 19,
2350 2276 2460 2316 non
2497 2260 2660 2316 alium
2724 2259 3070 2330 credendum,
3132 2277 3294 2334 quam
3336 2262 3509 2321 Crea-

225 2348 492 2408 Salomoni
548 2364 744 2406 canere
789 2349 1036 2424 dicetur;
1066 2364 1188 2423 quae
1215 2358 1390 2407 tamen
1435 2348 1536 2406 soli
1583 2365 1808 2421 compe-

225 2447 335 2496 tunt
375 2438 610 2507 Christo,
659 2437 854 2496 docere
908 2452 1018 2494 non
1063 2445 1355 2511 potuerunt
1410 2438 1569 2494 etiam
1617 2446 1810 2495 caetera

226 2547 324 2589 non
348 2529 414 2584 ad
443 2527 806 2597 Salomonem,
839 2528 935 2608 sed
962 2529 1030 2583 ad
1058 2528 1331 2586 Christum
1360 2527 1630 2600 pertinere
1649 2529 1678 2588 ?
1704 2531 1813 2586 De-

225 2620 456 2684 scendit,
478 2616 666 2689 inquit,
699 2621 971 2690 tanquam
998 2617 1175 2676 imber
1191 2635 1362 2692 super
1380 2620 1560 2676 vellus
1581 2622 1638 2676 et
1656 2620 1812 2676 velut

227 2707 389 2764 stilla:
442 2704 799 2763 destillantes
834 2707 898 2762 in
935 2710 1168 2764 terram.
1212 2705 1481 2762 Placidum
1522 2706 1813 2763 decensum

228 2795 340 2865 ejus
391 2801 445 2850 et
495 2791 866 2850 insensibilem
912 2793 1221 2850 describens
1270 2791 1431 2851 494
1469 2794 1535 2852 de
1581 2795 1719 2852 cmlo
1757 2793 1814 2850 in

228 2898 465 2939 carnem.
513 2881 772 2938 Salomon
801 2888 977 2939 autem
1015 2881 1118 2939 etsi
1173 2882 1481 2940 desscendit
1544 2883 1813 2951 alicunde,

1917 2351 2069 2409 toris.

2555 2490 2784 2550 CAPUT
2818 2492 2894 2550 X.

1987 2617 2350 2676 Revertamur
2375 2633 2519 2674 nunc
2557 2617 2624 2673 ad
2651 2618 3125 2686 resurrectionem,
3158 2618 3245 2676 cui
3289 2628 3344 2678 et
3379 2622 3513 2680 alias

1921 2705 2136 2779 quidem
2165 2707 2380 2778 pr0prio
2410 2705 2684 2762 volumine
2730 2705 2846 2777 (32)
2873 2706 3230 2765 satisfecimus
3259 2711 3514 2769 omnibus

1921 2794 2192 2851 haereticis
2239 2795 2585 2862 resistentes;
2617 2795 2713 2849 sed
2756 2810 2859 2850 nec
2887 2794 2974 2850 hic
3002 2795 3256 2852 desumus
3292 2811 3514 2872 prepter

1923 2899 2019 2939 eos
2039 2883 2130 2954 qui
2149 2882 2280 2938 illud
2310 2883 2632 2954 opusculum
2661 2881 2913 2954 ignorant
2942 2901 2957 2953 ;
2994 2885 3158 2954 Quid,
3180 2885 3274 2953 ait,
3294 2889 3516 2959 facient

225 2987 324 3028 non
392 2981 572 3027 tamen
620 2968 761 3025 sicut
813 2969 1004 3041 imber,
1061 2970 1189 3042 quia
1233 2987 1341 3028 non
1403 2971 1468 3026 de
1496 2972 1654 3028 coelo.
1705 2969 1816 3026 Sed
1851 3037 1884 3045 _
1922 2973 2017 3045 qui
2039 2988 2142 3044 pro
2167 2971 2408 3028 mortuis
2436 2971 2814 3042 baptizantur
2832 2972 2973 3043 (33),
2995 2976 3046 3030 si
3065 2977 3418 3034 mortuinon
3435 2995 3518 3037 re-

226 3059 553 3131 simpliciora
580 3073 804 3131 qumque
830 3037 1150 3132 praponam.
1181 3059 1599 3126 Dominabitur,
1624 3059 1813 3131 inquit,
1846 3037 1889 3114 θ
1921 3037 2160 3132 surgunt
2190 3057 2234 3129 (Ι
2269 3059 2390 3115 Cor.
2421 3037 2520 3128 xv)
2539 3060 2568 3114 ‘?
2595 3055 2802 3114 Viderit
2821 3037 3085 3118 institutio
3105 3062 3224 3119 ista.
3255 3066 3517 3124 Kalendae

221 3167 253 3204 a
265 3151 414 3204 mari
426 3146 494 3203 ad
513 3150 754 3215 mare,et
769 3164 804 3203 a
812 3147 1050 3216 ﬂumine
1063 3164 1234 3223 usque
1249 3149 1321 3204 ad
1334 3151 1606 3206 terminos
1628 3154 1820 3206 terrae.

221 3239 340 3293 Hoc
402 3235 500 3292 soli
546 3235 731 3292 datum
794 3243 875 3292 est
929 3236 1161 3294 Christo.
1215 3237 1502 3305 Caeterum,
1563 3238 1821 3295 Salomon

221 3324 308 3381 uni
333 3334 387 3382 et
421 3323 650 3380 modicae
694 3323 900 3380 Iudaeae
936 3323 1248 3398 imperavit.
1285 3325 1613 3383 Adorabunt
1651 3327 1821 3383 illum

1930 3149 1976 3206 si
2011 3148 2150 3204 forte
2202 3146 2506 3202 Februariae
2563 3148 2970 3217 respondebunt
2996 3149 3093 3214 illi,
3147 3167 3242 3221 pro
3288 3157 3519 3212 mortuis

1933 3234 2101 3294 495
2130 3243 2312 3309 petere
2339 3234 2389 3272 2ο
2417 3233 2552 3305 (34).
2601 3233 2729 3290 Noli
2775 3251 2909 3308 ergo
2953 3237 3274 3308 Apostolum
3312 3257 3516 3301 novum

1928 3327 2108 3382 statim
2144 3331 2425 3382 auctorem
2453 3331 2547 3380 aut
2597 3323 3035 3384 contirmatorem
3063 3327 3183 3397 ejus
3229 3329 3514 3402 denotare,

288 3503 338 3542 15
375 3501 542 3572 Quod
579 3518 644 3560 ex
673 3501 811 3574 ipso.
838 3501 959 3559 Huc
990 3503 1211 3562 Oberth.
1240 3503 1286 3543 ¹δ
1323 3503 1394 3560 Et
1441 3502 1568 3561 add.
1591 3423 1781 3560 :22?
1803 3505 1816 3543 ³

1935 3443 2186 3562 Ῑέἓξέν.
2218 3501 2346 3558 Lat.
2383 3500 2553 3558 Seml.
2591 3499 2814 3559 Oberth.
2875 3502 2923 3541 ιθ
2975 3503 3156 3562 Meum
3184 3507 3364 3569 Rhen.
3396 3525 3521 3567 cum

228 3575 407 3633 Venet.
445 3575 498 3614 ιθ
525 3576 957 3632 Consecuturum
981 3578 1143 3632 Pam.
1175 3575 1226 3614 ³ο
1253 3577 1498 3634 Peterent
1528 3578 1732 3636 Wouw.

1619 3647 2117 3714 Commentarius.

288 3747 409 3820 (3t)
451 3749 655 3829 Carnis
689 3750 978 3829 deputans
1000 3767 1074 3829 ea;
1119 3763 1283 3829 utero
1311 3754 1564 3828 spiritus.
1594 3753 1827 3829 Spiritus
1935 3769 1968 3810 a
1997 3751 2323 3829 quibusdam
2357 3749 2685 3829 institutum,
2717 3757 2777 3829 ut
2801 3767 2896 3829 pro
2925 3754 3154 3829 mortuis
3190 3757 3526 3829 baptizaren—

219 3830 440 3898 sanctus
471 3827 528 3898 in
555 3837 621 3898 eo
643 3822 846 3898 psalmo
875 3825 1034 3898 verba
1062 3826 1211 3882 haec:
1244 3822 1542 3898 Ex'utero,
1569 3822 1714 3881 carni
1743 3826 1826 3882 si—
1934 3822 2040 3882 tur’.
2088 3825 2296 3881 Deinde
2322 3823 2430 3878 ait:
2461 3822 2667 3898 Viderit
2706 3823 3001 3898 institutio
3032 3827 3145 3883 ista
3179 3822 3276 3884 (ιη’
3304 3834 3524 3890 ratione

219 3892 549 3969 mitigandae
578 3892 874 3969 deputavit.
913 3895 1080 3969 BIG._
1181 3968 1186 3969 7
1334 3968 1342 3969 7
1530 3892 1540 3898 ’
1932 3899 2127 3969 aliqua
2188 3898 2442 3969 nitatur.
2476 3894 2565 3969 _Et
2621 3895 2802 3969 statim
2851 3908 3125 3969 comparat
3179 3900 3256 3955 illi
3322 3919 3524 3960 morem

286 3965 405 4047 (327)
441 3967 680 4048 Iiroprio
706 3965 1013 4024 volumine.
1038 3967 1134 4026 Est
1157 3968 1292 4026 liber
1311 3968 1378 4027 de
1398 3970 1827 4028 Resurrectione
1931 3964 2206 4048 ethnicum
2233 3984 2249 4023 :
2280 3964 2810 4048 Kalendae,_inq7t1it,
2869 3964 3152 4048 februariis
3201 3977 3526 4046 reapondent

214 4040 432 4114 carnis.
464 4035 646 4114 ξεῇιῐι.
915 4111 925 4114 _
987 4110 1001 4114 _
1130 4113 1137 4114 7
1409 4111 1434 4114 _
1478 4111 1488 4114 _
1715 4113 1725 4114 7
1929 4047 1981 4114 et
2018 4040 2321 4114 comparari
2377 4043 2603 4114 possunt
2646 4035 3168 4114 illi,__pro___mortu7is
3198 4035 3420 4114 pet'ere,
3451 4054 3526 4114 τῷ

282 4109 408 4233 (31:?
451 4107 566 4173 Qui
581 4123 681 4180 pro
708 4111 954 4167 mortuis
981 4110 1370 4186 baptizantur.
1401 4111 1528 4169 Scio
1559 4113 1816 4185 quosdam

285 4193 326 4232 n
398 4194 431 4233 e
461 4180 729 4233 baptismo
767 4181 997 4233 viventis
1025 4199 1124 4233 nro
1155 4193 1368 4233 mortuo
1399 4185 1682 4233 exnlicare-
1723 4185 1816 4233 sed

1935 4102 2292 4180 εὕχεσθαίῢπὲρ
2321 4102 2417 4162 τῐὶἶν
2460 4112 2663 4179 νεκρῶν,
2712 4102 2806 4162 ἰ11ἰ’
2837 4107 3041 4166 scilicet
3083 4102 3229 4168 ritui'
3267 4117 3381 4172 sive
3406 4102 3523 4171 ’ίηῖ-

1935 4180 2218 4233 stitutioni.
2275 4194 2472 4233 nemne
2517 4177 2799 4233 baptizari.
2855 4194 2955 4233 seu
3006 4190 3190 4233 uetere
3236 4199 3335 4233 nm
3370 4200 3522 4233 mor-

210 4190 326 4265 non
357 4177 431 4265 de
461 4177 729 4265 baptismo
767 4181 997 4264 viventis
1025 4177 1124 4254 p'ro
1155 4193 1368 4265 mortuo
1384 4177 1684 4265 explicare,
1723 4185 1822 4239 sed
1929 4177 2218 4265 stitutioni,
2272 4177 2472 4265 nempe
2517 4177 2799 4265 baptizari,
2827 4264 2832 4265 7
2849 4194 2955 4265 seu
3006 4190 3190 4265 petere
3236 4199 3335 4265 pro
3369 4200 3522 4241 mor-

209 4247 283 4330 de
325 4247 677 4330 absolutione
730 4253 974 4324 corporis
1012 4247 1231 4330 propter
1276 4247 1485 4312 sordes-
1499 4269 1638 4326 quas
1671 4247 1820 4312 'con-
1928 4253 2052 4309 tuis.
2082 4253 2219 4308 Nam
2255 4247 2553 4330 et7fébr7ua
2592 4247 2933 4330 celebrantur
2975 4247 3076 4330 pro
3105 4247 3279 4330 charis
3317 4269 3529 4327 cogna-

207 4321 447 4375 traxerit
468 4337 534 4377 ex
557 4331 808 4378 contactu
825 4320 1050 4380 'mortui.
1083 4320 1162 4383 ΠΕ
1191 4327 1289 4382 Pa.
1517 4320 1536 4326 ”
1927 4331 2104 4382 torum
2151 4320 2396 4387 mortuis,
2439 4328 2602 4387 atque
2643 4320 2770 4375 hinc
2815 4320 3013 4377 nomen
3059 4323 3291 4383 inditum
3345 4320 3522 4386 m'ensi

280 4390 422 4494 7(397
453 4393 668 4450 Viderit
696 4395 1141 4494 ἱπεὲιτίίξριξδτα.
1181 4395 1444 4494 Kalendae
1473 4397 1523 4494 si
1553 4397 1826 4494 fortelf‘e-
1862 4414 1908 4494 υ
1934 4394 2224 4460 februario,
2259 4401 2314 4448 et
2333 4390 2592 4448 Kalendis
2621 4390 2929 4446 februariis.
2962 4390 3208 4470 Ovidius,

202 4458 478 4543 lii-uaria
497 4465 910 4537 respondebunt
928 4469 1038 4548 illi,
1037 4469 1400 4596 gromortuis
1417 4458 1830 4540 peterent.ch

202 4544 498 4596 scriptura
553 4544 636 4591 est
665 4537 987 4596 exemplaris
1087 4556 1239 4595 rsini.
1278 4541 1432 4596 Nunc
1485 4555 1612 4596 vero
1667 4542 1830 4596 talem

199 4537 498 4609 scriptura
533 4544 636 4609 _es_t
665 4537 987 4609 exemplaris
1037 4537 1239 4596 Ursini.
1278 4537 1433 4597 Nunc
1485 4555 1612 4596 vero
1667 4542 1830 4597 talem

199 4601 761 4686 g'eriulliani‘fuisse
809 4601 916 4686 rion
973 4610 1256 4686 existimo.
1290 4610 1828 4686 Nam7inte7rroganti

195 4675 492 4755 Apostolo
513 4694 529 4755 :7
557 4678 698 4746 Quid
709 4680 927 4750 facient
945 4683 1162 4755 quipro
1179 4685 1417 4739 mortuis
1437 4675 1830 4755 baptizan'tur,

199 4749 250 4801 si
280 4750 529 4825 emortui
549 4765 674 4825 non
695 4749 1014 4825 resurgunt
1034 4749 1074 4808 5"
1089 4753 1317 4810 absurde
1348 4749 1666 4825 reapohsum
1692 4749 1829 4811 fuis;

197 4819 614 4899 set,7_Kalendw
630 4819 938 4899 februariis
952 4839 1056 4899 pro
1070 4826 1312 4899 mortuis
1323 4819 1602 4899 peterent.
1616 4825 1828 4882 Etenim

197 4889 992 4978 nihilpr‘optereaﬂjuvarettir
1015 4889 1464 4978 7institutio'ill7a,
1506 4913 1675 4978 quam
1714 4914 1830 4955 aevo

199 4961 627 5040 apostolorum
676 4961 847 5040 fuisse
889 4967 1349 5040 apudquosdam
1387 4961 1684 5039 Septimius
1711 4984 1830 5025 cre-

428 5033 698 5127 liarfiisr}
743 5030 1487 5127 eteeertuisllieinpehoé
1523 5042 1833 5115 ίηιθιτοεθ·
1940 5030 2068 5104 θέὶέ
2095 5030 2628 5127 enim-illm“?
2656 5051 2896 5127 “sus-9"
2934 5030 3383 5127 ““ePiwi-“I'éi

201 5107 373 5160 tione
430 5107 689 5231 AJiostoli
744 5107 985 5180 ponitur,
1053 5107 1303 5166 mortuos
1343 5125 1453 5166 non
1530 5107 1832 5184 resurgére.
2015 5147 2082 5160 —
2109 5118 2216 5174 Pro
2243 5107 2486 5172 mortuis
2518 5118 2725 5187 petere.
2777 5113 2926 5168 Idem
2985 5115 3117 5171 mihi
3167 5117 3377 5177 videtur
3424 5139 3530 5196 pro

203 5173 419 5231 Itaque
512 5185 693 5231 menti.
730 5189 972 5231 mortuos
1024 5195 1134 5231 non
1189 5197 1490 5231 resumere-
1532 5182 1656 5231 auis
1697 5183 1834 5231 adeo
1942 5190 2183 5231 mnrhu's
2237 5190 2443 5231 natare-
2473 5200 2536 5231 ac
2569 5185 2764 5231 februa.
2791 5199 3029 5231 nascere-
3065 5188 3132 5231 Δρ
3157 5189 3352 5231 ηιιίιυια
3389 5195 3461 5231 lih
3515 5211 3530 5231 1

203 5173 419 5263 itaque
471 5173 697 5263 dicenti,
730 5173 984 5263 mortuos;
1024 5195 1134 5263 non
1189 5197 1490 5263 resurgere,
1532 5182 1656 5254 quis
1686 5173 1834 5239 adeo
1942 5190 2183 5263 mortuis
2219 5190 2444 5263 petere,
2473 5173 2536 5242 aé
2563 5185 2764 5256 februa
2787 5199 3030 5257 poscere,
3065 5188 3132 5244 de
3157 5173 3365 5262 quibus
3389 5173 3481 5251 lib.
3501 5173 3534 5251 ἶ

203 5247 428 5328 stolide
469 5249 834 5328 repondisset,
888 5251 1162 5328 Kalendas
1211 5247 1503 5328 febru'arias
1548 5247 1646 5325 pro
1692 5271 1838 5311 mor-
1947 5264 2101 5319 Fast.
2133 5247 2342 5316 Ovid:

203 5321 334 5371 tuis
369 5321 702 5390 petituras?
758 5323 863 5377 Pro
918 5324 1148 5380 mortuis
1191 5323 1438 5380 videlicet
1489 5321 1598 5381 non
1653 5342 1837 5383 resur-
2070 5374 2091 5390 .
2225 5387 2298 5390 ω
2334 5372 2609 5390 ,ψεμςω
2643 5377 2924 5390 ____-_.__
2964 5371 3130 5390 .-ι-η-
3172 5374 3220 5390 μ.

208 5371 944 5484 ἔῗεέίῧαὲἐὲξίπέἓὲυτὲἓ,
959 5371 1030 5484 ,ξι
1064 5371 1277 5484 {sutilis
1300 5481 1316 5484 _
1331 5371 1836 5484 ίῖιίεεξεηῗίέἓῖῖιέτ
2070 5372 2934 5484 ¹Ρῗτέιῗὲἕε⁰ἒέξὲἓὲιῗῖ⁰οῗιῗέἓ⁸εἶὲεῗὲ
2959 5371 3292 5484 313238?“

206 5437 404 5530 sum
432 5437 1842 5539 amiserisetsi“"iis.'“iussimus
2131 5437 2330 5489 Februa
2355 5437 2584 5539 ρέξοοηιί
2613 5437 2768 5539 um
2794 5437 3082 5539 νιξεαβιαιε

210 5547 387 5612 mens
441 5532 718 5612 Septimii.
758 5532 1283 5612 ProfertApostoli'
1299 5532 1464 5595 verba
1503 5557 1516 5596 :
1558 5540 1698 5608 Quid
1750 5543 1842 5612 fa-
1949 5539 2062 5596 Hoc
2089 5547 2172 5612 est
2200 5551 2356 5612 sacra
2384 5535 2569 5592 februa
2595 5533 2725 5612 sive
2752 5533 3105 5612 expiationem
3139 5537 3412 5612 postulare
3438 5553 3541 5612 pro

213 5606 389 5662 cient
422 5607 530 5678 qui
561 5623 674 5682 pre
703 5611 944 5682 mortuis
959 5605 1361 5682 baptizaretur,
1390 5611 1442 5668 si
1479 5605 1695 5682 mortui
1724 5605 1842 5668 non
1948 5611 2195 5682 mortuis,
2227 5609 2343 5666 sive
2370 5613 2590 5682 propter
2615 5605 2840 5674 cedem,
2870 5605 2983 5664 sive
3029 5605 3248 5678 propter
3275 5605 3543 5670 defectum

215 5675 610 5751 resurgunt?
636 5675 848 5750 Quibus
866 5675 1052 5741 verbis
1059 5675 1354 5757 signiﬁcari
1366 5687 1519 5756 putat
1538 5679 1699 5741 fuisse
1716 5689 1845 5741 tunc
1951 5675 2347 5754 exsequiarum.
2373 5675 2456 5734 La
2473 5675 2585 5733 'Pa.

2119 4519 2247 4570 Vota
2272 4516 2369 4567 deo
2398 4514 2501 4566 Diti
2530 4512 2725 4567 Febr-ua
2749 4512 2936 4564 mensis
2969 4513 3137 4569 habet.

1935 4619 2089 4676 Item.

2060 4739 2183 4791 Post
2212 4750 2445 4792 superum
2467 4735 2631 4787 cultus
2659 4733 2826 4787 vicino
2857 4733 3050 4786 Februa
3077 4749 3246 4792 mense

2124 4801 2217 4854 Dat
2249 4797 2410 4851 Numa
2435 4800 2665 4864 cognatis
2693 4797 2926 4849 Manibus
2959 4799 3184 4853 inferias.

1938 4903 2157 4981 Hancce
2207 4907 2388 4981 autem
2432 4898 2773 4981 scripturam,
2829 4899 3252 4981 respondebunt
3287 4903 3381 4962 illi
3422 4924 3528 4981 pro

1937 4975 2182 5033 mortuis
2207 4976 2416 5045 petere,
2464 4972 2696 5045 servavit
2743 4971 3307 5045 codex’pivionensis,
3336 4971 3529 5038 ser‘va-
