3992 6174
426 358 527 417 5'27

424 491 483 537 ut
556 484 701 532 tanto
774 470 945 546 magis
1009 467 1223 525 sisteret
1287 463 1469 521 carnis
1536 464 2009 530 resurrectionem,

424 575 621 642 quanto
650 562 726 619 illi
746 561 839 634 qui
897 574 1029 617 vane
1056 571 1153 628 pro
1209 553 1432 610 mortuis
1457 553 1879 625 baptizarentur,
1911 549 2015 606 fide

424 636 831 711 resurrectionis
862 648 961 703 hoc
1006 645 1258 701 facerent.
1305 642 1578 696 Habemus
1630 640 1783 695 illum
1821 636 2018 694 alicubi

428 744 649 817 (Ephes.
682 755 761 804 1v,
795 737 847 807 5)
876 735 1038 801 unius
1068 730 1319 804 baptismi
1361 729 1697 785 definitorem
1728 729 1796 781 21.
1856 728 2020 802 Igitur

427 815 625 903 etﬁpro
675 825 907 883 mortuis
961 822 1148 894 tingui,
1184 835 1281 891 pro
1336 818 1654 889 corporibus
1683 825 1765 873 est
1802 815 2016 889 tingui;

428 928 699 975 mortuum
760 914 901 971 enim
956 926 1154 981 corpus
1221 904 1576 964 ostendimus.
1625 904 1769 971 Quid
1825 904 2023 959 facient

430 1010 522 1081 qui
570 1021 668 1078 pro
697 1002 1019 1073 corporibus
1070 998 1430 1069 baptizantur,
1455 995 1497 1047 si
1529 1008 1756 1064 corpora
1784 1007 1895 1048 non
1927 1007 2021 1045 re-

430 1080 704 1169 surgunt?
731 1094 904 1162 Atque
960 1089 1094 1143 adeo
1154 1097 1294 1141 recte
1350 1086 1490 1137 hunc
1517 1081 1745 1153 gradum
1784 1080 2023 1150 ﬁgimus,

431 1194 490 1240 ut
516 1164 568 1240 et
596 1180 892 1253 Apostolus
929 1174 1223 1231 secundam
1271 1170 1717 1240 disceptationem
1765 1183 1917 1237 aque
1957 1164 2025 1218 de

427 1252 659 1344 corpore
704 1265 1006 1324 induxerit.
1059 1262 1162 1319 Sed
1209 1260 1398 1316 dicent
1444 1258 1713 1328 quidam:
1751 1252 2026 1324 Quomodo

428 1361 645 1418 mortui
663 1357 961 1427 resurgent
978 1350 1005 1404 ‘I
1027 1367 1131 1424 quo
1157 1354 1352 1405 autem
1374 1359 1601 1418 corpore
1620 1344 1895 1402 venient?
1916 1344 2027 1397 De-

429 1451 586 1506 fensa
613 1445 814 1504 etenim
861 1437 1257 1497 resurrectione
1304 1450 1427 1507 qua
1458 1434 1774 1505 negabatur,
1824 1445 2028 1486 conse-

432 1552 604 1610 quens
661 1538 775 1590 erat
830 1531 898 1586 de
952 1526 1209 1598 qualitate
1259 1521 1500 1594 corporis
1552 1526 1861 1584 retractare,
1909 1531 2029 1588 qua

432 1606 541 1681 non
568 1621 874 1681 videbatur.
915 1617 1021 1672 Sed
1052 1617 1120 1670 de
1158 1614 1258 1668 ista
1288 1628 1410 1668 cum
1432 1609 1552 1664 aliis
1600 1606 1857 1679 congredi
1896 1620 2029 1660 con-

433 1715 598 1772 venit.
656 1709 894 1765 Marcion
934 1705 1075 1759 enim
1114 1704 1168 1756 in
1206 1708 1379 1756 totum
1432 1696 1613 1752 carnis
1667 1694 2028 1752 resurrectio-

1114 338 1559 401 TERTULLIANI
1597 336 1864 398 OPERUM
1903 337 2069 399 PARS
2108 338 2177 397 ll.
2215 366 2287 382 -—
2316 334 2549 395 ‘SERIBS
2587 335 2629 406 Ι,
2671 331 3013 393 POLEMICA.

3611 320 3716 380 528

2120 464 2278 520 dicit:
2314 464 2434 520 Non
2458 464 2714 534 primum
2742 458 2886 531 quod
2922 454 3199 527 spiritale.
3236 450 3321 507 Ad
3360 450 3464 504 hoc
3490 448 3635 503 enim
3665 456 3720 503 et

2121 553 2187 608 de
2234 552 2351 622 ipso
2399 551 2614 606 Christo
2669 546 2978 619 praestruit:
3019 546 3225 599 Factus
3280 540 3502 610 primus
3551 538 3719 593 homo

2126 642 2300 696 Adam
2319 640 2381 693 in
2402 641 2657 694 ani-mam
2678 638 2861 693 vivam
2886 653 2905 701 ;
2935 631 3273 688 novissimus
3295 627 3470 683 Adam
3498 626 3563 681 in
3594 627 3681 698 spi
3697 655 3717 666 -

2126 730 2306 784 ritum
2325 728 2707 797 viviﬁcantem
2730 743 2747 791 ;
2771 723 2896 777 licet
2915 718 3259 775 stultissimus
3283 714 3571 770 hareticus
3604 713 3721 783 (35)

2126 816 2358 872 noluerit
2412 806 2673 871 ita'esse.
2729 808 3020 867 Dominum
3064 805 3206 861 enim
3254 804 3436 875 posuit
3486 801 3727 855 novissi-

2128 922 2295 970 mum,
2330 919 2427 974 pro
2490 900 2782 958 novissimo
2813 898 3026 960 Adam;
3067 894 3272 952 veritus
3314 891 3520 947 scilicet
3557 906 3627 944 ne
3678 889 3722 944 si

2129 1002 2181 1050 et
2210 992 2501 1048 Dominum
2529 989 2886 1046 novissimum
2908 982 3343 1050 haberetAdam,
3377 989 3432 1036 et
3478 979 3725 1048 ejusdem

2131 1083 2405 1139 Christum
2462 1078 2879 1136 defenderemus
2910 1076 2963 1128 in
2993 1075 3166 1129 Adam
3197 1068 3517 1136 novissimo,
3566 1067 3727 1136 cujus

2131 1179 2186 1227 et
2242 1171 2499 1242 primum.
2541 1169 2645 1224 Sed
2686 1166 2883 1221 falsum
2921 1162 3142 1218 relucet.
3175 1159 3283 1215 Cur
3329 1158 3469 1213 enim
3517 1156 3728 1228 primus

2133 1261 2327 1328 Adam,
2369 1258 2476 1312 nisi
2502 1255 2628 1327 quia
2664 1262 2716 1310 et
2742 1250 3063 1309 novissimus
3099 1247 3318 1303 Adam?
3373 1246 3492 1300 Non
3532 1244 3731 1298 habent

2135 1347 2375 1404 ordinem
2407 1347 2549 1401 inter
2598 1359 2658 1400 se
2704 1339 2810 1396 nisi
2839 1338 2993 1412 paria
3023 1351 3268 1408 quaque,
3295 1343 3350 1389 et
3376 1332 3619 1402 ejusdem
3645 1328 3733 1384 vel

2134 1434 2387 1500 nominis,
2421 1433 2507 1490 vel
2539 1428 2864 1492 substantia,
2897 1426 2977 1483 vel
3004 1423 3254 1480 auctoris.
3294 1421 3432 1476 Nam
3486 1419 3587 1475 etsi
3619 1433 3728 1489 po-

2135 1530 2244 1579 test
2287 1523 2345 1577 in
2392 1520 2622 1577 diversis
2667 1532 2886 1590 quoque
2941 1529 3065 1570 esse
3122 1511 3265 1567 aliud
3297 1510 3546 1581 primum,
3579 1505 3733 1562 aliud

2137 1611 2538 1676 novissimum;
2570 1609 2667 1664 sed
2722 1606 2885 1663 unius
2929 1601 3185 1658 auctoris.
3245 1598 3531 1663 Caeterum,
3575 1595 3621 1651 si
3679 1604 3738 1650 et

2138 1711 2326 1758 auctor
2353 1699 2510 1765 alius,
2536 1707 2590 1755 et
2626 1696 2744 1769 ipse
2766 1693 2983 1766 quidem
3018 1697 3197 1762 potest
3225 1688 3557 1744 novissimus
3593 1684 3731 1741 dici.

433 1820 563 1859 nem
592 1816 702 1855 non
739 1795 1047 1860 admittens,
1080 1796 1135 1846 et
1187 1787 1293 1843 soli
1332 1785 1524 1841 anima
1584 1785 1809 1839 salutem
1836 1797 2028 1853 repro-
2064 1770 2108 1848 Β
2135 1788 2294 1859 Quod
2342 1795 2523 1845 tamen
2576 1784 2835 1850 intulerit,
2880 1781 3119 1854 primum
3186 1784 3269 1833 est
3301 1798 3315 1848 ς
3374 1774 3734 1833 novissimum

432 1890 676 1952 mittens,
725 1899 834 1939 non
881 1876 1172 1951 qualitatis,
1220 1875 1316 1931 sed
1354 1873 1667 1930 substantia
1708 1872 1831 1928 facit
1875 1886 2028 1943 qua-

435 1976 690 2032 stionem.
738 1973 904 2026 Porro
935 1976 991 2022 et
1027 1982 1091 2022 ex
1121 1964 1204 2020 his
1236 1961 1664 2018 manifestissime
1719 1960 2027 2026 obducitur,

435 2080 557 2137 qua
587 2059 874 2133 Apostolus
924 2055 993 2111 ad
1037 2053 1353 2127 qualitatem
1397 2050 1649 2120 corporis
1677 2057 1864 2104 tractat
1895 2064 2029 2121 pro-

435 2162 561 2225 pter
590 2149 716 2205 illos
740 2147 831 2218 qui
862 2143 1065 2213 dicunt,
1129 2138 1401 2209 Quomodo
1446 2141 1740 2210 resurgent
1772 2137 2033 2193 mortui?

438 2224 547 2314 quo
576 2241 769 2295 autem
796 2248 1022 2306 corpore
1057 2231 1283 2289 venient
1315 2232 1337 2284 ?
1365 2227 1495 2299 (jam
1525 2228 1671 2282 enim
1727 2224 2036 2297 praedicavit

437 2313 861 2386 resurrecturum
891 2337 1012 2378 esse
1039 2320 1257 2389 corpus)
1305 2317 1356 2356 ²²
1392 2318 1462 2371 de
1510 2313 1756 2386 corporis
1784 2313 2035 2386 qualitate

441 2416 683 2475 tractari.
721 2412 965 2484 Denique
1002 2408 1049 2465 si
1080 2406 1333 2480 pr0ponit
1368 2404 1614 2476 exempla
1631 2404 1800 2475 grani
1826 2401 2031 2468 tritici,

441 2511 531 2566 vel
550 2507 791 2578 alicujus
821 2498 1120 2574 ejusmodi,
1162 2498 1249 2553 vel
1268 2494 1463 2568 quibus
1511 2494 1605 2550 det
1648 2509 1849 2565 corpus
1894 2496 2036 2549 Deus

439 2600 613 2671 prout
658 2595 846 2660 volet;
876 2590 926 2647 si
958 2587 1267 2656 unicuique
1298 2585 1586 2641 seminum
1627 2582 1926 2654 proprium
1963 2579 2040 2635 ait

443 2670 561 2743 esse
581 2700 781 2756 corpus
810 2700 829 2750 ;
860 2677 975 2735 θι²³
1000 2676 1178 2733 aliam
1206 2672 1432 2747 quidem
1459 2688 1690 2729 carnem
1721 2670 2035 2735 hominum,

443 2777 618 2832 aliam
636 2787 764 2830 vero
790 2766 1072 2842 pecudum
1092 2767 1149 2820 et
1176 2763 1502 2828 volucrum;
1532 2764 1589 2816 et
1617 2775 1852 2832 corpora
1878 2758 2039 2816 cales

448 2866 531 2921 tia
565 2867 730 2936 atque
766 2856 1099 2923 terrena;et
1125 2852 1302 2909 aliam
1334 2850 1577 2923 gloriam
1614 2847 1770 2915 solis,
1801 2850 1858 2903 et
1886 2847 2041 2902 Iunce

445 2955 650 3021 aliam,
666 2954 719 3004 et
740 2947 1039 3005 stellarum
1058 2943 1236 2999 aliam
1253 2961 1271 2998 :
1290 2954 1470 2995 nonne
1500 2936 1767 2993 carnalem
1787 2943 1841 2991 et
1856 2949 2041 3007 corpo-

451 3040 621 3096 ralem
642 3034 915 3109 portendit
934 3031 1402 3095 resurrectionem,
1424 3041 1587 3099 quam
1611 3040 1705 3097 per
1724 3024 1963 3081 carnalia
1990 3032 2042 3080 et

449 3126 751 3200 corporalia
804 3123 1047 3194 exempla
1104 3118 1491 3175 commendat?
1538 3130 1722 3171 nonne
1771 3114 1930 3171 etiam
1973 3113 2041 3169 ab

446 3236 511 3276 eo
557 3219 671 3272 Deo
718 3231 833 3270 eam
883 3209 1132 3283 spondet,
1162 3224 1195 3262 a
1233 3221 1340 3280 quo
1368 3216 1491 3261 sunt
1525 3213 1578 3261 et
1605 3204 1897 3275 exempla?
1954 3203 2044 3260 Sic

448 3313 504 3365 et
543 3303 894 3367 resurrectio,
941 3298 1130 3369 inquit.
1184 3294 1459 3365 Quomodo
1486 3293 1514 3347 ?
1542 3293 1678 3348 Sicut
1722 3302 1778 3348 et
1822 3306 2045 3363 granum

448 3412 649 3470 corpus
707 3394 945 3456 seritur,
995 3402 1198 3459 corpus
1244 3384 1513 3455 resurgit.
1560 3380 1853 3437 Seminatio
1907 3379 2052 3434 deni-

452 3468 559 3559 que
585 3482 800 3543 vocavit
848 3477 1265 3535 dissolutionem
1301 3471 1549 3544 corporis
1579 3470 1637 3524 in
1669 3477 1888 3536 terram,
1920 3468 2073 3540 quia

449 3578 669 3641 seritur
692 3574 756 3628 in
777 3568 1102 3642 corruptela
1128 3563 1371 3634 resurgit
1390 3562 1457 3617 in
1481 3560 1856 3628 honestatem,
1883 3562 1939 3615 et
1961 3559 2049 3614 vir

456 3670 657 3722 tutem.
692 3661 861 3730 Cujus
888 3658 979 3713 ille
997 3654 1132 3712 ordo
1162 3654 1217 3708 in
1243 3649 1618 3719 dissolutione,
1648 3649 1771 3716 ejus
1792 3657 1845 3703 et
1872 3647 1961 3703 hic
1992 3647 2049 3703 in

454 3749 853 3810 resurrectione
906 3742 1168 3814 corporis,
1223 3738 1428 3795 scilicet
1485 3738 1621 3793 sicut
1682 3744 1735 3791 et
1797 3750 2046 3807 granum.

457 3845 744 3903 Caeterum,
798 3835 844 3890 si
899 3832 1114 3886 auferas
1170 3842 1369 3898 corpus
1434 3824 1835 3893 resurrectioni,
1901 3825 2051 3896 quod

456 3927 655 3987 dedisti
683 3918 1054 3990 dissolutioni,
1090 3915 1181 3972 ubi
1228 3913 1483 3972 consistet
1520 3912 1803 3972 diversitas
1832 3911 2052 3969 exitus?

457 4016 694 4075 Proinde
740 4011 838 4069 etsi
867 4010 1080 4067 seritur
1109 4006 1360 4062 animale
1397 4005 1646 4075 resurgit
1674 4003 1951 4076 spiritale.
1983 4002 2055 4057 Et

457 4109 505 4164 si
535 4107 695 4161 habet
720 4098 941 4174 aliquod
962 4094 1241 4170 proprium
1271 4108 1464 4166 corpus
1492 4092 1674 4148 anima
1699 4092 1784 4150 vel
1814 4091 2055 4163 spiritus,

459 4212 522 4263 ut
555 4202 731 4277 possit
755 4196 931 4257 videri
960 4210 1159 4267 corpus
1187 4190 1417 4248 animale
1453 4190 1685 4246 animam
1723 4187 2051 4262 signiﬁcare,

464 4302 521 4351 et
543 4304 744 4364 corpus
781 4284 1017 4358 spiritale
1048 4281 1335 4356 spiritum;
1369 4294 1479 4336 non
1524 4278 1651 4335 ideo
1691 4278 1925 4333 animam
1971 4278 2055 4333 di-

465 4384 541 4441 cit
574 4382 631 4437 in
682 4375 1076 4435 resurrectione
1131 4370 1383 4444 Spiritum
1410 4367 1649 4427 futurum
1693 4368 1762 4436 24,
1802 4367 1896 4423 sed
1926 4383 2056 4424 cor-

462 4487 592 4547 pus,
642 4468 784 4542 quod
841 4479 964 4522 cum
1010 4462 1190 4518 anima
1234 4459 1528 4531 nascendo,
1575 4466 1631 4514 et
1674 4473 1770 4529 per
1822 4457 2056 4513 animam

463 4545 715 4624 vivendo,
746 4554 976 4611 animale
1002 4552 1110 4609 dici
1147 4550 1311 4622 capit,
1345 4548 1585 4604 futurum
1623 4546 1887 4617 Spiritale,
1932 4545 2061 4602 dum

466 4667 563 4724 per
591 4646 841 4720 spiritum
868 4641 1042 4713 surgit
1067 4640 1123 4695 in
1167 4638 1545 4694 aternitatem.
1582 4633 1849 4705 Denique,
1880 4634 1924 4689 si
1951 4649 2062 4689 non

467 4722 665 4804 anima,
699 4734 797 4791 sed
825 4747 950 4789 caro
990 4728 1280 4786 seminatur
1315 4725 1370 4781 in
1415 4722 1718 4797 corruptela
1763 4724 1892 4779 dum
1942 4723 2063 4778 dis-

467 4830 694 4887 solvitur
747 4824 803 4878 in
836 4820 1189 4889 terram,.jam
1246 4831 1355 4872 non
1384 4816 1563 4870 anima
1589 4813 1693 4870 erit
1718 4827 1915 4885 corpus
1944 4812 2065 4867 ani-

468 4920 626 4984 male,
673 4913 771 4970 sed
802 4926 949 4980 caro,
979 4924 1103 4981 qua
1133 4906 1234 4962 fuit
1264 4921 1461 4977 corpus
1487 4903 1739 4960 animale.
1787 4901 2064 4975 Siquidem

469 5009 537 5066 de
566 5002 783 5062 animali
832 4999 1059 5057 efﬁcitur
1098 4995 1364 5071 Spiritale,
1407 4996 1548 5051 sicut
1603 5001 1658 5050 et
1711 4990 1885 5050 496
1929 4993 2069 5048 intra

2136 1887 2336 1949 autem,
2368 1877 2415 1932 si
2460 1874 2633 1948 primo
2680 1889 2776 1945 par
2815 1871 2902 1927 sit.
2944 1869 3045 1925 Par
3073 1876 3251 1923 autem
3280 1866 3454 1938 primo
3484 1878 3594 1921 non
3623 1872 3733 1930 est,

2140 1968 2231 2041 qui
2261 1984 2368 2024 non
2400 1965 2642 2035 ejusdem
2696 1960 2928 2019 auctoris
2971 1966 3072 2014 est.
3121 1955 3323 2013 Eodem
3369 1954 3527 2010 modo
3572 1965 3625 2008 et
3674 1951 3730 2006 in

2140 2055 2359 2112 homine
2388 2053 2622 2110 hominis
2675 2049 2994 2108 revincetur.
3045 2048 3294 2111 Primus,
3331 2041 3521 2115 inquit,
3573 2041 3738 2097 homo

2142 2146 2206 2201 de
2226 2145 2392 2202 humo
2415 2148 2703 2212 terrenus;
2725 2137 2998 2198 secundus
3019 2135 3279 2193 dominus
3296 2133 3360 2189 de
3382 2132 3538 2188 calo.
3556 2128 3741 2200 Quare

2144 2234 2433 2299 secundus,
2458 2232 2505 2287 si
2554 2246 2663 2287 non
2686 2230 2871 2296 homo,
2912 2224 3056 2298 quod
3087 2232 3141 2279 et
3170 2223 3421 2295 primus?
3456 2227 3548 2275 aut
3576 2234 3745 2274 num.

2143 2324 2275 2398 quid
2330 2332 2383 2378 et
2411 2321 2615 2392 primus
2644 2318 2913 2382 dominus,
2965 2314 3013 2370 si
3050 2322 3105 2370 et
3150 2310 3452 2367 secundus?
3481 2308 3587 2365 Sed
3626 2306 3745 2363 suf-

2146 2391 2278 2481 ficit,
2312 2413 2355 2467 si
2375 2391 2670 2480 Evangelia
2698 2406 2892 2462 Filium
2930 2400 3172 2459 hominis
3201 2395 3421 2454 adhibet
3467 2391 3747 2451 Christum

2147 2511 2204 2557 et
2249 2498 2547 2563 hominem,
2580 2504 2632 2551 et
2661 2496 2716 2551 in
2764 2491 2979 2551 nomine
3007 2489 3203 2556 Adam,
3236 2501 3355 2543 eum
3385 2496 3588 2556 negare
3632 2495 3746 2535 non

2146 2588 2362 2660 poterit.
2412 2582 2702 2659 Sequentia
2745 2596 2961 2655 quoque
3009 2593 3134 2634 eum
3180 2572 3560 2645 comprimunt.
3609 2568 3749 2622 Cum

2147 2657 2287 2734 enim
2337 2675 2469 2733 dicit
2500 2657 2847 2745 VApostolus:
2905 2668 3096 2740 Qualis
3126 2664 3225 2738 qui
3264 2662 3329 2719 de
3371 2665 3546 2728 terra,
3581 2657 3750 2712 homo

2149 2766 2374 2835 scilicet,
2406 2764 2548 2822 tales
2577 2768 2634 2819 et
2682 2759 2918 2829 terreni,
2968 2754 3213 2813 homines
3241 2749 3472 2822 utique;
3511 2759 3649 2818 ergo
3700 2752 3759 2801 et

2151 2855 2327 2927 qualis
2379 2852 2474 2926 qui
2525 2853 2593 2908 de
2645 2849 2808 2918 coelo,
2862 2849 3050 2917 homo,
3095 2843 3233 2898 tales
3261 2847 3316 2895 et
3341 2836 3433 2912 qui
3463 2836 3547 2927 de_
3586 2835 3755 2902 calo,

2146 2921 2419 2999 homines:
2441 2940 2562 2995 Non
2592 2938 2734 2994 enim
2772 2942 2980 3008 poterat
3010 2929 3321 2988 hominibus
3350 2921 3583 2981 terrenis
3638 2936 3756 2977 non

2144 3031 2393 3088 homines
2442 3028 2693 3086 coelestes
2736 3023 3066 3097 opposuisse,
3123 3028 3182 3075 ut
3236 3024 3435 3072 statum
3490 3027 3553 3068 ac
3588 3025 3748 3082 Spem

2151 3122 2425 3179 studiosus
2480 3119 2836 3189 distingueret
2889 3114 2945 3169 in
3019 3106 3393 3183 appellationis
3466 3101 3753 3159 societate.

2155 3211 2310 3267 Statu
2366 3210 2509 3266 enim
2556 3224 2617 3264 ac
2668 3221 2764 3279 Spe
2820 3202 2950 3260 dicit
3004 3208 3245 3258 terrenos
3287 3203 3446 3266 atque
3493 3190 3759 3247 caelestes

2153 3301 2435 3370 homines;
2468 3308 2646 3356 tamen
2684 3311 2749 3352 ex
2779 3293 2915 3365 pari,
2944 3290 3037 3363 qui
3091 3286 3387 3345 secundum
3434 3282 3638 3339 exitum
3665 3285 3763 3334 aut

2154 3388 2210 3443 in
2264 3369 2431 3444 Adam
2491 3393 2583 3441 aut
2646 3384 2703 3439 in
2759 3381 2974 3439 Christo
3002 3378 3343 3449 deputantur.
3365 3372 3430 3426 Et
3459 3370 3584 3425 ideo
3638 3369 3760 3438 jam

2154 3480 2222 3535 ad
2268 3474 2699 3533 exhortationem
2735 3470 2852 3542 spei
2881 3467 3115 3528 caelestis
3146 3482 3161 3523 :
3196 3465 3357 3521 Sicut
3379 3459 3761 3534 portavimus,

2157 3570 2347 3639 inquit,
2378 3565 2684 3636 imaginem
2698 3559 2933 3629 terreni,
2961 3560 3251 3629 portemus
3263 3558 3318 3609 et
3330 3551 3643 3621 imaginem
3662 3562 3769 3601 ca:-

2160 3658 2354 3723 lestis;
2387 3670 2495 3712 non
2527 3653 2592 3707 ad
2636 3648 2994 3707 substantiam
3042 3643 3204 3699 ullam
3236 3640 3475 3696 referens
3502 3650 3769 3691 resurre-

2157 3745 2373 3813 ctionis,
2433 3741 2526 3798 sed
2585 3740 2653 3796 ad
2708 3736 2993 3812 praesentis
3065 3730 3323 3801 temporis
3393 3724 3768 3796 disciplinam.

2161 3839 2454 3894 Portemus
2504 3830 2669 3902 enim,
2726 3825 2918 3898 inquit,
2979 3838 3089 3879 non
3130 3815 3490 3893 portabimus;
3551 3827 3767 3883 prace-

2158 3925 2323 3997 ptive,
2354 3936 2461 3976 non
2492 3900 2831 3990 promissive,
2862 3914 3054 3969 volens
3083 3924 3181 3967 nos
3208 3907 3346 3963 sicut
3375 3903 3492 3975 ipse
3519 3900 3771 3969 incessit,

2160 4013 2234 4070 ita
2289 3988 2560 4075 incedere,
2602 4016 2657 4063 et
2708 4022 2738 4061 a
2791 4001 3007 4071 terreni,
3056 3999 3112 4055 id
3167 4003 3265 4059 est,
3301 3992 3500 4051 veteris
3528 3988 3777 4047 hominis

2161 4101 2397 4174 imagine
2449 4095 2760 4161 abscedere,
2820 4106 2940 4163 qua
2984 4095 3066 4144 est
3102 4084 3333 4143 carnalis
3358 4079 3629 4155 Operatio.
3662 4079 3769 4132 De-

2165 4168 2350 4262 nique,
2384 4187 2511 4259 quid
2543 4181 2819 4255 subjungit
2837 4184 2865 4238 ε)
2895 4181 3003 4235 Hoc
3024 4178 3179 4236 enim
3206 4174 3348 4262 dico,
3367 4172 3601 4243 fratres,
3636 4168 3776 4241 quia

2167 4260 2297 4339 caro
2319 4282 2375 4336 et
2392 4276 2621 4347 sanguis
2641 4287 2882 4344 regnum
2902 4268 2999 4326 Dei
3025 4281 3144 4323 non
3157 4260 3519 4338 possidebunt
3547 4276 3567 4326 ;
3598 4268 3769 4327 Opera

2168 4369 2374 4427 scilicet
2428 4345 2606 4422 carnis
2656 4370 2711 4420 et
2768 4356 3071 4433 sanguinis,
3117 4353 3314 4426 quibus
3343 4358 3398 4406 et
3449 4347 3517 4402 ad
3549 4345 3776 4402 Galatas

2167 4457 2380 4533 (Galat.
2412 4471 2468 4528 ν,
2501 4451 2681 4523 19-21)
2711 4449 2973 4517 scribens,
3010 4442 3227 4500 abstulit
3258 4438 3354 4495 Dei
3401 4450 3659 4511 regnum,
3684 4448 3776 4488 so—

2172 4522 2298 4603 litus
2327 4555 2380 4602 et
2434 4522 2567 4599 alias
2619 4522 2977 4595 substantiam
3014 4548 3114 4605 pro
3161 4528 3418 4602 operibus
3445 4522 3774 4581 substantia

2172 4650 2408 4710 ponere;
2441 4640 2501 4688 ut
2527 4647 2645 4687 cum
2693 4628 2838 4697 dicit,
2872 4629 2975 4683 Eos
3005 4626 3103 4697 qui
3146 4622 3209 4676 in
3255 4631 3423 4677 carne
3450 4618 3608 4683 sunt,
3664 4614 3773 4668 Deo

2170 4702 2403 4800 placere
2429 4737 2544 4780 non
2586 4733 2785 4793 posse;
2816 4714 3037 4788 quando
3100 4709 3243 4765 enim
3272 4706 3483 4779 placere
3516 4702 3635 4758 Deo
3667 4714 3772 4772 po-

2174 4790 2417 4879 terimus,
2448 4808 2553 4865 nisi
2581 4790 2710 4863 dum
2754 4806 2810 4861 in
2839 4817 3000 4860 carne
3030 4802 3130 4856 hac
3159 4811 3350 4854 sumus
3369 4794 3397 4849 ‘i
3426 4790 3587 4848 Aliud
3635 4796 3776 4843 tem-

2178 4918 2279 4976 pus
2307 4878 2639 4973 operationis
2659 4894 2892 4965 nullum,
2923 4890 3138 4964 opinor,
3172 4893 3275 4944 est.
3315 4882 3422 4941 Sed
3451 4880 3500 4935 si
3526 4878 3585 4934 in
3612 4889 3775 4933 carne

2178 4970 2505 5065 quamquam
2559 4983 2860 5052 constituti,
2900 4980 3075 5039 carnis
3128 4991 3296 5050 opera
3324 4971 3637 5048 fugiamus;
3665 4970 3776 5022 tum

1852 5119 2049 5183 Varia
2090 5123 2404 5183 lectiones.

537 5240 585 5279 ²ι
614 5232 972 5295 Difﬁnitorem
1006 5232 1085 5289 al.
1121 5231 1170 5271 ²²
1198 5230 1260 5287 Id
1295 5232 1471 5287 inser.
1523 5230 1682 5285 Pam.
1714 5225 1839 5285 ideo
1891 5228 2145 5286 Ciaccon.
2182 5225 2232 5265 ²³
2257 5225 2329 5282 Ut
2356 5221 2526 5283 Seml.
2559 5216 2609 5261 9"
2637 5216 2896 5277 Futuram
2926 5209 3145 5274 Oberth.

1875 5354 2378 5419 Commentarius.

534 5506 649 5576 (35)
680 5502 833 5558 Licet
852 5495 1231 5576 stultissimus
1264 5491 1587 5576 hareticu‘s.
1618 5487 1674 5544 Is
1700 5486 2070 5576 estnMarcion,

460 5559 680 5652 qui'tioc
707 5569 972 5652 encomio.
1000 5571 1305 5652 celebratur
1347 5566 1454 5632 hic,
1491 5560 1731 5652 u‘tnapud
1779 5561 1854 5641 S..
1877 5559 2073 5652 Hiero‘

461 5631 681 5720 rijimum
714 5631 1062 5717 Vigilantius,
1119 5631 1463 5707 Jovinianus,
1497 5631 1714 5707 aliique,
1744 5631 1886 5693 veris
1913 5632 2069 5690 colo»-

2181 5485 2338 5616 {ibus
2387 5482 2773 5555 depinguntur,
2817 5476 2943 5533 dum
2985 5470 3182 5529 talibus
3220 5463 3391 5524 titulis
3433 5458 3763 5519 decorentur

2225 5574 2259 5613 ις
2344 5573 2398 5615 s.

2225 5574 2259 5613 Β
2301 5573 2398 5615 ΥΒ.
