3992 6174
270 311 380 374 529

269 528 453 586 carnis
482 541 594 584 non
631 541 842 597 sumus,
873 525 969 581 sed
999 524 1056 582 in
1105 521 1275 584 497
1316 527 1496 599 culpa.
1533 525 1691 596 Quod
1729 528 1776 585 si
1813 529 1869 584 in

270 617 496 672 nomine
544 614 722 672 carnis
757 629 943 686 opera,
993 630 1102 671 non
1153 616 1509 674 substantiam
1556 616 1737 675 carnis
1777 620 1868 690 ju-

268 706 470 762 hemur
520 719 823 776 exponere;
865 704 1125 774 operibus
1166 720 1300 776 ergo
1345 705 1548 776 carnis,
1579 722 1688 762 non
1727 708 1868 762 sub-

267 794 487 850 stantiae
530 791 731 860 carnis,
771 792 827 847 in
863 792 1080 849 nomine
1115 794 1290 850 carnis
1336 795 1386 833 2⁵
1426 795 1724 867 denegatur
1767 795 1868 852 Dei

266 898 522 958 regnum.
551 883 670 939 Non
716 879 859 936 enim
909 880 964 936 id
1012 883 1311 949 damnatur,
1343 883 1400 938 in
1445 899 1553 956 quo
1599 885 1740 941 male
1785 885 1862 952 fit,

267 971 367 1027 sed
415 970 473 1025 id
517 969 662 1042 quod
709 966 786 1023 ﬁt.
846 969 1131 1026 Venenum
1177 970 1327 1041 dare,
1369 973 1547 1028 scelus
1591 980 1699 1041 est;
1730 974 1864 1029 calix

267 1069 449 1116 tamen
500 1059 554 1114 in
609 1073 722 1130 quo
778 1057 956 1126 datur,
1006 1076 1134 1115 reus
1170 1075 1280 1117 non
1323 1069 1428 1119 est.
1458 1063 1538 1116 Ita
1576 1071 1628 1118 et
1668 1077 1865 1134 corpus

263 1148 568 1205 carnalium
615 1162 836 1218 Operum
885 1163 981 1204 vas
1025 1157 1127 1218 est,
1159 1148 1341 1204 anima
1383 1159 1468 1206 est
1515 1159 1692 1207 autem
1743 1168 1866 1223 quas

258 1237 319 1294 in
341 1235 442 1294 illo
474 1251 743 1294 venenum
767 1235 996 1306 alicujus
1023 1237 1149 1294 mali
1170 1238 1293 1294 facti
1323 1246 1603 1310 temperat.
1628 1238 1795 1308 Quale
1815 1241 1866 1281 ²⁶

261 1336 473 1395 autem,
516 1332 577 1380 ut
623 1323 668 1379 si
715 1323 894 1380 anima
941 1325 1148 1381 auctrix
1190 1340 1416 1396 Operum
1463 1326 1638 1383 carnis
1685 1343 1862 1384 mere-

263 1415 410 1471 bitur
458 1414 557 1470 Dei
602 1429 850 1485 regnum,
879 1428 981 1483 per
1007 1414 1364 1485 expiationem
1414 1431 1604 1471 eorum
1643 1433 1766 1488 qum
1809 1416 1863 1472 in

257 1517 502 1574 corpore
529 1501 745 1558 admisit
771 1500 906 1574 (37),
931 1516 1128 1572 corpus
1156 1502 1459 1558 ministrum
1493 1504 1860 1570 solummodo,

257 1591 316 1647 in
358 1591 709 1646 damnatione
738 1590 1088 1660 permaneat?
1115 1589 1368 1646 Veneﬁco
1415 1590 1686 1658 absoluto,
1720 1591 1858 1648 calix

257 1679 365 1736 erit
395 1677 746 1750 puniendus?
773 1679 840 1734 Et
869 1686 1048 1732 tamen
1095 1693 1204 1734 non
1252 1679 1438 1749 utique
1487 1680 1633 1735 carni
1668 1680 1857 1736 defen-

257 1767 447 1822 dimus
490 1766 593 1822 Dei
616 1782 867 1840 regnum,
909 1767 1003 1822 sed
1045 1767 1501 1823 resurrectionem
1547 1768 1860 1824 substantia:
1893 1733 1936 1812 Β

264 1871 404 1919 suze,
435 1854 593 1928 quasi
635 1853 856 1925 januam
905 1854 1057 1926 regni
1103 1870 1200 1925 per
1245 1871 1402 1928 quam
1452 1854 1649 1911 aditur.
1679 1856 1859 1913 Caete-

272 1961 417 2009 rum,
449 1943 584 1997 aliud
626 1941 978 2011 resurrectio,
1021 1941 1172 1999 aliud
1217 1959 1470 2016 regnum.
1502 1942 1684 1999 Primo
1715 1945 1861 2001 enim

274 2030 615 2100 resurrectio,
649 2029 847 2087 dehinc
885 2046 1137 2102 regnum.
1167 2031 1464 2105 Resurgere
1504 2031 1682 2103 itaque
1719 2032 1860 2089 dici-

269 2137 394 2174 mus
436 2134 672 2183 carnem,
703 2118 800 2174 sed
849 2126 1105 2173 mutatam
1153 2119 1408 2190 consequi
1456 2134 1705 2194 regnum.
1753 2123 1862 2178 Re-

269 2212 509 2281 surgent
552 2207 694 2262 enim
741 2208 954 2264 mortui
997 2208 1352 2280 incorrupti;
1397 2207 1474 2262 illi
1514 2207 1736 2277 scilicet,
1768 2208 1862 2280 qui

269 2295 493 2352 fuerant
540 2295 801 2364 corrupti,
832 2295 1055 2366 dilapsis
1096 2295 1414 2367 corporibus
1455 2295 1510 2350 in
1558 2296 1860 2354 interitum.

269 2389 337 2443 Et
367 2403 476 2442 nos
504 2385 858 2442 mutabimur
884 2387 948 2440 in
973 2389 1179 2453 atomo,
1203 2386 1266 2439 in
1295 2386 1448 2443 oculi
1474 2392 1861 2444 momentaneo

274 2479 460 2532 motu.
487 2477 714 2546 Oportet
742 2475 894 2531 enim
924 2475 1314 2546 corruptivum
1334 2475 1431 2530 hoc
1453 2475 1662 2543 (tenens
1685 2477 1865 2549 utique

272 2578 492 2618 carnem
531 2577 683 2616 suam
728 2561 943 2616 dicebat
971 2561 1285 2632 Apostolus)
1319 2563 1555 2621 induere
1592 2566 1860 2622 incorru-

274 2651 512 2720 ptelam,
533 2653 590 2706 et
617 2650 859 2706 mortale
894 2649 992 2706 hoc
1020 2651 1550 2719 immortalitatem;
1575 2661 1632 2707 ut
1660 2652 1866 2710 scilicet

271 2737 465 2792 habilis
492 2738 786 2792 substantia
815 2735 1077 2793 efﬁciatur
1107 2753 1277 2810 regno
1308 2739 1422 2794 Dei.
1454 2741 1681 2797 Erimus
1720 2740 1862 2797 enim

263 2829 415 2881 sicut
445 2827 656 2896 angeli.
689 2825 818 2881 Haec
857 2825 960 2881 erit
1004 2826 1297 2882 demutatio
1325 2827 1504 2883 carnis
1539 2829 1586 2867 τι
1618 2830 1856 2886 resusci-

263 2923 407 2970 tatas.
443 2917 551 2969 Aut
587 2914 634 2969 si
676 2914 828 2968 nulla
872 2913 994 2980 erit,
1032 2915 1308 2986 quomodo
1336 2916 1523 2971 induet
1567 2927 1854 2991 corrupte-

1493 315 1621 376 LIB.
1664 315 1707 375 V
1746 315 1898 377 ADV.
1937 315 2344 380 MARCIONEM.

269 453 380 497 non
409 435 635 538 erimus
680 436 738 491 in
783 435 1275 539 carne‘(§6),_d‘um
1315 452 1425 539 non
1472 438 1868 539 innsuhstantia
1897 459 1944 539 Α

1963 2913 2148 2970 cidens
2175 2913 2320 2968 enim
2366 2922 2450 2968 est
2493 2913 2640 2984 quod
2690 2912 3013 2970 adscribitur
3063 2929 3076 2970 :

3461 324 3567 382 530

2049 528 2106 585 Si
2149 531 2298 588 Deus
2351 543 2640 588 commune
2680 533 3002 589 vocabulum
3059 533 3260 592 factum
3304 545 3388 592 est
3433 535 3564 594 vitio

1973 618 2174 674 erroris
2217 619 2459 686 humani,
2499 630 2762 692 quatenus
2811 621 3000 692 plures
3041 620 3132 678 dei
3171 623 3421 682 dicuntur
3475 633 3560 680 at-

1973 722 2076 777 que
2122 706 2412 764 creduntur
2455 707 2512 765 in
2560 711 2778 775 saeculo,
2823 709 3150 768 benedictus
3197 718 3376 768 tamen
3415 717 3562 771 Deus

1972 796 2200 852 Domini
2225 798 2410 854 nostri
2435 798 2567 855 Iesu
2597 798 2812 856 Christi
2850 800 3024 855 Pater
3059 814 3170 856 non
3216 800 3358 857 alius
3395 817 3561 872 quam

1974 881 2193 939 Creator
2230 883 2574 959 intelligetur,
2615 887 2709 958 qui
2753 894 2806 942 et
2851 885 3102 942 universa
3140 887 3433 955 benedixit,
3466 889 3562 943 ha-

1971 970 2064 1025 bes
2103 970 2358 1028 Genesim
2392 971 2558 1030 498
2593 975 2733 1046 (cap.
2775 977 2848 1044 r);
2881 981 2934 1030 et
2979 975 3060 1029 ab-
3091 974 3359 1032 universis
3388 975 3561 1032 bene-

1970 1058 2188 1125 dicitur,
2218 1061 2386 1117 habes
2425 1061 2702 1118 Daniclem
2745 1062 2889 1134 (cap.
2923 1063 3033 1134 ιιι).
3066 1063 3300 1120 Proinde
3330 1063 3378 1118 si
3412 1071 3563 1136 pater

1970 1155 2152 1219 potest
2178 1149 2280 1203 dici
2308 1149 2512 1206 sterilis
2547 1150 2645 1205 Dei
2673 1149 2878 1206 nullius
2921 1149 3094 1224 magis
3139 1151 3357 1207 nomine
3403 1166 3562 1223 quam

1971 1235 2274 1306 Creatoris;
2305 1239 2827 1294 misericordiarum
2856 1245 3036 1294 tamen
3060 1243 3230 1312 pater
3265 1239 3409 1295 idem
3438 1238 3558 1304 erit,

1969 1323 2062 1396 qui
2082 1325 2406 1392 misericors,
2431 1333 2485 1382 et
2498 1326 2800 1397 miserator,
2821 1335 2874 1383 et
2893 1327 3278 1384 misericordiae
3298 1327 3563 1400 plurimus

1968 1420 2050 1468 est
2077 1413 2254 1469 dictus
2283 1431 2298 1467 :
2328 1414 2494 1469 habes
2521 1415 2664 1486 apud
2691 1416 2881 1472 Ionam
2910 1415 3058 1486 (cap.
3092 1415 3289 1486 tu,‘tv)
3317 1432 3440 1471 cum
3471 1415 3560 1487 ip-

1969 1516 2030 1556 so
2061 1501 2442 1558 misericordiae
2468 1503 2740 1574 exemplo,
2773 1519 2936 1574 quam
2983 1503 3234 1558 Ninivitis
3283 1502 3559 1558 exoranti-

1970 1589 2071 1644 bus
2096 1589 2364 1660 praestitit,
2399 1589 2570 1646 facilis
2615 1599 2670 1646 et
2715 1591 2961 1646 Ezechias
2991 1590 3091 1661 (IV
3128 1593 3256 1663 Reg.
3289 1592 3394 1661 xx)
3423 1588 3562 1646 ﬂeti-

1967 1677 2067 1732 bus
2121 1677 2283 1747 ilecti,
2333 1685 2388 1733 et
2432 1677 2624 1733 Achab
2685 1679 2877 1734 marito
2927 1678 3192 1734 Jezabelis
3249 1677 3561 1751 deprecanti

1968 1765 2289 1840 sanguinem
2321 1766 2606 1838 ignoscere
2632 1766 2898 1822 Nabuthae
2926 1767 3031 1837 (III
3054 1770 3182 1838 Reg.
3207 1768 3352 1838 xvn),
3375 1776 3429 1823 et
3456 1769 3561 1824 Da-

1967 1854 2056 1909 vid
2093 1853 2404 1927 agnoscenti
2457 1853 2710 1910 delictum
2753 1852 2932 1908 statim
2980 1853 3266 1926 indulgere
3297 1855 3318 1922 (
3348 1856 3403 1910 II
3427 1857 3556 1925 Reg.

1967 1943 2099 2012 xu);
2129 1943 2336 1998 malens
2380 1942 2585 2000 scilicet
2631 1941 3002 2014 paenitentiam
3045 1944 3370 2013 peccatoris,
3398 1957 3560 2012 quam

1969 2039 2216 2098 mortem,
2247 2029 2432 2102 utique
2470 2045 2537 2087 ex
2581 2029 2974 2086 misericordiae
3015 2027 3217 2086 affectu
3249 2029 3423 2098 (Osee,
3457 2031 3557 2099 γι).

1970 2117 2028 2174 Si
2056 2119 2187 2190 quid
2213 2118 2317 2174 tale
2346 2117 2636 2174 Marcionis
2663 2119 2807 2174 Deus
2845 2117 3014 2173 edidit
3039 2117 3128 2174 vel
3165 2117 3353 2184 edixit,
3389 2133 3560 2192 agno-

1970 2223 2116 2264 scam
2145 2215 2352 2279 patrem
2381 2206 2892 2263 misericordiarum.
2934 2206 2990 2261 Si
3034 2221 3166 2263 vero
3211 2223 3276 2262 ex
3323 2221 3389 2262 eo
3419 2215 3561 2262 tem-

1970 2311 2101 2368 pero
2140 2296 2286 2352 hunc
2311 2294 2524 2351 titulum
2554 2295 2603 2349 ei
2641 2293 2920 2360 adscribit,
2950 2308 3058 2366 quo
3088 2293 3374 2360 revelatus,
3407 2294 3562 2365 quasi

1971 2383 2165 2439 exinde
2211 2383 2285 2440 sit
2329 2392 2480 2454 pater
2520 2382 3030 2449 misericordiarum,
3059 2397 3166 2455 quo
3206 2383 3438 2440 liberare
3478 2383 3559 2438 in-

1968 2471 2141 2528 stituit
2181 2488 2358 2544 genus
2406 2474 2729 2541 humanum;
2765 2472 2950 2544 atquin
2981 2482 3036 2528 et
3067 2487 3164 2528 nos
3206 2488 3274 2528 ex
3329 2489 3396 2530 eo
3429 2481 3557 2529 tem-

1969 2575 2101 2632 pero
2131 2576 2388 2636 negamus
2419 2561 2590 2626 illum,
2623 2575 2687 2618 ex
2717 2577 2824 2633 quo
2853 2559 3050 2616 dicitur
3081 2559 3340 2617 revelatus
3384 2578 3399 2615 :
3448 2577 3560 2617 non

1971 2657 2150 2722 potest
2217 2649 2380 2720 igitur
2435 2648 2638 2722 aliquid
2709 2649 2759 2705 ei
2834 2648 3161 2714 adscribere,
3216 2665 3380 2721 quem
3433 2658 3560 2705 tunc

1970 2737 2219 2803 ostendit,
2249 2753 2370 2794 cum
2420 2737 2566 2792 aliud
2621 2737 2671 2776 29
2727 2736 2775 2793 ei
2840 2737 3079 2794 ascribit.
3131 2737 3189 2793 Si
3235 2739 3378 2793 enim
3407 2738 3558 2808 prius

1971 2834 2245 2882 constaret
2279 2841 2406 2880 eum
2451 2841 2590 2894 esse,
2625 2832 2754 2880 tunc
2782 2833 2836 2880 et
2864 2824 3100 2881 adscribi
3130 2825 3182 2880 ei
3220 2833 3417 2896 potest.
3452 2828 3558 2881 Ac-

3131 2913 3427 2968 accidentia
3454 2930 3556 2969 au-

267 3004 366 3058 lam
405 3012 461 3058 et
503 3002 1006 3058 immortalitatem?
1035 3002 1198 3058 Aliud
1229 3003 1396 3078 igitur
1440 3005 1577 3062 facta
1624 3022 1722 3076 per
1767 3010 1863 3064 de-

1973 3005 2074 3054 tem
2103 3000 2368 3056 antecedit
2407 2999 2579 3072 ipsius
2624 2999 2703 3055 rei
2750 3000 2987 3058 ostensio
3017 3001 3105 3057 cui
3133 3001 3409 3068 accidunt;
3437 3017 3557 3055 ma-

267 3091 620 3147 mutationem
647 3132 660 3156 ,
708 3098 835 3146 tunc
880 3100 1244 3164 consequetur
1297 3091 1396 3148 Dei
1437 3109 1700 3168 regnum;
1742 3096 1858 3164 jam

268 3194 382 3234 non
429 3193 556 3234 caro
601 3193 704 3233 nec
747 3178 992 3253 sanguis,
1033 3179 1127 3234 sed
1163 3179 1311 3251 quod
1347 3180 1427 3236 illi
1467 3196 1664 3253 corpus
1708 3183 1858 3239 Deus

265 3266 503 3322 dederit.
533 3268 604 3322 Et
643 3267 764 3322 ideo
792 3275 939 3322 recte
961 3267 1262 3339 Apostolus
1306 3285 1321 3324 :
1371 3271 1510 3326 Caro
1539 3274 1598 3328 et
1627 3276 1861 3344 sanguis

266 3373 508 3428 regnum
540 3358 641 3413 Dei
681 3373 799 3413 non
846 3361 1290 3431 consequentur;
1325 3357 1684 3416 demutationi
1729 3360 1858 3417 illud

263 3445 610 3512 adscribens,
665 3460 787 3516 quas
849 3445 1054 3501 accedit
1108 3446 1511 3503 resurrectioni.
1570 3447 1629 3504 Si
1683 3456 1863 3506 autem

263 3540 392 3588 tunc
412 3533 517 3603 ﬁet
538 3532 779 3598 verbum,
799 3533 944 3604 quod
961 3534 1241 3606 scriptum
1262 3539 1345 3590 est
1364 3536 1504 3606 apud
1520 3535 1857 3594 Creatorem:

273 3624 368 3680 Ubi
419 3626 528 3687 est,
558 3637 730 3687 mors,
761 3622 1003 3678 victoria
1051 3627 1170 3692 tua,
1202 3623 1284 3680 vel
1325 3623 1377 3662 2⁸
1420 3626 1694 3682 contentio
1733 3627 1863 3684 tua?

269 3710 368 3768 Ubi
417 3714 526 3773 est,
567 3723 738 3774 mors,
779 3710 1010 3766 aculeus
1061 3715 1233 3768 tuus?
1264 3710 1495 3768 Verbum
1542 3721 1720 3770 autem
1761 3716 1864 3772 hoc

260 3797 546 3854 Creatoris
590 3807 691 3863 est,
731 3811 832 3867 per
877 3797 1228 3868 Prophetam;
1259 3800 1378 3868 ejus
1425 3800 1528 3855 erit
1574 3788 1629 3856 et
1670 3817 1781 3870 res,
1809 3804 1861 3858 id

261 3896 347 3942 est
374 3899 634 3958 regnum,
674 3886 833 3954 cujus
860 3895 914 3941 et
943 3885 1162 3942 verbum
1191 3885 1286 3942 ﬁet
1323 3887 1376 3941 in
1419 3902 1605 3961 regno.
1632 3888 1747 3943 Nec
1773 3886 1863 3942 alii

271 3977 378 4031 Deo
407 3975 633 4046 gratias
667 3973 813 4038 dicit,
845 3973 988 4046 quod
1029 3974 1188 4031 nobis
1217 3975 1536 4046 victoriam,
1575 3975 1760 4050 utique
1794 3975 1862 4030 de

266 4070 465 4128 morte,
499 4065 717 4134 referre
743 4064 1106 4135 praestiterit,
1135 4079 1296 4134 quam
1327 4064 1406 4120 illi
1441 4081 1472 4120 a
1500 4079 1607 4137 quo
1635 4066 1860 4121 verbum

1969 3090 2112 3144 xime
2156 3103 2283 3144 cum
2331 3088 2441 3156 jam
2499 3087 2722 3143 alterius
2770 3096 2873 3154 est,
2915 3090 3064 3160 quod
3112 3090 3438 3146 adscribitur
3485 3090 3556 3156 ei,

1967 3177 2060 3251 qui
2093 3176 2242 3247 prius
2277 3189 2386 3230 non
2433 3175 2503 3230 sit
2549 3181 2825 3242 ostensus,
2858 3183 3006 3232 tanto
3046 3178 3222 3250 magis
3270 3180 3560 3250 negabitur

1968 3280 2111 3333 esse,
2152 3271 2352 3336 quanto
2409 3279 2504 3334 per
2556 3263 2703 3335 quod
2759 3263 3056 3320 afﬁrmatur
3101 3281 3243 3334 esse,
3293 3267 3411 3335 ejus
3453 3274 3556 3332 est,

1967 3353 2061 3426 qui
2084 3355 2196 3424 jam
2235 3362 2488 3408 ostensus
2534 3358 2634 3406 est.
2684 3351 2776 3408 Sic
2821 3364 2877 3408 et
2920 3352 3319 3410 Testamentum
3358 3369 3558 3410 novum

1969 3457 2077 3499 non
2130 3440 2348 3496 alterius
2417 3439 2523 3495 erit
2552 3480 2566 3506 ,
2619 3455 2782 3511 quam
2837 3439 2928 3511 qui
3005 3440 3136 3496 illud
3191 3441 3555 3513 repromisit;

1969 3529 2067 3587 etsi
2095 3546 2209 3586 non
2247 3529 2462 3594 littera,
2493 3536 2549 3583 at
2583 3527 2701 3596 ejus
2737 3529 3002 3600 spiritus,
3033 3527 3140 3584 hoc
3185 3529 3286 3584 erit
3327 3527 3554 3585 novitas.

1969 3617 2235 3690 Denique,
2263 3617 2358 3688 qui
2422 3616 2650 3672 litteram
2705 3617 2916 3674 tabulis
2985 3617 3220 3689 lapideis
3274 3617 3556 3683 inciderat,

1968 3706 2108 3761 idem
2137 3712 2190 3760 et
2217 3703 2285 3760 de
2309 3703 2503 3775 Spiritu
2531 3703 2768 3758 edixerat
2795 3703 2948 3774 (Joel.
2981 3717 3063 3770 ιιι,
3091 3706 3181 3772 28)
3207 3721 3220 3761 :
3246 3704 3563 3775 Effundam

1967 3796 2036 3851 de
2055 3810 2178 3852 meo
2206 3794 2420 3866 spiritu
2447 3793 2512 3848 in
2543 3807 2770 3848 omnem
2799 3809 3051 3851 carnem.
3076 3792 3145 3846 Et
3171 3791 3219 3848 si
3252 3794 3448 3850 littera
3477 3808 3563 3849 oc-

1969 3883 2128 3951 cidit,
2150 3883 2391 3955 spiritus
2428 3897 2555 3940 vero
2592 3882 2864 3952 viviﬁcat,
2886 3881 3009 3950 ejus
3042 3887 3333 3953 utrumque
3371 3879 3564 3951 estqui

1965 3972 2042 4026 ait
2077 3971 2271 4043 (Dent.
2311 3985 2500 4037 χχχιι,
2532 3970 2624 4041 39)
2666 3987 2679 4026 :
2714 3972 2822 4042 Ego
2851 3969 3124 4040 occidam,
3158 3975 3214 4028 et
3245 3971 3564 4042 viviﬁcabo;

1967 4061 2304 4132 percutiam,
2338 4063 2394 4115 et
2424 4058 2651 4115 sanabo.
2683 4056 2826 4113 Olim
2852 4058 3120 4128 duplicem
3147 4059 3255 4116 vim
3293 4059 3568 4116 Creatoris

263 4149 668 4208 insultatorium
715 4151 785 4206 de
826 4161 998 4208 morte
1041 4160 1098 4208 et
1143 4152 1611 4227 triumphatorium
1657 4153 1866 4226 accepit
1968 4147 2358 4203 vindicavimus
2385 4147 2455 4217 30,
2485 4145 2764 4215 etjudicis
2792 4154 2846 4202 et
2873 4145 3033 4217 boni;
3068 4147 3247 4203 littera
3273 4149 3572 4205 occidentis

264 4239 348 4307 (II
375 4240 502 4296 Cor.
533 4253 573 4306 ι,
613 4253 676 4294 ιιι
712 4242 770 4295 et
804 4252 863 4294 tv
889 4239 937 4309 ).

1969 4252 2068 4307 per
2096 4236 2295 4309 Legem
2324 4235 2464 4306 (38),
2495 4245 2550 4292 et
2587 4235 2784 4308 spiritu
2811 4235 3138 4294 viviﬁcantis
3180 4251 3280 4310 per
3315 4239 3567 4310 Evange-

344 4461 395 4500 ²⁵
425 4460 616 4517 Carnis
647 4459 739 4520 hic
759 4461 947 4523 mnitt.
970 4462 1144 4521 Scml.
1173 4461 1224 4504 ²θ
1250 4461 1347 4520 Est
1373 4461 1501 4522 add.
1537 4365 1841 4521 Οὸθιῐῖιῗιξ

1973 4371 2349 4517 ῗιὲιῗιῗδζςειηι.
2381 4455 2432 4496 2⁸
2460 4455 2564 4515 Ubi
2589 4458 2668 4514 at.
2703 4455 2755 4497 29
2781 4454 3003 4528 Aliquid
3046 4458 3209 4514 Pam.
3244 4457 3296 4499 ³ο
3323 4459 3571 4518 Vindica-

274 4547 397 4588 mus
419 4533 594 4591 Seml.

348 4701 474 4827 (36‘)J
506 4703 639 4758 Tum
666 4718 782 4784 non
811 4706 1024 4785 erimus
1049 4706 1116 4761 in
1161 4719 1353 4762 carne.
1385 4703 1444 4760 Si
1490 4703 1732 4776 quandiu
1767 4703 1864 4785 .vi-

279 4779 390 4828 tam
478 4789 580 4828 anc
615 4789 851 4828 emimus.
879 4791 1058 4828 carms
1094 4791 1258 4828 onera
1298 4791 1392 4828 seu
1438 4784 1656 4828 peccata
1700 4781 1864 4828 ente-

478 4789 580 4829 anc
615 4775 851 4855 egimus,
879 4775 1058 4832 carnis
1094 4791 1258 4855 opera
1298 4775 1656 4855 seu__peccata
1686 4775 1867 4855 evite-

1673 4604 2172 4669 Commentarius.

1979 4701 2152 4758 oculis
2181 4698 2380 4755 nostris
2417 4695 2705 4770 legendum
2747 4695 3053 4752 exhibetur.
3083 4697 3149 4754 Et
3196 4700 3435 4770 quandiu
3466 4709 3576 4757 ste-

1981 4773 2060 4840 tit,
2117 4785 2449 4842 corporeum
2478 4769 2691 4842 aliquid
2749 4771 3058 4838 praestabat.
3115 4769 3330 4842 Etenim
3367 4771 3578 4842 gviolata

277 4859 425 4909 mus,
486 4860 597 4918 non
643 4839 767 4918 ideo
822 4839 878 4902 in
932 4861 1096 4918 carne
1120 4839 1322 4918 :fuisse
1374 4839 1636 4903 dicemur.
1683 4847 1874 4918 Neque
1980 4839 2231 4918 mortem'
2264 4839 2920 4918 inferebat;'_observata,
2971 4840 3258 4918 praemium
3308 4841 3578 4918 felicitatis

278 4920 426 4992 enim
485 4915 798 4992 substantia:
859 4917 1061 4986 carnis,
1116 4917 1219 4974 Dei
1271 4932 1498 4990 regnum
1555 4915 1870 4992 denegatur,

281 4986 384 5040 sed
414 4993 662 5054 peccato.
701 4987 785 5041 In.

358 5057 472 5132 (37)
500 5060 615 5132 fer
642 5058 1029 5132 egpiationem
1057 5075 1252 5132 eorum
1281 5075 1406 5132 qua:
1434 5062 1499 5114 in
1527 5073 1754 5132 corpore
1774 5057 1876 5132 ad-

281 5128 468 5201 misit.
499 5128 620 5182 Non
648 5128 746 5182 abs
782 5145 840 5184 re
866 5130 946 5201 de
966 5128 1304 5201 purgatione'
1327 5139 1449 5199 post
1478 5128 1705 5186 mortem
1744 5131 1880 5201 sub-3

285 5199 489 5264 eunda,
528 5207 780 5272 accurata
823 5199 1044 5271 quidem
1080 5199 1150 5257 'et
1195 5200 1464 5272 diligenti,
1496 5202 1614 5256 haec
1650 5199 1884 5272 intelligi

288 5277 568 5336 poterunt.
611 5271 688 5324 LE
717 5271 811 5326 Pa.

361 5339 490 5414 (38)Δ
525 5341 741 5414 Littera
784 5341 1096 5399 occidentis
1137 5358 1242 5414 per
1279 5343 1492 5413 Legem.
1529 5331 1678 5414 Pauli
1723 5341 1891 5398 verba

287 5420 418 5486 sunt
453 5411 491 5486 ll
523 5411 748 5486 adCor.
778 5426 862 5481 ιιι,
901 5416 933 5466 6
967 5432 979 5467 :
1015 5411 1234 5486 Littera
1261 5411 1486 5486 occidit,
1519 5413 1768 5486 Spiritus
1796 5414 1888 5468 vi-

285 5480 810 5560 giﬁcatniitteram
841 5480 1018 5560 gvocat
1071 5485 1267 5560 Leges_
1299 5480 1590 5560 mosaicas,
1630 5483 1889 5560 Spiritum
1998 5485 2071 5538 De
2103 5480 2299 5560 littera
2317 5480 2509 5560 ’Mos'is.
2541 5481 2964 5560 Chrysostomus
2999 5498 3027 5560 ,ε

285 5551 665 5629 Evangelium.
699 5553 804 5610 Lex
837 5554 1071 5629 Massica
1100 5551 1200 5627 pe'r
1227 5556 1584 5629 Evangelium
1611 5551 1887 5629 abrogata,

1983 4914 2209 4983 alicujus
2257 4926 2533 4984 corporeae
2579 4911 2690 4984 sive
2741 4910 2990 4984 terrenae.
3018 4910 3194 4968 Verba
3218 4923 3396 4969 autem
3422 4914 3579 4970 Chri-

1985 4985 2052 5042 sti
2082 4981 2377 5054 Evangelio
2406 4983 2793 5054 comprehensa
2830 4981 3052 5054 spiritus
3081 4990 3207 5040 sunt
3237 4995 3292 5040 et
3331 4989 3456 5042 vita.
3490 4985 3581 5042 Et-

1988 5055 2134 5112 enim
2186 5052 2572 5125 pdsnitentihus
2625 5053 2728 5108 reis
2775 5052 3015 5108 offerunt
3063 5055 3484 5113 misericordiam
3528 5064 3583 5113 et

1990 5126 2221 5200 gratiam
2267 5125 2608 5190 delictorum,
2653 5131 2709 5178 et
2751 5125 2921 5200 vitam
2961 5133 3251 5200 aeternam;
3300 5145 3421 5198 quae
3465 5145 3581 5184 coe-

1991 5195 2143 5324 ﬁstia
2163 5205 2312 5322 sgnt,
2333 5211 2444 5252 non
2481 5203 2712 5252 terrena.
2751 5195 2874 5251 Bia.
2903 5224 2970 5236 —
3000 5198 3214 5255 Littera
3239 5195 3581 5258 occidentis.

2048 5285 2183 5324 enan
2227 5284 2286 5323 er
2324 5284 2338 5321 :

2048 5285 2142 5325 8118
2151 5284 2286 5323 ιιαει
2324 5284 2338 5321 ἒ

2139 5340 2307 5412 Nouo;
2326 5338 2604 5412 φιιλαχθξὶς,
2636 5335 2775 5412 οὖδέγ
2815 5338 2942 5391 ἔστιν
2968 5337 3002 5405 ἤ
3028 5341 3193 5412 νόμος.

2139 5411 2197 5464 ’0
2217 5409 2284 5481 μὴ
2305 5410 2694 5482 φυλαχοεὶςὶιιαὶ
2721 5411 2888 5480 νόμος,
2918 5411 3001 5462 καὶ
3027 5409 3220 5482 δήμιος.

3088 5483 3145 5555 ὀ
3170 5482 3437 5555 νόμοςίέάν
3463 5483 3584 5555 λάϐῃ

1996 5555 2152 5624 φονέει
2183 5592 2199 5620 ,
2253 5552 2447 5624 ἀναιρεῖ
2493 5553 2576 5604 καὶ
2627 5552 2678 5624 τί
2707 5553 2844 5624 λέγω
2890 5552 3074 5624 gavia;
3125 5552 3248 5624 coxa
3304 5553 3478 5608 ἔλαϐεν
3538 5552 3588 5608 iv

282 5623 405 5692 jam
434 5619 570 5680 nihil
595 5633 681 5682 est
715 5641 879 5698 quam
926 5619 1122 5692 littera;
1151 5619 1470 5698 corporeum
1515 5624 1719 5700 aliquid
1744 5619 1864 5697 quoi

1997 5619 2244 5697 Σαὸϐὰτῳ
2273 5619 2569 5685 συλλέξαντα
2607 5623 2633 5674 ό
2659 5619 2832 5696 νόμυξ,
2861 5622 2944 5678 καὶ
2971 5619 3160 5684 ὲλίθκσς
3185 5623 3310 5681 Rm.
3379 5675 3388 5684 ,
3471 5673 3478 5684 ,
