4018 6192
424 277 527 338 531

427 406 586 462 lium.
618 405 739 461 Non
769 410 999 476 possunt
1024 402 1164 463 duos
1193 406 1325 464 deos
1353 406 1553 479 facere,
1572 423 1691 477 quae
1718 405 1817 463 etsi
1844 404 2016 463 diver-

426 512 507 559 sa,
534 493 677 564 apud
721 508 887 548 unum
927 494 1202 550 recenseri
1232 503 1623 566 praevenerunt.
1661 496 2012 551 Commemo-

425 589 508 637 rat
534 586 593 639 et
613 581 678 637 de
706 582 982 639 velamine
1006 583 1193 654 Moysi,
1217 600 1320 656 quo
1344 587 1553 655 faciem
1584 583 1799 657 tegebat
1828 584 2016 639 incon-

435 671 818 743 templabilem
872 672 1009 742 ﬁliis
1058 674 1255 730 Israel.
1311 672 1369 728 Si
1426 674 1548 730 ideo
1600 681 1658 729 ut
1718 673 2014 729 claritatem

428 762 693 833 majorem
733 762 1048 820 defenderet
1072 763 1210 819 Novi
1250 764 1601 835 Testamenti,
1651 764 1794 837 quod
1822 766 2015 820 manet

427 854 492 909 in
546 854 748 926 gloria,
787 869 948 924 quam
978 853 1195 926 veteris,
1237 854 1378 927 quod
1428 856 1693 911 evacuari
1753 855 2011 921 habebat;

427 942 533 998 hoc
584 950 637 997 et
691 957 825 997 meae
903 942 1150 999 convenit
1232 942 1377 1009 ﬁdei,
1446 942 1780 1014 praeponenti
1842 943 2018 997 Evan-

429 1030 634 1104 gelium
691 1029 822 1104 legi.
866 1032 935 1087 Et
980 1031 1104 1088 vide
1162 1047 1232 1087 ne
1286 1031 1461 1104 magis
1518 1049 1673 1088 meae.
1706 1032 1819 1088 Illic
1873 1031 2017 1086 enim

429 1116 532 1172 erit
572 1117 865 1189 superponi
902 1118 1050 1191 quid,
1082 1120 1174 1175 ubi
1217 1120 1379 1197 fuerit
1424 1130 1479 1176 et
1524 1120 1657 1176 illud
1696 1121 1782 1177 cui
1826 1136 2017 1191 super-

430 1205 669 1277 ponitur.
700 1207 774 1262 At
799 1223 919 1263 cum
948 1208 1111 1265 dicit:
1138 1209 1241 1267 Sed
1268 1210 1451 1265 obtusi
1478 1216 1614 1267 sunt
1634 1225 1831 1267 sensus
1851 1225 2020 1266 mun-

431 1293 525 1362 di;
574 1310 682 1351 non
717 1295 901 1367 utique
932 1297 1224 1368 Creatoris,
1259 1296 1353 1353 sed
1399 1296 1586 1369 populi
1619 1298 1709 1368 qui
1760 1297 1814 1351 in
1862 1312 2020 1351 mun-

432 1382 503 1439 do
531 1392 634 1440 est.
665 1384 744 1439 De
773 1384 965 1440 lsraele
992 1385 1038 1424 31
1079 1386 1228 1440 enim
1256 1384 1388 1441 dicit
1433 1402 1444 1439 :
1487 1384 1654 1443 499
1691 1386 1771 1453 Ad
1801 1385 2021 1443 hodier-

436 1488 577 1529 num
599 1489 776 1546 usque
792 1476 1048 1532 velamen
1060 1474 1119 1530 id
1147 1477 1339 1547 ipsum
1360 1478 1423 1532 in
1445 1476 1607 1533 corde
1622 1490 1834 1534 eorum.
1860 1477 2023 1546 Figu-

431 1577 545 1617 ram
576 1561 811 1619 ostendit
839 1562 1006 1619 fuisse
1035 1564 1279 1621 velamen
1327 1564 1479 1621 faciei
1526 1564 1581 1619 in
1624 1566 1830 1637 Moyse,
1862 1563 2020 1620 vela-

432 1650 595 1707 minis
636 1653 815 1708 cordis
854 1652 909 1708 in
954 1655 1175 1726 pepulo,
1205 1655 1335 1727 quia
1373 1670 1477 1712 nec
1514 1670 1659 1711 nunc
1708 1653 1850 1725 apud
1895 1652 2021 1710 illos

1119 275 1570 340 TERTULLIANI
1605 274 1870 340 OPERUM
1906 272 2076 339 PARS
2111 274 2179 337 Il.
2218 301 2288 320 -
2323 272 2547 338 SERIES
2584 274 2627 347 Ι,
2665 272 3016 338 POLEMICA.

3603 273 3713 336 532

2123 401 2255 458 daeis
2290 400 2615 472 infidelibus,
2659 400 2717 456 in
2769 402 2965 474 quibus
3012 407 3258 471 opertum
3315 407 3397 456 est
3449 396 3716 471 aliquibus

2121 490 2471 565 Evangelium
2501 491 2675 547 adhuc
2703 490 2802 547 sub
2847 488 3111 547 velamine
3133 482 3341 561 Moysi.
3396 486 3509 550 Illis
3565 486 3711 542 enim

2120 581 2266 637 Deus
2297 581 2432 651 (Isa.
2462 595 2616 646 xxix,
2647 579 2751 651 13),
2787 579 2949 635 labiis
2980 578 3339 650 diligentibus
3367 591 3518 643 eum,
3544 575 3709 633 corde

2120 674 2312 727 autem
2337 670 2493 741 longe
2514 667 2912 726 absistentibus
2933 667 2998 723 ab
3019 682 3100 735 eo,
3124 666 3353 721 minatus
3382 665 3554 721 fuerat
3579 666 3717 734 (Isa.

2120 772 2202 822 vr,
2228 758 2317 829 10)
2342 774 2353 811 :
2384 758 2533 815 Aure
2549 756 2814 823 audietis,
2846 760 3037 815 etnon
3058 754 3333 823 audietis;
3355 755 3531 813 oculis
3562 753 3719 810 vide-

2122 845 2271 913 bitis,
2303 849 2357 903 et
2380 861 2492 902 non
2518 846 2808 915 videbitis;
2834 854 2888 902 et
2919 846 3051 915 (Isa.
3101 860 3196 914 vn,
3232 845 3285 913 9)
3322 861 3337 899 :
3373 843 3494 899 Nisi
3541 840 3723 899 credi-

2123 935 2346 1007 deritis,
2370 951 2472 991 nec
2502 935 2870 1007 intelligetis;
2899 942 2948 990 et
2978 936 3110 1004 (Isa.
3138 934 3419 1005 xxrx,li):
3443 933 3721 1004 Auferam

2122 1027 2470 1097 sapientiam
2481 1026 2852 1097 sapientium,
2869 1029 2927 1082 et
2945 1023 3319 1096 prudentiam
3342 1023 3721 1095 prudentium

2124 1114 2355 1169 irritant
2385 1113 2762 1183 faciam.llaec
2782 1118 2962 1167 autem
2995 1126 3103 1167 non
3134 1110 3318 1183 utique
3338 1110 3404 1164 de
3423 1110 3720 1181 Evangelio

2125 1200 2225 1257 Dei
2279 1200 2451 1274 ignoti
2490 1201 2874 1256 abscondendo
2913 1199 3237 1254 minabatur.
3271 1199 3369 1264 Ita,
3402 1213 3510 1253 non
3541 1199 3589 1238 33
3620 1200 3723 1253 hu-

2122 1289 2213 1359 jus
2241 1290 2340 1345 mvi
2370 1290 2532 1357 Deus,
2566 1289 2661 1344 sed
2678 1286 3189 1360 inﬁdelium500
3202 1288 3374 1359 hujus
3405 1289 3509 1344 aevi
3529 1303 3721 1344 excee-

2129 1381 2225 1435 cat
2253 1395 2367 1443 cor,
2396 1380 2543 1449 quod
2571 1377 2842 1433 Christum
2880 1379 3001 1449 ejus
3056 1393 3164 1433 non
3208 1376 3350 1432 ultro
3382 1392 3723 1449 recognove-

2130 1466 2237 1521 rint
2264 1465 2331 1521 de
2380 1464 2688 1537 Scripturis,
2749 1465 3189 1539 intelligendum.
3245 1466 3312 1522 Et
3368 1464 3602 1535 positum
3664 1466 3725 1520 in

2130 1554 2484 1630 ambiguitate
2538 1554 2897 1612 distinctionis
2962 1556 3222 1611 hactenus
3288 1562 3546 1611 tractasse
3578 1596 3591 1620 ,
3650 1570 3725 1610 ne

2128 1643 2435 1700 adversario
2467 1643 2765 1715 prodesset,
2826 1651 3112 1701 contentus
3160 1642 3401 1702 victoriae
3436 1684 3450 1711 ,
3504 1659 3587 1699 me
3634 1642 3724 1699 ul-

434 1739 789 1811 perspiciatur
844 1724 1060 1813 Moyses
1113 1724 1297 1809 corde,
1349 1742 1489 1800 sicut
1545 1759 1644 1801 nec
1697 1743 1833 1801 facie
1872 1753 2019 1800 tunc.
2057 1724 2102 1802 Β
2133 1738 2215 1788 ίΓο
2277 1731 2327 1770 ³4
2383 1748 2607 1804 Possum
2667 1741 2719 1788 θι
2786 1733 2841 1787 in
2897 1740 3070 1789 ῑοίιιῐη
3127 1732 3531 1789 contentionem
3584 1732 3728 1788 hanc

434 1829 575 1899 Quid
600 1836 680 1885 est
708 1844 839 1903 ergo
881 1830 1059 1888 adhuc
1081 1831 1311 1889 velatum
1357 1832 1414 1887 in
1458 1834 1643 1904 Moyse
1669 1833 1815 1904 quod
1859 1832 2025 1903 perti-

433 1924 555 1972 neat
584 1916 653 1972 ad
683 1917 930 1987 Paulum,
960 1918 1006 1975 si
1032 1919 1278 1976 Christus
1303 1921 1571 1977 Creatoris
1600 1936 1630 1975 a
1668 1922 1851 1993 Moyse
1882 1935 2029 1991 prae-

434 2004 644 2062 dicatus
672 2006 913 2062 nondum
942 2008 1131 2064 venit?
1160 2007 1443 2077 Quomodo
1470 2009 1581 2079 jam
1610 2016 1796 2080 operta
1840 2016 1895 2063 et
1930 2025 2027 2065 ve-

435 2093 541 2149 lata
587 2094 765 2152 adhuc
812 2097 1134 2153 denotantur
1187 2097 1351 2152 corda
1405 2097 1738 2164 Judaeorum,
1788 2094 2029 2152 nondum

438 2180 688 2237 exhibitis
733 2183 1206 2253 praedicationibus
1238 2183 1429 2257 Moysi,
1464 2184 1519 2240 id
1563 2193 1646 2240 est
1685 2185 1753 2240 de
1792 2182 2026 2250 Christo,

439 2266 494 2320 in
522 2283 633 2338 quo
670 2285 793 2324 eum
834 2270 1132 2345 intelligere
1175 2271 1472 2330 deberent?
1503 2271 1640 2340 Quid
1684 2270 1753 2327 ad
1800 2273 2031 2341 Aposto-

439 2353 553 2410 lum
579 2356 777 2413 Christi
822 2358 1060 2424 alterius,
1102 2360 1147 2414 si
1194 2360 1297 2416 Dei
1344 2359 1425 2415 sui
1474 2368 1810 2416 sacramenta
1855 2356 2031 2414 Judmi

441 2458 551 2498 non
580 2445 967 2517 intelligebant,
998 2447 1102 2503 nisi
1147 2448 1272 2518 quia
1315 2448 1555 2505 velamen
1604 2449 1782 2504 cordis
1812 2448 2032 2503 illorum

443 2534 511 2588 ad
567 2534 897 2599 caecitatem,
953 2551 1057 2605 qua
1124 2551 1233 2591 non
1302 2545 1686 2608 perapexerant
1736 2536 2029 2603 Christum,

444 2622 618 2694 Moysi
662 2623 1000 2692 pertinebat?
1030 2624 1293 2695 Denique,
1343 2626 1489 2696 quod
1536 2626 1776 2699 sequitur
1830 2644 1842 2683 :
1897 2628 2035 2683 Cum

442 2726 572 2768 vero
601 2714 941 2768 converterit
968 2712 1039 2768 ad
1070 2716 1266 2779 Deum,
1297 2716 1598 2785 auferetur
1627 2716 1911 2782 velamen;
1934 2714 2035 2769 hoc

443 2798 631 2854 Judan
680 2800 897 2870 preprie
944 2800 1109 2869 dicit,
1158 2802 1300 2872 apud
1342 2818 1506 2874 quem
1555 2810 1610 2857 et
1655 2814 1737 2859 est
1790 2804 2033 2860 velamen

443 2887 619 2959 Moysi
654 2904 668 2942 :
716 2888 807 2959 qui
855 2905 975 2944 cum
1028 2889 1299 2946 transierit
1329 2890 1381 2945 in
1420 2889 1580 2945 ﬁdem
1622 2891 1839 2957 Christi,
1868 2890 2033 2946 intel-

446 2974 566 3049 ligit
593 2977 815 3048 Moysen
845 2979 911 3032 de
948 2978 1163 3034 Christo
1192 2978 1535 3050 praedicasse,
1568 2979 1859 3047 Caeterum,
1890 2995 2036 3053 quo-

446 3065 611 3118 modo
659 3064 932 3121 auferetur
969 3067 1332 3125 velamentum
1390 3068 1659 3125 Creatoris
1714 3068 1771 3123 in
1825 3068 2037 3125 Christo

448 3152 547 3208 Dei
589 3151 831 3219 alterius,
882 3156 1037 3224 cujus
1080 3164 1416 3213 sacramenta
1458 3157 1666 3215 velasse
1707 3173 1817 3214 non
1860 3156 2041 3229 potuit

448 3240 691 3310 Creator,
749 3243 917 3314 ignoti
966 3245 1218 3302 videlicet
1274 3246 1497 3317 ignota?
1543 3247 1688 3304 Dicit
1728 3262 1879 3319 ergo,
1936 3264 2039 3304 nos

439 3333 569 3403 jam
597 3336 799 3405 aperta
840 3336 1009 3405 facie,
1042 3335 1228 3407 utique
1259 3336 1458 3400 cordis,
1489 3336 1633 3405 quod
1676 3334 1911 3390 velatum
1958 3340 2043 3389 est

448 3419 506 3475 in
531 3421 748 3487 Iudaeis,
771 3423 1220 3495 contemplantes
1244 3424 1553 3491 Christum,
1578 3424 1770 3481 eadem
1790 3424 2040 3495 imagine

450 3513 859 3583 transﬁgurari
890 3530 923 3567 a
949 3514 1129 3585 gloria
1161 3513 1289 3584 (qua
1318 3512 1526 3569 scilicet
1554 3519 1608 3569 et
1635 3512 1851 3583 Moyses
1872 3520 2043 3569 trans-

449 3598 787 3670 ﬁgurabatur
815 3617 846 3656 a
873 3602 1048 3674 gloria
1093 3603 1337 3674 Domini)
1384 3604 1448 3660 in
1492 3604 1731 3675 gloriam
1761 3624 1780 3660 :
1810 3602 1885 3658 ita
1912 3618 2040 3660 cor-

448 3691 695 3759 poralem
720 3692 897 3761 Moysi
926 3692 1389 3749 inluminationem
1420 3692 1487 3745 de
1527 3709 1822 3764 congressu
1861 3694 2043 3749 Domi-

451 3777 527 3843 ni,
555 3790 609 3834 et
637 3780 917 3849 corporale
946 3780 1192 3837 velamen
1240 3781 1307 3836 de
1350 3780 1658 3838 inﬁrmitate
1705 3782 1889 3854 populi
1920 3799 2044 3853 pro-

452 3879 660 3935 ponens
701 3874 755 3922 et
792 3866 1083 3936 Spiritalem
1113 3868 1407 3923 claritatem
1448 3869 1503 3923 in
1553 3870 1763 3925 Christo
1793 3872 2043 3940 superin-

451 3953 679 4019 ducens,
713 3959 985 4027 tanquam
1012 3971 1048 4010 a
1075 3958 1329 4023 Domino,
1350 3956 1524 4029 inquit
1542 3958 1851 4030 spirituum
1872 3959 1939 4025 ³³,
1964 3968 2045 4015 to-

454 4050 566 4097 tum
595 4041 841 4098 ordinem
872 4043 1059 4113 Moysi,
1094 4044 1322 4116 ﬁguram
1359 4045 1591 4115 ignorati
1629 4047 1769 4116 apud
1800 4048 2040 4115 Judaeos,

452 4130 620 4205 agniti
650 4145 777 4188 vero
806 4131 950 4202 apud
984 4148 1083 4188 nos
1112 4131 1310 4188 Christi
1347 4132 1518 4190 fuisse
1547 4142 1789 4191 testatur.
1823 4136 2042 4194 Scimus

455 4220 718 4292 quosdam
761 4236 955 4277 sensus
998 4221 1408 4294 ambiguitatem
1461 4223 1569 4290 pati
1596 4239 1781 4296 posse,
1811 4226 1880 4283 de
1908 4241 2042 4284 sono

2134 1818 2436 1891 praeterisse
2510 1819 2827 1892 simpliciori
2897 1835 3154 1891 reponso.
3225 1822 3343 1876 Prae
3400 1836 3559 1875 manu
3617 1820 3726 1878 erit

2133 1908 2341 1965 scilicet
2369 1909 2418 1947 ³⁵
2446 1908 2608 1979 hujus
2634 1908 2736 1965 avi
2778 1908 3055 1964 dominum
3086 1909 3362 1966 diabolum
3402 1909 3725 1980 interpreta-

2138 1997 2203 2064 ri,
2238 1996 2331 2069 qui
2379 1997 2590 2065 dixerit,
2626 1997 2892 2069 propheta
2934 1996 3193 2053 referente
3250 2000 3382 2067 (Isa.
3428 2013 3547 2064 xw,
3582 1997 3674 2068 14)
3709 2013 3724 2049 :

2138 2090 2243 2145 Ero
2273 2087 2479 2143 similis
2516 2087 2819 2153 Altissimi,
2849 2103 3060 2159 ponam
3090 2089 3153 2143 in
3188 2087 3426 2145 nubibus
3459 2088 3731 2144 thronum

2136 2190 2368 2243 meum;
2399 2175 2538 2232 sicut
2565 2182 2619 2231 et
2652 2183 2759 2231 tota
2796 2175 2960 2244 hujus
2988 2174 3087 2231 mvi
3119 2176 3429 2246 superstitio
3457 2175 3537 2231 illi
3575 2192 3731 2232 man-

2139 2264 2312 2335 cipata
2338 2271 2439 2330 est,
2470 2264 2559 2336 qui
2589 2273 2823 2321 exeaacet
2854 2263 3157 2321 infidelium
3201 2266 3390 2334 corda,
3427 2274 3481 2321 et
3522 2265 3579 2321 in
3614 2264 3729 2332 pri-

2140 2356 2244 2411 mis
2268 2362 2529 2427 apostatze
2558 2355 2864 2413 Marcionis.
2896 2355 3165 2426 Denique,
3197 2372 3305 2411 non
3345 2356 3479 2412 vidit
3542 2371 3731 2411 occur-

2141 2452 2346 2502 rentem
2379 2444 2477 2500 sibi
2506 2444 2798 2500 clausulam
2830 2461 3021 2501 sensus
3057 2462 3070 2500 :
3108 2446 3384 2514 Quoniam
3409 2449 3607 2510 Deum,
3629 2448 3734 2517 qui

2142 2535 2293 2592 dixit
2322 2551 2396 2591 ex
2437 2533 2682 2592 tenebris
2724 2535 2903 2592 lucem
2943 2536 3242 2601 lucescere,
3274 2536 3496 2593 reluxit
3516 2537 3577 2591 in
3616 2552 3737 2593 cor-

2143 2624 2511 2681 dibusnostris
2541 2625 2613 2679 ad
2641 2624 3134 2680 illuminationem
3163 2625 3475 2696 agnitionis
3503 2641 3644 2689 sum,
3670 2626 3735 2679 in

2143 2729 2381 2787 persona
2430 2714 2661 2770 Christi.
2708 2710 2841 2781 Quis
2900 2712 2949 2752 35
2985 2712 3166 2768 dixit:
3199 2716 3329 2770 Fiat
3362 2714 3505 2770 lux?
3553 2714 3617 2767 Et
3659 2713 3727 2769 de

2142 2801 2538 2859 illuminatione
2566 2802 2776 2868 mundi,
2808 2802 2928 2874 quis
2952 2802 3169 2858 Christo
3201 2803 3277 2857 ait
3306 2804 3437 2873 (Isa.
3474 2817 3603 2867 xui,
3633 2802 3689 2871 6)
3719 2819 3732 2855 :

2141 2893 2311 2949 Posui
2341 2896 2394 2947 te
2433 2892 2497 2946 in
2530 2891 2722 2947 lumen
2752 2892 3078 2956 nationum,
3113 2890 3416 2946 sedentium
3447 2890 3649 2946 scilicet
3678 2889 3736 2944 in

2146 2979 2406 3048 tenebris,
2439 2986 2493 3035 et
2519 2979 2574 3033 in
2604 2982 2789 3034 umbra
2821 2979 3011 3034 mortis
3040 2981 3068 3035 ‘I
3120 2979 3223 3035 Cui
3283 2980 3579 3051 reapondct
3610 2980 3739 3049 Spi-

2147 3073 2233 3123 tus
2272 3067 2326 3120 in
2380 3066 2596 3122 Psalmo
2626 3067 2722 3137 (tv,
2754 3067 2832 3135 7),
2887 3082 2953 3122 ex
3002 3066 3339 3136 providentia
3386 3067 3596 3121 futuri:
3638 3067 3733 3124 Si-

2145 3157 2480 3227 gniﬁcatum
2520 3161 2623 3225 est,
2677 3155 2870 3228 inquit,
2925 3172 3094 3227 super
3138 3172 3237 3213 nos
3271 3152 3457 3213 lumen
3486 3172 3739 3229 personae

2149 3247 2551 3312 tuae,Domine.
2574 3246 2811 3301 Persona
2828 3253 3007 3300 autem
3039 3245 3158 3315 Dei,
3177 3245 3415 3302 Christus
3442 3244 3728 3301 Dominus.

2148 3332 2302 3389 Unde
2320 3341 2374 3388 et
2394 3332 2642 3404 Apostoli
2669 3349 2833 3404 supra
2864 3350 2879 3389 :
2916 3334 3021 3402 Qui
3049 3338 3134 3391 est
3160 3336 3362 3407 imago,
3395 3333 3590 3405 inquit,
3615 3335 3733 3389 Dei.

2144 3420 2316 3494 Igitur
2360 3421 2407 3477 si
2442 3384 2685 3478 Christus
2726 3384 2956 3494 persona
3006 3384 3305 3479 Creatoris;
3318 3384 3739 3494 d,icetijt.is,'Fiat
3776 3384 3808 3495 ί

2149 3512 2373 3581 lux;et
2407 3510 2674 3577 Christus,
2734 3520 2785 3567 et
2831 3513 3105 3583 Apostoli,
3151 3520 3208 3568 et
3255 3512 3630 3585 Evangelium,
3684 3520 3741 3567 et.

2145 3602 2394 3659 velamen
2423 3611 2477 3658 et
2505 3603 2746 3672 Moyses,
2778 3609 2832 3659 et
2880 3611 2991 3660 tota
3021 3602 3197 3659 series
3240 3603 3536 3660 secundum
3588 3602 3739 3657 testi-

2148 3691 2391 3747 monium
2416 3690 2674 3747 clausula;
2703 3690 2976 3747 Creatoris
3004 3700 3087 3747 est
3116 3693 3213 3747 Dei
3240 3692 3406 3761 hujus
3439 3691 3562 3761 aevi,
3594 3698 3738 3748 certe

2150 3795 2259 3835 non
2291 3780 2412 3849 ejus
2437 3781 2529 3852 qui
2574 3797 2847 3852 nunquam
2896 3781 3072 3838 dixit:
3114 3784 3244 3838 Fiat
3295 3783 3419 3837 lux.
3470 3782 3739 3836 Praetereo

2147 3868 2235 3925 hic
2271 3875 2326 3923 et
2371 3869 2438 3924 de
2494 3869 2596 3926 alia
2656 3869 2925 3941 Epistola,
2988 3886 3151 3941 quam
3207 3884 3306 3925 nos
3359 3872 3425 3924 ad
3475 3869 3742 3940 Ephesios

2149 3956 2520 4028 praescriptam
2570 3958 2849 4025 habemus,
2901 3958 3143 4014 haeretici
3190 3972 3318 4013 vero
3357 3956 3425 4012 ad
3466 3957 3735 4014 Laodice-

2148 4060 2248 4102 nos
2279 4045 2416 4117 (40).
2449 4046 2540 4102 Ait
2585 4047 2728 4102 enim
2779 4048 2998 4119 (Ephes.
3052 4062 3118 4116 ιι,
3160 4047 3248 4118 12)
3295 4045 3605 4102 meminisse
3643 4060 3747 4100 na-

2148 4133 2343 4200 tiones,
2365 4134 2509 4205 quod
2530 4134 2619 4190 illo
2642 4134 2697 4190 in
2719 4141 2964 4207 tempore
2989 4152 3122 4192 cum
3142 4141 3329 4193 essent
3345 4136 3468 4192 sine
3501 4135 3741 4199 Christo,

2152 4224 2332 4280 alieni
2351 4224 2417 4280 ab
2448 4224 2673 4292 Israele,
2702 4227 2823 4281 sine
2852 4228 3295 4293 conversatione,
3330 4228 3387 4281 et
3436 4229 3746 4280 testamen-

460 4307 931 4377 pronuntiationis,
959 4318 1050 4365 aut
1076 4309 1145 4363 de
1174 4309 1333 4364 modo
1365 4310 1744 4382 distinctionis,
1784 4328 1907 4368 cum
1939 4315 2040 4369 du-
2072 4290 2117 4369 Β
2155 4313 2246 4380 tis,
2288 4316 2345 4370 et
2382 4329 2478 4384 spe
2502 4313 2921 4385 promissionis,
2954 4316 3131 4371 etiam
3162 4316 3282 4370 sine
3308 4315 3415 4369 Deo
3452 4312 3499 4351 ³⁷
3529 4317 3739 4375 essent,

456 4394 670 4466 plicitas
713 4411 894 4452 earum
936 4396 1240 4454 intercedit.
1293 4398 1445 4456 Hanc
1501 4401 1736 4457 Marcion
1782 4402 2036 4472 captavit,

454 4483 531 4539 sic
584 4484 836 4556 legendo,
865 4484 935 4540 In
990 4486 1183 4559 quibus
1236 4489 1383 4544 Deus
1441 4489 1546 4545 aevi
1601 4489 1765 4561 hujus
1804 4489 1948 4561 (39);
1984 4496 2044 4544 ut

453 4572 762 4628 Creatorem
806 4573 1099 4631 ostendens
1134 4576 1311 4630 Deum
1359 4576 1524 4646 hujus
1555 4576 1681 4647 aevi;
1724 4577 1886 4639 alium
1913 4595 2043 4651 sug-

451 4667 605 4730 gerat
645 4661 823 4718 Deum
866 4662 1090 4718 alterius
1139 4664 1260 4719 aevi.
1314 4664 1426 4719 Nos
1473 4673 1676 4733 contra,
1711 4665 1787 4723 sic
1841 4667 2041 4724 distin-

451 4750 724 4821 guendum
754 4749 985 4807 dicimus
1018 4769 1031 4804 :
1066 4752 1134 4808 In
1171 4752 1373 4825 quibus
1410 4757 1585 4823 Deus;
1641 4755 1833 4815 dehinc
1864 4775 1878 4812 :
1936 4760 2044 4815 sevi

455 4838 629 4911 hujus
657 4841 965 4897 excmcavit
991 4845 1211 4899 mentes
1248 4842 1604 4913 inﬁdelium;
1638 4847 1701 4901 in
1726 4846 2045 4919 quibus,.lu-

2148 4402 2202 4457 in
2239 4401 2443 4457 mundo
2472 4401 2678 4475 utique,
2710 4400 2813 4457 etsi
2868 4401 2935 4456 de
2984 4402 3258 4457 Creatore.
3292 4401 3435 4470 Ergo
3486 4399 3530 4455 si
3575 4400 3749 4454 natio-

2148 4505 2245 4546 nes
2275 4489 2392 4545 sine
2422 4490 2539 4546 Deo
2577 4489 2711 4544 dixit
2738 4503 2880 4557 esse,
2909 4489 3063 4545 Deus
3109 4498 3288 4545 autem
3336 4488 3443 4544 illis
3490 4487 3747 4545 diabolus

2148 4585 2250 4644 est,
2291 4594 2400 4635 non
2433 4578 2673 4644 Creator,
2705 4584 2929 4647 apparet
2958 4577 3242 4634 dominum
3272 4577 3372 4635 aevi
3402 4578 3569 4648 hujus
3616 4594 3743 4634 eum

2147 4666 2582 4739 intelligendum,
2613 4681 2775 4737 quem
2803 4664 3051 4721 nationes
3095 4681 3193 4737 pro
3240 4666 3353 4722 Deo
3399 4675 3742 4737 receperunt,

2148 4772 2261 4813 non
2284 4756 2596 4813 Creatorem
2627 4769 2785 4826 quem
2816 4754 3085 4826 ignorant.
3119 4756 3291 4827 Quale
3334 4764 3415 4811 est
3460 4763 3639 4811 autem
3688 4763 3749 4811 ut

2147 4859 2257 4900 non
2342 4843 2589 4913 ejusdem
2668 4842 2929 4900 habeatur
3016 4844 3320 4903 thesaurus
3400 4845 3466 4900 in
3549 4845 3749 4915 ﬁctili-

1822 4989 2014 5052 Variae
2055 4990 2369 5052 lectiones.

521 5114 566 5192 3_1
599 5113 762 5192 Israel
799 5116 1017 5192 Qberth.
1049 5117 1100 5157 ³2
1130 5116 1334 5192 Spiritu
1372 5120 1453 5177 al.
1494 5121 1543 5160 33
1573 5120 1685 5178 Etsi
1725 5124 1908 5180 Venet.
1930 5122 1978 5161 ³4
2004 5121 2119 5178 Nec
2146 5119 2287 5177 ultra
2309 5122 2437 5176 Lat.
2471 5119 2521 5158 35
2546 5119 2760 5177 Scilicet
2787 5123 2979 5179 omitt.
3012 5122 3197 5180 Venet.
3223 5120 3273 5159 3°
3312 5119 3403 5177 Sic
3432 5119 3559 5176 add.
3597 5120 3753 5175 Seml

448 5186 495 5226 37
525 5186 755 5244 Domino
803 5188 1025 5245 Oberth.

1844 5263 2343 5329 Commentarius.

524 5398 637 5470 (39)
667 5400 815 5474 Deus
844 5400 962 5474 levi
991 5399 1188 5474 hujus.
1225 5398 1671 5474 Cacodaemonem
1700 5408 1865 5474 nutat,
1911 5400 2037 5474 quia

447 5471 523 5545 dii
549 5471 793 5545 gentium
822 5471 1111 5537 daemonia,
1153 5480 1213 5525 ut
1260 5471 1488 5526 habetur
1518 5471 1571 5525 in
1620 5472 1757 5545 Psal.
1798 5482 1851 5527 et
1889 5471 2035 5543 apud

446 5543 770 5613 Apo’stolum
803 5561 817 5597 :
859 5545 1110 5612 Quorum
1140 5546 1282 5613 Deus
1312 5546 1506 5599 venter
1526 5547 1625 5598 est.
1659 5543 1734 5598 LE
1764 5545 1860 5603 Pa.

517 5614 632 5686 (50)
662 5616 925 5674 eretici
956 5628 1083 5674 vero
1121 5612 1196 5673 ad
1243 5614 1593 5677 Laodicenos.
1636 5615 1718 5674 De
1774 5616 1875 5676 hac
1927 5614 2036 5690 api.

2145 5400 2278 5455 stola
2306 5398 2564 5455 adversus
2609 5397 2951 5454 Marcionitas
2995 5398 3153 5455 etiam
3200 5397 3450 5469 producit
3495 5397 3746 5453 testimo-

2144 5471 2233 5526 nia
2282 5487 2398 5544 cap.
2460 5486 2583 5527 xvn
2639 5469 2796 5532 infra,
2861 5470 2953 5526 ubi
3010 5469 3743 5544 explicaturuetiamillud,

2146 5540 2470 5601 meminisse
2497 5545 2776 5609 nationes,
2803 5548 2931 5614 etc.,
2950 5542 3044 5596 sed
3078 5541 3242 5614 longe
3269 5540 3388 5596 aliis
3415 5540 3594 5597 verbis
3623 5555 3743 5595 ma-

2144 5616 2235 5690 gis
2260 5614 2521 5689 Apostolo
2549 5613 2989 5687 congruentibus.
3022 5614 3163 5670 Plut.
