4018 6192
258 282 362 344 533

1477 285 1604 348 LIB.
1645 285 1686 346 V
1726 282 1884 346 ADV.
1921 283 2331 347 MARCIONEM.

3447 284 3552 346 534

261 409 366 506 bus
395 408 543 506 vastis
564 410 796 506 nqstris,
828 408 986 480 cujus
1016 416 1070 506 et
1089 424 1218 467 vasa
1245 410 1417 466 sunt?
1439 411 1575 469 Nam
1605 413 1654 468 si
1675 411 1854 486 gloria
1884 427 1932 506 Α
1963 411 2205 484 Epistola
2251 411 2466 469 strinxit
2510 410 2644 483 (41),
2686 413 2752 468 Et
2782 413 2996 468 mortui
3023 417 3320 486 resurgent
3349 415 3546 474 incor-

262 497 358 554 Dei
389 505 473 554 est
508 497 566 553 in
612 496 867 555 ﬁctilibus
914 499 1063 558 vasis
1110 508 1318 558 tantum
1351 503 1588 560 thesauri
1619 501 1847 575 haberi;

263 601 390 643 vasa
442 594 626 643 autem
679 587 866 644 ﬁctilia
912 588 1184 646 Creatoris
1233 599 1395 658 sunt;
1431 607 1562 666 ergo
1593 601 1645 648 et
1674 592 1853 665 gloria

266 674 545 732 Creatoris
573 683 690 742 est,
742 679 898 748 cujus
935 695 1063 736 vasa
1109 679 1459 737 eminentiam
1505 681 1721 738 virtutis
1750 681 1848 736 Dei

261 764 498 836 sapiunt,
557 776 611 823 et
664 764 839 824 virtus
896 768 1040 840 ipsa.
1108 768 1248 838 Quia
1304 777 1593 843 prapterea
1639 771 1692 826 in
1722 786 1853 828 vasa

261 853 447 910 ﬁctilia
493 855 782 912 commissa
823 866 968 930 sunt,
999 868 1056 915 ut
1099 860 1390 916 eminentia
1435 861 1554 931 ejus
1579 861 1849 932 probare-

261 951 370 1000 tur.
418 944 710 1012 Caeterum,
762 946 873 1016 jam
921 962 1030 1004 non
1073 947 1176 1004 erit
1222 949 1448 1005 alterius
1495 948 1591 1006 Dei
1650 947 1850 1021 gloria,

259 1032 493 1106 ideoque
521 1047 623 1090 nec
665 1034 852 1104 virtus,
885 1036 977 1092 sed
1015 1037 1194 1109 magis
1237 1037 1475 1094 dedecus
1517 1045 1570 1094 et
1616 1037 1849 1094 inﬁrmi-

259 1129 355 1192 tas,
405 1121 565 1190 cujus
601 1123 950 1179 eminentiam
998 1124 1177 1182 ﬁctilia
1222 1133 1276 1182 et
1305 1125 1519 1198 quidem
1548 1125 1722 1182 aliena
1750 1141 1848 1182 ce-

257 1217 468 1280 perunt.
492 1211 655 1279 Quod
684 1209 846 1268 50]
877 1213 923 1268 si
953 1215 1067 1270 haec
1087 1223 1210 1270 sunt
1237 1217 1445 1287 ﬁctilia
1465 1231 1597 1274 vasa
1623 1217 1685 1272 in
1723 1219 1850 1290 qui-

258 1300 356 1355 bus
387 1304 558 1356 tanta
579 1317 682 1356 nos
697 1303 825 1373 pati
835 1302 996 1370 dicit,
1019 1307 1082 1360 in
1112 1305 1304 1379 quibus
1325 1307 1503 1364 etiam
1532 1308 1846 1376 mortiﬁca-

259 1389 473 1444 tionem
494 1389 959 1462 circumferimus
975 1393 1288 1464 Domini”;
1305 1395 1436 1450 satis
1448 1394 1694 1467 ingratus
1709 1397 1852 1450 Deus

257 1485 309 1533 et
335 1476 601 1547 iniustus,
634 1479 680 1533 si
708 1493 816 1536 non
852 1485 906 1536 et
937 1481 1074 1539 hanc
1101 1483 1451 1541 substantiam
1492 1485 1846 1541 resuscitatu-

257 1581 349 1621 rus
375 1573 461 1622 est
489 1567 560 1633 39,
594 1565 646 1622 in
673 1584 775 1639 qua
815 1583 916 1642 pro
947 1568 1054 1627 ﬁde
1080 1573 1201 1642 ejus
1249 1580 1398 1628 tanta
1447 1573 1759 1641 tolerantur,
1793 1573 1849 1626 in

259 1670 362 1725 qua
383 1662 436 1710 et
466 1671 614 1712 mors
642 1657 838 1713 Christi
859 1658 1250 1727 circumfertur,
1282 1661 1334 1716 in
1360 1669 1536 1732 quaet
1556 1660 1849 1716 eminentia

258 1743 472 1800 virtutis
509 1755 870 1803 consecratur.
903 1747 1008 1803 Sed
1038 1749 1176 1804 enim
1212 1750 1466 1821 proponit
1507 1766 1521 1806 :
1553 1753 1617 1808 Ut
1647 1755 1699 1807 et
1727 1751 1848 1808 vita

271 1834 483 1891 Christi
502 1838 905 1907 manifestetur
924 1838 986 1895 in
1007 1854 1236 1912 corpore
1249 1844 1460 1908 nostra,
1484 1838 1686 1895 scilicet
1706 1839 1849 1896 sicut

269 1934 326 1978 et
355 1940 503 1980 mors
545 1927 655 1994 ejus
688 1925 1062 1984 circumfertur
1099 1927 1151 1982 in
1184 1943 1430 2000 corpore.
1464 1929 1546 1983 De
1582 1944 1688 1999 qua
1715 1943 1846 2000 ergo

265 2010 469 2068 Christi
523 2014 631 2068 vita
686 2013 864 2070 dicit?
927 2015 1044 2084 Qua
1104 2032 1246 2073 nunc
1310 2016 1540 2074 vivimus
1597 2016 1650 2072 in
1709 2014 1847 2070 illo?

263 2100 326 2155 Et
372 2103 648 2172 quomodo
695 2103 749 2158 in
796 2105 1158 2175 sequentibus
1189 2121 1296 2162 non
1344 2107 1410 2160 ad
1460 2105 1711 2174 visibilia,
1744 2120 1844 2160 nec

259 2190 322 2242 ad
353 2190 692 2262 temporalia,
724 2193 818 2246 sed
871 2193 937 2246 ad
987 2193 1275 2250 invisibilia
1330 2203 1382 2250 et
1430 2193 1500 2249 ad
1531 2202 1748 2261 aeterna,
1792 2192 1846 2246 id

257 2288 358 2345 est,
393 2295 502 2334 non
547 2282 614 2334 ad
665 2285 976 2353 praesentia,
1005 2283 1098 2339 sed
1146 2283 1214 2339 ad
1259 2283 1440 2340 futura
1482 2283 1844 2339 exhortatur?

257 2365 415 2434 Quod
455 2368 502 2422 si
529 2370 596 2425 de
625 2370 803 2424 futura
830 2371 940 2426 vita
981 2371 1108 2428 dicit
1139 2373 1354 2441 Christi,
1386 2373 1439 2426 in
1467 2388 1697 2444 corpore
1727 2386 1843 2426 eam

258 2454 448 2512 dicens
500 2459 898 2529 appariturum,
941 2461 1225 2518 manifeste
1262 2462 1440 2517 carnis
1489 2460 1844 2518 resurrectio-

258 2560 381 2600 nem
413 2547 745 2618 praedicavit,
797 2551 1117 2606 exteriorem
1165 2551 1382 2623 quidem
1412 2552 1687 2606 hominem
1717 2566 1845 2606 nos-

258 2641 399 2688 trum
445 2637 724 2707 corrumpi
768 2637 972 2702 dicens,
1011 2646 1064 2694 et
1101 2655 1210 2694 non
1260 2639 1417 2711 quasi
1463 2646 1664 2694 aeterno
1703 2639 1846 2693 inte-

257 2723 363 2778 ritu
406 2735 523 2792 post
556 2735 802 2794 mortem,
836 2741 1023 2782 verum
1070 2727 1345 2783 laboribus
1373 2738 1428 2783 et
1464 2727 1843 2794 incommodis,

255 2811 321 2868 de
347 2813 550 2882 quibus
578 2815 860 2884 praemisit,
893 2816 1156 2886 adjiciens
1191 2835 1204 2871 :
1235 2820 1306 2873 Et
1346 2834 1463 2875 non
1499 2818 1840 2888 deﬁciemus.

252 2902 390 2956 Nam
418 2912 469 2958 et
498 2903 833 2960 interiorem
876 2905 1158 2964 hominem
1187 2911 1451 2963 nostrum
1488 2909 1751 2963 renovari
1779 2906 1845 2964 de

1963 503 2142 575 rupti,
2173 501 2268 574 qui
2297 502 2406 573 jam
2447 500 2730 572 obierunt;
2763 505 2820 558 et
2849 517 2949 560 nos
2978 503 3347 574 mutabimur,
3375 503 3469 575 qui
3489 502 3546 558 in

1963 606 2122 648 carne
2165 590 2423 648 fuerimus
2470 590 2791 662 deprehensi
2834 607 2865 647 a
2894 592 3029 647 Deo.
3060 589 3125 646 Et
3168 592 3245 647 illi
3273 594 3416 648 enim
3460 609 3544 648 re-

1962 689 2184 756 surgant
2221 681 2536 754 incarrupti,
2569 686 2793 750 recepto
2831 679 3034 736 scilicet
3057 695 3306 754 corpore,
3339 691 3391 738 et
3419 683 3544 754 qui-

1962 769 2084 826 dem
2112 771 2346 844 integro,
2377 779 2436 828 ut
2480 777 2532 826 et
2558 772 2662 826 hoc
2697 769 2806 826 sint
2851 769 3152 842 incorrupti
3195 789 3207 828 :
3239 781 3293 827 et
3335 771 3390 825 hi
3420 787 3544 842 pro-

1962 869 2074 931 pter
2125 859 2382 931 temporis
2409 859 2655 914 ultimum
2701 859 2818 928 jam
2871 868 3223 929 momentum,
3255 868 3308 916 et
3334 865 3548 931 pr0pter

1961 949 2151 1005 merita
2177 949 2518 1006 vexationum
2550 947 2887 1019 Antichristi,
2909 949 3287 1022 compendium
3319 948 3544 1018 mortis;

1961 1038 2056 1095 sed
2084 1038 2273 1096 mutati
2292 1041 2697 1110 consequentur
2725 1038 2793 1105 44,
2827 1037 3166 1110 superinduti
3195 1036 3371 1113 magis
3399 1035 3546 1107 quod

1961 1127 2029 1185 de
2055 1126 2194 1184 caelo
2228 1129 2330 1193 est,
2388 1143 2546 1200 quam
2603 1126 2746 1183 exuti
2805 1142 3020 1198 corpus.
3063 1127 3140 1182 Ita
3194 1125 3241 1181 si
3279 1126 3334 1181 hi
3381 1141 3546 1197 super

1959 1230 2158 1288 corpus
2212 1215 2440 1272 induent
2491 1216 2710 1271 caeleste
2765 1215 2928 1284 illud,
2989 1214 3174 1287 utique
3227 1222 3281 1269 et
3341 1213 3540 1271 mortui

1961 1304 2220 1376 recipient
2247 1320 2464 1376 corpus,
2499 1320 2664 1376 super
2707 1304 2853 1377 quod
2882 1313 2936 1360 et
2979 1303 3086 1376 ipsi
3114 1303 3339 1360 induant
3367 1303 3546 1359 incor-

1959 1395 2227 1468 ruptelam
2265 1396 2334 1451 de
2363 1394 2504 1450 coelo
2537 1412 2549 1448 :
2582 1393 2710 1465 quia
2736 1401 2790 1449 et
2816 1393 2883 1449 de
2918 1393 3023 1449 illis
3059 1394 3135 1451 ait
3164 1412 3176 1451 :
3212 1395 3436 1450 Necesse
3463 1397 3547 1450 est

1963 1487 2354 1557 corruptivum
2383 1483 2534 1541 istud
2554 1484 2795 1540 induere
2825 1485 3296 1556 incorruptelam,
3321 1488 3376 1539 et
3405 1499 3549 1538 mor-

1963 1575 2078 1630 tale
2105 1571 2275 1630 502
2297 1573 2452 1629 istud
2480 1573 2999 1629 immortalitatem.
3034 1572 3112 1628 Illi
3142 1572 3393 1637 induunt,
3425 1587 3548 1628 cum

1961 1662 2264 1734 receperint
2321 1676 2557 1732 corpus;
2613 1659 2702 1714 isti
2758 1661 3188 1730 superinduunt,
3248 1659 3375 1731 quia
3433 1674 3544 1715 non

1883 1712 1928 1791 Β
1961 1712 2235 1807 διηίεἱιδὶηι
2270 1764 2492 1820 corpus.
2521 1748 2586 1803 Et
2603 1747 2726 1804 ideo
2756 1762 2865 1803 non
2894 1754 3098 1805 temere
3127 1748 3260 1805 dixit
3290 1766 3301 1805 :
3337 1749 3543 1806 Nolen-

1958 1845 2040 1897 tcs
2079 1842 2216 1897 exui
2245 1853 2494 1911 corpore,
2528 1837 2625 1895 sed
2652 1838 3020 1910 superindui;
3060 1837 3114 1893 id
3145 1847 3248 1908 est,
3297 1839 3544 1893 nolentes

1955 1937 2184 1984 mortem
2220 1927 2476 1998 experiri,
2509 1926 2605 1982 sed
2635 1925 2746 1982 vita
2775 1924 3095 1995 praeveniri;
3127 1928 3219 1983 uti
3247 1925 3547 1983 devoretur

1955 2017 2199 2074 mortale
2230 2017 2328 2073 hoc
2359 2032 2393 2071 a
2423 2017 2562 2084 vita,
2594 2015 2721 2069 dum
2752 2014 3015 2086 eripietur
3044 2014 3206 2070 morti
3237 2029 3333 2082 per
3362 2029 3548 2084 super-

1955 2103 2334 2162 indumentum
2393 2102 2796 2160 demutationis.
2858 2103 2985 2159 [deo
3037 2103 3163 2175 quia
3206 2103 3257 2140 ¹ι⁵
3308 2102 3548 2158 ostendit

1956 2195 2058 2252 hoc
2085 2195 2280 2251 melius
2317 2211 2460 2260 esse,
2517 2209 2584 2248 ne
2643 2193 3027 2250 contristemur
3086 2191 3275 2248 mortis
3307 2191 3352 2247 si
3404 2191 3546 2247 forte

1955 2293 2253 2356 praeventa,
2284 2293 2338 2340 et
2366 2283 2726 2338 arrhabonem
2775 2298 2879 2340 nos
2919 2282 3147 2355 spiritus
3192 2282 3322 2338 dicit
3369 2298 3400 2336 a
3430 2283 3545 2337 Deo

1955 2373 2174 2440 habere,
2202 2372 2355 2445 quasi
2387 2371 2700 2443 pignoratos
2733 2371 2788 2426 in
2824 2372 3067 2428 eamdem
3105 2386 3258 2444 spem
3290 2370 3544 2442 superin-

1957 2461 2226 2532 dumenti,
2255 2464 2510 2519 etabesse
2538 2478 2573 2517 a
2591 2462 2844 2530 Domino,
2869 2463 3124 2535 quandiu
3152 2463 3215 2518 in
3245 2478 3414 2518 carne
3447 2477 3546 2518 su-

1956 2569 2105 2617 mus,
2136 2568 2202 2608 ac
2216 2555 2519 2624 prapterea
2545 2550 2736 2608 debere
2765 2550 2896 2607 boni
2923 2552 3128 2610 ducere
3148 2551 3334 2609 abesse
3353 2552 3545 2624 potius

1956 2656 1992 2695 a
2015 2656 2266 2714 corpore,
2290 2644 2347 2696 et
2373 2655 2488 2698 esse
2516 2656 2647 2696 cum
2677 2641 2936 2712 Domino,
2968 2649 3026 2696 ut
3054 2647 3108 2698 et
3137 2649 3363 2695 mortem
3384 2639 3546 2694 liben-

1959 2735 2041 2784 ter
2061 2727 2417 2800 excipiamus.
2450 2728 2627 2800 Atque
2643 2727 2798 2793 adeo,
2835 2745 3029 2787 omnes
3057 2727 3132 2783 ait
3161 2745 3260 2786 nos
3291 2734 3547 2801 aportere

1952 2819 2320 2888 manifestari
2338 2821 2471 2874 ante
2493 2817 2750 2874 tribunal
2771 2817 3075 2887 Christi,ut
3096 2817 3343 2889 recipiat
3364 2833 3544 2872 unus-

1952 2908 2179 2978 quisque
2209 2921 2330 2978 quaz
2357 2922 2458 2977 per
2486 2921 2684 2977 corpus
2711 2905 2964 2974 admisit,
2998 2905 3112 2962 sive
3151 2903 3359 2962 bonum
3382 2941 3398 2969 ,
3429 2904 3544 2958 sive

255 2994 345 3049 die
386 2994 447 3048 in
492 2994 641 3049 diem
671 2992 883 3059 dicens,
913 2994 1002 3050 hic
1055 3004 1345 3067 utrumque
1390 2996 1745 3066 demonstrat,
1795 2997 1920 3076 etc
1957 2995 2198 3051 malum.
2247 2993 2303 3048 Si
2332 2993 2471 3048 enim
2523 3002 2654 3050 tunc
2701 2995 2986 3051 retributio
3032 2993 3369 3061 meritorum,
3403 3009 3543 3065 quo-

252 3081 501 3151 corporis
557 3082 961 3155 corruptionem
1019 3099 1084 3140 ex
1139 3085 1419 3140 vexatione
1468 3084 1845 3153 tentationum,

251 3177 305 3224 et
332 3169 502 3225 animi
534 3171 937 3228 renovationern
983 3187 1050 3228 ex
1097 3173 1558 3246 contemplatione
1605 3171 1848 3246 promis-

254 3274 494 3320 sronum.

857 3401 1088 3467 CAPUT
1125 3401 1230 3459 XII
1242 3441 1256 3457 .

336 3527 570 3582 Terreni
597 3525 873 3584 domicilii
897 3528 1084 3584 nostri
1111 3527 1162 3566 ἰο
1189 3526 1259 3596 (ΙΙ
1292 3529 1414 3584 Cor.
1446 3541 1503 3595 v,
1536 3541 1617 3596 vr,
1636 3541 1737 3592 vn,
1768 3539 1850 3594 xl,

259 3629 340 3670 xu
374 3620 430 3670 et
453 3618 571 3684 xm)
593 3616 750 3671 :Non
761 3615 838 3672 sic
857 3617 929 3671 ait
957 3617 1154 3674 habere
1173 3633 1272 3675 nos
1293 3617 1520 3673 domum
1541 3620 1818 3674 (sternam
1831 3657 1848 3687 ,

253 3721 375 3761 non
401 3721 584 3760 manu
604 3708 822 3774 factam
852 3707 914 3762 in
942 3707 1095 3764 erelis
1122 3706 1194 3773 41,
1222 3705 1348 3778 quia
1376 3721 1499 3776 quae
1528 3721 1691 3760 manu
1714 3705 1854 3761 facta

254 3793 327 3848 sit
354 3793 648 3859 Creatoris,
684 3794 932 3864 intereat,
965 3795 1021 3850 in
1052 3801 1221 3851 totum
1253 3793 1516 3851 dissoluta
1541 3802 1662 3864 post
1700 3810 1849 3850 mor-

260 3890 387 3937 tem.
423 3882 550 3938 Haec
589 3882 734 3938 enim
764 3883 833 3938 ad
859 3882 1048 3940 mortis
1088 3891 1308 3950 metum,
1340 3891 1396 3939 et
1436 3884 1504 3938 ad
1531 3883 1704 3955 ipsius
1731 3884 1851 3940 dis-

255 3970 550 4027 solutionis
597 3971 1064 4029 contristationem
1110 3971 1495 4028 consolandam
1553 3978 1853 4029 retractans

255 4059 422 4115 etiam
451 4075 550 4132 per
578 4061 858 4132 sequentia
888 4059 1244 4125 manifestius,
1277 4075 1398 4117 cum
1445 4061 1664 4132 subjicit
1695 4079 1709 4116 :
1751 4065 1851 4118 Ιη-

261 4163 483 4219 gemere
529 4166 630 4206 nos
685 4150 751 4207 de
780 4151 889 4207 ista
923 4149 1283 4207 tabernaculo
1325 4152 1572 4222 corporis
1621 4153 1851 4216 terreni,

263 4235 420 4308 quod
444 4236 506 4292 de
531 4239 666 4295 caelo
688 4243 773 4297 est
793 4255 966 4312 super
984 4239 1152 4296 indui
1176 4238 1226 4277 ¹ί²
1245 4239 1564 4311 cupientes;
1582 4239 1858 4311 siquidem

257 4330 317 4384 et
349 4325 644 4400 despoliati
672 4345 791 4384 non
809 4328 1168 4386 inveniemur
1193 4327 1244 4366 4³
1270 4326 1414 4383 nudi
1441 4345 1461 4394 ;
1493 4326 1544 4382 id
1574 4334 1677 4394 est,
1711 4327 1855 4383 reci-

1955 3083 2118 3139 modo
2144 3085 2256 3152 jam
2297 3081 2459 3152 aliqui
2504 3097 2630 3137 cum
2666 3082 2780 3137 Deo
2829 3091 3115 3153 potuerunt
3158 3083 3452 3153 deputari?
3480 3084 3548 3139 Et

1955 3172 2190 3229 tribunal
2239 3178 2419 3226 autem
2463 3170 2815 3239 nominando,
2846 3180 2899 3227 et
2943 3170 3375 3241 dispunctionem
3414 3173 3545 3228 boni

1893 3287 1918 3310 .
1955 3276 2018 3316 ac
2048 3259 2176 3314 mali
2201 3258 2402 3328 operis,
2451 3257 2730 3330 utriusque
2767 3258 3052 3314 sententiae
3085 3257 3325 3328 jndicem
3354 3265 3545 3314 osten-

1955 3348 2052 3416 dit,
2085 3355 2138 3404 et
2174 3361 2462 3418 corporum
2509 3345 2750 3402 omnium
2781 3346 3314 3417 repraesentationem
3340 3344 3543 3401 conﬁr-

1957 3435 2139 3493 mavit.
2170 3436 2292 3490 Non
2329 3435 2470 3490 enim
2511 3433 2727 3505 poterit,
2759 3435 2906 3506 quod
2950 3449 3185 3506 corpore
3225 3433 3545 3490 admisssum

1956 3532 2058 3593 est,
2089 3538 2197 3580 non
2245 3537 2472 3594 corpore
2500 3522 2764 3578 vindicari
2801 3522 2872 3577 46.
2920 3522 3142 3594 Iniquus
3191 3522 3332 3578 enim
3372 3523 3542 3591 Deus,

1955 3612 2000 3668 si
2031 3629 2140 3671 non
2169 3627 2263 3684 per
2300 3611 2354 3667 id
2401 3611 2618 3682 punitur
2664 3611 2785 3683 quis
2831 3619 2925 3666 aut
2969 3611 3212 3683 juvatur,
3262 3627 3362 3682 per
3400 3613 3546 3681 quod

1958 3707 2328 3772 operatusest.
2345 3701 2402 3757 Si
2414 3717 2524 3773 qua
2539 3715 2668 3772 ergo
2682 3699 2928 3758 conditio
2941 3715 3085 3756 nova
3095 3702 3159 3756 in
3184 3697 3396 3757 Christo
3409 3701 3545 3771 (42),

1959 3797 2168 3848 caetera
2189 3792 2572 3858 transierunt,
2592 3803 2717 3846 ecce
2730 3803 2873 3845 nova
2887 3791 3046 3860 facta
3064 3791 3204 3844 sunt
3216 3789 3425 3854 omnia,
3449 3788 3550 3844 im-

1959 3881 2099 3950 pleta
2128 3887 2210 3934 est
2248 3879 2402 3935 Isaia
2433 3877 2714 3950 prophetia
2743 3877 2923 3950 (xuii,
2973 3878 3084 3949 19).
3120 3876 3180 3933 Si
3210 3877 3367 3933 etiam
3392 3877 3552 3948 jubet

1961 3977 2019 4024 ut
2033 3968 2372 4026 mandemus
2385 3986 2483 4024 nos
2495 3967 2562 4024 ab
2584 3968 3014 4040 inquinamento
3035 3968 3231 4023 carnis
3243 3970 3300 4024 et
3319 3968 3550 4040 sangui-

1962 4060 2075 4124 nis,
2106 4072 2214 4111 non
2254 4055 2613 4110 substantium
2659 4056 2706 4092 ’⁸⁷
2755 4070 2948 4126 capere
2988 4069 3220 4124 regnum
3255 4053 3376 4120 Dei,
3423 4055 3467 4108 si
3501 4063 3552 4110 et

1959 4148 2237 4218 virginem
2249 4151 2509 4202 sanctam
2520 4146 2769 4202 destinat
2780 4145 3085 4203 Ecclesiam
3095 4145 3387 4214 assignare
3405 4145 3442 4200 Ο
3449 4144 3556 4198 hri-

1962 4239 2068 4305 sto,
2111 4233 2295 4305 utique
2344 4239 2410 4289 ut
2447 4250 2711 4305 sponsam
2757 4249 2996 4306 sponso;
3026 4247 3136 4286 non
3166 4237 3344 4301 potest
3371 4231 3552 4303 imago

1963 4322 2221 4396 conjungi
2249 4322 2464 4377 inimico
2491 4321 2734 4380 veritatis
2772 4321 2848 4377 rei
2868 4321 3065 4391 ipsius.
3097 4320 3154 4375 Si
3199 4327 3252 4375 et
3279 4321 3553 4390 pseudoa-

258 4393 475 4486 piemu's
521 4431 628 4488 quo
675 4417 960 4489 despoliati
997 4432 1225 4485 sumus,
1271 4415 1328 4470 id
1375 4393 1456 4470 est
1504 4431 1723 4486 corpus.
1793 4415 1858 4470 Et
1893 4393 1938 4470 υ
1966 4393 2206 4487 postolos
2252 4411 2382 4468 dicit
2434 4413 2718 4484 operarios
2766 4411 3007 4474 dolosas,
3060 4410 3555 4480 transﬁguratores

261 4521 454 4560 rursus
485 4525 500 4562 :
537 4507 761 4562 Etenim
781 4507 881 4579 qui
900 4522 1092 4562 sumus
1115 4507 1181 4561 in
1209 4507 1318 4562 isto
1350 4505 1720 4561 tabernaculo
1747 4521 1863 4561 cor-

255 4595 782 4666 poris,ingemimus
802 4597 944 4669 quod
955 4611 1276 4669 gravemur,
1298 4596 1554 4652 nolentes
1582 4594 1738 4660 exui,
1761 4595 1858 4651 sed

263 4684 631 4756 superindui.
689 4684 788 4743 Hic
841 4684 986 4740 enim
1039 4683 1326 4755 expressit,
1377 4683 1525 4756 quod
1582 4681 1637 4737 in
1686 4681 1858 4754 prima

1969 4507 2081 4571 sui,
2140 4519 2232 4575 per
2285 4501 2598 4573 hypocrisin
2655 4499 2880 4564 scilicet,
2943 4496 3387 4566 conversationis,
3447 4519 3554 4560 non

1969 4592 2364 4665 p-aedicationis
2403 4591 2714 4647 adulterata:
2743 4605 2867 4646 reos
2905 4597 3085 4660 taxat;
3118 4587 3254 4641 adeo
3303 4587 3369 4642 de
3393 4589 3554 4646 disci-

1963 4683 2128 4755 plina,
2162 4699 2272 4740 non
2299 4683 2370 4739 de
2396 4681 2676 4741 divinitate
2714 4679 3093 4768 dissidebatur.
3135 4677 3194 4737 Si
3243 4680 3556 4753 transﬁgu-

1649 4805 1844 4870 Variae
1888 4811 2194 4873 lectiones.

336 4915 388 4954 ³⁸
416 4914 516 4971 Dei
547 4916 720 4973 Seml.
753 4915 804 4954 39
832 4915 926 4971 Est
952 4917 1141 4972 omitt.
1176 4913 1394 4971 Oberth.
1426 4913 1478 4952 ἰο
1506 4915 1669 4970 Forte
1690 4921 1960 4972 terrenum
1986 4913 2318 4973 domicilium
2347 4921 2594 4971 nostrum
2625 4931 2697 4972 ex
2717 4915 2877 4971 Pam.
2901 4915 2948 4954 ἰι
2979 4913 3131 4972 Caelo
3173 4916 3344 4975 Seml.
3374 4916 3425 4955 ¹ι²
3454 4914 3562 4971 Su-

274 4987 602 5061 perinduere
629 4987 850 5061 Qberth.
879 4987 940 5061 43_
961 4985 1299 5061 Inveniamur
1337 4985 1579 5061 Fr_a_n._’*‘f
1599 4985 1786 5061 Mortis
1818 4986 2009 5042 mutati
2029 4997 2425 5061 consequantur
2451 4989 2576 5044 Lat.
2605 4985 2656 5025 ⁴⁵
2682 4987 2808 5044 Ideo
2823 4987 3010 5059 quial.
3044 4987 3275 5061 ideoque
3310 4991 3564 5047 Ciaccon.

276 5055 328 5096 λδ
354 5059 592 5116 Judicari
642 5059 823 5116 Venet.
849 5058 942 5117 sed
968 5057 1229 5114 vindicari
1262 5057 1380 5112 Lat.
1408 5057 1455 5094 ἰτ
1490 5055 1846 5112 Substantiam
1877 5061 2072 5117 caeteri
2093 5055 2282 5117 omnes
2297 5059 2456 5116 nullo
2476 5074 2667 5117 sensu.

1679 5181 2177 5250 Commentarius.

343 5290 475 5370 (ϐξ)
493 5287 736 5370 Quodnin
753 5286 1485 5370 primaEpistolastrinxit:
1519 5285 1775 5357 Loquitur
1795 5286 1863 5344 de

273 5357 506 5438 I_E_pi$t._
536 5362 617 5438 ad
633 5357 888 5438 Corinth.
912 5357 1150 5438 adnotat
1181 5365 1374 5438 autem
1423 5357 1735 5438 iihenanus,
1766 5375 1864 5438 ac-

269 5429 1158 5514 cipistrinxitproperstrinxit,
1181 5430 1286 5485 hoc
1296 5429 1560 5485 estobiter
1585 5429 1863 5500 indicavit,

271 5502 361 5562 vel
397 5503 592 5559 leviter
613 5502 811 5574 attigit.
855 5502 997 5558 Plut.

348 5574 473 5646 (42)
507 5577 563 5634 Si
590 5591 701 5648 qua
721 5573 1108 5646 ergoconditio
1128 5588 1271 5631 nova
1293 5571 1354 5628 in
1386 5570 1634 5630 Christo.
1669 5570 1876 5628 Condi-

1971 5291 2045 5349 tio
2069 5335 2083 5359 ,
2129 5306 2278 5366 more
2327 5290 2711 5366 Tertullianico
2732 5333 2750 5358 ,
2823 5290 3083 5366 accipitur
3126 5306 3227 5366 pro
3284 5299 3534 5366 creatura
3559 5334 3574 5361 ,

1973 5379 2154 5435 graece
2193 5363 2366 5426 κτίσις.
2416 5363 2690 5418 Consentit
2733 5375 2864 5435 vero
2911 5361 3069 5418 etiam
3128 5361 3250 5420 cum
3281 5361 3576 5435 interprete

1979 5432 2203 5509 vulgato
2231 5435 2424 5509 Latino
2454 5443 2698 5509 vertens,
2734 5434 2793 5490 Si
2820 5451 2950 5509 qua,
2969 5449 3175 5509 Aprqeo
3214 5434 3358 5509 quod
3375 5432 3574 5509 _Isido-

1984 5504 2107 5635 ξδ’
2133 5506 2335 5564 clarius
2386 5522 2510 5564 cum
2565 5505 2787 5562 Erasmo
2827 5504 3012 5562 'nimis
3068 5504 3270 5571 libere,
3320 5504 3384 5561 Si
3429 5505 3576 5578 quis.
