3992 6174
427 279 533 342 535
626 352 627 355 η

1131 281 1568 344 TERTULLIANI
1606 282 1871 345 OPEBUM
1908 280 2075 346 PARS
2113 281 2179 343 II.
2220 314 2290 329 -—
2320 281 2542 348 SERIES
2581 288 2625 360 Ι,
2664 285 3014 349 POLEMIGA.

3604 280 3717 345 536

426 412 598 503 ratur
646 407 889 465 Satanas
936 424 1001 466 in
1048 410 1313 482 angelum
1361 411 1525 478 lucis,
1559 425 1668 466 non
1705 419 1881 483 potest
1908 410 2013 466 hoc
2044 423 2092 503 Α
2122 410 2219 466 Dei
2246 411 2363 468 ira?
2394 416 2576 487 utique
2621 395 2913 472 Creatoris.
2951 413 3100 486 Ergo
3130 421 3183 470 et
3212 412 3415 470 veritas
3442 412 3565 484 ejus
3606 411 3718 468 erit

427 494 587 566 dirigi
642 496 696 551 in
753 498 1074 554 Creatorem.
1133 501 1280 556 Deus
1345 501 1492 555 enim
1522 542 1535 569 ,
1586 515 1693 556 non
1748 499 2008 570 angelus,

428 584 691 655 Creator;
723 587 778 640 in
808 588 975 642 Deum
1006 587 1167 654 lucis,
1216 604 1323 643 non
1354 589 1408 644 in
1439 591 1695 663 angelum
1726 587 2015 658 transﬁgu-

427 690 547 729 rare
585 691 642 731 se
690 675 862 731 dictus
903 687 1063 745 esset,
1092 678 1137 732 si
1186 694 1295 734 non
1345 695 1466 734 eum
1500 680 1754 734 Satanam
1799 675 2014 748 signiﬁ-

430 772 599 830 caret,
630 781 791 836 quem
823 774 873 821 et
911 783 1012 822 nos
1059 776 1113 822 et
1160 769 1397 825 Marcion
1445 770 1695 843 angelum
1746 768 2012 824 novimus.

429 853 506 907 De
530 854 779 922 paradiso
808 872 941 911 suus
969 857 1140 925 stylus
1170 866 1255 912 est
1284 857 1349 910 ad
1376 873 1589 913 omnem
1619 874 1780 930 quam
1809 856 2016 928 patitur

429 943 805 1012 quaestionem.
858 945 954 1001 Hic
1002 945 1135 1001 illud
1182 947 1320 1003 forte
1365 948 1623 1014 mirabor,
1661 948 1704 1001 si
1737 946 2015 1019 pr0prium

430 1030 605 1099 potuit
668 1032 866 1089 habere
921 1034 1231 1104 paradisum
1286 1035 1431 1090 Deus
1462 1076 1475 1103 ,
1528 1036 1727 1091 nullius
1786 1044 2014 1090 terrenae

428 1119 817 1189 dispositionis,
849 1122 949 1176 nisi
989 1122 1033 1177 si
1080 1123 1241 1177 etiam
1288 1124 1541 1195 paradiso
1592 1123 1857 1180 Creatoris
1886 1137 2015 1191 pre-

430 1210 574 1265 cario
605 1227 738 1267 usus
777 1218 879 1277 est,
919 1212 1060 1267 sicut
1088 1221 1141 1267 et
1170 1215 1393 1270 mundo.
1426 1214 1491 1268 Et
1538 1225 1713 1270 tamen
1743 1213 2015 1269 hominem

430 1296 615 1352 tollere
644 1298 711 1352 ad
757 1300 953 1355 caelum
985 1301 1281 1370 Creatoris,
1312 1303 1621 1373 exemplum
1662 1310 1743 1357 est
1774 1301 1829 1355 in
1862 1301 2015 1355 Helia

431 1386 528 1453 (IV
568 1388 695 1457 Reg.
728 1387 813 1457 ιι.)
856 1387 1025 1458 Magis
1066 1404 1192 1444 vero
1234 1391 1469 1445 mirabor
1522 1390 1812 1445 Dominum
1870 1389 2017 1458 opti-

429 1488 597 1538 mum,
636 1476 972 1545 percutiendi
1036 1486 1088 1533 et
1141 1478 1399 1533 saeviendi
1452 1478 1711 1542 alienum,
1742 1492 1843 1532 nec
1895 1490 2018 1544 pro-

432 1562 608 1630 prium
638 1564 844 1630 saltem,
876 1565 973 1621 sed
1002 1565 1270 1622 Creatoris
1299 1568 1570 1638 angelum
1599 1568 1829 1623 Satanae
1868 1563 2018 1621 cola-

426 1648 711 1719 phizando
732 1654 1100 1725 Apostolosuo
1111 1655 1476 1725 applicuisse,
1500 1659 1558 1708 et
1581 1658 1667 1709 ter
1685 1654 1751 1710 ab
1773 1669 1833 1710 eo
1859 1653 2014 1708 obse-

430 1743 655 1795 cratum
700 1738 870 1796 503
905 1758 1022 1796 non
1067 1743 1417 1798 concessisse.
1463 1741 1726 1797 Emendat
1764 1741 1929 1813 igitur
1966 1747 2019 1795 et

429 1825 563 1880 deus
606 1826 896 1881 Marcionis
941 1827 1234 1882 secundum
1271 1829 1602 1895 Creatorem,
1642 1832 1815 1885 elatos
1846 1845 2018 1884 aemu-

432 1913 645 1983 lantem,
696 1922 753 1968 ut
799 1916 1158 1985 deponentem
1201 1916 1406 1973 scilicet
1448 1918 1513 1974 de
1562 1919 1696 1974 solio
1744 1918 2016 1989 dynastas.

429 2006 538 2058 Aut
593 2002 855 2074 numquid
915 2004 1030 2075 ipse
1059 2013 1141 2061 est
1192 2006 1367 2078 quiet
1416 2006 1467 2060 in
1516 2023 1712 2078 corpus
1739 2009 1841 2063 Job
1873 2006 2020 2061 dedit

429 2090 637 2145 Satanae
675 2100 1010 2164 potestatem,
1042 2099 1109 2149 ut
1156 2097 1332 2152 virtus
1380 2097 1445 2150 in
1486 2097 1833 2165 inﬁrmitate
1863 2112 2019 2151 com-

429 2181 805 2252 probaretur?
832 2182 973 2249 Quid
1002 2192 1055 2237 et
1091 2182 1319 2238 formam
1346 2184 1507 2256 Legis
1530 2185 1704 2241 adhuc
1734 2193 1879 2241 tenet
1908 2183 2019 2238 Ga-

429 2268 651 2323 latarum
679 2270 992 2344 castigator,
1026 2274 1090 2326 in
1113 2274 1290 2328 tribus
1315 2276 1547 2330 testibus
1556 2275 1884 2345 prwﬁniens
1897 2278 2021 2328 sta-

432 2362 632 2413 turum
661 2375 825 2415 omne
872 2360 1105 2415 verbum
1127 2360 1154 2412 Ρ
1185 2360 1325 2428 Quid
1374 2368 1425 2415 et
1470 2378 1583 2417 non
1611 2379 1928 2434 parsurum
1967 2377 2024 2417 se

428 2448 805 2516 peccatoribus
826 2447 1197 2513 comminatur,
1232 2448 1487 2505 lenissimi
1519 2449 1616 2502 Dei
1663 2448 2025 2520 prmdicator?

430 2534 542 2589 Imo
564 2544 619 2590 et
641 2537 823 2607 ipsam
845 2538 1045 2593 durius
1066 2538 1270 2609 agendi
1290 2538 1668 2609 inpraesentia
1685 2543 2025 2611 potestatem

430 2639 465 2677 a
492 2626 727 2682 Domino
758 2626 957 2681 datam
988 2627 1095 2683 sibi
1142 2626 1415 2682 adﬁrmat.
1461 2629 1614 2697 Nega
1654 2643 1816 2697 nunc,
1848 2629 2025 2683 haere-

434 2711 554 2781 tice,
607 2713 781 2771 timeri
837 2715 1009 2770 Deum
1066 2724 1239 2785 tuum,
1300 2716 1459 2785 cujus
1514 2717 1818 2789 Apostolus
1877 2718 2025 2773 time-

432 2799 609 2858 batur.

1016 2927 1244 2984 CAPUT
1282 2929 1429 2983 XIII.

504 3048 730 3119 Quando
759 3051 1083 3120 0pusculum
1126 3052 1460 3124 proﬂigatur,
1517 3050 1753 3109 breviter
1784 3051 1899 3120 jam
1928 3066 2019 3107 re-

434 3138 705 3194 tractanda
735 3145 860 3193 sunt
879 3155 998 3209 quae
1035 3156 1236 3195 rursus
1265 3146 1589 3210 occurrunt;
1618 3139 1863 3211 quaedam
1891 3154 2022 3194 vero

432 3226 775 3281 tramittenda
802 3243 921 3299 qua}
961 3227 1160 3298 szepius
1197 3235 1565 3282 occurrerunt.
1599 3228 1752 3299 Piget
1780 3227 1846 3281 de
1874 3226 2021 3298 Lege

431 3314 606 3371 adhuc
655 3315 933 3387 congredi,
984 3316 1077 3386 qui
1109 3314 1267 3369 toties
1317 3316 1368 3353 ἰθ
1404 3316 1742 3382 probaverim
1786 3330 2018 3369 conces-

430 3402 635 3457 sionem
665 3404 786 3473 ejus
832 3404 1044 3458 nullum
1100 3410 1478 3475 argumentum
1528 3413 1791 3473 praestare
1822 3402 2018 3458 diversi

432 3491 550 3560 Dei,
583 3493 638 3547 in
690 3494 740 3530 49
787 3492 1002 3547 Christo
1069 3490 1413 3561 priedicatam
1467 3490 1686 3560 scilicet,
1740 3497 1793 3546 et
1829 3506 2020 3562 repro-

431 3581 653 3636 missam
690 3580 745 3636 in
793 3582 1062 3637 Christum
1113 3580 1255 3651 apud
1294 3582 1632 3645 Creatorem,
1672 3588 1936 3653 quatenus
1967 3586 2021 3634 et

432 3669 548 3738 ipse
594 3670 888 3740 Apostolus
926 3669 977 3706 ⁵ο
1024 3669 1195 3738 legem
1236 3667 1525 3739 plurimum
1576 3667 1786 3722 videtur
1833 3667 2021 3722 exclu-

432 3757 557 3811 dere
586 3757 768 3825 (Rom.
811 3772 848 3825 ι,
910 3772 972 3825 ιι,
1033 3771 1120 3820 ιιι,
1151 3773 1201 3820 v,
1249 3771 1325 3819 vr,
1384 3756 1505 3825 vn).
1566 3755 1672 3809 Sed
1704 3762 1757 3810 et
1783 3755 2019 3825 judiccm

432 3849 604 3901 Deum
648 3847 714 3899 ab
767 3845 1025 3912 Apostolo
1073 3843 1409 3899 circumferri
1449 3860 1595 3915 saepe
1637 3845 1751 3915 jam
1781 3848 2019 3902 ostendi-

432 3951 571 4002 mus,
606 3932 741 3989 etin
771 3932 953 4003 judice
1002 3931 1252 3997 ultorem,
1300 3940 1354 3987 et
1400 3940 1692 3989 creatorem
1740 3936 1795 3989 in
1826 3936 2016 3993 ultore.

433 4025 620 4092 Itaque
650 4030 702 4077 et
732 4022 819 4077 hic
839 4038 961 4077 cum
988 4022 1119 4076 dicit
1153 4038 1165 4077 :
1202 4023 1323 4077 Non
1342 4024 1495 4079 enim
1525 4040 1613 4079 me
1630 4024 1807 4096 pudet
1838 4027 2020 4082 Evan-

429 4114 590 4185 gelii;
620 4114 799 4168 virtus
823 4114 975 4167 enim
996 4113 1095 4167 Dei
1113 4114 1193 4168 est
1216 4112 1278 4166 in
1300 4112 1545 4167 salutem
1566 4116 1723 4167 omni
1741 4115 2017 4182 credenti,

429 4201 621 4257 ,Ιαιίωο
673 4204 882 4268 Graeco,
914 4201 1043 4270 quia
1064 4200 1300 4271 justitia
1356 4202 1455 4256 Dei
1496 4203 1557 4256 in
1608 4216 1668 4259 eo
1709 4205 2018 4269 reveletur,

430 4250 615 4257 --ηνην
676 4250 882 4268 εμπ-π
916 4250 1295 4271 τ-η-ναηη---η
1356 4250 1451 4256 --ν
1610 4250 1661 4259 -ν
1711 4250 2018 4269 -νη--η-νη

430 4306 502 4347 em
537 4290 644 4355 ﬁde
699 4291 762 4345 in
812 4288 1020 4358 ﬁdem;
1075 4287 1193 4343 sine
1261 4287 1427 4344 dubio
1483 4297 1536 4342 et
1571 4290 1923 4360 Evangelium
1969 4303 2022 4348 et
2055 4250 2099 4326 Β

429 4379 654 4433 salutem
734 4378 883 4447 justo
940 4377 1055 4432 Deo
1110 4377 1378 4447 deputat,
1436 4392 1542 4431 non
1592 4376 1774 4444 bono,
1834 4389 1889 4433 ut
1943 4382 2020 4437 ita

427 4466 675 4535 dixerim,
706 4465 1002 4521 secundum
1051 4464 1291 4521 haeretici
1322 4463 1747 4533 distinctionem,
1780 4470 2018 4526 transfe-

428 4557 561 4612 renti
592 4573 658 4612 ex
688 4554 796 4610 fide
834 4553 990 4625 Legis
1034 4554 1090 4608 in
1120 4553 1282 4609 fidem
1311 4552 1632 4624 Evangelii;
1686 4568 1798 4609 suae
1829 4557 2017 4627 utique

425 4648 603 4719 Legis,
634 4654 686 4701 et
740 4644 822 4699 sui
876 4642 1173 4715 Evangelii.
1225 4641 1497 4711 Quoniam
1544 4649 1597 4697 et
1625 4644 1776 4698 iram
1805 4645 1851 4682 ⁵1
1884 4646 2019 4704 dicit

427 4735 666 4791 revelari
684 4733 750 4789 de
779 4732 912 4787 ccelo
930 4745 1102 4802 super
1132 4731 1486 4801 impietatem
1508 4732 1563 4783 et
1592 4730 1898 4800 injustiam
1928 4732 2016 4790 ho-

421 4823 773 4893 minum,qui
783 4821 1083 4876 veritatem
1094 4821 1155 4875 in
1168 4818 1461 4890 injustitia
1474 4817 1735 4874 detinent
1755 4820 1824 4874 ⁵2.
1850 4821 2015 4893 Cujus

2122 502 2276 570 cujus
2305 510 2356 557 et
2386 503 2481 571 ira,
2513 521 2633 576 quae
2660 504 2879 561 revelari
2930 504 3086 559 habet
3132 503 3187 559 in
3230 502 3486 559 ultionem
3512 502 3714 557 verita-

2124 587 2209 643 tis.
2241 590 2414 645 Etiam
2441 592 2703 661 adjiciens
2735 608 2751 651 :
2783 592 3003 649 Scimus
3050 597 3243 648 autem
3287 590 3581 662 judicium
3612 592 3716 646 Dei

2122 679 2430 735 secundum
2458 684 2755 738 veritatem
2803 697 2940 747 esse;
2981 690 3032 736 et
3062 680 3195 734 iram
3233 679 3408 751 ipsam
3440 677 3710 749 probavit,

2123 780 2189 821 ex
2230 783 2334 837 qua
2386 768 2532 823 venit
2583 768 2849 838 judicium
2903 784 3001 839 pro
3055 767 3297 834 veritate,
3330 776 3383 822 et
3428 767 3714 824 veritatem

2121 869 2307 909 rursus
2337 856 2577 925 ejusdem
2601 857 2701 912 Dei
2730 855 3080 921 conﬁrmavit,
3116 857 3271 926 cujus
3300 855 3431 911 iram
3460 855 3713 926 probavit

2122 942 2405 1011 probando
2450 943 2736 1014 judicium.
2796 944 2957 998 Aliud
3015 950 3129 1009 est,
3183 943 3227 998 si
3282 943 3556 1001 veritatem
3614 941 3715 999 Dei

2125 1030 2348 1085 alterius
2378 1032 2430 1085 in
2458 1032 2665 1100 justitia
2708 1033 2977 1089 delentam
3025 1033 3250 1089 Creator
3286 1032 3452 1088 iratus
3488 1030 3712 1086 ulcisci-

2125 1124 2232 1172 tur.
2266 1118 2501 1188 Quantas
2539 1128 2717 1177 autem
2756 1121 2943 1177 foveas
2972 1121 3025 1175 in
3065 1121 3168 1177 ista
3211 1121 3298 1177 vel
3332 1120 3560 1176 maxime
3591 1120 3716 1190 Epi-

2125 1205 2263 1261 stola
2285 1206 2401 1278 (43)
2430 1208 2665 1263 Marcion
2706 1207 2914 1271 fecerit,
2950 1209 3242 1264 auferendo
3273 1225 3393 1280 quae
3423 1209 3614 1277 voluit,
3646 1210 3716 1263 de

2125 1295 2295 1349 nostri
2338 1296 2682 1353 Instrumenti
2726 1297 3029 1371 integritate
3076 1296 3296 1367 patebit.
3343 1296 3471 1352 Mihi
3518 1296 3721 1352 sufﬁcit

2126 1398 2247 1453 quae
2275 1383 2505 1455 proinde
2534 1385 2806 1441 eradenda
2846 1401 2955 1441 non
2983 1386 3132 1452 vidit,
3178 1386 3331 1458 quasi
3358 1385 3722 1458 negligentias

2128 1478 2182 1524 et
2210 1472 2476 1528 caecitates
2518 1474 2635 1542 ejus
2663 1474 2926 1546 accipere.
2976 1474 3034 1529 Si
3062 1475 3207 1530 enim
3251 1475 3532 1547 judicabit
3572 1478 3721 1531 Deus

2129 1560 2354 1616 occulta
2363 1560 2802 1631 hominum,tam
2814 1578 3008 1619 eorum
3020 1563 3117 1635 qui
3128 1565 3190 1618 in
3205 1563 3317 1634 lege
3329 1564 3718 1635 deliquerunt,

2130 1663 2298 1719 quam
2325 1665 2517 1705 eorum
2546 1652 2647 1721 qui
2673 1654 2796 1707 sine
2830 1651 2962 1722 lege,
2996 1653 3132 1723 quia
3164 1656 3219 1708 et
3250 1652 3311 1707 hi
3341 1652 3510 1724 legem
3550 1654 3718 1722 igno-

2126 1741 2283 1801 rant,
2308 1740 2363 1792 et
2376 1743 2589 1793 natura
2610 1740 2843 1808 faciunt
2864 1756 2986 1811 qua:
3006 1742 3143 1794 sunt
3158 1738 3505 1811 legis;504
3531 1738 3723 1809 utique

2127 1825 2172 1879 is
2199 1826 2342 1879 Deus
2369 1825 2653 1894 judicabit,
2679 1828 2833 1895 cujus
2861 1836 2985 1882 sunt
3013 1836 3067 1882 et
3091 1828 3195 1898 lex,
3230 1836 3282 1882 et
3308 1828 3421 1899 ipsa
3453 1835 3651 1883 natura
3670 1827 3722 1865 53

2125 1929 2246 1983 quae
2282 1913 2413 1984 legis
2443 1919 2525 1969 est
2558 1917 2746 1971 instar
2792 1918 3185 1987 ignorantibus
3227 1916 3415 1987 legem.
3453 1914 3726 1971 Judicabit

2127 2010 2305 2056 autem
2325 2002 2596 2072 quomodo
2615 2004 2643 2056 ξ)
2666 2003 2983 2060 Secundum
2996 2006 3383 2076 Evangelium,
3414 2003 3721 2074 inquit,per

2135 2089 2444 2146 Christum.
2466 2091 2606 2161 Ergo
2619 2100 2669 2146 et
2693 2092 3045 2164 Evangelium
3067 2102 3117 2148 et
3146 2092 3547 2149 Christusillius
3567 2101 3717 2157 sunt,

2130 2180 2287 2247 cujus
2315 2185 2367 2233 et
2396 2180 2479 2233 lex
2505 2186 2557 2233 et
2588 2187 2797 2247 natura,
2827 2196 2951 2252 quae
2983 2198 3079 2251 per
3106 2179 3459 2254 Evangelium
3478 2190 3529 2235 et
3557 2179 3717 2235 Chri-

2130 2275 2272 2321 stum
2303 2266 2734 2335 vindicabuntur,
2794 2269 2931 2323 adeo
2960 2270 3051 2324 illo
3103 2270 3312 2339 judicio
3349 2269 3447 2325 Dei
3488 2269 3633 2340 quod
3665 2278 3722 2323 et

2131 2370 2315 2425 supra,
2357 2356 2651 2411 secundum
2682 2356 2980 2413 veritatem.
3018 2358 3165 2429 Ergo
3222 2373 3330 2427 qua
3377 2357 3721 2412 defendenda

2132 2445 2403 2500 reveletur
2448 2444 2515 2499 de
2556 2445 2693 2501 coelo
2750 2446 2847 2513 ira,
2888 2446 3103 2501 nonnisi
3138 2462 3168 2499 a
3217 2448 3329 2502 Deo
3368 2446 3499 2515 irm;
3554 2444 3627 2498 ita
3658 2450 3714 2501 et

2132 2532 2218 2589 hic
2272 2549 2467 2589 sensus
2518 2533 2746 2605 pristino
2800 2535 3120 2603 cohaerens,
3178 2534 3234 2589 in
3287 2549 3395 2607 quo
3448 2533 3719 2603 judicium

2133 2622 2402 2677 Creatoris
2441 2621 2690 2689 edicitur,
2748 2638 2855 2677 non
2898 2630 3081 2694 potest
3106 2623 3161 2678 in
3210 2622 3376 2677 alium
3405 2623 3580 2676 Deum
3629 2637 3721 2677 re-

2136 2709 2283 2776 ferri,
2321 2710 2411 2779 qui
2443 2726 2543 2765 nec
2595 2710 2819 2780 judicat,
2879 2726 2980 2766 nec
3006 2710 3285 2777 irascitur;
3318 2710 3412 2766 sed
3458 2709 3514 2765 in
3542 2710 3719 2772 illum,

2136 2799 2293 2865 cujus
2331 2798 2457 2852 dum
2490 2799 2535 2835 ⁵4
2580 2799 2695 2854 haec
2741 2808 2885 2867 sunt,
2919 2798 3188 2867 judicium
3220 2798 3341 2855 dico
3380 2805 3431 2853 et
3478 2798 3614 2851 iram
3646 2799 3717 2863 53,

2133 2887 2293 2941 etiam
2328 2885 2419 2940 illa
2456 2886 2627 2956 ipsius
2680 2886 2788 2941 sint
2843 2903 3065 2943 necesse
3103 2894 3204 2951 est,
3264 2904 3358 2957 per
3404 2902 3565 2956 quem
3604 2888 3723 2943 hinc

2052 2980 2095 3059 ο
2124 2974 2323 3030 habent
2376 2975 2622 3047 transigi,
2662 2974 3018 3047 Evangelium
3067 2982 3121 3029 et
3172 2974 3438 3039 Christus,
3495 2984 3546 3029 et
3592 2975 3721 3030 ideo

2130 3061 2339 3117 vehitur
2379 3061 2433 3116 in
2473 3070 2897 3135 transgressores
2942 3062 3137 3133 Legis,
3170 3063 3430 3120 docentes
3462 3079 3576 3118 non
3623 3064 3720 3133 fu-

2128 3152 2270 3218 rari,
2301 3156 2356 3208 et
2385 3153 2670 3222 furantes,
2702 3158 2762 3207 ut
2799 3151 2958 3206 homo
2991 3150 3093 3205 Dei
3129 3150 3300 3223 legis,
3328 3166 3437 3206 non
3470 3159 3529 3206 ut
3561 3152 3721 3206 Crea-

2128 3246 2298 3294 torem
2346 3240 2521 3309 ipsum
2572 3239 2655 3294 his
2708 3239 2887 3294 modis
2932 3249 3179 3312 tangens,
3220 3240 3313 3311 qui
3361 3246 3413 3294 et
3441 3237 3609 3295 furari
3634 3254 3722 3296 vc-

2127 3330 2289 3393 tans,
2339 3327 2579 3382 fraudem
2642 3326 2972 3384 mandaverit
3042 3330 3095 3382 in
3161 3327 3442 3401 Egyptios
3494 3327 3611 3381 auri
3668 3335 3724 3381 et

2126 3415 2357 3488 argenti,
2401 3414 2861 3486 quemadmodum
2915 3423 2968 3470 et
3004 3424 3198 3470 caetera
3252 3415 3307 3469 in
3356 3415 3506 3469 illum
3547 3422 3720 3470 retor-

2128 3513 2317 3575 quent.
2358 3504 2569 3560 Scilicet
2601 3504 2895 3574 Apostolus
2940 3504 3229 3561 verebatur
3268 3504 3572 3561 convicium
3601 3505 3721 3562 Deo

2125 3592 2302 3662 palam
2332 3591 2527 3661 facere,
2559 3608 2588 3645 a
2616 3607 2723 3664 qno
2752 3608 2863 3647 non
2889 3594 3179 3648 verebatur
3208 3592 3489 3648 divertisse
3509 3592 3539 3646 Ἰ
3566 3594 3719 3649 Adeo

2126 3690 2303 3736 autem
2331 3680 2552 3736 Judaeos
2583 3680 2898 3746 incesserat,
2923 3690 2980 3735 ut
3000 3681 3287 3753 ingesserit
3345 3682 3719 3753 prOpheticam

2125 3768 2569 3839 increpationem.
2589 3771 2825 3841 Propter
2838 3786 2927 3827 vos
2938 3785 3142 3825 nomen
3156 3771 3254 3828 Dei
3265 3770 3716 3843 blasphematur.

2128 3856 2302 3926 Quam
2333 3872 2463 3928 ergo
2499 3873 2813 3929 perversum
2836 3902 2850 3928 ,
2887 3866 2943 3913 ut
2987 3859 3103 3929 ipse
3139 3859 3541 3931 blasphemaret
3568 3875 3720 3931 eum,

2126 3944 2281 4014 cujus
2326 3943 2733 4015 blaSphemaudi
2782 3961 2943 4001 causa
2988 3946 3158 4002 malos
3203 3949 3534 4017 exprobrat!
3584 3950 3723 4003 Prae-

2126 4031 2225 4087 fert
2253 4038 2309 4089 et
2329 4033 2819 4091 cireumcisionem
2847 4034 3028 4092 cordis
3054 4037 3495 4108 praeputiationi
3523 4055 3541 4092 :
3573 4037 3721 4107 apud

2131 4122 2305 4178 Deum
2335 4122 2386 4160 ⁵6
2430 4123 2619 4196 Legis,
2654 4132 2736 4179 est
2789 4122 2933 4179 facta
2988 4123 3324 4181 circumcisio
3352 4123 3550 4190 cordis,
3606 4141 3719 4181 non

2130 4211 2350 4280 carnis;
2382 4212 2592 4281 Spiritu,
2652 4227 2757 4266 non
2805 4212 3001 4267 littera.
3044 4213 3205 4283 Quod
3258 4213 3302 4268 si
3345 4213 3461 4268 haec
3514 4224 3596 4268 est
3627 4215 3726 4270 cir-

2129 4299 2388 4356 cumcisio
2416 4300 2665 4356 Jeremiae
2686 4300 2913 4369 (Jerem.
2939 4317 3016 4368 ιν,
3035 4303 3091 4373 4)
3118 4305 3207 4358 :Et
3235 4302 3727 4361 circumcidemini

2122 4391 2411 4461 praeputia
2439 4390 2639 4453 cordis,
2676 4389 2814 4444 sicut
2858 4397 2912 4445 et
2937 4390 3142 4459 Moysis
3183 4390 3229 4428 ⁵⁷
3273 4392 3457 4461 (Deut.
3487 4405 3547 4456 χ,
3580 4393 3674 4462 16)
3707 4409 3721 4448 :

2130 4478 2627 4535 Circumcidemini
2646 4477 3031 4534 duricordiam
3050 4483 3318 4547 vestram;
3343 4481 3463 4550 ejus
3492 4478 3721 4550 eritspi-

2126 4564 2261 4619 ritus
2288 4565 2682 4622 circumcidens
2713 4580 2825 4631 cor,
2857 4566 3017 4635 cujus
3048 4575 3102 4621 et
3146 4567 3333 4622 littera
3363 4576 3570 4623 metens
3599 4583 3723 4624 car-

2125 4669 2247 4709 nem
2273 4656 2425 4723 ejus;
2450 4663 2504 4709 et
2518 4654 2745 4712 Judwus
2760 4656 2859 4727 qui
2880 4658 2943 4711 in
2962 4657 3201 4722 occulto,
3224 4658 3386 4728 cujus
3415 4662 3471 4713 et
3488 4658 3721 4715 Iudaeus

2124 4742 2186 4795 in
2217 4747 2432 4814 aperto;
2464 4741 2589 4814 quia
2620 4758 2720 4798 nec
2755 4743 3001 4799 Judaeum
3050 4745 3334 4800 nominare
3364 4744 3529 4801 vellet
3576 4749 3723 4817 Apo-

2124 4830 2314 4897 stolus,
2350 4845 2456 4884 non
2483 4828 2795 4885 Iudaeorum
2824 4830 2928 4887 Dei
2956 4846 3197 4889 servum.
3232 4834 3381 4890 Tune
3412 4833 3528 4901 lex,
3556 4848 3718 4889 nunc

1794 4916 1985 4984 Varia:
2030 4927 2342 4990 lectiones.

491 5025 540 5061 ¹ι⁸
568 5021 861 5093 Congredi,
883 5020 1094 5093 quoties
1136 5020 1374 5077 Seml.“9
1405 5018 1713 5076 Ccssionem
1744 5025 1913 5084 Fran.
1949 5028 1999 5066 ⁵ο

2028 5029 2287 5103 Quamvis
2324 5040 2374 5087 et
2400 5031 2769 5103 ipsaEpistola
2798 5036 2918 5091 Lat.
2942 5034 2987 5072 51
3006 5034 3101 5090 Dei
3123 5035 3251 5093 add.
3280 5039 3453 5093 Fran.
3486 5036 3535 5074 ⁵2
3558 5037 3717 5092 Deti-

422 5104 583 5179 neant
621 5092 839 5150 Oberth.
862 5092 913 5131 53
941 5094 1258 5163 Ignorantcs
1288 5100 1478 5147 natura
1517 5092 1771 5149 Ciaccon.
1805 5098 1851 5134 5"
1880 5100 2027 5156 Dum
2048 5092 2227 5160 abest.
2258 5106 2393 5159 Par.
2424 5092 2588 5159 551m.
2612 5106 2780 5162 Seml.
2813 5105 3033 5161 56Enim
3054 5092 3185 5165 add.
3216 5092 3392 5165 Fran.
3423 5092 3470 5145 577
3501 5110 3720 5179 Moyses

419 5170 579 5223 Pam.

1813 5229 2312 5308 Commentarius.

488 5347 604 5424 (43)
642 5346 898 5424 Quantas
941 5344 1134 5424 autem
1180 5334 1365 5424 foveas
1494 5341 1605 5395 ista
1635 5343 1721 5397 vel
1758 5347 2014 5424 maxime
2116 5350 2497 5424 prolixissime:
2555 5352 2612 5407 in
2667 5353 2897 5409 medium
2938 5355 3219 5424 producat,
3263 5356 3401 5413 sicut
3450 5356 3613 5412 etiam
3654 5360 3719 5413 Β.

420 5414 596 5501 Epist.
638 5415 842 5501 Iudicat
886 5414 1260 5501 se‘duntasat
1297 5417 1723 5501 lycii-teretique}!
1775 5414 2015 5501 Marcion
2114 5414 2307 5501 Epiph.
2333 5422 2540 5501 _E_odem
2594 5424 2859 5501 pertinent
2886 5414 3010 5496 quae
3040 5414 3355 5501 habet'cap.
3404 5444 3517 5501 seq.
3564 5447 3579 5482 :
3614 5431 3724 5487 Sa-

415 5483 701 5568 eradenda.
739 5501 848 5568 nop
895 5484 1047 5568 Avidel
1072 5524 1113 5568 ._
1144 5498 1265 5539 cum
1295 5490 1492 5568 .larnen
1548 5483 1847 5568 abstulerit
1890 5503 2015 5568 quae
2116 5483 2192 5550 lio
2219 5483 2277 5550 et
2325 5494 2415 5551 hic
2455 5483 3035 5568 amplissimum,'etc.
3066 5498 3201 5556 ΡΑιι.

413 5563 619 5630 voluit;
650 5560 777 5617 hinc
805 5556 1024 5625 factum,
1064 5566 1123 5613 ut
1152 5552 1508 5630 paucissimos
1555 5556 1705 5613 locos
1752 5552 2008 5628 Epistolas
