4018 6192
329 357 436 420 587

317 484 564 586 justiti:
590 482 692 583 Dei
721 481 1024 586 .pernﬁdem
1315 487 1558 586 Quaeest
1593 489 1696 546 ista
1724 489 1920 586 distin-
1941 503 1992 586 Α

322 572 470 631 otio?
527 571 760 630 Servivit
811 571 959 629 Deus
1013 581 1141 630 tuus
1215 576 1557 649 dispositioni
1622 580 1909 652 Creatoris,

316 661 457 718 dans
483 661 532 718 ei
563 669 776 734 tempus
817 669 870 718 et
895 662 1024 735 Legi
1053 665 1176 734 ejus
1208 682 1222 724 :
1257 682 1324 721 an
1352 667 1468 736 ejus
1496 675 1642 739 tunc,
1671 670 1828 739 cujus
1857 677 1914 726 et

312 752 500 808 nunc?
543 753 664 822 ejus
708 751 818 821 lex,
857 754 1011 822 cujus
1065 761 1117 809 et
1172 753 1332 810 ﬁdes.
1385 757 1579 813 Christi
1638 757 1911 815 distinctio

313 840 729 910 dispositionum
768 847 868 908 est,
909 856 1018 897 non
1056 842 1306 899 deorum.
1346 845 1525 901 Monet
1560 848 1909 918 justiﬁcatos

307 945 385 987 ex
409 929 519 998 ﬁde
564 929 790 996 Christi,
814 946 935 988 non
971 947 1043 988 ex
1080 931 1216 1003 lege,
1242 949 1444 1005 pacem
1484 935 1556 991 ad
1581 939 1762 993 Deum
1801 939 1908 993 ha-

304 1019 435 1074 bere
464 1016 601 1088 (44).
632 1017 714 1071 Ad
742 1019 945 1088 quem?
975 1018 1142 1089 Cujus
1171 1036 1440 1094 nusquam
1468 1023 1669 1080 fuimus
1699 1026 1901 1095 hostes,

301 1121 373 1160 an
420 1107 580 1174 cujus
623 1105 732 1179 legi
783 1113 837 1162 et
883 1115 1086 1164 naturas
1130 1111 1547 1169 rebellavimus?
1575 1115 1708 1170 Nam
1756 1115 1802 1170 si
1848 1115 1904 1169 in

301 1210 427 1250 eum
459 1195 716 1264 competit
742 1210 842 1266 pax
883 1211 1008 1253 cum
1037 1213 1144 1269 quo
1185 1198 1285 1255 fuit
1319 1200 1542 1269 bellum,
1576 1203 1626 1259 ei
1658 1211 1711 1258 et
1733 1203 1904 1275 justi-

297 1279 600 1349 ﬁcabimur,
633 1289 687 1337 et
723 1284 844 1354 ejus
873 1283 976 1340 erit
1009 1285 1280 1355 Christus,
1309 1305 1372 1344 ex
1413 1291 1568 1360 cujus
1605 1291 1712 1348 ﬁde
1735 1291 1903 1365 justi-

296 1368 604 1437 ﬁcabimur,
643 1369 712 1425 ad
758 1373 916 1441 cujus
962 1388 1148 1444 pacem
1198 1378 1455 1448 competit
1501 1379 1671 1454 redigi
1718 1381 1902 1438 hostes

299 1459 422 1528 ejus
449 1457 762 1528 aliquando.
798 1461 909 1516 Lex
947 1467 1160 1530 autem,
1195 1463 1383 1536 inquit,
1414 1467 1797 1536 subintroivit,
1830 1475 1899 1527 ut

295 1547 617 1604 abundaret
647 1547 938 1617 delictum,
955 1550 1176 1620 Quare?
1195 1556 1259 1612 Ut
1287 1556 1790 1629 superabundaret,
1808 1559 1896 1614 in-

295 1636 432 1706 quit,
464 1637 672 1708 gratia.
705 1637 873 1708 Cujus
909 1640 1006 1694 Dei
1046 1641 1238 1712 gratia,
1269 1643 1316 1697 si
1354 1660 1464 1700 non
1507 1648 1665 1717 cujus
1691 1655 1744 1704 et
1771 1647 1895 1705 lex?

295 1723 405 1777 nisi
435 1724 480 1777 si
510 1725 730 1780 Creator
758 1725 881 1782 ideo
907 1727 1087 1802 legem
1114 1726 1165 1768 58
1194 1729 1365 1789 505
1397 1732 1725 1790 intercalavit
1756 1738 1892 1809 (45),

299 1823 364 1866 ut
389 1813 664 1884 negotium
705 1825 1017 1884 procuraret
1052 1818 1236 1889 gratim
1275 1820 1374 1875 Dei
1412 1821 1652 1894 alterius,
1685 1834 1736 1881 et
1763 1827 1894 1898 qui-

303 1902 432 1955 dem
479 1902 666 1970 aemuli,
696 1919 766 1958 ne
813 1903 1039 1960 dixerim
1087 1906 1287 1980 ignoti;
1318 1919 1377 1965 ut
1423 1913 1892 1984 quemadmodum

302 1989 460 2061 apud
489 1990 662 2060 ipsum
690 1998 1026 2064 regnaverat
1041 2004 1340 2068 peccatum
1363 2002 1427 2058 in
1445 2007 1704 2068 mortem,
1729 2005 1814 2060 ita
1836 2009 1894 2062 et

294 2080 488 2148 gratia
506 2084 762 2150 regnaret
787 2083 847 2136 in
867 2084 1102 2154 justitia
1122 2087 1188 2143 in
1205 2089 1384 2143 vitam
1402 2105 1504 2162 per
1523 2092 1713 2147 Iesum
1735 2093 1893 2149 Chri-

295 2167 480 2236 stum,
514 2167 876 2224 adversarium
919 2171 1108 2243 ipsius.
1140 2175 1367 2241 Proyter
1394 2178 1513 2245 hoc,
1547 2180 1730 2236 omnia
1757 2197 1891 2238 con-

293 2252 531 2309 cluserat
559 2255 643 2310 lex
677 2257 950 2336 Creatoris
986 2261 1087 2316 sub
1117 2262 1390 2332 delictum,
1434 2276 1487 2320 et
1525 2275 1693 2325 totum
1725 2287 1889 2326 mun-

291 2341 420 2396 dum
464 2343 763 2401 deduxerat
797 2347 850 2402 in
894 2359 1120 2421 reatum,
1150 2359 1202 2406 et
1235 2369 1396 2408 omne
1434 2371 1496 2411 os
1529 2359 1886 2430 obstruxerat,

286 2447 355 2484 ne
394 2431 487 2503 qui
533 2433 864 2505 gloriaretur
908 2455 1006 2509 per
1053 2439 1229 2507 illam;
1269 2449 1326 2496 ut
1369 2445 1541 2516 gratia
1586 2457 1892 2507 servaretur

284 2519 338 2572 in
398 2519 628 2592 gloriam
689 2523 908 2590 Christi,
939 2542 1045 2583 non
1106 2529 1394 2598 Creatoris,
1427 2532 1522 2588 sed
1578 2535 1884 2592 Marcionis.

283 2609 511 2663 Possum
550 2619 604 2666 et
640 2611 728 2668 hic
763 2613 830 2668 de
867 2616 1164 2672 substantia
1196 2618 1393 2676 Christi
1434 2633 1782 2691 praestruere,
1817 2641 1884 2681 ex

285 2707 573 2766 prospectu
628 2701 946 2769 quastionis
1001 2706 1391 2762 subsccuturae.
1437 2710 1674 2771 Mortuos
1730 2729 1884 2771 enim

279 2801 380 2840 nos
418 2785 592 2857 inquit
619 2789 745 2859 Legi
778 2791 910 2862 (46).
946 2791 1092 2864 Ergo
1127 2809 1325 2865 corpus
1364 2796 1587 2872 Christi;
1622 2808 1674 2854 et
1700 2802 1750 2841 59
1777 2817 1881 2871 ρο·-

282 2875 385 2928 test
411 2889 609 2944 corpus
643 2879 919 2950 contendi,
953 2896 1060 2936 non
1089 2883 1267 2938 statim
1307 2900 1455 2942 caro.
1489 2887 1594 2943 Sed
1633 2899 1686 2945 et
1721 2908 1881 2962 quae-

278 2976 514 3034 cumque
561 2965 862 3023 substantia
908 2969 998 3038 sit,
1028 2985 1149 3026 cum
1200 2973 1322 3042 ejus
1369 2976 1611 3034 nominat
1657 2994 1876 3052 corpus,

1535 363 1663 425 LIB.
1703 362 1748 425 γ
1784 363 1943 426 Αῡνι
1979 362 2378 430 MARCIONBM.

3509 371 3617 431 538

2022 509 2150 549 num
2185 493 2388 564 alium,-
2417 511 2548 553 cum
2585 495 2630 552 is
2660 503 2951 571 utrumque
2991 496 3185 557 debeat
3221 498 3371 559 credi
3403 517 3418 557 :
3450 497 3612 569 cujus

2020 590 2351 653 praeceptum
2395 592 2448 641 et
2493 581 2698 641 bonum
2744 592 2797 642 et
2835 586 3037 655 justum
3079 588 3196 644 est?
3227 588 3282 644 Si
3332 594 3510 644 autem
3556 593 3612 642 et

2020 671 2342 744 spiritalem
2377 671 2657 730 conﬁrmat
2695 674 2885 747 legem,
2915 674 3098 747 utique
3126 683 3180 731 et
3215 675 3606 747 propheticam,

2016 759 2205 831 utique
2234 769 2287 816 et
2317 761 2619 836 ﬁguratam.
2654 765 2834 820 Debeo
2862 764 3006 820 enim
3035 773 3088 820 et
3126 765 3253 820 hinc
3280 763 3610 821 constituere

2015 847 2287 904 Christum
2334 850 2389 906 in
2433 851 2556 926 lege
2605 851 2836 925 ﬁgurate
2883 852 3253 924 praedicatum,
3291 867 3400 926 quo
3441 867 3542 910 nec
3577 868 3610 908 ι

2012 936 2215 993 Iudaeis
2249 939 2503 996 omnibus
2533 943 2765 1012 potuerit
2793 941 3036 1012 agnosci.

2599 1085 2824 1142 CAPUT
2870 1083 3019 1142 XIV.
3039 1167 3042 1172 Ι

2080 1203 2262 1277 (Rom.
2284 1223 2411 1275 vm,
2439 1223 2499 1278 χ,
2523 1224 2604 1280 xl,
2627 1225 2731 1281 xu,
2754 1209 3017 1282 xm,x1v)
3044 1209 3197 1267 Hunc
3225 1205 3271 1264 si
3302 1211 3476 1266 Pater
3499 1211 3606 1266 mi-

2007 1296 2086 1352 sit
2109 1296 2173 1352 in
2203 1297 2641 1357 similitudinem
2666 1301 2859 1356 carnis
2879 1301 3123 1374 peccati,
3140 1315 3248 1355 non
3279 1299 3406 1355 ideo
3437 1300 3606 1371 phan-

2009 1389 2179 1439 tasma
2202 1384 2415 1444 dicetur
2449 1402 2573 1444 caro
2611 1404 2733 1460 quas
2763 1391 2817 1443 in
2847 1389 2937 1444 illo
2978 1388 3282 1445 videbatur.
3314 1389 3604 1445 Peccatum

2007 1472 2150 1527 enim
2196 1475 2346 1530 carni
2389 1489 2550 1544 supra
2599 1475 2905 1547 adscripsit,
2940 1485 2995 1532 et
3046 1475 3191 1530 illam
3245 1475 3373 1532 fecit
3427 1475 3601 1547 legem

2006 1549 2211 1629 p'eccati
2255 1561 2583 1618 habitantem
2639 1562 2696 1618 in
2739 1563 2995 1620 membris
3040 1564 3174 1630 suis,
3206 1569 3262 1619 et
3303 1563 3600 1618 adversan-

2004 1653 2110 1700 tem
2159 1647 2266 1718 legi
2313 1664 2523 1703 sensus.
2554 1647 2638 1705 Ob
2683 1649 2788 1706 hoc
2830 1649 2998 1722 igitur
3045 1651 3267 1706 missum
3315 1649 3510 1705 Filium
3546 1650 3601 1704 in

2001 1730 2408 1791 similitudinem
2439 1735 2614 1792 carnis
2642 1737 2868 1808 peccati,
2899 1742 2966 1793 ut
2988 1739 3216 1808 peccati
3246 1754 3478 1794 carnem
3516 1736 3599 1792 si-

2003 1821 2117 1876 mili
2160 1823 2458 1879 substantia
2504 1824 2826 1894 redimeret,
2861 1825 2914 1879 id
2957 1835 3038 1880 est
3074 1842 3290 1896 carnea,
3322 1842 3429 1896 qua
3459 1841 3597 1895 pec-

2002 1910 2186 1967 catrici
2212 1912 2360 1969 carni
2398 1913 2593 1969 similis
2625 1913 2809 1970 506
2837 1922 2999 1985 esset,
3031 1930 3154 1971 cum
3183 1915 3452 1986 peccatrix
3481 1914 3596 1986 ipsa

2000 2015 2111 2056 non
2149 2009 2310 2067 esset,
2343 2018 2468 2056 nam
2505 2011 2561 2058 et
2600 2003 2717 2058 haec
2756 2003 2858 2060 erit
2886 2002 2987 2060 Dei
3025 2003 3210 2073 virtus,
3244 2002 3300 2057 in
3340 2003 3595 2059 substan-

1999 2089 2072 2144 tia
2123 2090 2234 2158 pari
2283 2090 2540 2163 perﬁcere
2587 2093 2833 2149 salutem.
2872 2094 2991 2149 Non
3039 2093 3186 2150 enim
3232 2107 3508 2166 magnum,
3549 2091 3595 2148 si

1997 2177 2216 2247 spiritus
2251 2179 2351 2236 Dei
2386 2197 2604 2237 carnem
2644 2182 2992 2252 remediaret;
3026 2183 3121 2240 sed
3165 2183 3209 2238 si
3253 2197 3377 2239 caro
3405 2182 3592 2237 consi-

1997 2266 2142 2321 milis
2189 2269 2494 2337 peccatrici,
2543 2270 2671 2325 dum
2717 2287 2843 2328 caro
2906 2280 3007 2339 est,
3053 2272 3149 2329 sed
3195 2287 3303 2327 non
3362 2270 3592 2342 peccati.

1995 2356 2075 2411 Ita
2113 2356 2406 2413 similitudo
2445 2360 2510 2415 ad
2549 2359 2761 2415 titulum
2801 2361 3002 2431 peccati
3047 2361 3353 2433 pertinebit,
3384 2375 3496 2415 non
3523 2359 3592 2414 ad

1994 2445 2302 2502 substantiae
2344 2447 2703 2504 mendacium.
2733 2450 2868 2503 Nam
2901 2467 3001 2507 nec
3027 2450 3323 2506 addidisset
3345 2451 3586 2522 peccati,

1994 2533 2037 2590 si
2079 2535 2393 2591 substantiae
2437 2537 2842 2594 similitudinem
2894 2540 3054 2597 vellet
3101 2539 3351 2613 intelligi,
3383 2545 3441 2595 ut
3497 2553 3589 2593 ne-

1992 2631 2145 2696 garet
2198 2626 2492 2682 veritatem.
2545 2627 2774 2683 Tantum
2846 2629 2992 2684 enim
3055 2631 3246 2686 carnis
3298 2627 3585 2700 posuisset,

1990 2728 2097 2769 non
2127 2720 2178 2768 et
2208 2718 2442 2786 peccati.
2475 2715 2614 2772 Cum
2641 2732 2771 2774 vero
2799 2724 2928 2773 tunc
2958 2718 3036 2773 sic
3068 2718 3330 2774 struxerit
3356 2717 3425 2783 53,
3459 2733 3587 2773 car-

1988 2803 2080 2858 nis
2109 2806 2350 2876 peccati,
2381 2814 2434 2860 et
2468 2806 2816 2861 substantiam
2853 2806 3210 2870 conﬁrmavit,
3241 2807 3296 2860 id
3337 2814 3419 2861 est
3457 2821 3582 2862 car-

1989 2906 2133 2961 nem,
2163 2901 2216 2948 et
2252 2893 2659 2949 similitudinem
2689 2895 2758 2950 ad
2795 2894 2985 2952 vitium
3023 2895 3337 2952 substantiae
3375 2896 3582 2964 retulit,

1989 2979 2042 3034 id
2098 2989 2182 3037 est
2252 2982 2319 3037 ad
2401 2991 2702 3052 peccatum.
2763 2983 2893 3040 Puta
2964 3001 3109 3042 nunc
3175 2984 3581 3042 similitudinem

278 3065 443 3148 quem
485 3051 704 3122 subjicit
754 3071 822 3111 ex
865 3058 1092 3113 mortuis
1132 3064 1515 3134 resurrexisse,
1546 3081 1655 3122 non
1703 3077 1880 3138 potest
1910 3069 1954 3148 ο
1983 3070 2296 3126 substantiae
2354 3051 2568 3138 dictam,
2609 3087 2716 3127 non
2769 3073 2892 3128 ideo
2941 3075 3231 3148 negabitur
3267 3073 3582 3132 substantiae

278 3137 435 3226 aliud
489 3155 689 3212 corpus
742 3141 1181 3217 intelligi,un
1235 3152 1432 3221 carnis,
1466 3152 1521 3208 in
1577 3137 1736 3226 quam
1793 3160 1879 3216 lex

277 3225 472 3282 mortis
498 3235 581 3316 est
618 3229 777 3286 dicta.
807 3233 945 3288 Ecce
987 3241 1164 3290 autem
1209 3244 1262 3294 et
1303 3225 1666 3299 testimonium
1695 3248 1880 3316 perhi-

278 3314 367 3369 bet
411 3313 540 3387 legi,
572 3325 627 3372 et
667 3334 829 3375 causa
866 3321 1057 3378 delicti
1101 3339 1220 3379 eam
1269 3338 1504 3384 excusat.
1555 3313 1710 3401 Quid:
1750 3352 1877 3409 ergo

276 3404 571 3492 dicemus?
624 3409 765 3476 Quia
822 3410 915 3465 lea:
967 3416 1310 3483 peccatum?
1354 3418 1530 3475 Absit.
1589 3404 1876 3492 Erubesce,

275 3491 532 3548 Marcion.
575 3495 749 3554 Absit.
793 3497 1148 3556 Abominatur
1186 3503 1486 3575 Apostolus
1532 3491 1877 3566 criminatio;

277 3597 405 3673 nem
431 3581 584 3654 legis.
612 3583 714 3640 Sed
733 3602 828 3658 ego
852 3587 1126 3646 delictum
1146 3607 1262 3650 non
1281 3596 1539 3662 scio,nisi
1554 3616 1658 3670 per
1678 3602 1874 3673 legem.

275 3668 320 3724 Ο
369 3685 642 3725 summum
701 3687 766 3729 ex
822 3675 925 3730 hoc
976 3679 1306 3747 praeconium
1365 3681 1523 3757 legis,
1555 3668 1654 3757 per
1717 3668 1875 3760 quam

275 3758 442 3829 liquet
479 3757 525 3797 61
571 3759 824 3816 delictum
865 3763 1036 3820 latere
1057 3765 1136 3838 σςι
1180 3769 1301 3825 Non
1329 3787 1458 3842 ergo
1502 3775 1596 3830 lex
1623 3757 1875 3846 seduxit,

273 3846 367 3903 sed
396 3853 694 3918 peccatum
726 3868 830 3923 per
861 3856 1134 3926 praecepti
1175 3861 1542 3918 occasionem.
1583 3862 1722 3930 Quid
1759 3866 1876 3921 Deo

269 3935 506 4004 imputas
548 3937 734 4009 Legis,
764 3937 922 4011 quod
949 3941 1078 4014 Legi
1128 3944 1246 4014 ejus
1277 3945 1572 4018 Apostolus
1614 3952 1876 4024 imputare

273 4039 386 4079 non
433 4025 632 4082 audet?
659 4026 869 4100 Atquin
917 4038 971 4086 et
1007 4035 1307 4090 accumulat
1350 4055 1365 4092 :
1409 4040 1522 4094 Lex
1559 4049 1785 4116 sancta,
1818 4052 1876 4103 et

265 4118 617 4186 praeceptum
638 4117 760 4188 ejus
771 4120 1002 4188 justum
1030 4125 1088 4176 et
1115 4123 1340 4179 bonum.
1365 4125 1421 4180 Si
1451 4127 1627 4184 taliter
1653 4133 1877 4189 venera-

272 4211 362 4254 tur
404 4201 577 4273 legem
612 4203 906 4272 Creatoris,
937 4210 1218 4278 quomodo
1258 4212 1432 4282 ipsum
1480 4215 1722 4274 destruat
1758 4238 1862 4277 ne-

1987 3157 2206 3216 veritas.
2282 3159 2393 3215 Cur
2483 3174 2614 3230 ergo
2716 3159 2906 3216 similis
2994 3165 3158 3219 vera?
3230 3163 3365 3231 Quia
3457 3179 3585 3219 vera

1988 3245 2225 3319 quidem,
2281 3247 2375 3303 sed
2437 3263 2547 3302 non
2610 3263 2675 3304 ex
2737 3249 2976 3318 semine;
3035 3250 3106 3305 de
3161 3258 3304 3306 statu
3369 3251 3580 3314 similis,

1988 3335 2087 3391 sed
2113 3337 2164 3375 53
2192 3352 2315 3393 vera
2355 3336 2425 3393 de
2461 3351 2648 3402 censu,
2689 3350 2799 3392 non
2845 3352 2975 3394 vero
3023 3337 3308 3394 dissimilis
3344 3339 3416 3392 64.
3458 3339 3582 3393 Cae—

1985 3431 2180 3492 terum,
2219 3423 2514 3480 similitudo
2560 3423 2616 3478 in
2673 3425 2960 3481 contrariis
3006 3427 3154 3482 nulla
3208 3434 3308 3482 est.
3349 3425 3581 3496 Spiritus

1985 3529 2092 3569 non
2134 3512 2404 3570 diceretur
2451 3513 2627 3570 carnis
2673 3513 2987 3581 similitudo,
3021 3517 3149 3588 quia
3197 3530 3296 3570 nec
3339 3529 3468 3571 caro
3497 3515 3580 3570 si-

1987 3601 2342 3656 militudinem
2385 3601 2608 3672 spiritus
2653 3611 2904 3672 caperet;
2937 3603 3033 3660 sed
3082 3604 3398 3674 phantasma
3434 3603 3581 3659 dice-

1984 3700 2151 3755 retur,
2182 3690 2227 3746 si
2275 3690 2330 3744 id
2378 3690 2522 3761 quod
2562 3706 2673 3747 non
2717 3698 2854 3758 erat,
2903 3691 3212 3748 videbatur.
3267 3691 3581 3747 Similitudo

1984 3787 2158 3835 autem
2187 3778 2400 3851 dicitur,
2431 3795 2555 3835 cum
2584 3789 2665 3836 est
2693 3781 2839 3851 quod
2867 3780 3102 3839 videtur.
3131 3781 3233 3838 Est
3261 3781 3426 3850 enim,
3451 3781 3580 3836 dum

1983 3868 2200 3924 alterius
2247 3884 2344 3939 par
2390 3877 2472 3924 est
2509 3869 2578 3924 6⁵.
2611 3870 2928 3925 Phantasma
2982 3877 3161 3926 autem
3214 3871 3352 3942 (47),
3381 3885 3488 3942 qua
3529 3870 3581 3909 ⁸⁵

1985 3955 2089 4012 hoc
2136 3964 2337 4012 tantum
2369 3957 2417 3996 6⁷
2447 3965 2550 4024 est,
2576 3973 2682 4015 non
2721 3967 2803 4014 est
2839 3958 3155 4016 similitudo.
3187 3960 3254 4014 Et
3285 3960 3371 4016 hic
3395 3968 3578 4016 autem

1984 4045 2100 4116 ipse
2137 4045 2458 4115 edisserens,
2491 4046 2766 4118 quomodo
2808 4049 2957 4105 nolit
2999 4063 3114 4104 esse
3155 4065 3256 4106 nos
3289 4050 3357 4104 in
3384 4067 3578 4118 carne,

1983 4150 2116 4189 cum
2133 4136 2312 4189 simus
2334 4135 2400 4189 in
2427 4150 2630 4200 carne;
2653 4145 2709 4188 ut
2729 4133 2928 4190 scilicet
2958 4150 3066 4190 non
3096 4135 3263 4191 simus
3293 4135 3346 4191 in
3377 4138 3429 4176 6⁸
3449 4153 3581 4209 ope-

1974 4222 2123 4278 ribus
2149 4221 2349 4288 carnis,
2381 4223 2618 4278 ostendit
2658 4222 2760 4277 hac
2797 4224 3009 4278 ratione
3045 4224 3330 4292 scripsisse
3371 4226 3425 4295 (ι
3451 4227 3574 4283 Cor.

268 4288 411 4343 scio.
442 4288 567 4358 Quis
612 4291 879 4350 discernit
925 4296 1065 4353 duos
1105 4299 1255 4370 deos,
1287 4301 1496 4370 justum
1538 4305 1728 4380 alium,
1763 4310 1865 4366 bo-
1897 4293 1942 4370 Π
1972 4328 2061 4374 xv.
2084 4311 2174 4379 ὅθ)
2209 4327 2224 4364 :
2260 4310 2399 4367 Caro
2429 4315 2487 4366 et
2514 4311 2748 4381 sanguis
2774 4326 3014 4382 regnum
3043 4312 3144 4368 Dei
3173 4315 3432 4386 consequi
3460 4331 3578 4373 non

1649 4403 1842 4469 Variae
1888 4411 2198 4472 lectiones.

333 4489 396 4575 5:
422 4491 627 4575 Legem
650 4495 821 4575 deest.
855 4497 1031 4575 ﬁlten.
1053 4498 1103 4538 59
1134 4499 1258 4570 Legi
1290 4516 1387 4572 per
1413 4517 1612 4575 corpus
1631 4506 1847 4566 Christi.
1877 4514 1918 4568 E

257 4559 310 4643 ff
349 4559 619 4643 [unc'sic
647 4568 1037 4643 struxitSeml.
1070 4559 1362 4643 utrumque
1391 4559 1897 4638 substruxeritﬂiat:

1924 4529 2020 4622 rgo
2045 4513 2298 4568 Ciaccon.
2333 4507 2582 4565 6°Licuit
2610 4510 2782 4592 sentt:
2821 4511 3043 4570 Oberth.
3073 4513 3121 4554 δι
3154 4516 3353 4574 Latens
3389 4520 3567 4578 Ciacc.

1923 4584 1947 4621 6
2004 4585 2067 4622 Rt
2109 4585 2204 4622 Ini
2267 4581 2316 4620 6a
2350 4581 2480 4622 Vara
2513 4581 2581 4622 dp.
2620 4584 2778 4622 simili
2817 4583 2915 4622 Ini
2977 4584 3027 4622 65
3074 4585 3266 4622 Διιίητη
3309 4592 3436 4622 ..ηηι
3495 4594 3550 4622 ,τι

2001 4585 2086 4664 Et_
2102 4585 2230 4664 Lat.
2267 4581 2316 4620 δ”
2350 4581 2485 4636 Vera
2513 4581 2582 4636 de
2620 4580 2781 4637 simili
2811 4583 2936 4640 Lat.
2977 4584 3027 4623 55
3065 4585 3269 4643 Autem
3309 4592 3457 4664 negl.
3491 4594 3568 4648 al.

257 4630 308 4669 ⁵⁵
363 4633 508 4704 Quia
534 4638 615 4693 al.
645 4637 694 4676 57
725 4639 826 4694 Pro
846 4641 951 4695 hoc
981 4649 1187 4696 tantum
1223 4630 1367 4701 υὰιι.
1400 4646 1522 4702 Lat.
1545 4630 1915 4708 ostentum“.7‘5.8
1939 4630 2222 4711 EISe—ml.

1669 4749 2168 4816 Commentarius.

333 4839 447 4908 (44)
489 4840 671 4924 planet
716 4843 1041 4924 justﬁcatos
1079 4859 1166 4924 ea:
1212 4847 1354 4924 ﬁde,
1386 4856 1514 4918 etc.,
1550 4870 1748 4924 pacem
1793 4858 1866 4914 ad

258 4909 438 4994 Deum
487 4909 800 4994 haber‘e‘fln
842 4909 935 4994 liis
983 4917 1160 4994 yegbis
1209 4909 1362 4976 initio
1409 4909 1863 4994 cap.‘v,romis_so

260 4987 375 5036 toto
404 4994 527 5049 cap.
559 4997 621 5036 tv
651 4983 905 5067 Epistolas
935 4987 1002 5067 ρὰ
1044 4988 1314 5067 Romanos
1354 4983 1489 5062 legit-
1513 4983 1715 5055 Auctor
1739 4983 1862 5067 €on-

261 5067 506 5130 μεθ-ρῳ
521 5067 587 5107 eo
616 5055 884 5130 quodalii
930 5056 1147 5130 ἔχωμεν,
1182 5055 1507 5120 Ιιαὺεαυῖηδ.
1541 5069 1681 5125 Pw.

261 5123 444 5209 Libs.)
472 5125 671 5209 Legem
691 5123 1085 5209 intercalauit.
1117 5123 1174 5186 Id
1207 5140 1306 5209 est,
1340 5135 1520 5209 inquit
1547 5123 1860 5209 Rhenanus,

256 5200 550 5270 interjecit,
600 5200 942 5270 interposuit,
1009 5200 1336 5270 interseruit,
1386 5200 1615 5264 mediam
1673 5200 1857 5267 immii

257 5263 333 5350 sit
378 5266 690 5350 {namuhic
838 5263 1112 5350 signiﬁcat
1143 5263 1494 5350 intercalare.

255 5337 498 5412 meminit
542 5337 1076 5412 ﬁtacrobiusfctiam
1124 5345 1193 5400 de
1249 5348 1452 5403 ratione
1507 5337 1858 5412 intercalandi

253 5404 469 5483 abunde
522 5408 826 5465 disserens.
867 5404 1050 5468 Julius
1107 5415 1288 5470 Caesar
1340 5404 1856 5483 instituitutﬂun-us

249 5474 376 5561 dies
429 5485 624 5561 quarto
673 5495 892 5561 quoque
949 5498 1096 5561 anno
1155 5474 1584 5561 intercalaretur,
1609 5474 1855 5556 hoc-est

248 5552 614 5627 inseret-stur;
655 5552 1169 5627 unde'bissextilem
1196 5573 1394 5616 annum
1436 5552 1641 5620 Plinius
1679 5552 1852 5627 inter:

243 5617 484 5675 calarem
536 5617 714 5690 vocat,
745 5634 801 5680 ct
853 5625 1038 5682 Livius
1095 5644 1335 5687 mensem
1373 5617 1511 5691 dixit
1522 5617 1850 5696 "intercisis.

1977 4864 2139 4936 rium.
2165 4857 2343 4936 Graeci
2385 4857 2652 4936 ἐμϐόλῳον
2682 4860 2957 4936 appellant
3007 4869 3060 4918 et
3114 4862 3460 4936 ἐμϐολιμαῖον.
3512 4865 3572 4920 ID

2035 4931 2149 5000 (46)
2181 4931 2425 5006 Mortuos
2455 4931 2611 5006 enim
2636 4948 2734 4990 nos
2754 4931 2962 5005 inquit
2991 4931 3153 5006 Legi."
3173 4931 3345 4991 Etiam
3375 4936 3478 4991 hoc
3509 4952 3573 4992 ex

1968 5016 2202 5079 persona
2248 5003 2553 5079 Marcionis,
2598 5015 2652 5058 et
2696 5019 2763 5079 ex
2813 5003 3235 5079 corrupta—ejus
3282 5007 3572 5079 scriptura,

1969 5072 2170 5150 quippe
2198 5075 2288 5145 qui
2319 5074 2556 5144 verterit,
2576 5078 2832 5150 mortuos
2859 5091 2962 5132 nos
2977 5072 3121 5150 legi,
3143 5072 3240 5135 ubi
3271 5072 3571 5150 Apostolus

1969 5143 2120 5222 dicit,
2151 5143 2401 5202 mortuos
2453 5151 2705 5222 peccato.
2738 5148 2894 5202 Rom.
2927 5163 3005 5214 γι,
3037 5143 3140 5206 sub
3190 5143 3401 5206 initium
3449 5168 3569 5222 cap.

1968 5214 2089 5290 Sed
2102 5224 2252 5290 recte
2274 5231 2420 5290 eum
2453 5214 2698 5272 confutat
2734 5232 2810 5272 ex
2846 5222 3206 5290 sequentibus
3235 5222 3440 5288 verbis,
3475 5214 3571 5279 ubi

1967 5287 2191 5356 subjicit
2225 5287 2512 5344 Christum
2541 5304 2613 5343 ex
2640 5292 2883 5346 mortuis
2910 5287 3310 5350 resurrexisse.
3340 5295 3420 5348 In.

2038 5359 2153 5434 (47)
2184 5358 2532 5434 Phantasma
2559 5364 2775 5434 autem.
2799 5364 2875 5416 De
2904 5379 3010 5432 quo
3042 5364 3285 5434 pluribus
3315 5373 3438 5418 ante
3465 5363 3573 5419 dis-

1962 5430 2132 5504 seruit
2173 5437 2359 5504 contra
2415 5431 2765 5499 Marcionem,
2817 5430 3285 5489 Christo'carnem
3337 5437 3568 5504 phanta-

1961 5500 2147 5575 stica_m
2176 5510 2230 5557 et
2254 5503 2590 5572 phantasma,
2621 5518 2730 5557 non
2758 5519 2942 5558 verum
2981 5519 3179 5575 corpus
3216 5500 3567 5561 tribuentem.

1960 5572 2039 5628 LE
2077 5573 2174 5628 Pa.
