  <div class='ocr_page' id='page_1' title='image "/cluster/home/n/w/nwhite01/storage/ocr_20150623/2/hvd.32044096580329/275.png"; bbox 0 0 4018 6192; ppageno 0'>
   <div class='ocr_carea' id='block_1_1' title="bbox 375 353 484 417">
    <p class='ocr_par' dir='ltr' id='par_1_1' title="bbox 375 353 484 417">
     <span class='ocr_line' id='line_1_1' title="bbox 375 353 484 417; baseline -0.009 0"><span class='ocrx_word' id='word_1_1' title='bbox 375 353 484 417; x_wconf 83' lang='lat'><strong>539</strong></span> 
     </span>
    </p>
   </div>
   <div class='ocr_carea' id='block_1_2' title="bbox 1056 356 2951 441">
    <p class='ocr_par' dir='ltr' id='par_1_2' title="bbox 1056 356 2951 441">
     <span class='ocr_line' id='line_1_2' title="bbox 1056 356 2951 441; baseline 0 -23"><span class='ocrx_word' id='word_1_2' title='bbox 1056 356 1501 422; x_wconf 81' lang='lat' dir='ltr'><strong>TERTULLIANI</strong></span> <span class='ocrx_word' id='word_1_3' title='bbox 1538 359 1804 423; x_wconf 80' lang='lat' dir='ltr'><strong>OPERUM</strong></span> <span class='ocrx_word' id='word_1_4' title='bbox 1843 357 2010 424; x_wconf 74' lang='lat' dir='ltr'><strong>PARS</strong></span> <span class='ocrx_word' id='word_1_5' title='bbox 2047 359 2116 441; x_wconf 74' lang='lat' dir='ltr'><strong>Il.</strong></span> <span class='ocrx_word' id='word_1_6' title='bbox 2156 389 2226 405; x_wconf 90' lang='lat'><strong><em>—</em></strong></span> <span class='ocrx_word' id='word_1_7' title='bbox 2262 357 2489 420; x_wconf 77' lang='lat' dir='ltr'><strong>SERIES</strong></span> <span class='ocrx_word' id='word_1_8' title='bbox 2526 358 2567 429; x_wconf 87' lang='grc' dir='ltr'>Ι,</span> <span class='ocrx_word' id='word_1_9' title='bbox 2610 358 2951 421; x_wconf 80' lang='lat' dir='ltr'><strong>POLEMIGA.</strong></span> 
     </span>
    </p>
   </div>
   <div class='ocr_carea' id='block_1_3' title="bbox 3560 364 3666 427">
    <p class='ocr_par' dir='ltr' id='par_1_3' title="bbox 3560 364 3666 427">
     <span class='ocr_line' id='line_1_3' title="bbox 3560 364 3666 427; baseline 0 0"><span class='ocrx_word' id='word_1_10' title='bbox 3560 364 3666 427; x_wconf 79' lang='grc'><strong>540</strong></span> 
     </span>
    </p>
   </div>
   <div class='ocr_carea' id='block_1_4' title="bbox 375 482 3662 579">
    <p class='ocr_par' dir='ltr' id='par_1_4' title="bbox 375 482 3662 579">
     <span class='ocr_line' id='line_1_4' title="bbox 375 482 3662 579; baseline 0.001 -38"><span class='ocrx_word' id='word_1_11' title='bbox 375 485 644 556; x_wconf 87' lang='lat' dir='ltr'><strong>possunt;</strong></span> <span class='ocrx_word' id='word_1_12' title='bbox 699 495 807 537; x_wconf 91' lang='lat' dir='ltr'><strong>non</strong></span> <span class='ocrx_word' id='word_1_13' title='bbox 884 482 1240 541; x_wconf 82' lang='lat' dir='ltr'><strong>substantiam</strong></span> <span class='ocrx_word' id='word_1_14' title='bbox 1312 485 1591 557; x_wconf 89' lang='lat' dir='ltr'><strong>damnans,</strong></span> <span class='ocrx_word' id='word_1_15' title='bbox 1648 486 1744 544; x_wconf 87' lang='lat' dir='ltr'><strong>sed</strong></span> <span class='ocrx_word' id='word_1_16' title='bbox 1799 502 1969 558; x_wconf 86' lang='lat' dir='ltr'><strong>opera</strong></span> <span class='ocrx_word' id='word_1_17' title='bbox 2000 500 2047 579; x_wconf 67' lang='grc' dir='ltr'><strong>Α</strong></span> <span class='ocrx_word' id='word_1_18' title='bbox 2080 482 2634 579; x_wconf 50' lang='lat' dir='ltr'><strong>investigabilespiae</strong></span> <span class='ocrx_word' id='word_1_19' title='bbox 2675 484 2996 579; x_wconf 42' lang='lat' dir='ltr'><strong>ejus/Unde</strong></span> <span class='ocrx_word' id='word_1_20' title='bbox 3028 484 3186 543; x_wconf 78' lang='lat' dir='ltr'><strong>illa&quot;3</strong></span> <span class='ocrx_word' id='word_1_21' title='bbox 3208 483 3557 559; x_wconf 82' lang='lat' dir='ltr'><strong>eruptio?Ex</strong></span> <span class='ocrx_word' id='word_1_22' title='bbox 3574 503 3662 545; x_wconf 88' lang='lat' dir='ltr'><strong>re-</strong></span> 
     </span>
    </p>
   </div>
   <div class='ocr_carea' id='block_1_5' title="bbox 376 571 1966 644">
    <p class='ocr_par' dir='ltr' id='par_1_5' title="bbox 376 571 1966 644">
     <span class='ocr_line' id='line_1_5' title="bbox 376 571 1966 644; baseline 0.003 -18"><span class='ocrx_word' id='word_1_23' title='bbox 376 573 542 641; x_wconf 90' lang='lat' dir='ltr'><strong>ejus:</strong></span> <span class='ocrx_word' id='word_1_24' title='bbox 578 586 716 642; x_wconf 63' lang='lat' dir='ltr'><strong>quae,</strong></span> <span class='ocrx_word' id='word_1_25' title='bbox 758 571 883 644; x_wconf 84' lang='lat' dir='ltr'>quia</span> <span class='ocrx_word' id='word_1_26' title='bbox 938 583 1162 644; x_wconf 90' lang='lat' dir='ltr'><strong>possunt</strong></span> <span class='ocrx_word' id='word_1_27' title='bbox 1218 591 1324 631; x_wconf 92' lang='lat' dir='ltr'><strong>non</strong></span> <span class='ocrx_word' id='word_1_28' title='bbox 1370 576 1577 633; x_wconf 76' lang='lat' dir='ltr'><strong>admitti</strong></span> <span class='ocrx_word' id='word_1_29' title='bbox 1633 593 1665 632; x_wconf 90' lang='lat' dir='ltr'><strong>a</strong></span> <span class='ocrx_word' id='word_1_30' title='bbox 1711 576 1866 633; x_wconf 88' lang='lat' dir='ltr'><strong>nobis</strong></span> <span class='ocrx_word' id='word_1_31' title='bbox 1910 576 1966 631; x_wconf 90' lang='lat' dir='ltr'><strong>in</strong></span> 
     </span>
    </p>
   </div>
   <div class='ocr_carea' id='block_1_6' title="bbox 377 661 1965 735">
    <p class='ocr_par' dir='ltr' id='par_1_6' title="bbox 377 661 1965 735">
     <span class='ocr_line' id='line_1_6' title="bbox 377 661 1965 735; baseline 0.003 -20"><span class='ocrx_word' id='word_1_32' title='bbox 377 675 536 715; x_wconf 89' lang='lat' dir='ltr'><strong>carne</strong></span> <span class='ocrx_word' id='word_1_33' title='bbox 598 661 776 716; x_wconf 91' lang='lat' dir='ltr'><strong>adhuc</strong></span> <span class='ocrx_word' id='word_1_34' title='bbox 825 662 1036 733; x_wconf 77' lang='lat' dir='ltr'><strong>positis,</strong></span> <span class='ocrx_word' id='word_1_35' title='bbox 1077 679 1187 720; x_wconf 91' lang='lat' dir='ltr'><strong>non</strong></span> <span class='ocrx_word' id='word_1_36' title='bbox 1241 665 1309 720; x_wconf 91' lang='lat' dir='ltr'><strong>ad</strong></span> <span class='ocrx_word' id='word_1_37' title='bbox 1367 673 1572 721; x_wconf 79' lang='lat' dir='ltr'><strong>reatum</strong></span> <span class='ocrx_word' id='word_1_38' title='bbox 1630 665 1965 735; x_wconf 74' lang='lat' dir='ltr'><strong>substantiae,</strong></span> 
     </span>
    </p>
   </div>
   <div class='ocr_carea' id='block_1_7' title="bbox 376 750 1969 829">
    <p class='ocr_par' dir='ltr' id='par_1_7' title="bbox 376 750 1969 829">
     <span class='ocr_line' id='line_1_7' title="bbox 376 750 1969 829; baseline 0.005 -24"><span class='ocrx_word' id='word_1_39' title='bbox 376 750 475 805; x_wconf 89' lang='lat' dir='ltr'><strong>sed</strong></span> <span class='ocrx_word' id='word_1_40' title='bbox 519 750 586 805; x_wconf 86' lang='lat' dir='ltr'><strong>ad</strong></span> <span class='ocrx_word' id='word_1_41' title='bbox 635 753 1056 808; x_wconf 77' lang='lat' dir='ltr'><strong>conversationis</strong></span> <span class='ocrx_word' id='word_1_42' title='bbox 1094 754 1456 825; x_wconf 90' lang='lat' dir='ltr'><strong>pertinebunt.</strong></span> <span class='ocrx_word' id='word_1_43' title='bbox 1488 757 1639 825; x_wconf 88' lang='lat' dir='ltr'><strong>Item,</strong></span> <span class='ocrx_word' id='word_1_44' title='bbox 1674 759 1722 813; x_wconf 90' lang='lat' dir='ltr'><strong>si</strong></span> <span class='ocrx_word' id='word_1_45' title='bbox 1769 772 1969 829; x_wconf 89' lang='lat' dir='ltr'><strong>corpus</strong></span> 
     </span>
    </p>
   </div>
   <div class='ocr_carea' id='block_1_8' title="bbox 376 839 1969 917">
    <p class='ocr_par' dir='ltr' id='par_1_8' title="bbox 376 839 1969 917">
     <span class='ocr_line' id='line_1_8' title="bbox 376 839 1969 917; baseline 0.001 -21"><span class='ocrx_word' id='word_1_46' title='bbox 376 839 598 913; x_wconf 78' lang='lat' dir='ltr'><strong>quidem</strong></span> <span class='ocrx_word' id='word_1_47' title='bbox 644 847 936 899; x_wconf 87' lang='lat' dir='ltr'><strong>mortuum</strong></span> <span class='ocrx_word' id='word_1_48' title='bbox 965 849 1197 917; x_wconf 81' lang='lat' dir='ltr'><strong>propter</strong></span> <span class='ocrx_word' id='word_1_49' title='bbox 1225 844 1496 902; x_wconf 74' lang='lat' dir='ltr'><strong>delictum</strong></span> <span class='ocrx_word' id='word_1_50' title='bbox 1524 846 1682 916; x_wconf 88' lang='lat' dir='ltr'><strong>(adeo</strong></span> <span class='ocrx_word' id='word_1_51' title='bbox 1712 861 1819 901; x_wconf 92' lang='lat' dir='ltr'><strong>non</strong></span> <span class='ocrx_word' id='word_1_52' title='bbox 1849 845 1969 899; x_wconf 87' lang='lat' dir='ltr'><strong>ani-</strong></span> 
     </span>
    </p>
   </div>
   <div class='ocr_carea' id='block_1_9' title="bbox 378 931 1970 1007">
    <p class='ocr_par' dir='ltr' id='par_1_9' title="bbox 378 931 1970 1007">
     <span class='ocr_line' id='line_1_9' title="bbox 378 931 1970 1007; baseline 0.004 -24"><span class='ocrx_word' id='word_1_53' title='bbox 378 945 501 993; x_wconf 65' lang='lat' dir='ltr'><strong>mae,</strong></span> <span class='ocrx_word' id='word_1_54' title='bbox 534 931 628 984; x_wconf 90' lang='lat' dir='ltr'><strong>sed</strong></span> <span class='ocrx_word' id='word_1_55' title='bbox 668 931 913 1002; x_wconf 90' lang='lat' dir='ltr'><strong>corporis</strong></span> <span class='ocrx_word' id='word_1_56' title='bbox 960 948 1106 989; x_wconf 88' lang='lat' dir='ltr'><strong>mors</strong></span> <span class='ocrx_word' id='word_1_57' title='bbox 1160 935 1282 1006; x_wconf 81' lang='lat' dir='ltr'><strong>est),</strong></span> <span class='ocrx_word' id='word_1_58' title='bbox 1315 937 1556 1007; x_wconf 76' lang='lat' dir='ltr'><strong>spiritus</strong></span> <span class='ocrx_word' id='word_1_59' title='bbox 1612 941 1805 993; x_wconf 88' lang='lat' dir='ltr'><strong>autem</strong></span> <span class='ocrx_word' id='word_1_60' title='bbox 1849 936 1970 993; x_wconf 87' lang='lat' dir='ltr'><strong>vita</strong></span> 
     </span>
    </p>
   </div>
   <div class='ocr_carea' id='block_1_10' title="bbox 378 1021 1972 1095">
    <p class='ocr_par' dir='ltr' id='par_1_10' title="bbox 378 1021 1972 1095">
     <span class='ocr_line' id='line_1_10' title="bbox 378 1021 1972 1095; baseline 0.004 -22"><span class='ocrx_word' id='word_1_61' title='bbox 378 1024 608 1093; x_wconf 81' lang='lat' dir='ltr'><strong>propter</strong></span> <span class='ocrx_word' id='word_1_62' title='bbox 640 1021 969 1090; x_wconf 76' lang='lat' dir='ltr'><strong>justitiam;</strong></span> <span class='ocrx_word' id='word_1_63' title='bbox 1001 1022 1048 1076; x_wconf 90' lang='lat' dir='ltr'><strong>ei</strong></span> <span class='ocrx_word' id='word_1_64' title='bbox 1086 1021 1269 1094; x_wconf 81' lang='lat' dir='ltr'><strong>utique</strong></span> <span class='ocrx_word' id='word_1_65' title='bbox 1316 1024 1568 1081; x_wconf 88' lang='lat' dir='ltr'><strong>obveniet</strong></span> <span class='ocrx_word' id='word_1_66' title='bbox 1606 1024 1714 1080; x_wconf 87' lang='lat' dir='ltr'><strong>vita</strong></span> <span class='ocrx_word' id='word_1_67' title='bbox 1752 1032 1972 1095; x_wconf 77' lang='lat' dir='ltr'><strong>propter</strong></span> 
     </span>
    </p>
   </div>
   <div class='ocr_carea' id='block_1_11' title="bbox 372 1107 1970 1183">
    <p class='ocr_par' dir='ltr' id='par_1_11' title="bbox 372 1107 1970 1183">
     <span class='ocr_line' id='line_1_11' title="bbox 372 1107 1970 1183; baseline 0.002 -20"><span class='ocrx_word' id='word_1_68' title='bbox 372 1108 653 1177; x_wconf 70' lang='lat' dir='ltr'><strong>justitiam,</strong></span> <span class='ocrx_word' id='word_1_69' title='bbox 695 1107 782 1163; x_wconf 92' lang='lat' dir='ltr'><strong>cui</strong></span> <span class='ocrx_word' id='word_1_70' title='bbox 846 1125 991 1165; x_wconf 90' lang='lat' dir='ltr'><strong>mors</strong></span> <span class='ocrx_word' id='word_1_71' title='bbox 1056 1111 1271 1166; x_wconf 80' lang='lat' dir='ltr'><strong>obvenit</strong></span> <span class='ocrx_word' id='word_1_72' title='bbox 1325 1120 1548 1183; x_wconf 81' lang='lat' dir='ltr'><strong>propter</strong></span> <span class='ocrx_word' id='word_1_73' title='bbox 1601 1113 1876 1177; x_wconf 86' lang='lat' dir='ltr'><strong>delictum,</strong></span> <span class='ocrx_word' id='word_1_74' title='bbox 1917 1112 1970 1166; x_wconf 90' lang='lat' dir='ltr'><strong>id</strong></span> 
     </span>
    </p>
   </div>
   <div class='ocr_carea' id='block_1_12' title="bbox 379 1197 1972 1274">
    <p class='ocr_par' dir='ltr' id='par_1_12' title="bbox 379 1197 1972 1274">
     <span class='ocr_line' id='line_1_12' title="bbox 379 1197 1972 1274; baseline 0.003 -23"><span class='ocrx_word' id='word_1_75' title='bbox 379 1205 462 1252; x_wconf 89' lang='lat' dir='ltr'><strong>est</strong></span> <span class='ocrx_word' id='word_1_76' title='bbox 506 1198 742 1267; x_wconf 90' lang='lat' dir='ltr'><strong>corpori.</strong></span> <span class='ocrx_word' id='word_1_77' title='bbox 774 1199 897 1253; x_wconf 91' lang='lat' dir='ltr'><strong>Non</strong></span> <span class='ocrx_word' id='word_1_78' title='bbox 943 1197 1087 1253; x_wconf 91' lang='lat' dir='ltr'><strong>enim</strong></span> <span class='ocrx_word' id='word_1_79' title='bbox 1131 1199 1289 1255; x_wconf 90' lang='lat' dir='ltr'><strong>alicui</strong></span> <span class='ocrx_word' id='word_1_80' title='bbox 1340 1201 1639 1257; x_wconf 83' lang='lat' dir='ltr'><strong>restituitur</strong></span> <span class='ocrx_word' id='word_1_81' title='bbox 1684 1201 1832 1274; x_wconf 88' lang='lat' dir='ltr'><strong>quid,</strong></span> <span class='ocrx_word' id='word_1_82' title='bbox 1868 1200 1972 1256; x_wconf 86' lang='lat' dir='ltr'><strong>nisi</strong></span> 
     </span>
    </p>
   </div>
   <div class='ocr_carea' id='block_1_13' title="bbox 380 1286 1970 1358">
    <p class='ocr_par' dir='ltr' id='par_1_13' title="bbox 380 1286 1970 1358">
     <span class='ocr_line' id='line_1_13' title="bbox 380 1286 1970 1358; baseline 0.001 -16"><span class='ocrx_word' id='word_1_83' title='bbox 380 1287 506 1358; x_wconf 90' lang='lat' dir='ltr'><strong>quid</strong></span> <span class='ocrx_word' id='word_1_84' title='bbox 549 1287 694 1342; x_wconf 86' lang='lat' dir='ltr'><strong>aliud</strong></span> <span class='ocrx_word' id='word_1_85' title='bbox 744 1286 949 1355; x_wconf 87' lang='lat' dir='ltr'><strong>amisit;</strong></span> <span class='ocrx_word' id='word_1_86' title='bbox 981 1295 1032 1343; x_wconf 90' lang='lat' dir='ltr'><strong>et</strong></span> <span class='ocrx_word' id='word_1_87' title='bbox 1086 1286 1160 1343; x_wconf 89' lang='lat' dir='ltr'><strong>ita</strong></span> <span class='ocrx_word' id='word_1_88' title='bbox 1202 1289 1302 1345; x_wconf 87' lang='lat' dir='ltr'><strong>erit</strong></span> <span class='ocrx_word' id='word_1_89' title='bbox 1346 1292 1669 1346; x_wconf 84' lang='lat' dir='ltr'><strong>resurrectio</strong></span> <span class='ocrx_word' id='word_1_90' title='bbox 1721 1298 1970 1346; x_wconf 90' lang='lat' dir='ltr'><strong>mortuo-</strong></span> 
     </span>
    </p>
   </div>
   <div class='ocr_carea' id='block_1_14' title="bbox 384 1374 1973 1451">
    <p class='ocr_par' dir='ltr' id='par_1_14' title="bbox 384 1374 1973 1451">
     <span class='ocr_line' id='line_1_14' title="bbox 384 1374 1973 1451; baseline 0.004 -23"><span class='ocrx_word' id='word_1_91' title='bbox 384 1391 522 1438; x_wconf 90' lang='lat' dir='ltr'><strong>rum,</strong></span> <span class='ocrx_word' id='word_1_92' title='bbox 553 1374 681 1428; x_wconf 89' lang='lat' dir='ltr'><strong>dum</strong></span> <span class='ocrx_word' id='word_1_93' title='bbox 713 1381 797 1429; x_wconf 85' lang='lat' dir='ltr'><strong>est</strong></span> <span class='ocrx_word' id='word_1_94' title='bbox 825 1390 1131 1443; x_wconf 89' lang='lat' dir='ltr'><strong>corporum.</strong></span> <span class='ocrx_word' id='word_1_95' title='bbox 1162 1378 1298 1433; x_wconf 91' lang='lat' dir='ltr'><strong>Nam</strong></span> <span class='ocrx_word' id='word_1_96' title='bbox 1335 1385 1388 1433; x_wconf 89' lang='lat' dir='ltr'><strong>et</strong></span> <span class='ocrx_word' id='word_1_97' title='bbox 1425 1379 1474 1417; x_wconf 77' lang='lat'>59</span> <span class='ocrx_word' id='word_1_98' title='bbox 1504 1378 1779 1451; x_wconf 85' lang='lat' dir='ltr'><strong>subjungil</strong></span> <span class='ocrx_word' id='word_1_99' title='bbox 1816 1394 1829 1435; x_wconf 91' lang='lat'>:</span> <span class='ocrx_word' id='word_1_100' title='bbox 1868 1378 1973 1447; x_wconf 87' lang='lat' dir='ltr'><strong>Qui</strong></span> 
     </span>
    </p>
   </div>
   <div class='ocr_carea' id='block_1_15' title="bbox 378 1464 1975 1539">
    <p class='ocr_par' dir='ltr' id='par_1_15' title="bbox 378 1464 1975 1539">
     <span class='ocr_line' id='line_1_15' title="bbox 378 1464 1975 1539; baseline 0.002 -18"><span class='ocrx_word' id='word_1_101' title='bbox 378 1466 675 1522; x_wconf 84' lang='lat' dir='ltr'><strong>suscitavit</strong></span> <span class='ocrx_word' id='word_1_102' title='bbox 709 1464 998 1524; x_wconf 78' lang='lat' dir='ltr'><strong>Christum</strong></span> <span class='ocrx_word' id='word_1_103' title='bbox 1034 1484 1070 1523; x_wconf 89' lang='lat' dir='ltr'><strong>a</strong></span> <span class='ocrx_word' id='word_1_104' title='bbox 1098 1470 1361 1533; x_wconf 78' lang='lat' dir='ltr'><strong>mortuis,</strong></span> <span class='ocrx_word' id='word_1_105' title='bbox 1394 1469 1697 1539; x_wconf 82' lang='lat' dir='ltr'><strong>viviﬁcabit</strong></span> <span class='ocrx_word' id='word_1_106' title='bbox 1738 1474 1793 1527; x_wconf 90' lang='lat' dir='ltr'><strong>et</strong></span> <span class='ocrx_word' id='word_1_107' title='bbox 1823 1485 1975 1525; x_wconf 85' lang='lat' dir='ltr'><strong>mor-</strong></span> 
     </span>
    </p>
   </div>
   <div class='ocr_carea' id='block_1_16' title="bbox 382 1554 1971 1625">
    <p class='ocr_par' dir='ltr' id='par_1_16' title="bbox 382 1554 1971 1625">
     <span class='ocr_line' id='line_1_16' title="bbox 382 1554 1971 1625; baseline 0.002 -16"><span class='ocrx_word' id='word_1_108' title='bbox 382 1555 525 1610; x_wconf 82' lang='lat' dir='ltr'><strong>talia</strong></span> <span class='ocrx_word' id='word_1_109' title='bbox 556 1568 790 1625; x_wconf 82' lang='lat' dir='ltr'><strong>corpora</strong></span> <span class='ocrx_word' id='word_1_110' title='bbox 819 1558 1022 1612; x_wconf 88' lang='lat' dir='ltr'><strong>vestra.</strong></span> <span class='ocrx_word' id='word_1_111' title='bbox 1056 1554 1205 1612; x_wconf 89' lang='lat' dir='ltr'><strong>Adeo</strong></span> <span class='ocrx_word' id='word_1_112' title='bbox 1244 1565 1296 1613; x_wconf 89' lang='lat' dir='ltr'><strong>et</strong></span> <span class='ocrx_word' id='word_1_113' title='bbox 1325 1557 1499 1612; x_wconf 90' lang='lat' dir='ltr'><strong>carnis</strong></span> <span class='ocrx_word' id='word_1_114' title='bbox 1527 1556 1971 1612; x_wconf 82' lang='lat' dir='ltr'><strong>resurrectionem</strong></span> 
     </span>
    </p>
   </div>
   <div class='ocr_carea' id='block_1_17' title="bbox 381 1640 1970 1716">
    <p class='ocr_par' dir='ltr' id='par_1_17' title="bbox 381 1640 1970 1716">
     <span class='ocr_line' id='line_1_17' title="bbox 381 1640 1970 1716; baseline 0.001 -20"><span class='ocrx_word' id='word_1_115' title='bbox 381 1640 736 1709; x_wconf 87' lang='lat' dir='ltr'><strong>conﬁrmavit,</strong></span> <span class='ocrx_word' id='word_1_116' title='bbox 769 1643 970 1715; x_wconf 84' lang='lat' dir='ltr'><strong>absque</strong></span> <span class='ocrx_word' id='word_1_117' title='bbox 1000 1660 1107 1714; x_wconf 89' lang='lat' dir='ltr'><strong>qua</strong></span> <span class='ocrx_word' id='word_1_118' title='bbox 1132 1660 1231 1701; x_wconf 89' lang='lat' dir='ltr'><strong>nec</strong></span> <span class='ocrx_word' id='word_1_119' title='bbox 1262 1661 1460 1715; x_wconf 88' lang='lat' dir='ltr'><strong>corpus</strong></span> <span class='ocrx_word' id='word_1_120' title='bbox 1486 1645 1628 1700; x_wconf 85' lang='lat' dir='ltr'><strong>aliud</strong></span> <span class='ocrx_word' id='word_1_121' title='bbox 1659 1645 1761 1700; x_wconf 88' lang='lat' dir='ltr'><strong>dici</strong></span> <span class='ocrx_word' id='word_1_122' title='bbox 1803 1646 1970 1716; x_wconf 84' lang='lat' dir='ltr'><strong>capit,</strong></span> 
     </span>
    </p>
   </div>
   <div class='ocr_carea' id='block_1_18' title="bbox 382 1731 1973 1803">
    <p class='ocr_par' dir='ltr' id='par_1_18' title="bbox 382 1731 1973 1803">
     <span class='ocr_line' id='line_1_18' title="bbox 382 1731 1973 1803; baseline 0.001 -18"><span class='ocrx_word' id='word_1_123' title='bbox 382 1745 481 1786; x_wconf 90' lang='lat' dir='ltr'><strong>nec</strong></span> <span class='ocrx_word' id='word_1_124' title='bbox 527 1732 751 1787; x_wconf 89' lang='lat' dir='ltr'><strong>mortale</strong></span> <span class='ocrx_word' id='word_1_125' title='bbox 798 1732 944 1788; x_wconf 85' lang='lat' dir='ltr'><strong>aliud</strong></span> <span class='ocrx_word' id='word_1_126' title='bbox 999 1731 1247 1803; x_wconf 81' lang='lat' dir='ltr'><strong>intelligi,</strong></span> <span class='ocrx_word' id='word_1_127' title='bbox 1280 1740 1333 1787; x_wconf 91' lang='lat' dir='ltr'><strong>et</strong></span> <span class='ocrx_word' id='word_1_128' title='bbox 1371 1731 1574 1803; x_wconf 84' lang='lat' dir='ltr'><strong>Christi</strong></span> <span class='ocrx_word' id='word_1_129' title='bbox 1622 1733 1973 1789; x_wconf 88' lang='lat' dir='ltr'><strong>substantiam</strong></span> 
     </span>
    </p>
   </div>
   <div class='ocr_carea' id='block_1_19' title="bbox 383 1818 1975 1893">
    <p class='ocr_par' dir='ltr' id='par_1_19' title="bbox 383 1818 1975 1893">
     <span class='ocr_line' id='line_1_19' title="bbox 383 1818 1975 1893; baseline 0.003 -18"><span class='ocrx_word' id='word_1_130' title='bbox 383 1819 722 1891; x_wconf 87' lang='lat' dir='ltr'><strong>corporalem</strong></span> <span class='ocrx_word' id='word_1_131' title='bbox 786 1818 1048 1890; x_wconf 86' lang='lat' dir='ltr'><strong>probavit.</strong></span> <span class='ocrx_word' id='word_1_132' title='bbox 1089 1819 1366 1891; x_wconf 87' lang='lat' dir='ltr'><strong>Siquidem</strong></span> <span class='ocrx_word' id='word_1_133' title='bbox 1435 1820 1660 1893; x_wconf 89' lang='lat' dir='ltr'><strong>proinde</strong></span> <span class='ocrx_word' id='word_1_134' title='bbox 1734 1822 1975 1880; x_wconf 79' lang='lat' dir='ltr'><strong>vivifica-</strong></span> 
     </span>
    </p>
   </div>
   <div class='ocr_carea' id='block_1_20' title="bbox 387 1907 1978 1981">
    <p class='ocr_par' dir='ltr' id='par_1_20' title="bbox 387 1907 1978 1981">
     <span class='ocr_line' id='line_1_20' title="bbox 387 1907 1978 1981; baseline 0.003 -18"><span class='ocrx_word' id='word_1_135' title='bbox 387 1908 592 1964; x_wconf 86' lang='lat' dir='ltr'><strong>buntur</strong></span> <span class='ocrx_word' id='word_1_136' title='bbox 637 1916 690 1964; x_wconf 90' lang='lat' dir='ltr'><strong>et</strong></span> <span class='ocrx_word' id='word_1_137' title='bbox 726 1907 970 1962; x_wconf 87' lang='lat' dir='ltr'><strong>mortalia</strong></span> <span class='ocrx_word' id='word_1_138' title='bbox 1015 1923 1243 1979; x_wconf 89' lang='lat' dir='ltr'><strong>corpora</strong></span> <span class='ocrx_word' id='word_1_139' title='bbox 1288 1920 1493 1978; x_wconf 88' lang='lat' dir='ltr'><strong>nostra,</strong></span> <span class='ocrx_word' id='word_1_140' title='bbox 1527 1912 1978 1981; x_wconf 86' lang='lat' dir='ltr'><strong>quemadmodum</strong></span> 
     </span>
    </p>
   </div>
   <div class='ocr_carea' id='block_1_21' title="bbox 391 1996 1979 2073">
    <p class='ocr_par' dir='ltr' id='par_1_21' title="bbox 391 1996 1979 2073">
     <span class='ocr_line' id='line_1_21' title="bbox 391 1996 1979 2073; baseline 0.004 -23"><span class='ocrx_word' id='word_1_141' title='bbox 391 2006 445 2051; x_wconf 88' lang='lat' dir='ltr'><strong>et</strong></span> <span class='ocrx_word' id='word_1_142' title='bbox 472 1996 561 2051; x_wconf 91' lang='lat' dir='ltr'><strong>ille</strong></span> <span class='ocrx_word' id='word_1_143' title='bbox 591 1996 938 2053; x_wconf 88' lang='lat' dir='ltr'><strong>resuscitatus</strong></span> <span class='ocrx_word' id='word_1_144' title='bbox 968 2006 1068 2068; x_wconf 89' lang='lat' dir='ltr'><strong>est,</strong></span> <span class='ocrx_word' id='word_1_145' title='bbox 1103 2014 1210 2054; x_wconf 89' lang='lat' dir='ltr'><strong>non</strong></span> <span class='ocrx_word' id='word_1_146' title='bbox 1247 2000 1379 2056; x_wconf 89' lang='lat' dir='ltr'><strong>alias</strong></span> <span class='ocrx_word' id='word_1_147' title='bbox 1417 2000 1642 2073; x_wconf 88' lang='lat' dir='ltr'><strong>proinde</strong></span> <span class='ocrx_word' id='word_1_148' title='bbox 1680 1998 1839 2058; x_wconf 78' lang='lat'><strong>507</strong></span> <span class='ocrx_word' id='word_1_149' title='bbox 1872 2001 1979 2057; x_wconf 87' lang='lat' dir='ltr'><strong>nisi</strong></span> 
     </span>
    </p>
   </div>
   <div class='ocr_carea' id='block_1_22' title="bbox 384 2085 1979 2163">
    <p class='ocr_par' dir='ltr' id='par_1_22' title="bbox 384 2085 1979 2163">
     <span class='ocr_line' id='line_1_22' title="bbox 384 2085 1979 2163; baseline 0.005 -25"><span class='ocrx_word' id='word_1_150' title='bbox 384 2085 512 2156; x_wconf 90' lang='lat' dir='ltr'><strong>quia</strong></span> <span class='ocrx_word' id='word_1_151' title='bbox 570 2086 620 2125; x_wconf 74' lang='grc' dir='ltr'><strong>’³ο</strong></span> <span class='ocrx_word' id='word_1_152' title='bbox 674 2086 731 2143; x_wconf 92' lang='lat' dir='ltr'><strong>in</strong></span> <span class='ocrx_word' id='word_1_153' title='bbox 797 2103 1042 2159; x_wconf 92' lang='lat' dir='ltr'><strong>corpore.</strong></span> <span class='ocrx_word' id='word_1_154' title='bbox 1102 2090 1246 2145; x_wconf 88' lang='lat' dir='ltr'><strong>Salio</strong></span> <span class='ocrx_word' id='word_1_155' title='bbox 1302 2098 1357 2147; x_wconf 91' lang='lat' dir='ltr'><strong>et</strong></span> <span class='ocrx_word' id='word_1_156' title='bbox 1430 2090 1517 2147; x_wconf 91' lang='lat' dir='ltr'><strong>hic</strong></span> <span class='ocrx_word' id='word_1_157' title='bbox 1580 2092 1979 2163; x_wconf 89' lang='lat' dir='ltr'><strong>amplissimum</strong></span> 
     </span>
    </p>
   </div>
   <div class='ocr_carea' id='block_1_23' title="bbox 384 2175 1977 2251">
    <p class='ocr_par' dir='ltr' id='par_1_23' title="bbox 384 2175 1977 2251">
     <span class='ocr_line' id='line_1_23' title="bbox 384 2175 1977 2251; baseline 0.006 -25"><span class='ocrx_word' id='word_1_158' title='bbox 384 2175 669 2244; x_wconf 87' lang='lat' dir='ltr'><strong>abruptum</strong></span> <span class='ocrx_word' id='word_1_159' title='bbox 739 2175 1003 2233; x_wconf 69' lang='lat' dir='ltr'><strong>intercisae</strong></span> <span class='ocrx_word' id='word_1_160' title='bbox 1078 2178 1398 2249; x_wconf 67' lang='lat' dir='ltr'><strong>Scriptum;</strong></span> <span class='ocrx_word' id='word_1_161' title='bbox 1459 2180 1557 2236; x_wconf 88' lang='lat' dir='ltr'><strong>sed</strong></span> <span class='ocrx_word' id='word_1_162' title='bbox 1628 2180 1977 2251; x_wconf 89' lang='lat' dir='ltr'><strong>apprehendo</strong></span> 
     </span>
    </p>
   </div>
   <div class='ocr_carea' id='block_1_24' title="bbox 387 2264 1980 2340">
    <p class='ocr_par' dir='ltr' id='par_1_24' title="bbox 387 2264 1980 2340">
     <span class='ocr_line' id='line_1_24' title="bbox 387 2264 1980 2340; baseline 0.004 -23"><span class='ocrx_word' id='word_1_163' title='bbox 387 2264 776 2321; x_wconf 87' lang='lat' dir='ltr'><strong>testimonium</strong></span> <span class='ocrx_word' id='word_1_164' title='bbox 818 2267 1207 2337; x_wconf 87' lang='lat' dir='ltr'><strong>perhibentem</strong></span> <span class='ocrx_word' id='word_1_165' title='bbox 1243 2269 1561 2340; x_wconf 87' lang='lat' dir='ltr'><strong>Apostolum</strong></span> <span class='ocrx_word' id='word_1_166' title='bbox 1605 2269 1797 2326; x_wconf 83' lang='lat' dir='ltr'><strong>Israeli</strong></span> <span class='ocrx_word' id='word_1_167' title='bbox 1835 2268 1980 2340; x_wconf 89' lang='lat' dir='ltr'><strong>quod</strong></span> 
     </span>
    </p>
   </div>
   <div class='ocr_carea' id='block_1_25' title="bbox 385 2348 1978 2430">
    <p class='ocr_par' dir='ltr' id='par_1_25' title="bbox 385 2348 1978 2430">
     <span class='ocr_line' id='line_1_25' title="bbox 385 2348 1978 2430; baseline 0.003 -22"><span class='ocrx_word' id='word_1_168' title='bbox 385 2348 572 2409; x_wconf 71' lang='lat' dir='ltr'><strong>zelum</strong></span> <span class='ocrx_word' id='word_1_169' title='bbox 628 2355 728 2410; x_wconf 85' lang='lat' dir='ltr'><strong>Dei</strong></span> <span class='ocrx_word' id='word_1_170' title='bbox 781 2354 1040 2422; x_wconf 83' lang='lat' dir='ltr'><strong>habeant,</strong></span> <span class='ocrx_word' id='word_1_171' title='bbox 1084 2357 1167 2411; x_wconf 90' lang='lat' dir='ltr'><strong>sui</strong></span> <span class='ocrx_word' id='word_1_172' title='bbox 1225 2360 1425 2428; x_wconf 86' lang='lat' dir='ltr'><strong>utique,</strong></span> <span class='ocrx_word' id='word_1_173' title='bbox 1464 2375 1576 2414; x_wconf 90' lang='lat' dir='ltr'><strong>non</strong></span> <span class='ocrx_word' id='word_1_174' title='bbox 1632 2363 1824 2416; x_wconf 90' lang='lat' dir='ltr'><strong>tamen</strong></span> <span class='ocrx_word' id='word_1_175' title='bbox 1874 2373 1978 2430; x_wconf 89' lang='lat' dir='ltr'><strong>per</strong></span> 
     </span>
    </p>
   </div>
   <div class='ocr_carea' id='block_1_26' title="bbox 386 2442 1977 2519">
    <p class='ocr_par' dir='ltr' id='par_1_26' title="bbox 386 2442 1977 2519">
     <span class='ocr_line' id='line_1_26' title="bbox 386 2442 1977 2519; baseline 0.003 -20"><span class='ocrx_word' id='word_1_176' title='bbox 386 2442 704 2499; x_wconf 80' lang='lat' dir='ltr'><strong>scientiam.</strong></span> <span class='ocrx_word' id='word_1_177' title='bbox 732 2445 906 2501; x_wconf 89' lang='lat' dir='ltr'><strong>Deum</strong></span> <span class='ocrx_word' id='word_1_178' title='bbox 935 2447 1110 2515; x_wconf 89' lang='lat' dir='ltr'><strong>enim,</strong></span> <span class='ocrx_word' id='word_1_179' title='bbox 1135 2446 1325 2516; x_wconf 87' lang='lat' dir='ltr'><strong>inquit,</strong></span> <span class='ocrx_word' id='word_1_180' title='bbox 1359 2450 1704 2519; x_wconf 80' lang='lat' dir='ltr'><strong>ignorantes,</strong></span> <span class='ocrx_word' id='word_1_181' title='bbox 1734 2451 1789 2504; x_wconf 89' lang='lat' dir='ltr'><strong>et</strong></span> <span class='ocrx_word' id='word_1_182' title='bbox 1814 2464 1977 2505; x_wconf 86' lang='lat' dir='ltr'><strong>suam</strong></span> 
     </span>
    </p>
   </div>
   <div class='ocr_carea' id='block_1_27' title="bbox 378 2531 1978 2608">
    <p class='ocr_par' dir='ltr' id='par_1_27' title="bbox 378 2531 1978 2608">
     <span class='ocr_line' id='line_1_27' title="bbox 378 2531 1978 2608; baseline 0.004 -23"><span class='ocrx_word' id='word_1_183' title='bbox 378 2531 679 2602; x_wconf 84' lang='lat' dir='ltr'><strong>justitiam</strong></span> <span class='ocrx_word' id='word_1_184' title='bbox 722 2533 922 2589; x_wconf 86' lang='lat' dir='ltr'><strong>sistere</strong></span> <span class='ocrx_word' id='word_1_185' title='bbox 977 2538 1317 2607; x_wconf 67' lang='lat' dir='ltr'><strong>quaerentes,</strong></span> <span class='ocrx_word' id='word_1_186' title='bbox 1351 2553 1466 2592; x_wconf 89' lang='lat' dir='ltr'><strong>non</strong></span> <span class='ocrx_word' id='word_1_187' title='bbox 1511 2536 1874 2608; x_wconf 88' lang='lat' dir='ltr'><strong>subjecerunt</strong></span> <span class='ocrx_word' id='word_1_188' title='bbox 1921 2552 1978 2591; x_wconf 89' lang='lat' dir='ltr'><strong>se</strong></span> 
     </span>
    </p>
   </div>
   <div class='ocr_carea' id='block_1_28' title="bbox 378 2620 1976 2698">
    <p class='ocr_par' dir='ltr' id='par_1_28' title="bbox 378 2620 1976 2698">
     <span class='ocr_line' id='line_1_28' title="bbox 378 2620 1976 2698; baseline 0.004 -24"><span class='ocrx_word' id='word_1_189' title='bbox 378 2620 631 2692; x_wconf 73' lang='lat' dir='ltr'><strong>justitire</strong></span> <span class='ocrx_word' id='word_1_190' title='bbox 672 2624 787 2679; x_wconf 88' lang='lat' dir='ltr'><strong>Dei.</strong></span> <span class='ocrx_word' id='word_1_191' title='bbox 820 2623 977 2680; x_wconf 85' lang='lat' dir='ltr'><strong>Finis</strong></span> <span class='ocrx_word' id='word_1_192' title='bbox 1019 2625 1170 2680; x_wconf 86' lang='lat' dir='ltr'><strong>enim</strong></span> <span class='ocrx_word' id='word_1_193' title='bbox 1222 2626 1355 2696; x_wconf 88' lang='lat' dir='ltr'><strong>legis</strong></span> <span class='ocrx_word' id='word_1_194' title='bbox 1410 2626 1665 2682; x_wconf 84' lang='lat' dir='ltr'><strong>Christus</strong></span> <span class='ocrx_word' id='word_1_195' title='bbox 1702 2628 1765 2681; x_wconf 91' lang='lat' dir='ltr'><strong>in</strong></span> <span class='ocrx_word' id='word_1_196' title='bbox 1787 2627 1976 2698; x_wconf 86' lang='lat' dir='ltr'><strong>justi-</strong></span> 
     </span>
    </p>
   </div>
   <div class='ocr_carea' id='block_1_29' title="bbox 395 2710 1980 2787">
    <p class='ocr_par' dir='ltr' id='par_1_29' title="bbox 395 2710 1980 2787">
     <span class='ocr_line' id='line_1_29' title="bbox 395 2710 1980 2787; baseline 0.003 -23"><span class='ocrx_word' id='word_1_197' title='bbox 395 2710 541 2765; x_wconf 90' lang='lat' dir='ltr'><strong>tiam</strong></span> <span class='ocrx_word' id='word_1_198' title='bbox 572 2710 619 2747; x_wconf 75' lang='lat'><strong>71</strong></span> <span class='ocrx_word' id='word_1_199' title='bbox 649 2712 802 2767; x_wconf 90' lang='lat' dir='ltr'><strong>omni</strong></span> <span class='ocrx_word' id='word_1_200' title='bbox 827 2713 1097 2770; x_wconf 84' lang='lat' dir='ltr'><strong>credenti.</strong></span> <span class='ocrx_word' id='word_1_201' title='bbox 1132 2714 1227 2769; x_wconf 81' lang='lat' dir='ltr'><strong>Hic</strong></span> <span class='ocrx_word' id='word_1_202' title='bbox 1263 2714 1362 2770; x_wconf 91' lang='lat' dir='ltr'><strong>erit</strong></span> <span class='ocrx_word' id='word_1_203' title='bbox 1388 2714 1786 2787; x_wconf 80' lang='lat' dir='ltr'><strong>argumentatio</strong></span> <span class='ocrx_word' id='word_1_204' title='bbox 1815 2714 1980 2769; x_wconf 72' lang='lat' dir='ltr'><strong>haere-</strong></span> 
     </span>
    </p>
   </div>
   <div class='ocr_carea' id='block_1_30' title="bbox 395 2796 1975 2875">
    <p class='ocr_par' dir='ltr' id='par_1_30' title="bbox 395 2796 1975 2875">
     <span class='ocr_line' id='line_1_30' title="bbox 395 2796 1975 2875; baseline 0.004 -25"><span class='ocrx_word' id='word_1_205' title='bbox 395 2796 506 2864; x_wconf 90' lang='lat' dir='ltr'><strong>tici,</strong></span> <span class='ocrx_word' id='word_1_206' title='bbox 552 2799 708 2871; x_wconf 90' lang='lat' dir='ltr'><strong>quasi</strong></span> <span class='ocrx_word' id='word_1_207' title='bbox 762 2800 937 2855; x_wconf 89' lang='lat' dir='ltr'><strong>Deum</strong></span> <span class='ocrx_word' id='word_1_208' title='bbox 991 2801 1325 2871; x_wconf 87' lang='lat' dir='ltr'><strong>superiorem</strong></span> <span class='ocrx_word' id='word_1_209' title='bbox 1381 2802 1748 2875; x_wconf 85' lang='lat' dir='ltr'><strong>ignoraverint</strong></span> <span class='ocrx_word' id='word_1_210' title='bbox 1783 2802 1975 2870; x_wconf 88' lang='lat' dir='ltr'><strong>Judaei,</strong></span> 
     </span>
    </p>
   </div>
   <div class='ocr_carea' id='block_1_31' title="bbox 392 2887 1982 2966">
    <p class='ocr_par' dir='ltr' id='par_1_31' title="bbox 392 2887 1982 2966">
     <span class='ocr_line' id='line_1_31' title="bbox 392 2887 1982 2966; baseline 0.005 -25"><span class='ocrx_word' id='word_1_211' title='bbox 392 2887 484 2959; x_wconf 90' lang='lat' dir='ltr'><strong>qui</strong></span> <span class='ocrx_word' id='word_1_212' title='bbox 512 2888 770 2944; x_wconf 85' lang='lat' dir='ltr'><strong>adversus</strong></span> <span class='ocrx_word' id='word_1_213' title='bbox 812 2905 937 2945; x_wconf 89' lang='lat' dir='ltr'><strong>eum</strong></span> <span class='ocrx_word' id='word_1_214' title='bbox 970 2891 1450 2961; x_wconf 83' lang='lat' dir='ltr'><strong>justitiam-suam,</strong></span> <span class='ocrx_word' id='word_1_215' title='bbox 1479 2892 1534 2947; x_wconf 89' lang='lat' dir='ltr'><strong>id</strong></span> <span class='ocrx_word' id='word_1_216' title='bbox 1576 2900 1677 2961; x_wconf 89' lang='lat' dir='ltr'><strong>est,</strong></span> <span class='ocrx_word' id='word_1_217' title='bbox 1710 2893 1843 2966; x_wconf 83' lang='lat' dir='ltr'><strong>legis</strong></span> <span class='ocrx_word' id='word_1_218' title='bbox 1870 2909 1982 2949; x_wconf 65' lang='lat' dir='ltr'><strong>sum</strong></span> 
     </span>
    </p>
   </div>
   <div class='ocr_carea' id='block_1_32' title="bbox 393 2974 1983 3050">
    <p class='ocr_par' dir='ltr' id='par_1_32' title="bbox 393 2974 1983 3050">
     <span class='ocr_line' id='line_1_32' title="bbox 393 2974 1983 3050; baseline 0.002 -19"><span class='ocrx_word' id='word_1_219' title='bbox 393 2974 788 3046; x_wconf 89' lang='lat' dir='ltr'><strong>constituerint,</strong></span> <span class='ocrx_word' id='word_1_220' title='bbox 828 2991 935 3034; x_wconf 90' lang='lat' dir='ltr'><strong>non</strong></span> <span class='ocrx_word' id='word_1_221' title='bbox 991 2979 1306 3050; x_wconf 88' lang='lat' dir='ltr'><strong>recipientes</strong></span> <span class='ocrx_word' id='word_1_222' title='bbox 1361 2979 1628 3039; x_wconf 89' lang='lat' dir='ltr'><strong>Christum</strong></span> <span class='ocrx_word' id='word_1_223' title='bbox 1687 2980 1849 3037; x_wconf 87' lang='lat' dir='ltr'><strong>ﬁnem</strong></span> <span class='ocrx_word' id='word_1_224' title='bbox 1902 2981 1983 3034; x_wconf 87' lang='lat' dir='ltr'><strong>le-</strong></span> 
     </span>
    </p>
   </div>
   <div class='ocr_carea' id='block_1_33' title="bbox 394 3063 1987 3142">
    <p class='ocr_par' dir='ltr' id='par_1_33' title="bbox 394 3063 1987 3142">
     <span class='ocr_line' id='line_1_33' title="bbox 394 3063 1987 3142; baseline 0.004 -25"><span class='ocrx_word' id='word_1_225' title='bbox 394 3063 499 3135; x_wconf 86' lang='lat' dir='ltr'><strong>gis.</strong></span> <span class='ocrx_word' id='word_1_226' title='bbox 529 3065 638 3120; x_wconf 91' lang='lat' dir='ltr'><strong>Cur</strong></span> <span class='ocrx_word' id='word_1_227' title='bbox 673 3080 805 3137; x_wconf 83' lang='lat' dir='ltr'><strong>ergo</strong></span> <span class='ocrx_word' id='word_1_228' title='bbox 845 3074 900 3122; x_wconf 91' lang='lat' dir='ltr'><strong>et</strong></span> <span class='ocrx_word' id='word_1_229' title='bbox 939 3067 1054 3125; x_wconf 85' lang='lat' dir='ltr'><strong>zelo</strong></span> <span class='ocrx_word' id='word_1_230' title='bbox 1101 3082 1289 3125; x_wconf 87' lang='lat' dir='ltr'><strong>eorum</strong></span> <span class='ocrx_word' id='word_1_231' title='bbox 1329 3084 1458 3141; x_wconf 87' lang='lat' dir='ltr'><strong>erga</strong></span> <span class='ocrx_word' id='word_1_232' title='bbox 1494 3069 1667 3125; x_wconf 90' lang='lat' dir='ltr'><strong>Deum</strong></span> <span class='ocrx_word' id='word_1_233' title='bbox 1709 3068 1987 3142; x_wconf 88' lang='lat' dir='ltr'><strong>prOprium</strong></span> 
     </span>
    </p>
   </div>
   <div class='ocr_carea' id='block_1_34' title="bbox 394 3151 1987 3229">
    <p class='ocr_par' dir='ltr' id='par_1_34' title="bbox 394 3151 1987 3229">
     <span class='ocr_line' id='line_1_34' title="bbox 394 3151 1987 3229; baseline 0.006 -24"><span class='ocrx_word' id='word_1_234' title='bbox 394 3151 761 3209; x_wconf 86' lang='lat' dir='ltr'><strong>testimonium</strong></span> <span class='ocrx_word' id='word_1_235' title='bbox 806 3155 1064 3226; x_wconf 89' lang='lat' dir='ltr'><strong>perhibet,</strong></span> <span class='ocrx_word' id='word_1_236' title='bbox 1098 3159 1145 3211; x_wconf 88' lang='lat' dir='ltr'><strong>si</strong></span> <span class='ocrx_word' id='word_1_237' title='bbox 1198 3171 1308 3213; x_wconf 91' lang='lat' dir='ltr'><strong>non</strong></span> <span class='ocrx_word' id='word_1_238' title='bbox 1364 3165 1416 3213; x_wconf 90' lang='lat' dir='ltr'><strong>et</strong></span> <span class='ocrx_word' id='word_1_239' title='bbox 1466 3157 1794 3214; x_wconf 87' lang='lat' dir='ltr'><strong>inscientiam</strong></span> <span class='ocrx_word' id='word_1_240' title='bbox 1852 3174 1987 3229; x_wconf 84' lang='lat' dir='ltr'><strong>erga-</strong></span> 
     </span>
    </p>
   </div>
   <div class='ocr_carea' id='block_1_35' title="bbox 395 3243 1984 3319">
    <p class='ocr_par' dir='ltr' id='par_1_35' title="bbox 395 3243 1984 3319">
     <span class='ocr_line' id='line_1_35' title="bbox 395 3243 1984 3319; baseline 0.006 -25"><span class='ocrx_word' id='word_1_241' title='bbox 395 3243 648 3299; x_wconf 90' lang='lat' dir='ltr'><strong>eumdem</strong></span> <span class='ocrx_word' id='word_1_242' title='bbox 703 3243 872 3300; x_wconf 89' lang='lat' dir='ltr'><strong>Deum</strong></span> <span class='ocrx_word' id='word_1_243' title='bbox 922 3244 1000 3301; x_wconf 89' lang='lat' dir='ltr'><strong>eis</strong></span> <span class='ocrx_word' id='word_1_244' title='bbox 1048 3247 1373 3317; x_wconf 80' lang='lat' dir='ltr'><strong>exprobrat?</strong></span> <span class='ocrx_word' id='word_1_245' title='bbox 1410 3248 1555 3319; x_wconf 92' lang='lat' dir='ltr'><strong>quod</strong></span> <span class='ocrx_word' id='word_1_246' title='bbox 1601 3247 1719 3304; x_wconf 87' lang='lat' dir='ltr'><strong>zelo</strong></span> <span class='ocrx_word' id='word_1_247' title='bbox 1765 3248 1984 3319; x_wconf 89' lang='lat' dir='ltr'><strong>quidem</strong></span> 
     </span>
    </p>
   </div>
   <div class='ocr_carea' id='block_1_36' title="bbox 394 3328 1983 3406">
    <p class='ocr_par' dir='ltr' id='par_1_36' title="bbox 394 3328 1983 3406">
     <span class='ocr_line' id='line_1_36' title="bbox 394 3328 1983 3406; baseline 0.004 -23"><span class='ocrx_word' id='word_1_248' title='bbox 394 3328 494 3384; x_wconf 87' lang='lat' dir='ltr'><strong>Dei</strong></span> <span class='ocrx_word' id='word_1_249' title='bbox 549 3341 863 3404; x_wconf 80' lang='lat' dir='ltr'><strong>agerentur,</strong></span> <span class='ocrx_word' id='word_1_250' title='bbox 893 3332 988 3389; x_wconf 89' lang='lat' dir='ltr'><strong>sed</strong></span> <span class='ocrx_word' id='word_1_251' title='bbox 1034 3350 1149 3390; x_wconf 92' lang='lat' dir='ltr'><strong>non</strong></span> <span class='ocrx_word' id='word_1_252' title='bbox 1190 3350 1286 3404; x_wconf 89' lang='lat' dir='ltr'><strong>per</strong></span> <span class='ocrx_word' id='word_1_253' title='bbox 1324 3334 1631 3401; x_wconf 87' lang='lat' dir='ltr'><strong>scientiam;</strong></span> <span class='ocrx_word' id='word_1_254' title='bbox 1666 3334 1983 3406; x_wconf 82' lang='lat' dir='ltr'><strong>ignorantes</strong></span> 
     </span>
    </p>
   </div>
   <div class='ocr_carea' id='block_1_37' title="bbox 394 3418 1982 3494">
    <p class='ocr_par' dir='ltr' id='par_1_37' title="bbox 394 3418 1982 3494">
     <span class='ocr_line' id='line_1_37' title="bbox 394 3418 1982 3494; baseline 0.003 -20"><span class='ocrx_word' id='word_1_255' title='bbox 394 3418 595 3476; x_wconf 89' lang='lat' dir='ltr'><strong>scilicet</strong></span> <span class='ocrx_word' id='word_1_256' title='bbox 649 3437 792 3493; x_wconf 88' lang='lat' dir='ltr'><strong>eum,</strong></span> <span class='ocrx_word' id='word_1_257' title='bbox 840 3422 971 3479; x_wconf 90' lang='lat' dir='ltr'><strong>dum</strong></span> <span class='ocrx_word' id='word_1_258' title='bbox 1034 3422 1420 3494; x_wconf 89' lang='lat' dir='ltr'><strong>dispositiones</strong></span> <span class='ocrx_word' id='word_1_259' title='bbox 1482 3424 1602 3492; x_wconf 89' lang='lat' dir='ltr'><strong>ejus</strong></span> <span class='ocrx_word' id='word_1_260' title='bbox 1655 3422 1709 3477; x_wconf 91' lang='lat' dir='ltr'><strong>in</strong></span> <span class='ocrx_word' id='word_1_261' title='bbox 1767 3422 1982 3478; x_wconf 88' lang='lat' dir='ltr'><strong>Christo</strong></span> 
     </span>
    </p>
   </div>
   <div class='ocr_carea' id='block_1_38' title="bbox 397 3506 1983 3584">
    <p class='ocr_par' dir='ltr' id='par_1_38' title="bbox 397 3506 1983 3584">
     <span class='ocr_line' id='line_1_38' title="bbox 397 3506 1983 3584; baseline 0.004 -25"><span class='ocrx_word' id='word_1_262' title='bbox 397 3506 651 3580; x_wconf 86' lang='lat' dir='ltr'><strong>ignorant</strong></span> <span class='ocrx_word' id='word_1_263' title='bbox 692 3510 1210 3567; x_wconf 88' lang='lat' dir='ltr'><strong>consummationem</strong></span> <span class='ocrx_word' id='word_1_264' title='bbox 1261 3511 1369 3584; x_wconf 87' lang='lat' dir='ltr'><strong>legi</strong></span> <span class='ocrx_word' id='word_1_265' title='bbox 1415 3518 1675 3568; x_wconf 88' lang='lat' dir='ltr'><strong>statuturo</strong></span> <span class='ocrx_word' id='word_1_266' title='bbox 1722 3510 1791 3578; x_wconf 65' lang='grc' dir='ltr'>υ,</span> <span class='ocrx_word' id='word_1_267' title='bbox 1824 3520 1983 3582; x_wconf 88' lang='lat' dir='ltr'><strong>atque</strong></span> 
     </span>
    </p>
   </div>
   <div class='ocr_carea' id='block_1_39' title="bbox 400 3595 1984 3672">
    <p class='ocr_par' dir='ltr' id='par_1_39' title="bbox 400 3595 1984 3672">
     <span class='ocr_line' id='line_1_39' title="bbox 400 3595 1984 3672; baseline 0.004 -23"><span class='ocrx_word' id='word_1_268' title='bbox 400 3595 467 3651; x_wconf 89' lang='lat' dir='ltr'><strong>ita</strong></span> <span class='ocrx_word' id='word_1_269' title='bbox 513 3615 665 3655; x_wconf 87' lang='lat' dir='ltr'><strong>suam</strong></span> <span class='ocrx_word' id='word_1_270' title='bbox 706 3600 974 3668; x_wconf 89' lang='lat' dir='ltr'><strong>justitiam</strong></span> <span class='ocrx_word' id='word_1_271' title='bbox 1029 3608 1249 3658; x_wconf 91' lang='lat' dir='ltr'><strong>tuentur</strong></span> <span class='ocrx_word' id='word_1_272' title='bbox 1301 3601 1561 3659; x_wconf 89' lang='lat' dir='ltr'><strong>adversus</strong></span> <span class='ocrx_word' id='word_1_273' title='bbox 1605 3600 1775 3657; x_wconf 91' lang='lat' dir='ltr'><strong>illum.</strong></span> <span class='ocrx_word' id='word_1_274' title='bbox 1808 3604 1984 3672; x_wconf 85' lang='lat' dir='ltr'><strong>Atque</strong></span> 
     </span>
    </p>
   </div>
   <div class='ocr_carea' id='block_1_40' title="bbox 397 3686 1985 3763">
    <p class='ocr_par' dir='ltr' id='par_1_40' title="bbox 397 3686 1985 3763">
     <span class='ocr_line' id='line_1_40' title="bbox 397 3686 1985 3763; baseline 0.003 -24"><span class='ocrx_word' id='word_1_275' title='bbox 397 3686 534 3743; x_wconf 90' lang='lat' dir='ltr'><strong>adeo</strong></span> <span class='ocrx_word' id='word_1_276' title='bbox 577 3687 694 3759; x_wconf 88' lang='lat' dir='ltr'><strong>ipse</strong></span> <span class='ocrx_word' id='word_1_277' title='bbox 740 3689 962 3746; x_wconf 88' lang='lat' dir='ltr'><strong>Creator</strong></span> <span class='ocrx_word' id='word_1_278' title='bbox 1008 3698 1063 3746; x_wconf 89' lang='lat' dir='ltr'><strong>et</strong></span> <span class='ocrx_word' id='word_1_279' title='bbox 1110 3690 1466 3762; x_wconf 87' lang='lat' dir='ltr'><strong>ignorantiam</strong></span> <span class='ocrx_word' id='word_1_280' title='bbox 1520 3705 1648 3763; x_wconf 85' lang='lat' dir='ltr'><strong>erga</strong></span> <span class='ocrx_word' id='word_1_281' title='bbox 1687 3706 1747 3745; x_wconf 91' lang='lat' dir='ltr'><strong>se</strong></span> <span class='ocrx_word' id='word_1_282' title='bbox 1793 3705 1985 3747; x_wconf 89' lang='lat' dir='ltr'><strong>eorum</strong></span> 
     </span>
    </p>
   </div>
   <div class='ocr_carea' id='block_1_41' title="bbox 398 3778 1988 3850">
    <p class='ocr_par' dir='ltr' id='par_1_41' title="bbox 398 3778 1988 3850">
     <span class='ocr_line' id='line_1_41' title="bbox 398 3778 1988 3850; baseline 0.004 -22"><span class='ocrx_word' id='word_1_283' title='bbox 398 3782 727 3830; x_wconf 90' lang='lat' dir='ltr'><strong>contestatur</strong></span> <span class='ocrx_word' id='word_1_284' title='bbox 769 3778 898 3846; x_wconf 89' lang='lat' dir='ltr'><strong>(Isa.</strong></span> <span class='ocrx_word' id='word_1_285' title='bbox 930 3793 974 3846; x_wconf 89' lang='grc' dir='ltr'><strong>ι,</strong></span> <span class='ocrx_word' id='word_1_286' title='bbox 1006 3778 1062 3849; x_wconf 90' lang='grc'><strong>3)</strong></span> <span class='ocrx_word' id='word_1_287' title='bbox 1094 3796 1107 3837; x_wconf 90' lang='lat'><strong>:</strong></span> <span class='ocrx_word' id='word_1_288' title='bbox 1142 3779 1318 3836; x_wconf 84' lang='lat' dir='ltr'><strong>Israel</strong></span> <span class='ocrx_word' id='word_1_289' title='bbox 1364 3795 1454 3835; x_wconf 88' lang='lat' dir='ltr'><strong>me</strong></span> <span class='ocrx_word' id='word_1_290' title='bbox 1496 3796 1612 3837; x_wconf 88' lang='lat' dir='ltr'><strong>non</strong></span> <span class='ocrx_word' id='word_1_291' title='bbox 1653 3781 1899 3850; x_wconf 84' lang='lat' dir='ltr'><strong>agnovit,</strong></span> <span class='ocrx_word' id='word_1_292' title='bbox 1932 3783 1988 3836; x_wconf 91' lang='lat' dir='ltr'><strong>et</strong></span> 
     </span>
    </p>
   </div>
   <div class='ocr_carea' id='block_1_42' title="bbox 399 3863 1989 3939">
    <p class='ocr_par' dir='ltr' id='par_1_42' title="bbox 399 3863 1989 3939">
     <span class='ocr_line' id='line_1_42' title="bbox 399 3863 1989 3939; baseline 0.003 -22"><span class='ocrx_word' id='word_1_293' title='bbox 399 3863 641 3934; x_wconf 87' lang='lat' dir='ltr'><strong>populus</strong></span> <span class='ocrx_word' id='word_1_294' title='bbox 669 3879 826 3921; x_wconf 87' lang='lat' dir='ltr'><strong>meus</strong></span> <span class='ocrx_word' id='word_1_295' title='bbox 845 3880 936 3922; x_wconf 87' lang='lat' dir='ltr'><strong>me</strong></span> <span class='ocrx_word' id='word_1_296' title='bbox 962 3882 1078 3922; x_wconf 88' lang='lat' dir='ltr'><strong>non</strong></span> <span class='ocrx_word' id='word_1_297' title='bbox 1106 3867 1424 3934; x_wconf 62' lang='lat' dir='ltr'><strong>intellexit;</strong></span> <span class='ocrx_word' id='word_1_298' title='bbox 1455 3875 1527 3932; x_wconf 90' lang='lat' dir='ltr'><strong>et,</strong></span> <span class='ocrx_word' id='word_1_299' title='bbox 1558 3868 1701 3939; x_wconf 91' lang='lat' dir='ltr'><strong>quod</strong></span> <span class='ocrx_word' id='word_1_300' title='bbox 1725 3866 1989 3938; x_wconf 87' lang='lat' dir='ltr'><strong>justitiam</strong></span> 
     </span>
    </p>
   </div>
   <div class='ocr_carea' id='block_1_43' title="bbox 401 3950 1991 4029">
    <p class='ocr_par' dir='ltr' id='par_1_43' title="bbox 401 3950 1991 4029">
     <span class='ocr_line' id='line_1_43' title="bbox 401 3950 1991 4029; baseline 0.006 -25"><span class='ocrx_word' id='word_1_301' title='bbox 401 3966 554 4004; x_wconf 91' lang='lat' dir='ltr'><strong>suam</strong></span> <span class='ocrx_word' id='word_1_302' title='bbox 597 3950 769 4025; x_wconf 81' lang='lat' dir='ltr'><strong>magis</strong></span> <span class='ocrx_word' id='word_1_303' title='bbox 815 3952 1086 4022; x_wconf 89' lang='lat' dir='ltr'><strong>sisterent,</strong></span> <span class='ocrx_word' id='word_1_304' title='bbox 1118 3954 1374 4013; x_wconf 83' lang='lat' dir='ltr'><strong>docentes</strong></span> <span class='ocrx_word' id='word_1_305' title='bbox 1410 3955 1680 4014; x_wconf 85' lang='lat' dir='ltr'><strong>doctrinas</strong></span> <span class='ocrx_word' id='word_1_306' title='bbox 1723 3966 1991 4029; x_wconf 75' lang='lat' dir='ltr'><strong>praecepta</strong></span> 
     </span>
    </p>
   </div>
   <div class='ocr_carea' id='block_1_44' title="bbox 403 4040 1989 4118">
    <p class='ocr_par' dir='ltr' id='par_1_44' title="bbox 403 4040 1989 4118">
     <span class='ocr_line' id='line_1_44' title="bbox 403 4040 1989 4118; baseline 0.005 -25"><span class='ocrx_word' id='word_1_307' title='bbox 403 4040 678 4096; x_wconf 87' lang='lat' dir='ltr'><strong>hominum</strong></span> <span class='ocrx_word' id='word_1_308' title='bbox 726 4040 856 4111; x_wconf 88' lang='lat' dir='ltr'><strong>(Isa.</strong></span> <span class='ocrx_word' id='word_1_309' title='bbox 885 4057 1048 4110; x_wconf 69' lang='lat' dir='ltr'><strong>xxxx,</strong></span> <span class='ocrx_word' id='word_1_310' title='bbox 1087 4043 1198 4114; x_wconf 85' lang='grc'>13),</span> <span class='ocrx_word' id='word_1_311' title='bbox 1230 4059 1331 4101; x_wconf 89' lang='lat' dir='ltr'><strong>nec</strong></span> <span class='ocrx_word' id='word_1_312' title='bbox 1381 4060 1492 4102; x_wconf 91' lang='lat' dir='ltr'><strong>non</strong></span> <span class='ocrx_word' id='word_1_313' title='bbox 1531 4054 1585 4101; x_wconf 91' lang='lat' dir='ltr'><strong>et</strong></span> <span class='ocrx_word' id='word_1_314' title='bbox 1625 4045 1801 4118; x_wconf 88' lang='lat' dir='ltr'><strong>(Psal.</strong></span> <span class='ocrx_word' id='word_1_315' title='bbox 1838 4062 1901 4112; x_wconf 90' lang='grc' dir='ltr'><strong>ιι,</strong></span> <span class='ocrx_word' id='word_1_316' title='bbox 1934 4046 1989 4117; x_wconf 86' lang='lat'><strong>2)</strong></span> 
     </span>
    </p>
   </div>
   <div class='ocr_carea' id='block_1_45' title="bbox 402 4124 1993 4201">
    <p class='ocr_par' dir='ltr' id='par_1_45' title="bbox 402 4124 1993 4201">
     <span class='ocr_line' id='line_1_45' title="bbox 402 4124 1993 4201; baseline 0.005 -17"><span class='ocrx_word' id='word_1_317' title='bbox 402 4128 717 4201; x_wconf 81' lang='lat' dir='ltr'><strong>congregati</strong></span> <span class='ocrx_word' id='word_1_318' title='bbox 764 4140 945 4188; x_wconf 87' lang='lat' dir='ltr'><strong>essent</strong></span> <span class='ocrx_word' id='word_1_319' title='bbox 996 4124 1255 4191; x_wconf 81' lang='lat' dir='ltr'><strong>adversus</strong></span> <span class='ocrx_word' id='word_1_320' title='bbox 1309 4134 1613 4201; x_wconf 88' lang='lat' dir='ltr'><strong>Dominum,</strong></span> <span class='ocrx_word' id='word_1_321' title='bbox 1639 4143 1692 4191; x_wconf 90' lang='lat' dir='ltr'><strong>et</strong></span> <span class='ocrx_word' id='word_1_322' title='bbox 1735 4135 1993 4191; x_wconf 87' lang='lat' dir='ltr'><strong>adversus</strong></span> 
     </span>
    </p>
   </div>
   <div class='ocr_carea' id='block_1_46' title="bbox 401 4216 1994 4297">
    <p class='ocr_par' dir='ltr' id='par_1_46' title="bbox 401 4216 1994 4297">
     <span class='ocr_line' id='line_1_46' title="bbox 401 4216 1994 4297; baseline 0.004 -25"><span class='ocrx_word' id='word_1_323' title='bbox 401 4216 668 4273; x_wconf 87' lang='lat' dir='ltr'><strong>Christum</strong></span> <span class='ocrx_word' id='word_1_324' title='bbox 714 4219 905 4291; x_wconf 91' lang='lat' dir='ltr'><strong>ipsius,</strong></span> <span class='ocrx_word' id='word_1_325' title='bbox 952 4237 1017 4276; x_wconf 87' lang='lat' dir='ltr'><strong>ex</strong></span> <span class='ocrx_word' id='word_1_326' title='bbox 1065 4221 1340 4279; x_wconf 90' lang='lat' dir='ltr'><strong>inscientia</strong></span> <span class='ocrx_word' id='word_1_327' title='bbox 1386 4223 1608 4281; x_wconf 88' lang='lat' dir='ltr'><strong>scilicet.</strong></span> <span class='ocrx_word' id='word_1_328' title='bbox 1652 4224 1776 4279; x_wconf 90' lang='lat' dir='ltr'><strong>Nihi</strong></span> <span class='ocrx_word' id='word_1_329' title='bbox 1827 4223 1994 4297; x_wconf 84' lang='lat' dir='ltr'><strong>igitur</strong></span> 
     </span>
    </p>
   </div>
   <div class='ocr_carea' id='block_1_47' title="bbox 401 4309 1992 4385">
    <p class='ocr_par' dir='ltr' id='par_1_47' title="bbox 401 4309 1992 4385">
     <span class='ocr_line' id='line_1_47' title="bbox 401 4309 1992 4385; baseline 0.005 -24"><span class='ocrx_word' id='word_1_330' title='bbox 401 4314 580 4376; x_wconf 90' lang='lat' dir='ltr'><strong>potest</strong></span> <span class='ocrx_word' id='word_1_331' title='bbox 630 4309 685 4365; x_wconf 89' lang='lat' dir='ltr'><strong>in</strong></span> <span class='ocrx_word' id='word_1_332' title='bbox 741 4309 905 4365; x_wconf 90' lang='lat' dir='ltr'><strong>alium</strong></span> <span class='ocrx_word' id='word_1_333' title='bbox 960 4311 1129 4367; x_wconf 91' lang='lat' dir='ltr'><strong>Deum</strong></span> <span class='ocrx_word' id='word_1_334' title='bbox 1184 4314 1398 4385; x_wconf 86' lang='lat' dir='ltr'><strong>exponi,</strong></span> <span class='ocrx_word' id='word_1_335' title='bbox 1431 4313 1576 4385; x_wconf 89' lang='lat' dir='ltr'><strong>quod</strong></span> <span class='ocrx_word' id='word_1_336' title='bbox 1629 4315 1885 4385; x_wconf 89' lang='lat' dir='ltr'><strong>competit</strong></span> <span class='ocrx_word' id='word_1_337' title='bbox 1938 4314 1992 4369; x_wconf 91' lang='lat' dir='ltr'><strong>in</strong></span> 
     </span>
    </p>
   </div>
   <div class='ocr_carea' id='block_1_48' title="bbox 403 4395 1993 4472">
    <p class='ocr_par' dir='ltr' id='par_1_48' title="bbox 403 4395 1993 4472">
     <span class='ocr_line' id='line_1_48' title="bbox 403 4395 1993 4472; baseline 0.006 -22"><span class='ocrx_word' id='word_1_338' title='bbox 403 4395 732 4462; x_wconf 87' lang='lat' dir='ltr'><strong>Creatorem,</strong></span> <span class='ocrx_word' id='word_1_339' title='bbox 755 4398 877 4470; x_wconf 84' lang='lat' dir='ltr'><strong>quia</strong></span> <span class='ocrx_word' id='word_1_340' title='bbox 906 4407 959 4455; x_wconf 92' lang='lat' dir='ltr'><strong>et</strong></span> <span class='ocrx_word' id='word_1_341' title='bbox 987 4399 1118 4455; x_wconf 89' lang='lat' dir='ltr'><strong>alias</strong></span> <span class='ocrx_word' id='word_1_342' title='bbox 1147 4400 1415 4457; x_wconf 90' lang='lat' dir='ltr'><strong>immerito</strong></span> <span class='ocrx_word' id='word_1_343' title='bbox 1446 4402 1745 4472; x_wconf 87' lang='lat' dir='ltr'><strong>Apostolus</strong></span> <span class='ocrx_word' id='word_1_344' title='bbox 1771 4402 1993 4460; x_wconf 67' lang='lat' dir='ltr'><strong>Judazos</strong></span> 
     </span>
    </p>
   </div>
   <div class='ocr_carea' id='block_1_49' title="bbox 402 4482 1989 4565">
    <p class='ocr_par' dir='ltr' id='par_1_49' title="bbox 402 4482 1989 4565">
     <span class='ocr_line' id='line_1_49' title="bbox 402 4482 1989 4565; baseline 0.005 -28"><span class='ocrx_word' id='word_1_345' title='bbox 402 4482 471 4538; x_wconf 89' lang='lat' dir='ltr'><strong>de</strong></span> <span class='ocrx_word' id='word_1_346' title='bbox 499 4483 802 4556; x_wconf 88' lang='lat' dir='ltr'><strong>ignorantia</strong></span> <span class='ocrx_word' id='word_1_347' title='bbox 835 4488 1140 4562; x_wconf 85' lang='lat' dir='ltr'><strong>sugillasset</strong></span> <span class='ocrx_word' id='word_1_348' title='bbox 1178 4505 1307 4565; x_wconf 87' lang='lat' dir='ltr'><strong>erga</strong></span> <span class='ocrx_word' id='word_1_349' title='bbox 1344 4490 1514 4546; x_wconf 88' lang='lat' dir='ltr'><strong>Deum</strong></span> <span class='ocrx_word' id='word_1_350' title='bbox 1554 4492 1816 4564; x_wconf 87' lang='lat' dir='ltr'><strong>ignotum.</strong></span> <span class='ocrx_word' id='word_1_351' title='bbox 1849 4490 1989 4560; x_wconf 89' lang='lat' dir='ltr'><strong>Quid</strong></span> 
     </span>
    </p>
   </div>
   <div class='ocr_carea' id='block_1_50' title="bbox 404 4573 1986 4647">
    <p class='ocr_par' dir='ltr' id='par_1_50' title="bbox 404 4573 1986 4647">
     <span class='ocr_line' id='line_1_50' title="bbox 404 4573 1986 4647; baseline 0.006 -21"><span class='ocrx_word' id='word_1_352' title='bbox 404 4573 547 4628; x_wconf 87' lang='lat' dir='ltr'><strong>enim</strong></span> <span class='ocrx_word' id='word_1_353' title='bbox 571 4574 929 4647; x_wconf 89' lang='lat' dir='ltr'><strong>deliquerant,</strong></span> <span class='ocrx_word' id='word_1_354' title='bbox 963 4580 1007 4635; x_wconf 91' lang='lat' dir='ltr'><strong>si</strong></span> <span class='ocrx_word' id='word_1_355' title='bbox 1031 4578 1291 4647; x_wconf 89' lang='lat' dir='ltr'><strong>justitiam</strong></span> <span class='ocrx_word' id='word_1_356' title='bbox 1329 4579 1426 4636; x_wconf 91' lang='lat' dir='ltr'><strong>Dei</strong></span> <span class='ocrx_word' id='word_1_357' title='bbox 1467 4578 1550 4635; x_wconf 91' lang='lat' dir='ltr'><strong>sui</strong></span> <span class='ocrx_word' id='word_1_358' title='bbox 1575 4579 1835 4635; x_wconf 89' lang='lat' dir='ltr'><strong>adversus</strong></span> <span class='ocrx_word' id='word_1_359' title='bbox 1862 4595 1986 4636; x_wconf 88' lang='lat' dir='ltr'><strong>eum</strong></span> 
     </span>
    </p>
   </div>
   <div class='ocr_carea' id='block_1_51' title="bbox 403 4662 1992 4741">
    <p class='ocr_par' dir='ltr' id='par_1_51' title="bbox 403 4662 1992 4741">
     <span class='ocr_line' id='line_1_51' title="bbox 403 4662 1992 4741; baseline 0.008 -25"><span class='ocrx_word' id='word_1_360' title='bbox 403 4662 681 4735; x_wconf 86' lang='lat' dir='ltr'><strong>sistebant,</strong></span> <span class='ocrx_word' id='word_1_361' title='bbox 724 4681 883 4739; x_wconf 90' lang='lat' dir='ltr'><strong>quem</strong></span> <span class='ocrx_word' id='word_1_362' title='bbox 927 4668 1286 4740; x_wconf 81' lang='lat' dir='ltr'><strong>ignorabant?</strong></span> <span class='ocrx_word' id='word_1_363' title='bbox 1325 4669 1529 4741; x_wconf 84' lang='lat' dir='ltr'><strong>Atquin</strong></span> <span class='ocrx_word' id='word_1_364' title='bbox 1575 4671 1833 4726; x_wconf 84' lang='lat' dir='ltr'><strong>exclamat</strong></span> <span class='ocrx_word' id='word_1_365' title='bbox 1882 4686 1896 4728; x_wconf 91' lang='lat'><strong>:</strong></span> <span class='ocrx_word' id='word_1_366' title='bbox 1952 4670 1992 4727; x_wconf 94' lang='lat'><em>0</em></span> 
     </span>
    </p>
   </div>
   <div class='ocr_carea' id='block_1_52' title="bbox 401 4756 1991 4832">
    <p class='ocr_par' dir='ltr' id='par_1_52' title="bbox 401 4756 1991 4832">
     <span class='ocr_line' id='line_1_52' title="bbox 401 4756 1991 4832; baseline 0.003 -23"><span class='ocrx_word' id='word_1_367' title='bbox 401 4756 757 4828; x_wconf 80' lang='lat' dir='ltr'><strong>profundum</strong></span> <span class='ocrx_word' id='word_1_368' title='bbox 777 4756 1110 4814; x_wconf 87' lang='lat' dir='ltr'><strong>divitiarum</strong></span> <span class='ocrx_word' id='word_1_369' title='bbox 1139 4757 1249 4830; x_wconf 82' lang='grc'><strong>(48)</strong></span> <span class='ocrx_word' id='word_1_370' title='bbox 1270 4762 1326 4814; x_wconf 87' lang='lat' dir='ltr'><strong>et</strong></span> <span class='ocrx_word' id='word_1_371' title='bbox 1351 4759 1640 4832; x_wconf 77' lang='lat' dir='ltr'><strong>sapientia:</strong></span> <span class='ocrx_word' id='word_1_372' title='bbox 1654 4760 1773 4826; x_wconf 88' lang='lat' dir='ltr'><strong>Dei,</strong></span> <span class='ocrx_word' id='word_1_373' title='bbox 1792 4763 1850 4817; x_wconf 88' lang='lat' dir='ltr'><strong>et</strong></span> <span class='ocrx_word' id='word_1_374' title='bbox 1876 4756 1991 4830; x_wconf 70' lang='grc'><strong>(49)</strong></span> 
     </span>
    </p>
   </div>
   <div class='ocr_carea' id='block_1_53' title="bbox 2078 570 3663 648">
    <p class='ocr_par' dir='ltr' id='par_1_53' title="bbox 2078 570 3663 648">
     <span class='ocr_line' id='line_1_53' title="bbox 2078 570 3663 648; baseline 0.001 -18"><span class='ocrx_word' id='word_1_375' title='bbox 2078 571 2389 630; x_wconf 87' lang='lat' dir='ltr'><strong>cordatione</strong></span> <span class='ocrx_word' id='word_1_376' title='bbox 2435 570 2641 629; x_wconf 88' lang='lat' dir='ltr'><strong>scilicet</strong></span> <span class='ocrx_word' id='word_1_377' title='bbox 2690 572 3110 646; x_wconf 88' lang='lat' dir='ltr'><strong>Scripturarum,</strong></span> <span class='ocrx_word' id='word_1_378' title='bbox 3140 590 3276 648; x_wconf 90' lang='lat' dir='ltr'><strong>quas</strong></span> <span class='ocrx_word' id='word_1_379' title='bbox 3305 582 3451 633; x_wconf 91' lang='lat' dir='ltr'><strong>retro</strong></span> <span class='ocrx_word' id='word_1_380' title='bbox 3479 576 3663 635; x_wconf 89' lang='lat' dir='ltr'><strong>revol-</strong></span> 
     </span>
    </p>
   </div>
   <div class='ocr_carea' id='block_1_54' title="bbox 2077 661 3669 736">
    <p class='ocr_par' dir='ltr' id='par_1_54' title="bbox 2077 661 3669 736">
     <span class='ocr_line' id='line_1_54' title="bbox 2077 661 3669 736; baseline 0.001 -16"><span class='ocrx_word' id='word_1_381' title='bbox 2077 670 2246 732; x_wconf 89' lang='lat' dir='ltr'><strong>verat,</strong></span> <span class='ocrx_word' id='word_1_382' title='bbox 2268 677 2336 718; x_wconf 82' lang='lat' dir='ltr'><strong>ex</strong></span> <span class='ocrx_word' id='word_1_383' title='bbox 2365 661 2818 732; x_wconf 88' lang='lat' dir='ltr'><strong>contemplatione</strong></span> <span class='ocrx_word' id='word_1_384' title='bbox 2847 672 3325 733; x_wconf 88' lang='lat' dir='ltr'><strong>sacramentorum,</strong></span> <span class='ocrx_word' id='word_1_385' title='bbox 3359 680 3477 736; x_wconf 63' lang='lat' dir='ltr'><strong>qun</strong></span> <span class='ocrx_word' id='word_1_386' title='bbox 3505 680 3669 735; x_wconf 89' lang='lat' dir='ltr'><strong>supra</strong></span> 
     </span>
    </p>
   </div>
   <div class='ocr_carea' id='block_1_55' title="bbox 2076 748 3671 827">
    <p class='ocr_par' dir='ltr' id='par_1_55' title="bbox 2076 748 3671 827">
     <span class='ocr_line' id='line_1_55' title="bbox 2076 748 3671 827; baseline 0.004 -21"><span class='ocrx_word' id='word_1_387' title='bbox 2076 750 2405 807; x_wconf 89' lang='lat' dir='ltr'><strong>disseruerat</strong></span> <span class='ocrx_word' id='word_1_388' title='bbox 2435 748 2490 803; x_wconf 93' lang='lat' dir='ltr'><strong>in</strong></span> <span class='ocrx_word' id='word_1_389' title='bbox 2518 748 2677 804; x_wconf 85' lang='lat' dir='ltr'><strong>ﬁdem</strong></span> <span class='ocrx_word' id='word_1_390' title='bbox 2708 749 2926 819; x_wconf 88' lang='lat' dir='ltr'><strong>Christi,</strong></span> <span class='ocrx_word' id='word_1_391' title='bbox 2949 768 3015 808; x_wconf 84' lang='lat' dir='ltr'><strong>ex</strong></span> <span class='ocrx_word' id='word_1_392' title='bbox 3050 752 3172 827; x_wconf 91' lang='lat' dir='ltr'><strong>lege</strong></span> <span class='ocrx_word' id='word_1_393' title='bbox 3200 752 3521 811; x_wconf 82' lang='lat' dir='ltr'><strong>venientem.</strong></span> <span class='ocrx_word' id='word_1_394' title='bbox 3546 754 3671 812; x_wconf 66' lang='lat' dir='ltr'><strong>Haec</strong></span> 
     </span>
    </p>
   </div>
   <div class='ocr_carea' id='block_1_56' title="bbox 2080 838 3671 915">
    <p class='ocr_par' dir='ltr' id='par_1_56' title="bbox 2080 838 3671 915">
     <span class='ocr_line' id='line_1_56' title="bbox 2080 838 3671 915; baseline 0.003 -20"><span class='ocrx_word' id='word_1_395' title='bbox 2080 838 2128 896; x_wconf 92' lang='lat' dir='ltr'><strong>si</strong></span> <span class='ocrx_word' id='word_1_396' title='bbox 2151 840 2386 895; x_wconf 86' lang='lat' dir='ltr'><strong>Marcion</strong></span> <span class='ocrx_word' id='word_1_397' title='bbox 2418 839 2486 893; x_wconf 91' lang='lat' dir='ltr'><strong>de</strong></span> <span class='ocrx_word' id='word_1_398' title='bbox 2516 838 2781 896; x_wconf 88' lang='lat' dir='ltr'><strong>industria</strong></span> <span class='ocrx_word' id='word_1_399' title='bbox 2800 855 2908 897; x_wconf 91' lang='lat' dir='ltr'><strong>non</strong></span> <span class='ocrx_word' id='word_1_400' title='bbox 2935 841 2984 880; x_wconf 71' lang='grc'><strong>’⁸4</strong></span> <span class='ocrx_word' id='word_1_401' title='bbox 3013 843 3199 913; x_wconf 87' lang='lat' dir='ltr'><strong>erasit,</strong></span> <span class='ocrx_word' id='word_1_402' title='bbox 3231 843 3361 915; x_wconf 90' lang='lat' dir='ltr'><strong>quid</strong></span> <span class='ocrx_word' id='word_1_403' title='bbox 3392 844 3671 913; x_wconf 86' lang='lat' dir='ltr'><strong>apostolus</strong></span> 
     </span>
    </p>
   </div>
   <div class='ocr_carea' id='block_1_57' title="bbox 2080 928 3673 1006">
    <p class='ocr_par' dir='ltr' id='par_1_57' title="bbox 2080 928 3673 1006">
     <span class='ocr_line' id='line_1_57' title="bbox 2080 928 3673 1006; baseline 0.003 -21"><span class='ocrx_word' id='word_1_404' title='bbox 2080 930 2199 1000; x_wconf 89' lang='lat' dir='ltr'><strong>ejus</strong></span> <span class='ocrx_word' id='word_1_405' title='bbox 2226 928 2504 996; x_wconf 83' lang='lat' dir='ltr'><strong>exclamat,</strong></span> <span class='ocrx_word' id='word_1_406' title='bbox 2530 930 2703 985; x_wconf 90' lang='lat' dir='ltr'><strong>nullas</strong></span> <span class='ocrx_word' id='word_1_407' title='bbox 2732 928 2948 987; x_wconf 89' lang='lat' dir='ltr'><strong>intuens</strong></span> <span class='ocrx_word' id='word_1_408' title='bbox 2970 931 3183 987; x_wconf 85' lang='lat' dir='ltr'><strong>divitias</strong></span> <span class='ocrx_word' id='word_1_409' title='bbox 3201 932 3299 990; x_wconf 91' lang='lat' dir='ltr'><strong>Dei</strong></span> <span class='ocrx_word' id='word_1_410' title='bbox 3331 941 3438 989; x_wconf 87' lang='lat' dir='ltr'><strong>tam</strong></span> <span class='ocrx_word' id='word_1_411' title='bbox 3469 949 3673 1006; x_wconf 90' lang='lat' dir='ltr'><strong>paupe-</strong></span> 
     </span>
    </p>
   </div>
   <div class='ocr_carea' id='block_1_58' title="bbox 2079 1018 3669 1095">
    <p class='ocr_par' dir='ltr' id='par_1_58' title="bbox 2079 1018 3669 1095">
     <span class='ocr_line' id='line_1_58' title="bbox 2079 1018 3669 1095; baseline 0.003 -22"><span class='ocrx_word' id='word_1_412' title='bbox 2079 1020 2153 1075; x_wconf 90' lang='lat' dir='ltr'><strong>ris</strong></span> <span class='ocrx_word' id='word_1_413' title='bbox 2173 1026 2227 1075; x_wconf 90' lang='lat' dir='ltr'><strong>et</strong></span> <span class='ocrx_word' id='word_1_414' title='bbox 2251 1019 2407 1090; x_wconf 81' lang='lat' dir='ltr'><strong>egeni</strong></span> <span class='ocrx_word' id='word_1_415' title='bbox 2428 1034 2586 1090; x_wconf 92' lang='lat' dir='ltr'><strong>quam</strong></span> <span class='ocrx_word' id='word_1_416' title='bbox 2616 1019 2707 1092; x_wconf 90' lang='lat' dir='ltr'><strong>qui</strong></span> <span class='ocrx_word' id='word_1_417' title='bbox 2727 1018 2859 1075; x_wconf 87' lang='lat' dir='ltr'><strong>nihil</strong></span> <span class='ocrx_word' id='word_1_418' title='bbox 2887 1020 3148 1087; x_wconf 89' lang='lat' dir='ltr'><strong>condidit,</strong></span> <span class='ocrx_word' id='word_1_419' title='bbox 3172 1021 3300 1077; x_wconf 90' lang='lat' dir='ltr'><strong>nihil</strong></span> <span class='ocrx_word' id='word_1_420' title='bbox 3335 1020 3669 1095; x_wconf 60' lang='lat' dir='ltr'><strong>praedicavit,</strong></span> 
     </span>
    </p>
   </div>
   <div class='ocr_carea' id='block_1_59' title="bbox 2079 1107 3671 1181">
    <p class='ocr_par' dir='ltr' id='par_1_59' title="bbox 2079 1107 3671 1181">
     <span class='ocr_line' id='line_1_59' title="bbox 2079 1107 3671 1181; baseline 0.003 -20"><span class='ocrx_word' id='word_1_421' title='bbox 2079 1107 2214 1162; x_wconf 89' lang='lat' dir='ltr'><strong>nihil</strong></span> <span class='ocrx_word' id='word_1_422' title='bbox 2242 1108 2474 1179; x_wconf 87' lang='lat' dir='ltr'><strong>denique</strong></span> <span class='ocrx_word' id='word_1_423' title='bbox 2505 1108 2707 1179; x_wconf 90' lang='lat' dir='ltr'><strong>habuit,</strong></span> <span class='ocrx_word' id='word_1_424' title='bbox 2728 1116 2787 1164; x_wconf 92' lang='lat' dir='ltr'><strong>ut</strong></span> <span class='ocrx_word' id='word_1_425' title='bbox 2817 1111 2911 1181; x_wconf 86' lang='lat' dir='ltr'><strong>qui</strong></span> <span class='ocrx_word' id='word_1_426' title='bbox 2940 1109 2997 1165; x_wconf 92' lang='lat' dir='ltr'><strong>in</strong></span> <span class='ocrx_word' id='word_1_427' title='bbox 3025 1110 3203 1165; x_wconf 88' lang='lat' dir='ltr'><strong>aliena</strong></span> <span class='ocrx_word' id='word_1_428' title='bbox 3229 1110 3541 1167; x_wconf 78' lang='lat' dir='ltr'><strong>descendit?</strong></span> <span class='ocrx_word' id='word_1_429' title='bbox 3566 1111 3671 1167; x_wconf 87' lang='lat' dir='ltr'><strong>Sed</strong></span> 
     </span>
    </p>
   </div>
   <div class='ocr_carea' id='block_1_60' title="bbox 2079 1194 3672 1267">
    <p class='ocr_par' dir='ltr' id='par_1_60' title="bbox 2079 1194 3672 1267">
     <span class='ocr_line' id='line_1_60' title="bbox 2079 1194 3672 1267; baseline 0.001 -15"><span class='ocrx_word' id='word_1_430' title='bbox 2079 1195 2223 1252; x_wconf 89' lang='lat' dir='ltr'><strong>enim</strong></span> <span class='ocrx_word' id='word_1_431' title='bbox 2253 1202 2308 1251; x_wconf 90' lang='lat' dir='ltr'><strong>et</strong></span> <span class='ocrx_word' id='word_1_432' title='bbox 2344 1211 2474 1266; x_wconf 85' lang='lat' dir='ltr'><strong>opes</strong></span> <span class='ocrx_word' id='word_1_433' title='bbox 2503 1203 2557 1252; x_wconf 91' lang='lat' dir='ltr'><strong>et</strong></span> <span class='ocrx_word' id='word_1_434' title='bbox 2597 1194 2793 1253; x_wconf 86' lang='lat' dir='ltr'><strong>divitiae</strong></span> <span class='ocrx_word' id='word_1_435' title='bbox 2835 1199 3104 1256; x_wconf 88' lang='lat' dir='ltr'><strong>Creatoris</strong></span> <span class='ocrx_word' id='word_1_436' title='bbox 3158 1199 3287 1254; x_wconf 88' lang='lat' dir='ltr'><strong>olim</strong></span> <span class='ocrx_word' id='word_1_437' title='bbox 3316 1200 3672 1267; x_wconf 66' lang='lat' dir='ltr'><strong>absconditae,</strong></span> 
     </span>
    </p>
   </div>
   <div class='ocr_carea' id='block_1_61' title="bbox 2078 1285 3676 1357">
    <p class='ocr_par' dir='ltr' id='par_1_61' title="bbox 2078 1285 3676 1357">
     <span class='ocr_line' id='line_1_61' title="bbox 2078 1285 3676 1357; baseline 0.004 -18"><span class='ocrx_word' id='word_1_438' title='bbox 2078 1298 2225 1340; x_wconf 90' lang='lat' dir='ltr'><strong>nunc</strong></span> <span class='ocrx_word' id='word_1_439' title='bbox 2254 1294 2506 1340; x_wconf 69' lang='lat' dir='ltr'><strong>reseratae</strong></span> <span class='ocrx_word' id='word_1_440' title='bbox 2546 1286 2929 1356; x_wconf 88' lang='lat' dir='ltr'><strong>repromiserat</strong></span> <span class='ocrx_word' id='word_1_441' title='bbox 2966 1285 3095 1356; x_wconf 88' lang='lat' dir='ltr'><strong>(Isa.</strong></span> <span class='ocrx_word' id='word_1_442' title='bbox 3127 1302 3259 1354; x_wconf 74' lang='lat' dir='ltr'><strong>xnv,</strong></span> <span class='ocrx_word' id='word_1_443' title='bbox 3293 1290 3346 1357; x_wconf 78' lang='grc'>5)</span> <span class='ocrx_word' id='word_1_444' title='bbox 3384 1304 3397 1341; x_wconf 90' lang='lat'><strong>:</strong></span> <span class='ocrx_word' id='word_1_445' title='bbox 3440 1290 3512 1345; x_wconf 87' lang='lat' dir='ltr'><strong>Et</strong></span> <span class='ocrx_word' id='word_1_446' title='bbox 3539 1288 3676 1345; x_wconf 86' lang='lat' dir='ltr'><strong>dabo</strong></span> 
     </span>
    </p>
   </div>
   <div class='ocr_carea' id='block_1_62' title="bbox 2078 1374 3675 1448">
    <p class='ocr_par' dir='ltr' id='par_1_62' title="bbox 2078 1374 3675 1448">
     <span class='ocr_line' id='line_1_62' title="bbox 2078 1374 3675 1448; baseline 0.001 -17"><span class='ocrx_word' id='word_1_447' title='bbox 2078 1374 2195 1433; x_wconf 84' lang='lat' dir='ltr'><strong>illis</strong></span> <span class='ocrx_word' id='word_1_448' title='bbox 2222 1374 2512 1433; x_wconf 87' lang='lat' dir='ltr'><strong>thesauros</strong></span> <span class='ocrx_word' id='word_1_449' title='bbox 2527 1376 2790 1443; x_wconf 88' lang='lat' dir='ltr'><strong>occultos,</strong></span> <span class='ocrx_word' id='word_1_450' title='bbox 2815 1376 3117 1433; x_wconf 84' lang='lat' dir='ltr'><strong>invisibiles</strong></span> <span class='ocrx_word' id='word_1_451' title='bbox 3138 1378 3393 1448; x_wconf 87' lang='lat' dir='ltr'><strong>aperiam</strong></span> <span class='ocrx_word' id='word_1_452' title='bbox 3425 1379 3523 1434; x_wconf 87' lang='lat' dir='ltr'><strong>eis.</strong></span> <span class='ocrx_word' id='word_1_453' title='bbox 3541 1378 3675 1433; x_wconf 86' lang='lat' dir='ltr'><strong>Inde</strong></span> 
     </span>
    </p>
   </div>
   <div class='ocr_carea' id='block_1_63' title="bbox 2080 1463 3678 1538">
    <p class='ocr_par' dir='ltr' id='par_1_63' title="bbox 2080 1463 3678 1538">
     <span class='ocr_line' id='line_1_63' title="bbox 2080 1463 3678 1538; baseline 0.002 -19"><span class='ocrx_word' id='word_1_454' title='bbox 2080 1480 2212 1538; x_wconf 87' lang='lat' dir='ltr'><strong>ergo</strong></span> <span class='ocrx_word' id='word_1_455' title='bbox 2260 1463 2612 1519; x_wconf 85' lang='lat' dir='ltr'><strong>exclamatum</strong></span> <span class='ocrx_word' id='word_1_456' title='bbox 2653 1474 2737 1520; x_wconf 91' lang='lat' dir='ltr'><strong>est</strong></span> <span class='ocrx_word' id='word_1_457' title='bbox 2782 1482 2796 1520; x_wconf 89' lang='lat'><strong>:</strong></span> <span class='ocrx_word' id='word_1_458' title='bbox 2850 1465 2890 1522; x_wconf 92' lang='lat'><em>0</em></span> <span class='ocrx_word' id='word_1_459' title='bbox 2933 1465 3291 1537; x_wconf 87' lang='lat' dir='ltr'><strong>profundum</strong></span> <span class='ocrx_word' id='word_1_460' title='bbox 3338 1466 3678 1525; x_wconf 84' lang='lat' dir='ltr'><strong>divitiarum</strong></span> 
     </span>
    </p>
   </div>
   <div class='ocr_carea' id='block_1_64' title="bbox 2081 1550 3678 1625">
    <p class='ocr_par' dir='ltr' id='par_1_64' title="bbox 2081 1550 3678 1625">
     <span class='ocr_line' id='line_1_64' title="bbox 2081 1550 3678 1625; baseline -0.001 -15"><span class='ocrx_word' id='word_1_461' title='bbox 2081 1557 2134 1610; x_wconf 86' lang='lat' dir='ltr'><strong>et</strong></span> <span class='ocrx_word' id='word_1_462' title='bbox 2162 1553 2460 1625; x_wconf 65' lang='lat' dir='ltr'><strong>sapientiae</strong></span> <span class='ocrx_word' id='word_1_463' title='bbox 2499 1550 2636 1610; x_wconf 83' lang='lat' dir='ltr'><strong>Dei!</strong></span> <span class='ocrx_word' id='word_1_464' title='bbox 2667 1553 2821 1623; x_wconf 91' lang='lat' dir='ltr'><strong>cujus</strong></span> <span class='ocrx_word' id='word_1_465' title='bbox 2866 1555 2977 1623; x_wconf 89' lang='lat' dir='ltr'><strong>jam</strong></span> <span class='ocrx_word' id='word_1_466' title='bbox 3025 1553 3270 1610; x_wconf 89' lang='lat' dir='ltr'><strong>thesauri</strong></span> <span class='ocrx_word' id='word_1_467' title='bbox 3312 1556 3583 1625; x_wconf 88' lang='lat' dir='ltr'><strong>patebant.</strong></span> <span class='ocrx_word' id='word_1_468' title='bbox 3616 1555 3678 1611; x_wconf 90' lang='lat' dir='ltr'><strong>Id</strong></span> 
     </span>
    </p>
   </div>
   <div class='ocr_carea' id='block_1_65' title="bbox 2082 1639 3677 1713">
    <p class='ocr_par' dir='ltr' id='par_1_65' title="bbox 2082 1639 3677 1713">
     <span class='ocr_line' id='line_1_65' title="bbox 2082 1639 3677 1713; baseline 0.003 -19"><span class='ocrx_word' id='word_1_469' title='bbox 2082 1639 2258 1706; x_wconf 60' lang='lat' dir='ltr'><strong>Isaia,</strong></span> <span class='ocrx_word' id='word_1_470' title='bbox 2291 1649 2343 1698; x_wconf 91' lang='lat' dir='ltr'><strong>et</strong></span> <span class='ocrx_word' id='word_1_471' title='bbox 2388 1641 2438 1679; x_wconf 78' lang='lat'><strong>75</strong></span> <span class='ocrx_word' id='word_1_472' title='bbox 2486 1641 2765 1713; x_wconf 87' lang='lat' dir='ltr'><strong>sequentia</strong></span> <span class='ocrx_word' id='word_1_473' title='bbox 2823 1642 2890 1697; x_wconf 92' lang='lat' dir='ltr'><strong>de</strong></span> <span class='ocrx_word' id='word_1_474' title='bbox 2954 1642 3195 1713; x_wconf 86' lang='lat' dir='ltr'><strong>ejusdem</strong></span> <span class='ocrx_word' id='word_1_475' title='bbox 3260 1645 3539 1713; x_wconf 69' lang='lat' dir='ltr'><strong>prOphetaa</strong></span> <span class='ocrx_word' id='word_1_476' title='bbox 3593 1644 3677 1698; x_wconf 89' lang='lat' dir='ltr'><strong>iu-</strong></span> 
     </span>
    </p>
   </div>
   <div class='ocr_carea' id='block_1_66' title="bbox 2084 1729 3681 1802">
    <p class='ocr_par' dir='ltr' id='par_1_66' title="bbox 2084 1729 3681 1802">
     <span class='ocr_line' id='line_1_66' title="bbox 2084 1729 3681 1802; baseline 0.004 -20"><span class='ocrx_word' id='word_1_477' title='bbox 2084 1734 2383 1784; x_wconf 90' lang='lat' dir='ltr'><strong>strumento</strong></span> <span class='ocrx_word' id='word_1_478' title='bbox 2405 1730 2535 1800; x_wconf 87' lang='lat' dir='ltr'><strong>(Isa.</strong></span> <span class='ocrx_word' id='word_1_479' title='bbox 2558 1745 2650 1794; x_wconf 77' lang='lat' dir='ltr'><strong>xn,</strong></span> <span class='ocrx_word' id='word_1_480' title='bbox 2676 1729 2765 1801; x_wconf 88' lang='grc'><strong>13)</strong></span> <span class='ocrx_word' id='word_1_481' title='bbox 2799 1746 2812 1785; x_wconf 93' lang='lat'>:</span> <span class='ocrx_word' id='word_1_482' title='bbox 2841 1730 2970 1799; x_wconf 86' lang='lat' dir='ltr'><strong>Quis</strong></span> <span class='ocrx_word' id='word_1_483' title='bbox 2999 1732 3153 1787; x_wconf 88' lang='lat' dir='ltr'><strong>enim</strong></span> <span class='ocrx_word' id='word_1_484' title='bbox 3172 1733 3422 1802; x_wconf 84' lang='lat' dir='ltr'><strong>cognovit</strong></span> <span class='ocrx_word' id='word_1_485' title='bbox 3450 1748 3681 1789; x_wconf 86' lang='lat' dir='ltr'><strong>sensum</strong></span> 
     </span>
    </p>
   </div>
   <div class='ocr_carea' id='block_1_67' title="bbox 2086 1818 3678 1893">
    <p class='ocr_par' dir='ltr' id='par_1_67' title="bbox 2086 1818 3678 1893">
     <span class='ocr_line' id='line_1_67' title="bbox 2086 1818 3678 1893; baseline 0.003 -20"><span class='ocrx_word' id='word_1_486' title='bbox 2086 1818 2313 1873; x_wconf 89' lang='lat' dir='ltr'><strong>Domini</strong></span> <span class='ocrx_word' id='word_1_487' title='bbox 2333 1820 2436 1873; x_wconf 88' lang='lat' dir='ltr'><strong>aut</strong></span> <span class='ocrx_word' id='word_1_488' title='bbox 2464 1819 2588 1891; x_wconf 88' lang='lat' dir='ltr'><strong>quis</strong></span> <span class='ocrx_word' id='word_1_489' title='bbox 2621 1818 2986 1875; x_wconf 84' lang='lat' dir='ltr'><strong>consiliarius</strong></span> <span class='ocrx_word' id='word_1_490' title='bbox 3014 1820 3133 1891; x_wconf 87' lang='lat' dir='ltr'><strong>ejus</strong></span> <span class='ocrx_word' id='word_1_491' title='bbox 3150 1818 3310 1891; x_wconf 84' lang='lat' dir='ltr'><strong>fuit?</strong></span> <span class='ocrx_word' id='word_1_492' title='bbox 3336 1820 3463 1889; x_wconf 86' lang='lat' dir='ltr'><strong>Quis</strong></span> <span class='ocrx_word' id='word_1_493' title='bbox 3480 1837 3678 1893; x_wconf 87' lang='lat' dir='ltr'><strong>porre-</strong></span> 
     </span>
    </p>
   </div>
   <div class='ocr_carea' id='block_1_68' title="bbox 2086 1907 3681 1982">
    <p class='ocr_par' dir='ltr' id='par_1_68' title="bbox 2086 1907 3681 1982">
     <span class='ocr_line' id='line_1_68' title="bbox 2086 1907 3681 1982; baseline 0.003 -21"><span class='ocrx_word' id='word_1_494' title='bbox 2086 1907 2179 1962; x_wconf 72' lang='lat' dir='ltr'><strong>xit</strong></span> <span class='ocrx_word' id='word_1_495' title='bbox 2216 1908 2285 1976; x_wconf 79' lang='lat' dir='ltr'><strong>ei,</strong></span> <span class='ocrx_word' id='word_1_496' title='bbox 2319 1912 2373 1965; x_wconf 89' lang='lat' dir='ltr'><strong>et</strong></span> <span class='ocrx_word' id='word_1_497' title='bbox 2411 1908 2754 1965; x_wconf 87' lang='lat' dir='ltr'><strong>retribuetur</strong></span> <span class='ocrx_word' id='word_1_498' title='bbox 2792 1908 2921 1964; x_wconf 83' lang='lat' dir='ltr'><strong>illi?</strong></span> <span class='ocrx_word' id='word_1_499' title='bbox 2947 1907 3052 1978; x_wconf 89' lang='lat' dir='ltr'><strong>Qui</strong></span> <span class='ocrx_word' id='word_1_500' title='bbox 3081 1916 3231 1963; x_wconf 88' lang='lat' dir='ltr'><strong>tanta</strong></span> <span class='ocrx_word' id='word_1_501' title='bbox 3267 1909 3334 1965; x_wconf 92' lang='lat' dir='ltr'><strong>de</strong></span> <span class='ocrx_word' id='word_1_502' title='bbox 3384 1909 3681 1982; x_wconf 88' lang='lat' dir='ltr'><strong>Scripturis</strong></span> 
     </span>
    </p>
   </div>
   <div class='ocr_carea' id='block_1_69' title="bbox 2087 2001 3679 2075">
    <p class='ocr_par' dir='ltr' id='par_1_69' title="bbox 2087 2001 3679 2075">
     <span class='ocr_line' id='line_1_69' title="bbox 2087 2001 3679 2075; baseline 0.003 -19"><span class='ocrx_word' id='word_1_503' title='bbox 2087 2002 2354 2068; x_wconf 88' lang='lat' dir='ltr'><strong>ademisti,</strong></span> <span class='ocrx_word' id='word_1_504' title='bbox 2383 2001 2511 2075; x_wconf 89' lang='lat' dir='ltr'><strong>quid</strong></span> <span class='ocrx_word' id='word_1_505' title='bbox 2553 2001 2655 2058; x_wconf 90' lang='lat' dir='ltr'><strong>ista</strong></span> <span class='ocrx_word' id='word_1_506' title='bbox 2685 2003 2934 2069; x_wconf 85' lang='lat' dir='ltr'><strong>servasti,</strong></span> <span class='ocrx_word' id='word_1_507' title='bbox 2966 2001 3118 2072; x_wconf 89' lang='lat' dir='ltr'><strong>quasi</strong></span> <span class='ocrx_word' id='word_1_508' title='bbox 3151 2017 3259 2058; x_wconf 90' lang='lat' dir='ltr'><strong>non</strong></span> <span class='ocrx_word' id='word_1_509' title='bbox 3288 2009 3342 2058; x_wconf 88' lang='lat' dir='ltr'><strong>et</strong></span> <span class='ocrx_word' id='word_1_510' title='bbox 3367 2004 3481 2059; x_wconf 68' lang='lat' dir='ltr'><strong>haec</strong></span> <span class='ocrx_word' id='word_1_511' title='bbox 3509 2004 3679 2059; x_wconf 84' lang='lat' dir='ltr'><strong>Crea-</strong></span> 
     </span>
    </p>
   </div>
   <div class='ocr_carea' id='block_1_70' title="bbox 2086 2089 3675 2163">
    <p class='ocr_par' dir='ltr' id='par_1_70' title="bbox 2086 2089 3675 2163">
     <span class='ocr_line' id='line_1_70' title="bbox 2086 2089 3675 2163; baseline 0 -16"><span class='ocrx_word' id='word_1_512' title='bbox 2086 2090 2256 2147; x_wconf 85' lang='lat' dir='ltr'><strong>toris?</strong></span> <span class='ocrx_word' id='word_1_513' title='bbox 2284 2090 2445 2146; x_wconf 88' lang='lat' dir='ltr'><strong>Planc</strong></span> <span class='ocrx_word' id='word_1_514' title='bbox 2493 2091 2616 2148; x_wconf 91' lang='lat' dir='ltr'><strong>novi</strong></span> <span class='ocrx_word' id='word_1_515' title='bbox 2660 2090 2756 2146; x_wconf 90' lang='lat' dir='ltr'><strong>Dei</strong></span> <span class='ocrx_word' id='word_1_516' title='bbox 2814 2098 3079 2163; x_wconf 74' lang='lat' dir='ltr'><strong>praecepta</strong></span> <span class='ocrx_word' id='word_1_517' title='bbox 3137 2089 3314 2148; x_wconf 77' lang='lat'><strong>508</strong></span> <span class='ocrx_word' id='word_1_518' title='bbox 3373 2091 3675 2148; x_wconf 86' lang='lat' dir='ltr'><strong>videamus.</strong></span> 
     </span>
    </p>
   </div>
   <div class='ocr_carea' id='block_1_71' title="bbox 2092 2179 3675 2251">
    <p class='ocr_par' dir='ltr' id='par_1_71' title="bbox 2092 2179 3675 2251">
     <span class='ocr_line' id='line_1_71' title="bbox 2092 2179 3675 2251; baseline -0.001 -14"><span class='ocrx_word' id='word_1_519' title='bbox 2092 2181 2243 2246; x_wconf 89' lang='lat' dir='ltr'><strong>0dio,</strong></span> <span class='ocrx_word' id='word_1_520' title='bbox 2275 2179 2468 2251; x_wconf 84' lang='lat' dir='ltr'><strong>inquit,</strong></span> <span class='ocrx_word' id='word_1_521' title='bbox 2493 2180 2755 2237; x_wconf 85' lang='lat' dir='ltr'><strong>habentes</strong></span> <span class='ocrx_word' id='word_1_522' title='bbox 2790 2182 3029 2247; x_wconf 86' lang='lat' dir='ltr'><strong>malum,</strong></span> <span class='ocrx_word' id='word_1_523' title='bbox 3052 2185 3107 2235; x_wconf 91' lang='lat' dir='ltr'><strong>et</strong></span> <span class='ocrx_word' id='word_1_524' title='bbox 3139 2182 3275 2238; x_wconf 91' lang='lat' dir='ltr'><strong>bono</strong></span> <span class='ocrx_word' id='word_1_525' title='bbox 3305 2179 3675 2239; x_wconf 70' lang='lat' dir='ltr'><strong>adhaerentes.</strong></span> 
     </span>
    </p>
   </div>
   <div class='ocr_carea' id='block_1_72' title="bbox 2085 2267 3682 2339">
    <p class='ocr_par' dir='ltr' id='par_1_72' title="bbox 2085 2267 3682 2339">
     <span class='ocr_line' id='line_1_72' title="bbox 2085 2267 3682 2339; baseline 0.002 -17"><span class='ocrx_word' id='word_1_526' title='bbox 2085 2267 2246 2323; x_wconf 83' lang='lat' dir='ltr'><strong>Aliud</strong></span> <span class='ocrx_word' id='word_1_527' title='bbox 2278 2274 2359 2322; x_wconf 90' lang='lat' dir='ltr'><strong>est</strong></span> <span class='ocrx_word' id='word_1_528' title='bbox 2389 2267 2530 2323; x_wconf 91' lang='lat' dir='ltr'><strong>enim</strong></span> <span class='ocrx_word' id='word_1_529' title='bbox 2561 2273 2701 2337; x_wconf 90' lang='lat' dir='ltr'><strong>apud</strong></span> <span class='ocrx_word' id='word_1_530' title='bbox 2741 2268 3072 2323; x_wconf 88' lang='lat' dir='ltr'><strong>Creatorem.</strong></span> <span class='ocrx_word' id='word_1_531' title='bbox 3104 2268 3337 2339; x_wconf 76' lang='lat' dir='ltr'><strong>Auferte</strong></span> <span class='ocrx_word' id='word_1_532' title='bbox 3366 2268 3581 2324; x_wconf 86' lang='lat' dir='ltr'><strong>malum</strong></span> <span class='ocrx_word' id='word_1_533' title='bbox 3611 2268 3682 2325; x_wconf 90' lang='lat' dir='ltr'><strong>de</strong></span> 
     </span>
    </p>
   </div>
   <div class='ocr_carea' id='block_1_73' title="bbox 2086 2351 3675 2425">
    <p class='ocr_par' dir='ltr' id='par_1_73' title="bbox 2086 2351 3675 2425">
     <span class='ocr_line' id='line_1_73' title="bbox 2086 2351 3675 2425; baseline 0.001 -19"><span class='ocrx_word' id='word_1_534' title='bbox 2086 2352 2251 2418; x_wconf 85' lang='lat' dir='ltr'><strong>vobis,</strong></span> <span class='ocrx_word' id='word_1_535' title='bbox 2277 2360 2331 2407; x_wconf 87' lang='lat' dir='ltr'><strong>et</strong></span> <span class='ocrx_word' id='word_1_536' title='bbox 2378 2352 2555 2420; x_wconf 84' lang='lat' dir='ltr'><strong>(Psal.</strong></span> <span class='ocrx_word' id='word_1_537' title='bbox 2588 2367 2796 2417; x_wconf 77' lang='lat' dir='ltr'><strong>xxxm,</strong></span> <span class='ocrx_word' id='word_1_538' title='bbox 2833 2351 2920 2421; x_wconf 77' lang='grc'><strong>14)</strong></span> <span class='ocrx_word' id='word_1_539' title='bbox 2951 2353 3176 2409; x_wconf 85' lang='lat' dir='ltr'><strong>declina</strong></span> <span class='ocrx_word' id='word_1_540' title='bbox 3214 2370 3250 2408; x_wconf 90' lang='lat' dir='ltr'><strong>a</strong></span> <span class='ocrx_word' id='word_1_541' title='bbox 3285 2354 3456 2419; x_wconf 88' lang='lat' dir='ltr'><strong>malo,</strong></span> <span class='ocrx_word' id='word_1_542' title='bbox 3481 2358 3535 2408; x_wconf 89' lang='lat' dir='ltr'><strong>et</strong></span> <span class='ocrx_word' id='word_1_543' title='bbox 3579 2355 3675 2425; x_wconf 76' lang='lat' dir='ltr'><strong>[ac</strong></span> 
     </span>
    </p>
   </div>
   <div class='ocr_carea' id='block_1_74' title="bbox 2086 2441 3684 2513">
    <p class='ocr_par' dir='ltr' id='par_1_74' title="bbox 2086 2441 3684 2513">
     <span class='ocr_line' id='line_1_74' title="bbox 2086 2441 3684 2513; baseline 0.001 -18"><span class='ocrx_word' id='word_1_544' title='bbox 2086 2441 2310 2499; x_wconf 88' lang='lat' dir='ltr'><strong>bonum.</strong></span> <span class='ocrx_word' id='word_1_545' title='bbox 2335 2442 2532 2500; x_wconf 86' lang='lat' dir='ltr'><strong>Amore</strong></span> <span class='ocrx_word' id='word_1_546' title='bbox 2552 2442 2947 2513; x_wconf 84' lang='lat' dir='ltr'><strong>fraternitatis</strong></span> <span class='ocrx_word' id='word_1_547' title='bbox 2968 2442 3210 2498; x_wconf 88' lang='lat' dir='ltr'><strong>invicem</strong></span> <span class='ocrx_word' id='word_1_548' title='bbox 3225 2443 3684 2512; x_wconf 84' lang='lat' dir='ltr'><strong>a/fectuosi.Non</strong></span> 
     </span>
    </p>
   </div>
   <div class='ocr_carea' id='block_1_75' title="bbox 2086 2528 3685 2603">
    <p class='ocr_par' dir='ltr' id='par_1_75' title="bbox 2086 2528 3685 2603">
     <span class='ocr_line' id='line_1_75' title="bbox 2086 2528 3685 2603; baseline 0.001 -18"><span class='ocrx_word' id='word_1_549' title='bbox 2086 2530 2228 2585; x_wconf 89' lang='lat' dir='ltr'><strong>enim</strong></span> <span class='ocrx_word' id='word_1_550' title='bbox 2254 2528 2307 2583; x_wconf 89' lang='lat' dir='ltr'><strong>id</strong></span> <span class='ocrx_word' id='word_1_551' title='bbox 2338 2529 2512 2599; x_wconf 86' lang='lat' dir='ltr'><strong>ipsum</strong></span> <span class='ocrx_word' id='word_1_552' title='bbox 2533 2537 2618 2585; x_wconf 87' lang='lat' dir='ltr'><strong>est</strong></span> <span class='ocrx_word' id='word_1_553' title='bbox 2648 2547 2661 2585; x_wconf 92' lang='lat'>:</span> <span class='ocrx_word' id='word_1_554' title='bbox 2696 2531 2899 2602; x_wconf 85' lang='lat' dir='ltr'><strong>Diliges</strong></span> <span class='ocrx_word' id='word_1_555' title='bbox 2914 2532 3250 2602; x_wconf 77' lang='lat' dir='ltr'><strong>proximum</strong></span> <span class='ocrx_word' id='word_1_556' title='bbox 3280 2536 3555 2603; x_wconf 87' lang='lat' dir='ltr'><strong>tanquam</strong></span> <span class='ocrx_word' id='word_1_557' title='bbox 3586 2531 3685 2587; x_wconf 82' lang='lat' dir='ltr'><strong>te?</strong></span> 
     </span>
    </p>
   </div>
   <div class='ocr_carea' id='block_1_76' title="bbox 2088 2618 3681 2693">
    <p class='ocr_par' dir='ltr' id='par_1_76' title="bbox 2088 2618 3681 2693">
     <span class='ocr_line' id='line_1_76' title="bbox 2088 2618 3681 2693; baseline -0.001 -18"><span class='ocrx_word' id='word_1_558' title='bbox 2088 2620 2193 2691; x_wconf 87' lang='lat' dir='ltr'><strong>Spe</strong></span> <span class='ocrx_word' id='word_1_559' title='bbox 2222 2619 2558 2693; x_wconf 86' lang='lat' dir='ltr'><strong>gaudentes;</strong></span> <span class='ocrx_word' id='word_1_560' title='bbox 2578 2618 2765 2691; x_wconf 90' lang='lat' dir='ltr'><strong>utique</strong></span> <span class='ocrx_word' id='word_1_561' title='bbox 2809 2619 2905 2674; x_wconf 90' lang='lat' dir='ltr'><strong>Dei</strong></span> <span class='ocrx_word' id='word_1_562' title='bbox 2934 2636 2948 2673; x_wconf 91' lang='lat'><strong>:</strong></span> <span class='ocrx_word' id='word_1_563' title='bbox 2974 2622 3196 2678; x_wconf 86' lang='lat' dir='ltr'><strong>Bonum</strong></span> <span class='ocrx_word' id='word_1_564' title='bbox 3215 2625 3302 2677; x_wconf 90' lang='lat' dir='ltr'><strong>est</strong></span> <span class='ocrx_word' id='word_1_565' title='bbox 3320 2622 3479 2677; x_wconf 87' lang='lat' dir='ltr'><strong>enim</strong></span> <span class='ocrx_word' id='word_1_566' title='bbox 3507 2619 3681 2691; x_wconf 88' lang='lat' dir='ltr'><strong>(Psal.</strong></span> 
     </span>
    </p>
   </div>
   <div class='ocr_carea' id='block_1_77' title="bbox 2086 2708 3688 2781">
    <p class='ocr_par' dir='ltr' id='par_1_77' title="bbox 2086 2708 3688 2781">
     <span class='ocr_line' id='line_1_77' title="bbox 2086 2708 3688 2781; baseline 0.001 -19"><span class='ocrx_word' id='word_1_567' title='bbox 2086 2709 2264 2775; x_wconf 83' lang='lat' dir='ltr'><strong>cxvu)</strong></span> <span class='ocrx_word' id='word_1_568' title='bbox 2288 2724 2517 2780; x_wconf 88' lang='lat' dir='ltr'><strong>sperare</strong></span> <span class='ocrx_word' id='word_1_569' title='bbox 2538 2708 2602 2762; x_wconf 89' lang='lat' dir='ltr'><strong>in</strong></span> <span class='ocrx_word' id='word_1_570' title='bbox 2622 2708 2925 2765; x_wconf 89' lang='lat' dir='ltr'><strong>Dominum</strong></span> <span class='ocrx_word' id='word_1_571' title='bbox 2946 2709 3014 2773; x_wconf 75' lang='lat'><strong>76,</strong></span> <span class='ocrx_word' id='word_1_572' title='bbox 3038 2726 3205 2781; x_wconf 88' lang='lat' dir='ltr'><strong>quam</strong></span> <span class='ocrx_word' id='word_1_573' title='bbox 3232 2725 3460 2781; x_wconf 87' lang='lat' dir='ltr'><strong>sperare</strong></span> <span class='ocrx_word' id='word_1_574' title='bbox 3482 2710 3544 2764; x_wconf 89' lang='lat' dir='ltr'><strong>in</strong></span> <span class='ocrx_word' id='word_1_575' title='bbox 3562 2726 3688 2763; x_wconf 89' lang='lat' dir='ltr'><strong>ma-</strong></span> 
     </span>
    </p>
   </div>
   <div class='ocr_carea' id='block_1_78' title="bbox 2086 2796 3685 2871">
    <p class='ocr_par' dir='ltr' id='par_1_78' title="bbox 2086 2796 3685 2871">
     <span class='ocr_line' id='line_1_78' title="bbox 2086 2796 3685 2871; baseline -0.002 -19"><span class='ocrx_word' id='word_1_576' title='bbox 2086 2798 2386 2871; x_wconf 86' lang='lat' dir='ltr'><strong>gistratus.</strong></span> <span class='ocrx_word' id='word_1_577' title='bbox 2419 2800 2755 2854; x_wconf 87' lang='lat' dir='ltr'><strong>Pressuram</strong></span> <span class='ocrx_word' id='word_1_578' title='bbox 2781 2799 3132 2854; x_wconf 87' lang='lat' dir='ltr'><strong>sustinentes</strong></span> <span class='ocrx_word' id='word_1_579' title='bbox 3165 2815 3179 2853; x_wconf 92' lang='lat'>:</span> <span class='ocrx_word' id='word_1_580' title='bbox 3210 2798 3502 2855; x_wconf 72' lang='lat' dir='ltr'><strong>Exaudiet</strong></span> <span class='ocrx_word' id='word_1_581' title='bbox 3539 2796 3685 2853; x_wconf 90' lang='lat' dir='ltr'><strong>enim</strong></span> 
     </span>
    </p>
   </div>
   <div class='ocr_carea' id='block_1_79' title="bbox 2090 2886 3686 2959">
    <p class='ocr_par' dir='ltr' id='par_1_79' title="bbox 2090 2886 3686 2959">
     <span class='ocr_line' id='line_1_79' title="bbox 2090 2886 3686 2959; baseline 0 -17"><span class='ocrx_word' id='word_1_582' title='bbox 2090 2888 2261 2959; x_wconf 91' lang='lat' dir='ltr'><strong>(Psal.</strong></span> <span class='ocrx_word' id='word_1_583' title='bbox 2294 2901 2412 2953; x_wconf 69' lang='lat' dir='ltr'><strong>xxx,</strong></span> <span class='ocrx_word' id='word_1_584' title='bbox 2450 2886 2501 2959; x_wconf 90' lang='grc'><strong>1)</strong></span> <span class='ocrx_word' id='word_1_585' title='bbox 2550 2891 2603 2944; x_wconf 89' lang='lat' dir='ltr'><strong>te</strong></span> <span class='ocrx_word' id='word_1_586' title='bbox 2641 2888 2912 2943; x_wconf 90' lang='lat' dir='ltr'><strong>Dominus</strong></span> <span class='ocrx_word' id='word_1_587' title='bbox 2949 2888 3014 2942; x_wconf 88' lang='lat' dir='ltr'><strong>in</strong></span> <span class='ocrx_word' id='word_1_588' title='bbox 3043 2886 3132 2942; x_wconf 90' lang='lat' dir='ltr'><strong>die</strong></span> <span class='ocrx_word' id='word_1_589' title='bbox 3168 2903 3468 2959; x_wconf 64' lang='lat' dir='ltr'><strong>pressurae.</strong></span> <span class='ocrx_word' id='word_1_590' title='bbox 3510 2887 3686 2942; x_wconf 83' lang='lat' dir='ltr'><strong>Habes</strong></span> 
     </span>
    </p>
   </div>
   <div class='ocr_carea' id='block_1_80' title="bbox 2092 2976 3687 3047">
    <p class='ocr_par' dir='ltr' id='par_1_80' title="bbox 2092 2976 3687 3047">
     <span class='ocr_line' id='line_1_80' title="bbox 2092 2976 3687 3047; baseline 0.001 -17"><span class='ocrx_word' id='word_1_591' title='bbox 2092 2976 2357 3031; x_wconf 84' lang='lat' dir='ltr'><strong>Psalmum</strong></span> <span class='ocrx_word' id='word_1_592' title='bbox 2412 2976 2773 3034; x_wconf 84' lang='lat' dir='ltr'><strong>:Benedicite</strong></span> <span class='ocrx_word' id='word_1_593' title='bbox 2827 2980 2902 3032; x_wconf 90' lang='lat' dir='ltr'><strong>et.</strong></span> <span class='ocrx_word' id='word_1_594' title='bbox 2939 2977 3118 3034; x_wconf 88' lang='lat' dir='ltr'><strong>nolite</strong></span> <span class='ocrx_word' id='word_1_595' title='bbox 3174 2976 3537 3045; x_wconf 86' lang='lat' dir='ltr'><strong>maledicere;</strong></span> <span class='ocrx_word' id='word_1_596' title='bbox 3565 2976 3687 3047; x_wconf 89' lang='lat' dir='ltr'><strong>quis</strong></span> 
     </span>
    </p>
   </div>
   <div class='ocr_carea' id='block_1_81' title="bbox 2019 3062 3688 3153">
    <p class='ocr_par' dir='ltr' id='par_1_81' title="bbox 2019 3062 3688 3153">
     <span class='ocr_line' id='line_1_81' title="bbox 2019 3062 3688 3153; baseline -0.002 -34"><span class='ocrx_word' id='word_1_597' title='bbox 2019 3074 2063 3153; x_wconf 70' lang='grc' dir='ltr'><em>ε</em></span> <span class='ocrx_word' id='word_1_598' title='bbox 2090 3065 2194 3121; x_wconf 88' lang='lat' dir='ltr'><strong>hoc</strong></span> <span class='ocrx_word' id='word_1_599' title='bbox 2221 3063 2457 3136; x_wconf 87' lang='lat' dir='ltr'><strong>docebit,</strong></span> <span class='ocrx_word' id='word_1_600' title='bbox 2488 3080 2649 3136; x_wconf 90' lang='lat' dir='ltr'><strong>quam</strong></span> <span class='ocrx_word' id='word_1_601' title='bbox 2678 3065 2770 3138; x_wconf 89' lang='lat' dir='ltr'><strong>qui</strong></span> <span class='ocrx_word' id='word_1_602' title='bbox 2800 3062 2980 3119; x_wconf 88' lang='lat' dir='ltr'><strong>omnia</strong></span> <span class='ocrx_word' id='word_1_603' title='bbox 3009 3063 3470 3120; x_wconf 88' lang='lat' dir='ltr'><strong>benedictionibus</strong></span> <span class='ocrx_word' id='word_1_604' title='bbox 3498 3063 3688 3121; x_wconf 90' lang='lat' dir='ltr'><strong>condi-</strong></span> 
     </span>
    </p>
   </div>
   <div class='ocr_carea' id='block_1_82' title="bbox 2087 3153 3685 3227">
    <p class='ocr_par' dir='ltr' id='par_1_82' title="bbox 2087 3153 3685 3227">
     <span class='ocr_line' id='line_1_82' title="bbox 2087 3153 3685 3227; baseline -0.002 -17"><span class='ocrx_word' id='word_1_605' title='bbox 2087 3155 2201 3210; x_wconf 88' lang='lat' dir='ltr'><strong>dit?</strong></span> <span class='ocrx_word' id='word_1_606' title='bbox 2250 3156 2370 3213; x_wconf 86' lang='lat' dir='ltr'><strong>Non</strong></span> <span class='ocrx_word' id='word_1_607' title='bbox 2416 3155 2608 3211; x_wconf 90' lang='lat' dir='ltr'><strong>altum</strong></span> <span class='ocrx_word' id='word_1_608' title='bbox 2655 3155 2954 3227; x_wconf 84' lang='lat' dir='ltr'><strong>sapientes,</strong></span> <span class='ocrx_word' id='word_1_609' title='bbox 2989 3153 3084 3208; x_wconf 89' lang='lat' dir='ltr'><strong>sed</strong></span> <span class='ocrx_word' id='word_1_610' title='bbox 3126 3153 3432 3210; x_wconf 88' lang='lat' dir='ltr'><strong>humilibus</strong></span> <span class='ocrx_word' id='word_1_611' title='bbox 3484 3169 3685 3209; x_wconf 87' lang='lat' dir='ltr'><strong>assen-</strong></span> 
     </span>
    </p>
   </div>
   <div class='ocr_carea' id='block_1_83' title="bbox 2089 3241 3684 3315">
    <p class='ocr_par' dir='ltr' id='par_1_83' title="bbox 2089 3241 3684 3315">
     <span class='ocr_line' id='line_1_83' title="bbox 2089 3241 3684 3315; baseline -0.003 -14"><span class='ocrx_word' id='word_1_612' title='bbox 2089 3247 2276 3302; x_wconf 87' lang='lat' dir='ltr'><strong>tantes</strong></span> <span class='ocrx_word' id='word_1_613' title='bbox 2313 3245 2383 3310; x_wconf 71' lang='lat'><strong>77,</strong></span> <span class='ocrx_word' id='word_1_614' title='bbox 2414 3258 2485 3300; x_wconf 90' lang='lat' dir='ltr'><strong>ne</strong></span> <span class='ocrx_word' id='word_1_615' title='bbox 2531 3243 2658 3300; x_wconf 87' lang='lat' dir='ltr'><strong>sitis</strong></span> <span class='ocrx_word' id='word_1_616' title='bbox 2713 3242 2866 3315; x_wconf 88' lang='lat' dir='ltr'><strong>apud</strong></span> <span class='ocrx_word' id='word_1_617' title='bbox 2914 3258 3008 3299; x_wconf 89' lang='lat' dir='ltr'><strong>vos</strong></span> <span class='ocrx_word' id='word_1_618' title='bbox 3058 3242 3375 3313; x_wconf 89' lang='lat' dir='ltr'><strong>sapientes;</strong></span> <span class='ocrx_word' id='word_1_619' title='bbox 3409 3259 3491 3299; x_wconf 74' lang='lat' dir='ltr'><strong>vce</strong></span> <span class='ocrx_word' id='word_1_620' title='bbox 3536 3241 3684 3296; x_wconf 89' lang='lat' dir='ltr'><strong>enim</strong></span> 
     </span>
    </p>
   </div>
   <div class='ocr_carea' id='block_1_84' title="bbox 2086 3328 3687 3402">
    <p class='ocr_par' dir='ltr' id='par_1_84' title="bbox 2086 3328 3687 3402">
     <span class='ocr_line' id='line_1_84' title="bbox 2086 3328 3687 3402; baseline -0.001 -17"><span class='ocrx_word' id='word_1_621' title='bbox 2086 3331 2310 3386; x_wconf 90' lang='lat' dir='ltr'><strong>audiunt</strong></span> <span class='ocrx_word' id='word_1_622' title='bbox 2339 3347 2432 3402; x_wconf 89' lang='lat' dir='ltr'><strong>per</strong></span> <span class='ocrx_word' id='word_1_623' title='bbox 2454 3330 2643 3385; x_wconf 90' lang='lat' dir='ltr'><strong>Isaiam</strong></span> <span class='ocrx_word' id='word_1_624' title='bbox 2665 3328 2741 3401; x_wconf 81' lang='grc' dir='ltr'>(ν,</span> <span class='ocrx_word' id='word_1_625' title='bbox 2765 3329 2857 3401; x_wconf 82' lang='grc'>21)</span> <span class='ocrx_word' id='word_1_626' title='bbox 2891 3348 2904 3384; x_wconf 89' lang='lat'><strong>:</strong></span> <span class='ocrx_word' id='word_1_627' title='bbox 2940 3329 3143 3387; x_wconf 77' lang='lat' dir='ltr'><strong>Malum</strong></span> <span class='ocrx_word' id='word_1_628' title='bbox 3162 3346 3262 3402; x_wconf 92' lang='lat' dir='ltr'><strong>pro</strong></span> <span class='ocrx_word' id='word_1_629' title='bbox 3292 3332 3443 3387; x_wconf 86' lang='lat' dir='ltr'><strong>malo</strong></span> <span class='ocrx_word' id='word_1_630' title='bbox 3462 3332 3687 3388; x_wconf 84' lang='lat' dir='ltr'><strong>nemini</strong></span> 
     </span>
    </p>
   </div>
   <div class='ocr_carea' id='block_1_85' title="bbox 2087 3419 3690 3491">
    <p class='ocr_par' dir='ltr' id='par_1_85' title="bbox 2087 3419 3690 3491">
     <span class='ocr_line' id='line_1_85' title="bbox 2087 3419 3690 3491; baseline -0.001 -15"><span class='ocrx_word' id='word_1_631' title='bbox 2087 3420 2470 3489; x_wconf 88' lang='lat' dir='ltr'><strong>retribueritis</strong></span> <span class='ocrx_word' id='word_1_632' title='bbox 2487 3438 2506 3484; x_wconf 88' lang='lat'><em>;</em></span> <span class='ocrx_word' id='word_1_633' title='bbox 2526 3426 2580 3473; x_wconf 92' lang='lat' dir='ltr'><strong>et</strong></span> <span class='ocrx_word' id='word_1_634' title='bbox 2601 3419 2794 3489; x_wconf 89' lang='lat' dir='ltr'><strong>(Levit.</strong></span> <span class='ocrx_word' id='word_1_635' title='bbox 2814 3434 2935 3485; x_wconf 76' lang='grc' dir='ltr'>χιχ,</span> <span class='ocrx_word' id='word_1_636' title='bbox 2949 3419 3037 3490; x_wconf 88' lang='grc'>18)</span> <span class='ocrx_word' id='word_1_637' title='bbox 3061 3436 3075 3473; x_wconf 89' lang='lat'><strong>:</strong></span> <span class='ocrx_word' id='word_1_638' title='bbox 3103 3419 3334 3475; x_wconf 75' lang='lat' dir='ltr'><strong>Malitia:</strong></span> <span class='ocrx_word' id='word_1_639' title='bbox 3351 3421 3553 3491; x_wconf 86' lang='lat' dir='ltr'><strong>fratris</strong></span> <span class='ocrx_word' id='word_1_640' title='bbox 3574 3434 3690 3475; x_wconf 87' lang='lat' dir='ltr'><strong>ves-</strong></span> 
     </span>
    </p>
   </div>
   <div class='ocr_carea' id='block_1_86' title="bbox 2091 3508 3686 3580">
    <p class='ocr_par' dir='ltr' id='par_1_86' title="bbox 2091 3508 3686 3580">
     <span class='ocr_line' id='line_1_86' title="bbox 2091 3508 3686 3580; baseline 0 -15"><span class='ocrx_word' id='word_1_641' title='bbox 2091 3510 2171 3566; x_wconf 91' lang='lat' dir='ltr'><strong>tri</strong></span> <span class='ocrx_word' id='word_1_642' title='bbox 2196 3525 2265 3565; x_wconf 87' lang='lat' dir='ltr'><strong>ne</strong></span> <span class='ocrx_word' id='word_1_643' title='bbox 2292 3508 2673 3566; x_wconf 88' lang='lat' dir='ltr'><strong>memineritis</strong></span> <span class='ocrx_word' id='word_1_644' title='bbox 2697 3508 2765 3561; x_wconf 71' lang='grc' dir='ltr'><strong>τε.</strong></span> <span class='ocrx_word' id='word_1_645' title='bbox 2781 3509 2889 3565; x_wconf 85' lang='lat' dir='ltr'><strong>Nec</strong></span> <span class='ocrx_word' id='word_1_646' title='bbox 2918 3510 3275 3580; x_wconf 85' lang='lat' dir='ltr'><strong>vosmetipsos</strong></span> <span class='ocrx_word' id='word_1_647' title='bbox 3302 3508 3639 3566; x_wconf 86' lang='lat' dir='ltr'><strong>ulciscentes</strong></span> <span class='ocrx_word' id='word_1_648' title='bbox 3665 3528 3686 3565; x_wconf 91' lang='lat'><strong><em>:</em></strong></span> 
     </span>
    </p>
   </div>
   <div class='ocr_carea' id='block_1_87' title="bbox 2072 3598 3686 3670">
    <p class='ocr_par' dir='ltr' id='par_1_87' title="bbox 2072 3598 3686 3670">
     <span class='ocr_line' id='line_1_87' title="bbox 2072 3598 3686 3670; baseline -0.001 -13"><span class='ocrx_word' id='word_1_649' title='bbox 2072 3599 2224 3657; x_wconf 77' lang='lat' dir='ltr'><strong>Mihi</strong></span> <span class='ocrx_word' id='word_1_650' title='bbox 2243 3600 2397 3655; x_wconf 88' lang='lat' dir='ltr'><strong>enim</strong></span> <span class='ocrx_word' id='word_1_651' title='bbox 2426 3598 2612 3669; x_wconf 89' lang='lat' dir='ltr'><strong>(Deut.</strong></span> <span class='ocrx_word' id='word_1_652' title='bbox 2638 3612 2821 3664; x_wconf 67' lang='grc' dir='ltr'>χχιιι,</span> <span class='ocrx_word' id='word_1_653' title='bbox 2846 3598 2938 3670; x_wconf 83' lang='grc'><strong>35)</strong></span> <span class='ocrx_word' id='word_1_654' title='bbox 2963 3598 3279 3655; x_wconf 86' lang='lat' dir='ltr'><strong>vindictam</strong></span> <span class='ocrx_word' id='word_1_655' title='bbox 3298 3602 3355 3655; x_wconf 90' lang='lat' dir='ltr'><strong>et</strong></span> <span class='ocrx_word' id='word_1_656' title='bbox 3376 3613 3469 3669; x_wconf 89' lang='lat' dir='ltr'><strong>ego</strong></span> <span class='ocrx_word' id='word_1_657' title='bbox 3498 3598 3686 3655; x_wconf 82' lang='lat' dir='ltr'><strong>vindi-</strong></span> 
     </span>
    </p>
   </div>
   <div class='ocr_carea' id='block_1_88' title="bbox 2091 3687 3684 3753">
    <p class='ocr_par' dir='ltr' id='par_1_88' title="bbox 2091 3687 3684 3753">
     <span class='ocr_line' id='line_1_88' title="bbox 2091 3687 3684 3753; baseline -0.001 -11"><span class='ocrx_word' id='word_1_658' title='bbox 2091 3687 2244 3753; x_wconf 89' lang='lat' dir='ltr'><strong>cabo,</strong></span> <span class='ocrx_word' id='word_1_659' title='bbox 2263 3688 2404 3743; x_wconf 88' lang='lat' dir='ltr'><strong>dicit</strong></span> <span class='ocrx_word' id='word_1_660' title='bbox 2441 3688 2726 3743; x_wconf 88' lang='lat' dir='ltr'><strong>Dominus.</strong></span> <span class='ocrx_word' id='word_1_661' title='bbox 2753 3688 2954 3744; x_wconf 87' lang='lat' dir='ltr'><strong>Pacem</strong></span> <span class='ocrx_word' id='word_1_662' title='bbox 2980 3704 3113 3743; x_wconf 89' lang='lat' dir='ltr'><strong>cum</strong></span> <span class='ocrx_word' id='word_1_663' title='bbox 3142 3687 3395 3746; x_wconf 89' lang='lat' dir='ltr'><strong>omnibus</strong></span> <span class='ocrx_word' id='word_1_664' title='bbox 3423 3687 3472 3726; x_wconf 76' lang='lat'>79</span> <span class='ocrx_word' id='word_1_665' title='bbox 3502 3688 3684 3744; x_wconf 88' lang='lat' dir='ltr'><strong>homi-</strong></span> 
     </span>
    </p>
   </div>
   <div class='ocr_carea' id='block_1_89' title="bbox 2091 3775 3689 3849">
    <p class='ocr_par' dir='ltr' id='par_1_89' title="bbox 2091 3775 3689 3849">
     <span class='ocr_line' id='line_1_89' title="bbox 2091 3775 3689 3849; baseline -0.001 -17"><span class='ocrx_word' id='word_1_666' title='bbox 2091 3776 2255 3832; x_wconf 87' lang='lat' dir='ltr'><strong>nibus</strong></span> <span class='ocrx_word' id='word_1_667' title='bbox 2285 3775 2540 3832; x_wconf 90' lang='lat' dir='ltr'><strong>habetote</strong></span> <span class='ocrx_word' id='word_1_668' title='bbox 2570 3794 2587 3830; x_wconf 93' lang='lat'><strong><em>:</em></strong></span> <span class='ocrx_word' id='word_1_669' title='bbox 2620 3790 2750 3846; x_wconf 85' lang='lat' dir='ltr'><strong>ergo</strong></span> <span class='ocrx_word' id='word_1_670' title='bbox 2781 3783 2835 3831; x_wconf 89' lang='lat' dir='ltr'><strong>et</strong></span> <span class='ocrx_word' id='word_1_671' title='bbox 2862 3776 3050 3849; x_wconf 88' lang='lat' dir='ltr'><strong>legalis</strong></span> <span class='ocrx_word' id='word_1_672' title='bbox 3080 3777 3204 3832; x_wconf 90' lang='lat' dir='ltr'><strong>talio</strong></span> <span class='ocrx_word' id='word_1_673' title='bbox 3233 3790 3341 3831; x_wconf 90' lang='lat' dir='ltr'><strong>non</strong></span> <span class='ocrx_word' id='word_1_674' title='bbox 3369 3775 3689 3832; x_wconf 87' lang='lat' dir='ltr'><strong>retributio-</strong></span> 
     </span>
    </p>
   </div>
   <div class='ocr_carea' id='block_1_90' title="bbox 2094 3863 3686 3937">
    <p class='ocr_par' dir='ltr' id='par_1_90' title="bbox 2094 3863 3686 3937">
     <span class='ocr_line' id='line_1_90' title="bbox 2094 3863 3686 3937; baseline -0.001 -16"><span class='ocrx_word' id='word_1_675' title='bbox 2094 3881 2213 3921; x_wconf 90' lang='lat' dir='ltr'><strong>nem</strong></span> <span class='ocrx_word' id='word_1_676' title='bbox 2269 3863 2482 3933; x_wconf 73' lang='lat' dir='ltr'><strong>injurias</strong></span> <span class='ocrx_word' id='word_1_677' title='bbox 2543 3864 2912 3936; x_wconf 88' lang='lat' dir='ltr'><strong>permittebat,</strong></span> <span class='ocrx_word' id='word_1_678' title='bbox 2963 3864 3057 3921; x_wconf 89' lang='lat' dir='ltr'><strong>sed</strong></span> <span class='ocrx_word' id='word_1_679' title='bbox 3123 3865 3482 3937; x_wconf 88' lang='lat' dir='ltr'><strong>inceptionem</strong></span> <span class='ocrx_word' id='word_1_680' title='bbox 3540 3872 3686 3921; x_wconf 89' lang='lat' dir='ltr'><strong>metu</strong></span> 
     </span>
    </p>
   </div>
   <div class='ocr_carea' id='block_1_91' title="bbox 2095 3951 3689 4027">
    <p class='ocr_par' dir='ltr' id='par_1_91' title="bbox 2095 3951 3689 4027">
     <span class='ocr_line' id='line_1_91' title="bbox 2095 3951 3689 4027; baseline -0.001 -18"><span class='ocrx_word' id='word_1_681' title='bbox 2095 3951 2466 4010; x_wconf 90' lang='lat' dir='ltr'><strong>retributionis</strong></span> <span class='ocrx_word' id='word_1_682' title='bbox 2537 3954 2942 4026; x_wconf 86' lang='lat' dir='ltr'><strong>comprimebat.</strong></span> <span class='ocrx_word' id='word_1_683' title='bbox 3001 3955 3190 4011; x_wconf 84' lang='lat' dir='ltr'><strong>Merito</strong></span> <span class='ocrx_word' id='word_1_684' title='bbox 3259 3954 3439 4027; x_wconf 90' lang='lat' dir='ltr'><strong>itaque</strong></span> <span class='ocrx_word' id='word_1_685' title='bbox 3522 3961 3689 4009; x_wconf 87' lang='lat' dir='ltr'><strong>totam</strong></span> 
     </span>
    </p>
   </div>
   <div class='ocr_carea' id='block_1_92' title="bbox 2097 4042 3691 4116">
    <p class='ocr_par' dir='ltr' id='par_1_92' title="bbox 2097 4042 3691 4116">
     <span class='ocr_line' id='line_1_92' title="bbox 2097 4042 3691 4116; baseline -0.002 -15"><span class='ocrx_word' id='word_1_686' title='bbox 2097 4042 2367 4101; x_wconf 90' lang='lat' dir='ltr'><strong>Creatoris</strong></span> <span class='ocrx_word' id='word_1_687' title='bbox 2392 4042 2726 4114; x_wconf 89' lang='lat' dir='ltr'><strong>disciplinam</strong></span> <span class='ocrx_word' id='word_1_688' title='bbox 2766 4042 3050 4116; x_wconf 87' lang='lat' dir='ltr'><strong>principali</strong></span> <span class='ocrx_word' id='word_1_689' title='bbox 3095 4054 3366 4115; x_wconf 56' lang='lat' dir='ltr'><strong>praecepto</strong></span> <span class='ocrx_word' id='word_1_690' title='bbox 3404 4045 3524 4114; x_wconf 89' lang='lat' dir='ltr'><strong>ejus</strong></span> <span class='ocrx_word' id='word_1_691' title='bbox 3554 4058 3691 4099; x_wconf 90' lang='lat' dir='ltr'><strong>con-</strong></span> 
     </span>
    </p>
   </div>
   <div class='ocr_carea' id='block_1_93' title="bbox 2096 4130 3695 4206">
    <p class='ocr_par' dir='ltr' id='par_1_93' title="bbox 2096 4130 3695 4206">
     <span class='ocr_line' id='line_1_93' title="bbox 2096 4130 3695 4206; baseline -0.002 -17"><span class='ocrx_word' id='word_1_692' title='bbox 2096 4132 2257 4189; x_wconf 86' lang='lat' dir='ltr'><strong>clusit</strong></span> <span class='ocrx_word' id='word_1_693' title='bbox 2287 4150 2299 4190; x_wconf 93' lang='lat'>:</span> <span class='ocrx_word' id='word_1_694' title='bbox 2332 4133 2541 4204; x_wconf 85' lang='lat' dir='ltr'><strong>Diliges</strong></span> <span class='ocrx_word' id='word_1_695' title='bbox 2582 4134 2913 4204; x_wconf 74' lang='lat' dir='ltr'><strong>proximum</strong></span> <span class='ocrx_word' id='word_1_696' title='bbox 2959 4138 3231 4206; x_wconf 85' lang='lat' dir='ltr'><strong>tanquam</strong></span> <span class='ocrx_word' id='word_1_697' title='bbox 3262 4138 3333 4190; x_wconf 86' lang='lat' dir='ltr'><strong>te.</strong></span> <span class='ocrx_word' id='word_1_698' title='bbox 3368 4132 3482 4189; x_wconf 88' lang='lat' dir='ltr'><strong>lioc</strong></span> <span class='ocrx_word' id='word_1_699' title='bbox 3533 4130 3695 4203; x_wconf 75' lang='lat' dir='ltr'><strong>Legis</strong></span> 
     </span>
    </p>
   </div>
   <div class='ocr_carea' id='block_1_94' title="bbox 2096 4223 3693 4298">
    <p class='ocr_par' dir='ltr' id='par_1_94' title="bbox 2096 4223 3693 4298">
     <span class='ocr_line' id='line_1_94' title="bbox 2096 4223 3693 4298; baseline -0.003 -18"><span class='ocrx_word' id='word_1_700' title='bbox 2096 4224 2530 4296; x_wconf 89' lang='lat' dir='ltr'><strong>supplementum</strong></span> <span class='ocrx_word' id='word_1_701' title='bbox 2577 4224 2623 4279; x_wconf 91' lang='lat' dir='ltr'><strong>si</strong></span> <span class='ocrx_word' id='word_1_702' title='bbox 2670 4238 2738 4279; x_wconf 84' lang='lat' dir='ltr'><strong>ex</strong></span> <span class='ocrx_word' id='word_1_703' title='bbox 2782 4223 2900 4295; x_wconf 88' lang='lat' dir='ltr'><strong>ipsa</strong></span> <span class='ocrx_word' id='word_1_704' title='bbox 2940 4223 3082 4298; x_wconf 80' lang='lat' dir='ltr'><strong>Lege</strong></span> <span class='ocrx_word' id='word_1_705' title='bbox 3126 4234 3228 4292; x_wconf 88' lang='lat' dir='ltr'><strong>est,</strong></span> <span class='ocrx_word' id='word_1_706' title='bbox 3261 4224 3383 4294; x_wconf 91' lang='lat' dir='ltr'><strong>quis</strong></span> <span class='ocrx_word' id='word_1_707' title='bbox 3426 4223 3495 4281; x_wconf 84' lang='lat' dir='ltr'><strong>sit</strong></span> <span class='ocrx_word' id='word_1_708' title='bbox 3544 4223 3693 4277; x_wconf 88' lang='lat' dir='ltr'><strong>Deus</strong></span> 
     </span>
    </p>
   </div>
   <div class='ocr_carea' id='block_1_95' title="bbox 2099 4311 3693 4386">
    <p class='ocr_par' dir='ltr' id='par_1_95' title="bbox 2099 4311 3693 4386">
     <span class='ocr_line' id='line_1_95' title="bbox 2099 4311 3693 4386; baseline -0.002 -18"><span class='ocrx_word' id='word_1_709' title='bbox 2099 4312 2263 4385; x_wconf 88' lang='lat' dir='ltr'><strong>Legis</strong></span> <span class='ocrx_word' id='word_1_710' title='bbox 2285 4314 2396 4382; x_wconf 89' lang='lat' dir='ltr'><strong>jam</strong></span> <span class='ocrx_word' id='word_1_711' title='bbox 2425 4314 2616 4386; x_wconf 83' lang='lat' dir='ltr'><strong>ignoro</strong></span> <span class='ocrx_word' id='word_1_712' title='bbox 2646 4312 2852 4383; x_wconf 89' lang='lat' dir='ltr'><strong>(metuo</strong></span> <span class='ocrx_word' id='word_1_713' title='bbox 2882 4329 2951 4369; x_wconf 90' lang='lat' dir='ltr'><strong>ne</strong></span> <span class='ocrx_word' id='word_1_714' title='bbox 2978 4314 3111 4369; x_wconf 88' lang='lat' dir='ltr'><strong>deus</strong></span> <span class='ocrx_word' id='word_1_715' title='bbox 3141 4313 3481 4383; x_wconf 87' lang='lat' dir='ltr'><strong>Marcionis);</strong></span> <span class='ocrx_word' id='word_1_716' title='bbox 3516 4311 3563 4365; x_wconf 90' lang='lat' dir='ltr'><strong>si</strong></span> <span class='ocrx_word' id='word_1_717' title='bbox 3595 4327 3693 4366; x_wconf 83' lang='lat' dir='ltr'><strong>ve-</strong></span> 
     </span>
    </p>
   </div>
   <div class='ocr_carea' id='block_1_96' title="bbox 2098 4400 3686 4472">
    <p class='ocr_par' dir='ltr' id='par_1_96' title="bbox 2098 4400 3686 4472">
     <span class='ocr_line' id='line_1_96' title="bbox 2098 4400 3686 4472; baseline -0.004 -14"><span class='ocrx_word' id='word_1_718' title='bbox 2098 4417 2159 4458; x_wconf 90' lang='lat' dir='ltr'><strong>ro</strong></span> <span class='ocrx_word' id='word_1_719' title='bbox 2204 4401 2547 4472; x_wconf 86' lang='lat' dir='ltr'><strong>Evangelium</strong></span> <span class='ocrx_word' id='word_1_720' title='bbox 2607 4401 2806 4457; x_wconf 90' lang='lat' dir='ltr'><strong>Christi</strong></span> <span class='ocrx_word' id='word_1_721' title='bbox 2863 4404 2964 4455; x_wconf 88' lang='lat' dir='ltr'><strong>hoc</strong></span> <span class='ocrx_word' id='word_1_722' title='bbox 3023 4409 3286 4471; x_wconf 86' lang='lat' dir='ltr'><strong>praecepto</strong></span> <span class='ocrx_word' id='word_1_723' title='bbox 3340 4400 3686 4469; x_wconf 88' lang='lat' dir='ltr'><strong>adimpletur,</strong></span> 
     </span>
    </p>
   </div>
   <div class='ocr_carea' id='block_1_97' title="bbox 2096 4488 3696 4558">
    <p class='ocr_par' dir='ltr' id='par_1_97' title="bbox 2096 4488 3696 4558">
     <span class='ocr_line' id='line_1_97' title="bbox 2096 4488 3696 4558; baseline -0.004 -11"><span class='ocrx_word' id='word_1_724' title='bbox 2096 4490 2293 4547; x_wconf 91' lang='lat' dir='ltr'><strong>Christi</strong></span> <span class='ocrx_word' id='word_1_725' title='bbox 2332 4498 2509 4546; x_wconf 91' lang='lat' dir='ltr'><strong>autem</strong></span> <span class='ocrx_word' id='word_1_726' title='bbox 2557 4505 2663 4545; x_wconf 91' lang='lat' dir='ltr'><strong>non</strong></span> <span class='ocrx_word' id='word_1_727' title='bbox 2712 4498 2795 4544; x_wconf 90' lang='lat' dir='ltr'><strong>est</strong></span> <span class='ocrx_word' id='word_1_728' title='bbox 2839 4489 2889 4527; x_wconf 76' lang='lat'><strong>8°</strong></span> <span class='ocrx_word' id='word_1_729' title='bbox 2919 4488 3209 4555; x_wconf 87' lang='lat' dir='ltr'><strong>Creatoris,</strong></span> <span class='ocrx_word' id='word_1_730' title='bbox 3242 4503 3349 4558; x_wconf 93' lang='lat' dir='ltr'><strong>quo</strong></span> <span class='ocrx_word' id='word_1_731' title='bbox 3397 4489 3508 4557; x_wconf 88' lang='lat' dir='ltr'><strong>jam</strong></span> <span class='ocrx_word' id='word_1_732' title='bbox 3560 4502 3696 4541; x_wconf 89' lang='lat' dir='ltr'><strong>con-</strong></span> 
     </span>
    </p>
   </div>
   <div class='ocr_carea' id='block_1_98' title="bbox 2097 4576 3696 4649">
    <p class='ocr_par' dir='ltr' id='par_1_98' title="bbox 2097 4576 3696 4649">
     <span class='ocr_line' id='line_1_98' title="bbox 2097 4576 3696 4649; baseline -0.004 -14"><span class='ocrx_word' id='word_1_733' title='bbox 2097 4579 2404 4637; x_wconf 88' lang='lat' dir='ltr'><strong>tendimus?</strong></span> <span class='ocrx_word' id='word_1_734' title='bbox 2432 4577 2634 4635; x_wconf 87' lang='lat' dir='ltr'><strong>Dixerit</strong></span> <span class='ocrx_word' id='word_1_735' title='bbox 2680 4576 2943 4641; x_wconf 82' lang='lat' dir='ltr'><strong>Christus,</strong></span> <span class='ocrx_word' id='word_1_736' title='bbox 2974 4593 3043 4633; x_wconf 89' lang='lat' dir='ltr'><strong>an</strong></span> <span class='ocrx_word' id='word_1_737' title='bbox 3084 4592 3191 4632; x_wconf 89' lang='lat' dir='ltr'><strong>non</strong></span> <span class='ocrx_word' id='word_1_738' title='bbox 3224 4593 3237 4633; x_wconf 90' lang='lat'><strong>:</strong></span> <span class='ocrx_word' id='word_1_739' title='bbox 3273 4578 3379 4649; x_wconf 88' lang='lat' dir='ltr'><strong>Ego</strong></span> <span class='ocrx_word' id='word_1_740' title='bbox 3420 4593 3535 4631; x_wconf 85' lang='lat' dir='ltr'><strong>non</strong></span> <span class='ocrx_word' id='word_1_741' title='bbox 3563 4576 3696 4630; x_wconf 86' lang='lat' dir='ltr'><strong>veni</strong></span> 
     </span>
    </p>
   </div>
   <div class='ocr_carea' id='block_1_99' title="bbox 2101 4665 3695 4742">
    <p class='ocr_par' dir='ltr' id='par_1_99' title="bbox 2101 4665 3695 4742">
     <span class='ocr_line' id='line_1_99' title="bbox 2101 4665 3695 4742; baseline -0.004 -16"><span class='ocrx_word' id='word_1_742' title='bbox 2101 4671 2266 4742; x_wconf 87' lang='lat' dir='ltr'><strong>legem</strong></span> <span class='ocrx_word' id='word_1_743' title='bbox 2293 4669 2608 4732; x_wconf 85' lang='lat' dir='ltr'><strong>dissolvere,</strong></span> <span class='ocrx_word' id='word_1_744' title='bbox 2636 4666 2729 4723; x_wconf 86' lang='lat' dir='ltr'><strong>sed</strong></span> <span class='ocrx_word' id='word_1_745' title='bbox 2769 4668 3006 4739; x_wconf 85' lang='lat' dir='ltr'><strong>implere</strong></span> <span class='ocrx_word' id='word_1_746' title='bbox 3036 4666 3257 4738; x_wconf 83' lang='lat' dir='ltr'><strong>(Matth.</strong></span> <span class='ocrx_word' id='word_1_747' title='bbox 3291 4683 3341 4733; x_wconf 79' lang='grc' dir='ltr'>ν,</span> <span class='ocrx_word' id='word_1_748' title='bbox 3386 4667 3516 4734; x_wconf 73' lang='lat' dir='ltr'><strong>t7)?</strong></span> <span class='ocrx_word' id='word_1_749' title='bbox 3548 4665 3695 4720; x_wconf 87' lang='lat' dir='ltr'><strong>Fru-</strong></span> 
     </span>
    </p>
   </div>
   <div class='ocr_carea' id='block_1_100' title="bbox 2099 4754 3693 4827">
    <p class='ocr_par' dir='ltr' id='par_1_100' title="bbox 2099 4754 3693 4827">
     <span class='ocr_line' id='line_1_100' title="bbox 2099 4754 3693 4827; baseline -0.004 -13"><span class='ocrx_word' id='word_1_750' title='bbox 2099 4767 2210 4815; x_wconf 86' lang='lat' dir='ltr'><strong>stra</strong></span> <span class='ocrx_word' id='word_1_751' title='bbox 2272 4759 2340 4813; x_wconf 91' lang='lat' dir='ltr'><strong>de</strong></span> <span class='ocrx_word' id='word_1_752' title='bbox 2392 4758 2493 4812; x_wconf 87' lang='lat' dir='ltr'><strong>ista</strong></span> <span class='ocrx_word' id='word_1_753' title='bbox 2541 4756 2805 4812; x_wconf 86' lang='lat' dir='ltr'><strong>sententia</strong></span> <span class='ocrx_word' id='word_1_754' title='bbox 2857 4755 3110 4827; x_wconf 86' lang='lat' dir='ltr'><strong>neganda</strong></span> <span class='ocrx_word' id='word_1_755' title='bbox 3167 4755 3419 4810; x_wconf 91' lang='lat' dir='ltr'><strong>Ponticus</strong></span> <span class='ocrx_word' id='word_1_756' title='bbox 3476 4754 3693 4808; x_wconf 88' lang='lat' dir='ltr'><strong>labora-</strong></span> 
     </span>
    </p>
   </div>
   <div class='ocr_carea' id='block_1_101' title="bbox 1782 4933 2339 4999">
    <p class='ocr_par' dir='ltr' id='par_1_101' title="bbox 1782 4933 2339 4999">
     <span class='ocr_line' id='line_1_101' title="bbox 1782 4933 2339 4999; baseline -0.002 -4"><span class='ocrx_word' id='word_1_757' title='bbox 1782 4933 1974 4999; x_wconf 71' lang='lat' dir='ltr'><strong>Variae</strong></span> <span class='ocrx_word' id='word_1_758' title='bbox 2028 4937 2339 4998; x_wconf 87' lang='lat' dir='ltr'><strong>lectiones.</strong></span> 
     </span>
    </p>
   </div>
   <div class='ocr_carea' id='block_1_102' title="bbox 478 5063 1125 5123">
    <p class='ocr_par' dir='ltr' id='par_1_102' title="bbox 478 5063 1125 5123">
     <span class='ocr_line' id='line_1_102' title="bbox 478 5063 1125 5123; baseline 0.006 -3"><span class='ocrx_word' id='word_1_759' title='bbox 478 5063 528 5103; x_wconf 76' lang='lat'><strong>59</strong></span> <span class='ocrx_word' id='word_1_760' title='bbox 555 5064 623 5121; x_wconf 83' lang='lat' dir='ltr'><strong>Et</strong></span> <span class='ocrx_word' id='word_1_761' title='bbox 659 5068 844 5123; x_wconf 87' lang='lat' dir='ltr'><strong>omitt.</strong></span> <span class='ocrx_word' id='word_1_762' title='bbox 876 5063 1042 5123; x_wconf 89' lang='lat' dir='ltr'><strong>Pam.</strong></span> <span class='ocrx_word' id='word_1_763' title='bbox 1073 5067 1125 5107; x_wconf 78' lang='grc' dir='ltr'><strong>’⁷ο</strong></span> 
     </span>
    </p>
   </div>
   <div class='ocr_carea' id='block_1_103' title="bbox 1153 5063 3701 5137">
    <p class='ocr_par' dir='ltr' id='par_1_103' title="bbox 1153 5063 3701 5137">
     <span class='ocr_line' id='line_1_103' title="bbox 1153 5063 3701 5137; baseline -0.002 -13"><span class='ocrx_word' id='word_1_764' title='bbox 1153 5065 1274 5137; x_wconf 87' lang='lat' dir='ltr'><strong>Qua</strong></span> <span class='ocrx_word' id='word_1_765' title='bbox 1303 5070 1441 5127; x_wconf 88' lang='lat' dir='ltr'><strong>Jun.</strong></span> <span class='ocrx_word' id='word_1_766' title='bbox 1474 5069 1521 5108; x_wconf 72' lang='grc' dir='ltr'><strong>τι</strong></span> <span class='ocrx_word' id='word_1_767' title='bbox 1577 5067 1795 5124; x_wconf 86' lang='lat' dir='ltr'><strong>Justitia</strong></span> <span class='ocrx_word' id='word_1_768' title='bbox 1822 5068 1994 5126; x_wconf 90' lang='lat' dir='ltr'><strong>Seml.</strong></span> <span class='ocrx_word' id='word_1_769' title='bbox 2033 5066 2253 5129; x_wconf 65' lang='lat' dir='ltr'><strong>Oberth.</strong></span> <span class='ocrx_word' id='word_1_770' title='bbox 2281 5065 2331 5104; x_wconf 64' lang='lat'><strong>79</strong></span> <span class='ocrx_word' id='word_1_771' title='bbox 2353 5065 2568 5137; x_wconf 85' lang='lat' dir='ltr'><strong>Staturo</strong></span> <span class='ocrx_word' id='word_1_772' title='bbox 2590 5065 2715 5135; x_wconf 86' lang='lat' dir='ltr'><strong>Rig.</strong></span> <span class='ocrx_word' id='word_1_773' title='bbox 2773 5072 3016 5122; x_wconf 87' lang='lat' dir='ltr'><strong>statuero</strong></span> <span class='ocrx_word' id='word_1_774' title='bbox 3052 5067 3239 5124; x_wconf 83' lang='lat' dir='ltr'><strong>Venet.</strong></span> <span class='ocrx_word' id='word_1_775' title='bbox 3279 5065 3328 5104; x_wconf 76' lang='grc'><strong>⁷³</strong></span> <span class='ocrx_word' id='word_1_776' title='bbox 3353 5063 3514 5137; x_wconf 87' lang='lat' dir='ltr'><strong>Enim</strong></span> <span class='ocrx_word' id='word_1_777' title='bbox 3572 5068 3701 5121; x_wconf 81' lang='lat' dir='ltr'><strong>Lat.</strong></span> 
     </span>
    </p>
   </div>
   <div class='ocr_carea' id='block_1_104' title="bbox 409 5136 3702 5207">
    <p class='ocr_par' dir='ltr' id='par_1_104' title="bbox 409 5136 3702 5207">
     <span class='ocr_line' id='line_1_104' title="bbox 409 5136 3702 5207; baseline 0.001 -18"><span class='ocrx_word' id='word_1_778' title='bbox 409 5136 514 5191; x_wconf 89' lang='lat' dir='ltr'><strong>ista</strong></span> <span class='ocrx_word' id='word_1_779' title='bbox 567 5138 698 5193; x_wconf 85' lang='lat' dir='ltr'><strong>Jun.</strong></span> <span class='ocrx_word' id='word_1_780' title='bbox 729 5138 779 5176; x_wconf 66' lang='grc'>⁷4</span> <span class='ocrx_word' id='word_1_781' title='bbox 809 5138 928 5195; x_wconf 90' lang='lat' dir='ltr'><strong>Non</strong></span> <span class='ocrx_word' id='word_1_782' title='bbox 976 5136 1381 5207; x_wconf 47' lang='lat' dir='ltr'><strong>omittCPamq</strong></span> <span class='ocrx_word' id='word_1_783' title='bbox 1413 5141 1508 5198; x_wconf 89' lang='lat' dir='ltr'><strong>sed</strong></span> <span class='ocrx_word' id='word_1_784' title='bbox 1537 5144 1620 5198; x_wconf 89' lang='lat' dir='ltr'><strong>est</strong></span> <span class='ocrx_word' id='word_1_785' title='bbox 1651 5142 1714 5195; x_wconf 89' lang='lat' dir='ltr'><strong>in</strong></span> <span class='ocrx_word' id='word_1_786' title='bbox 1743 5139 1862 5196; x_wconf 89' lang='lat' dir='ltr'><strong>cod.</strong></span> <span class='ocrx_word' id='word_1_787' title='bbox 1897 5141 2097 5195; x_wconf 88' lang='lat' dir='ltr'><strong>Wouw.</strong></span> <span class='ocrx_word' id='word_1_788' title='bbox 2130 5137 2179 5175; x_wconf 76' lang='lat'><strong>75</strong></span> <span class='ocrx_word' id='word_1_789' title='bbox 2208 5138 2467 5193; x_wconf 86' lang='lat' dir='ltr'><strong>Patebant</strong></span> <span class='ocrx_word' id='word_1_790' title='bbox 2492 5136 2559 5207; x_wconf 82' lang='lat' dir='ltr'><strong>de</strong></span> <span class='ocrx_word' id='word_1_791' title='bbox 2586 5137 2741 5204; x_wconf 89' lang='lat' dir='ltr'><strong>Isaia,</strong></span> <span class='ocrx_word' id='word_1_792' title='bbox 2794 5146 2853 5195; x_wconf 90' lang='lat' dir='ltr'><strong>ut</strong></span> <span class='ocrx_word' id='word_1_793' title='bbox 2880 5140 3005 5195; x_wconf 87' lang='lat' dir='ltr'><strong>Lat.</strong></span> <span class='ocrx_word' id='word_1_794' title='bbox 3045 5136 3094 5176; x_wconf 79' lang='grc'>⁷6</span> <span class='ocrx_word' id='word_1_795' title='bbox 3131 5138 3364 5195; x_wconf 90' lang='lat' dir='ltr'><strong>Domino</strong></span> <span class='ocrx_word' id='word_1_796' title='bbox 3399 5136 3621 5195; x_wconf 86' lang='lat' dir='ltr'><strong>Oberth.</strong></span> <span class='ocrx_word' id='word_1_797' title='bbox 3654 5137 3702 5175; x_wconf 70' lang='grc' dir='ltr'>Π</span> 
     </span>
    </p>
   </div>
   <div class='ocr_carea' id='block_1_105' title="bbox 409 5206 2701 5271">
    <p class='ocr_par' dir='ltr' id='par_1_105' title="bbox 409 5206 2701 5271">
     <span class='ocr_line' id='line_1_105' title="bbox 409 5206 2701 5271; baseline 0.002 -9"><span class='ocrx_word' id='word_1_798' title='bbox 409 5208 765 5266; x_wconf 82' lang='lat' dir='ltr'><strong>Adsectantes</strong></span> <span class='ocrx_word' id='word_1_799' title='bbox 804 5211 987 5269; x_wconf 85' lang='lat' dir='ltr'><strong>Venet.</strong></span> <span class='ocrx_word' id='word_1_800' title='bbox 1026 5213 1076 5250; x_wconf 78' lang='lat'><strong>78</strong></span> <span class='ocrx_word' id='word_1_801' title='bbox 1106 5206 1414 5270; x_wconf 82' lang='lat' dir='ltr'><strong>Memineris</strong></span> <span class='ocrx_word' id='word_1_802' title='bbox 1444 5214 1577 5271; x_wconf 85' lang='lat' dir='ltr'><strong>Jun.</strong></span> <span class='ocrx_word' id='word_1_803' title='bbox 1608 5212 1658 5250; x_wconf 79' lang='lat'>79</span> <span class='ocrx_word' id='word_1_804' title='bbox 1687 5210 1953 5267; x_wconf 90' lang='lat' dir='ltr'><strong>Omnibus</strong></span> <span class='ocrx_word' id='word_1_805' title='bbox 1982 5210 2169 5267; x_wconf 87' lang='lat' dir='ltr'><strong>omitt.</strong></span> <span class='ocrx_word' id='word_1_806' title='bbox 2195 5210 2366 5267; x_wconf 88' lang='lat' dir='ltr'><strong>Seml.</strong></span> <span class='ocrx_word' id='word_1_807' title='bbox 2407 5209 2459 5247; x_wconf 74' lang='grc' dir='ltr'><strong>⁸ο</strong></span> <span class='ocrx_word' id='word_1_808' title='bbox 2485 5206 2550 5265; x_wconf 83' lang='grc' dir='ltr'>Ει</span> <span class='ocrx_word' id='word_1_809' title='bbox 2576 5210 2701 5267; x_wconf 88' lang='lat' dir='ltr'><strong>Lat.</strong></span> 
     </span>
    </p>
   </div>
   <div class='ocr_carea' id='block_1_106' title="bbox 1797 5389 2301 5453">
    <p class='ocr_par' dir='ltr' id='par_1_106' title="bbox 1797 5389 2301 5453">
     <span class='ocr_line' id='line_1_106' title="bbox 1797 5389 2301 5453; baseline -0.002 0"><span class='ocrx_word' id='word_1_810' title='bbox 1797 5389 2301 5453; x_wconf 88' lang='lat' dir='ltr'><strong>Commentarius.</strong></span> 
     </span>
    </p>
   </div>
   <div class='ocr_carea' id='block_1_107' title="bbox 480 5517 1980 5603">
    <p class='ocr_par' dir='ltr' id='par_1_107' title="bbox 480 5522 1980 5603">
     <span class='ocr_line' id='line_1_107' title="bbox 480 5522 1980 5603; baseline -0.005 -18"><span class='ocrx_word' id='word_1_811' title='bbox 480 5531 596 5603; x_wconf 72' lang='grc'><strong>(48)</strong></span> <span class='ocrx_word' id='word_1_812' title='bbox 635 5532 675 5588; x_wconf 93' lang='lat'><em>0</em></span> <span class='ocrx_word' id='word_1_813' title='bbox 707 5530 1063 5603; x_wconf 80' lang='lat' dir='ltr'><strong>profundum</strong></span> <span class='ocrx_word' id='word_1_814' title='bbox 1094 5527 1468 5603; x_wconf 64' lang='lat' dir='ltr'><strong>divitiarum.</strong></span> <span class='ocrx_word' id='word_1_815' title='bbox 1500 5526 1545 5577; x_wconf 85' lang='grc' dir='ltr'><strong>ὣ</strong></span> <span class='ocrx_word' id='word_1_816' title='bbox 1571 5522 1739 5592; x_wconf 72' lang='grc' dir='ltr'><strong>βάθος,</strong></span> <span class='ocrx_word' id='word_1_817' title='bbox 1767 5538 1866 5595; x_wconf 88' lang='lat' dir='ltr'><strong>pro</strong></span> <span class='ocrx_word' id='word_1_818' title='bbox 1894 5537 1980 5594; x_wconf 72' lang='lat' dir='ltr'><strong>qut</strong></span> 
     </span>
    </p>
   </div>
   <div class='ocr_carea' id='block_1_108' title="bbox 2087 5517 3710 5603">
    <p class='ocr_par' dir='ltr' id='par_1_108' title="bbox 2103 5517 3710 5603">
     <span class='ocr_line' id='line_1_108' title="bbox 2103 5517 3710 5603; baseline -0.001 -30"><span class='ocrx_word' id='word_1_819' title='bbox 2103 5521 2352 5603; x_wconf 58' lang='lat' dir='ltr'><strong>iplactot,</strong></span> <span class='ocrx_word' id='word_1_820' title='bbox 2383 5520 2438 5577; x_wconf 92' lang='lat' dir='ltr'><strong>id</strong></span> <span class='ocrx_word' id='word_1_821' title='bbox 2458 5528 2564 5603; x_wconf 69' lang='lat' dir='ltr'><strong>est,</strong></span> <span class='ocrx_word' id='word_1_822' title='bbox 2610 5537 2725 5603; x_wconf 78' lang='lat' dir='ltr'><strong>non</strong></span> <span class='ocrx_word' id='word_1_823' title='bbox 2742 5520 3123 5603; x_wconf 71' lang='lat' dir='ltr'><strong>vestigabiles,</strong></span> <span class='ocrx_word' id='word_1_824' title='bbox 3158 5522 3296 5603; x_wconf 84' lang='lat' dir='ltr'><strong>bene</strong></span> <span class='ocrx_word' id='word_1_825' title='bbox 3318 5518 3476 5603; x_wconf 74' lang='lat' dir='ltr'><strong>multi</strong></span> <span class='ocrx_word' id='word_1_826' title='bbox 3506 5517 3710 5603; x_wconf 28' lang='lat' dir='ltr'><strong>legent</strong></span> 
     </span>
    </p>
   </div>
   <div class='ocr_carea' id='block_1_109' title="bbox 412 5599 1301 5674">
    <p class='ocr_par' dir='ltr' id='par_1_109' title="bbox 412 5599 1301 5674">
     <span class='ocr_line' id='line_1_109' title="bbox 412 5599 1301 5674; baseline -0.008 -16"><span class='ocrx_word' id='word_1_827' title='bbox 412 5599 645 5674; x_wconf 78' lang='lat' dir='ltr'><strong>Vulgata</strong></span> <span class='ocrx_word' id='word_1_828' title='bbox 676 5599 765 5659; x_wconf 73' lang='grc' dir='ltr'><strong>εὈ</strong></span> <span class='ocrx_word' id='word_1_829' title='bbox 792 5599 1059 5674; x_wconf 78' lang='lat' dir='ltr'><strong>altitudo.</strong></span> <span class='ocrx_word' id='word_1_830' title='bbox 1094 5600 1169 5674; x_wconf 48' lang='lat' dir='ltr'><strong>{in</strong></span> <span class='ocrx_word' id='word_1_831' title='bbox 1202 5599 1301 5674; x_wconf 71' lang='lat' dir='ltr'><strong>Pu.</strong></span> 
     </span>
    </p>
   </div>
   <div class='ocr_carea' id='block_1_110' title="bbox 484 5664 2004 5746">
    <p class='ocr_par' dir='ltr' id='par_1_110' title="bbox 484 5664 2004 5746">
     <span class='ocr_line' id='line_1_110' title="bbox 484 5664 2004 5746; baseline -0.007 -15"><span class='ocrx_word' id='word_1_832' title='bbox 484 5664 599 5743; x_wconf 53' lang='lat'><strong>(4&#39;9)</strong></span> <span class='ocrx_word' id='word_1_833' title='bbox 631 5672 1064 5746; x_wconf 85' lang='lat' dir='ltr'><strong>Investigabiles.</strong></span> <span class='ocrx_word' id='word_1_834' title='bbox 1099 5668 1367 5745; x_wconf 87' lang='lat' dir='ltr'><strong>Quoniam</strong></span> <span class='ocrx_word' id='word_1_835' title='bbox 1413 5667 1471 5724; x_wconf 90' lang='lat' dir='ltr'><strong>in</strong></span> <span class='ocrx_word' id='word_1_836' title='bbox 1500 5667 1691 5726; x_wconf 69' lang='lat' dir='ltr'><strong>Graeco</strong></span> <span class='ocrx_word' id='word_1_837' title='bbox 1742 5673 1826 5725; x_wconf 87' lang='lat' dir='ltr'><strong>est</strong></span> <span class='ocrx_word' id='word_1_838' title='bbox 1859 5664 2004 5741; x_wconf 60' lang='grc' dir='ltr'><strong>ξᾶνεξ-</strong></span> 
     </span>
    </p>
   </div>
   <div class='ocr_carea' id='block_1_111' title="bbox 2103 5592 3712 5666">
    <p class='ocr_par' dir='ltr' id='par_1_111' title="bbox 2103 5592 3712 5666">
     <span class='ocr_line' id='line_1_111' title="bbox 2103 5592 3712 5666; baseline -0.002 -18"><span class='ocrx_word' id='word_1_839' title='bbox 2103 5594 2227 5649; x_wconf 90' lang='lat' dir='ltr'><strong>dam</strong></span> <span class='ocrx_word' id='word_1_840' title='bbox 2275 5602 2500 5666; x_wconf 80' lang='lat' dir='ltr'><strong>censent</strong></span> <span class='ocrx_word' id='word_1_841' title='bbox 2542 5592 2979 5666; x_wconf 83' lang='lat' dir='ltr'><strong>investigabiles,</strong></span> <span class='ocrx_word' id='word_1_842' title='bbox 3008 5592 3063 5648; x_wconf 88' lang='lat' dir='ltr'><strong>id</strong></span> <span class='ocrx_word' id='word_1_843' title='bbox 3092 5599 3177 5649; x_wconf 87' lang='lat' dir='ltr'><strong>est</strong></span> <span class='ocrx_word' id='word_1_844' title='bbox 3223 5595 3325 5665; x_wconf 86' lang='lat' dir='ltr'><strong>qui</strong></span> <span class='ocrx_word' id='word_1_845' title='bbox 3366 5592 3712 5663; x_wconf 86' lang='lat' dir='ltr'><strong>investigari</strong></span> 
     </span>
    </p>
   </div>
   <div class='ocr_carea' id='block_1_112' title="bbox 2116 5664 2533 5742">
    <p class='ocr_par' dir='ltr' id='par_1_112' title="bbox 2116 5664 2533 5742">
     <span class='ocr_line' id='line_1_112' title="bbox 2116 5664 2533 5742; baseline -0.014 -18"><span class='ocrx_word' id='word_1_846' title='bbox 2116 5671 2421 5742; x_wconf 78' lang='lat' dir='ltr'><strong>nequeunt.</strong></span> <span class='ocrx_word' id='word_1_847' title='bbox 2450 5664 2533 5720; x_wconf 86' lang='lat' dir='ltr'><strong>In.</strong></span> 
     </span>
    </p>
   </div>
  </div>
