3992 6174
242 363 336 427 541

1444 370 1578 432 LIB.
1612 369 1658 431 ν
1694 368 1849 432 ADV.
1887 367 2296 434 MARCIONEM.

3428 369 3536 437 542

242 488 314 549 vit
339 487 479 596 (Ψ).
512 486 572 544 Si
599 487 964 596 ‘Evauge’lium'
985 491 1185 592 Legem
1215 508 1324 552 non
1351 495 1685 570 adimplevit,
1706 513 1836 557 ecce
1861 511 1908 593 Α
1933 506 2252 575 resurgent,
2273 499 2420 575 quod
2445 501 2510 596 in
2539 498 3149 596 nubibus-auferentur
3187 497 3251 553 in
3273 494 3530 596 aerem-‘36

241 578 345 636 Lex
374 576 730 651 Evangelium
767 578 1097 651 adirnplevit.
1147 585 1293 640 Bene
1338 594 1522 643 autem
1577 587 1725 660 quod
1781 598 1838 645 et
1861 576 1908 593 ”
1943 591 2162 650 obviam
2187 592 2444 651 Domino.
2473 589 2734 664 Agnosco
2779 588 2865 645 his
2900 589 3016 658 jam
3064 595 3191 644 tunc
3230 585 3530 658 prospectis

239 667 292 723 in
311 666 556 724 clausula
583 669 838 727 tribunal
870 670 1083 729 Christi
1110 674 1493 742 comminatur,
1527 678 1715 750 utique
1751 681 1835 750 ju-

243 757 375 814 dicis
393 766 451 813 et
485 757 694 824 ultoris,
735 760 921 833 utique
951 762 1218 821 Creatoris
1248 785 1264 836 ;
1305 765 1459 824 illum
1497 777 1648 826 certe
1705 785 1836 828 con-

241 849 474 904 stituens
520 850 958 920 promerendum,
1007 869 1169 925 quem
1218 854 1446 913 intentat
1491 858 1782 916 timendum
1813 899 1832 930 ,

241 935 454 994 etiamsi
480 935 645 995 alium
673 938 1009 1008 pmdicarct.

828 1080 1060 1141 CAPUT
1097 1085 1219 1142 XV.

303 1203 664 1262 Brevioribus
694 1222 910 1281 quoque
938 1210 1195 1281 Epistolis
1229 1227 1344 1270 non
1385 1211 1595 1288 pigebit
1648 1213 1830 1272 inten-

235 1292 360 1348 dere
392 1311 408 1347 :
443 1301 527 1348 est
558 1309 718 1365 sapor
745 1305 798 1351 et
824 1297 879 1352 in
911 1299 1116 1369 paucis.
1164 1301 1490 1360 Occiderant
1517 1303 1835 1378 Judwipro-

231 1380 436 1454 phetas
472 1397 627 1440 suos.
658 1383 882 1440 Possum
921 1388 1102 1444 dicere
1135 1406 1150 1446 :
1207 1389 1350 1457 Quid
1395 1391 1460 1445 ad
1524 1394 1832 1464 apostolum

233 1469 316 1526 dei
343 1469 594 1538 alterius,
629 1480 684 1529 et
712 1473 930 1546 quidem
959 1477 1164 1549 Optimi,
1196 1479 1289 1552 qui
1332 1495 1436 1536 nec
1481 1496 1700 1538 suorum
1740 1483 1834 1539 de-

231 1555 354 1615 licta
412 1559 678 1618 damnare
723 1562 969 1632 dicatur,
1023 1557 1224 1640 quique
1265 1576 1321 1624 et
1364 1569 1482 1640 ipse
1537 1571 1833 1644 prOphetas

230 1647 460 1704 eosdem
513 1647 848 1709 destruendo
890 1655 1290 1728 quodammodo
1338 1658 1570 1730 perimat
1607 1660 1636 1715 ?
1689 1659 1830 1730 Quid

229 1736 372 1793 enim
403 1738 457 1777 δι
490 1739 624 1795 mali
652 1741 867 1799 admisit
895 1747 1034 1815 apud
1075 1746 1228 1802 illum
1283 1748 1474 1816 Israel,
1534 1749 1582 1804 si
1638 1749 1834 1806 occidit

232 1841 371 1898 quos
400 1836 459 1884 et
487 1827 582 1884 ille
638 1832 993 1902 reprobavit?
1048 1834 1094 1891 si
1149 1836 1298 1908 prior
1324 1836 1599 1894 inimicam
1637 1839 1692 1894 in
1735 1855 1831 1896 eos

237 1916 563 1972 sententiam
639 1922 824 1977 statuit
879 1923 907 1978 7
972 1923 1267 1998 Dereliquit
1327 1926 1468 1996 apud
1525 1928 1698 1985 Deum
1748 1929 1832 2001 ip-

242 2019 448 2062 sorum.
477 2009 530 2063 Is
573 2009 626 2048 8³
654 2010 973 2081 exprobavit
1002 2012 1364 2086 iniquitatem,
1397 2015 1465 2070 ad
1494 2031 1656 2087 quem
1693 2033 1826 2088 per-

237 2093 368 2150 tinet
397 2096 601 2164 taesus;
651 2111 800 2156 certe
853 2100 1027 2170 quivis
1078 2103 1240 2170 alius,
1281 2120 1442 2176 quam
1491 2103 1830 2162 adversarius

228 2183 361 2238 laesi.
397 2185 510 2240 Sed
544 2201 644 2242 nec
673 2197 946 2246 onerasset
974 2189 1097 2246 illos
1128 2231 1142 2260 ,
1193 2191 1508 2263 imputando
1537 2193 1695 2248 etiam
1726 2194 1830 2252 Do-

229 2273 359 2327 mini
393 2290 605 2345 necem,
635 2279 806 2349 quiet
850 2281 1153 2338 Dominum
1191 2283 1624 2353 interfecerunt,
1657 2282 1832 2341 509

230 2360 488 2435 dicendo,
531 2370 588 2421 et
611 2367 919 2440 prOphetas
944 2386 1070 2428 suos
1105 2370 1279 2439 ;licet
1313 2388 1443 2428 suos
1483 2372 1718 2443 adjectio
1760 2373 1832 2428 sit

234 2453 497 2509 haeretici.
533 2455 674 2524 Quid
705 2459 849 2513 enim
899 2470 1004 2516 tam
1057 2461 1335 2529 acerbum,
1394 2462 1441 2517 si
1462 2462 1684 2520 alterius
1732 2462 1830 2519 Dei

236 2544 655 2612 praedicatorem
686 2548 963 2604 Christum
1019 2549 1458 2616 intermererunt,
1488 2552 1579 2624 qui
1617 2551 1700 2608 sui
1731 2551 1830 2606 Dei

235 2633 527 2703 prophetas
584 2637 1100 2696 contrucidaverunt
1131 2641 1160 2695 7
1204 2641 1382 2697 Status
1421 2649 1598 2698 autem
1659 2657 1827 2715 exag-

235 2721 555 2790 geratiouis,
585 2725 731 2793 quod
759 2734 814 2781 et
842 2728 1131 2783 Dominum
1170 2739 1222 2785 et
1277 2728 1508 2785 famulos
1543 2731 1664 2800 ejus
1698 2747 1829 2801 per-

233 2809 518 2866 emissent.
561 2813 826 2886 Denique,
861 2817 907 2870 si
946 2817 1169 2874 alterius
1199 2817 1295 2874 Dei
1345 2819 1634 2889 Christum,
1688 2821 1828 2876 alte-

235 2898 347 2954 rius
369 2901 674 2971 prOphetas
699 2914 1059 2973 peremerunt,
1091 2907 1324 2978 aequavit
1350 2907 1674 2980 impietates,
1717 2923 1826 2964 non

233 2991 606 3064 exaggeravit.
657 2992 936 3065 Equanda
964 3002 1138 3051 autem
1162 3011 1269 3052 non
1320 2996 1416 3052 fuit
1449 3015 1463 3064 ;
1496 3013 1626 3069 ergo
1657 3013 1830 3070 exag-

1943 680 2130 737 mirari
2174 679 2500 737 substantias
2540 679 2795 736 caelestes
2831 677 3004 748 ipsam
3051 673 3380 730 Hierusalem
3407 691 3530 745 quae

1943 785 2160 826 sursum
2189 777 2274 826 est
2301 769 2516 842 (Galat.
2545 783 2624 834 ιν,
2671 770 2783 839 26),
2830 773 2886 822 et
2940 779 3037 836 per
3075 762 3268 818 Isaiam
3325 763 3439 832 (1.x,
3473 762 3530 834 8)

1940 857 2292 930 pronuntiare
2331 876 2344 916 :
2377 857 2742 928 Quinamhuc
2768 857 2925 913 velut
2943 851 3119 910 nubes
3138 851 3352 916 volant,
3403 855 3531 906 tan-

1941 965 2111 1022 quam
2131 949 2400 1006 columbae
2417 965 2551 1006 cum
2575 948 2754 1021 pullis
2782 946 2855 1004 ad
2892 959 2981 1001 me
3007 941 3035 997 τ
3054 943 3210 999 Hunc
3244 954 3532 996 ascensum

1939 1035 1986 1092 si
2024 1035 2264 1094 Christus
2293 1036 2448 1093 nobis
2476 1033 2816 1107 praeparavit,
2847 1031 2951 1089 erit
2977 1030 3066 1087 ille
3101 1027 3352 1084 Christus
3385 1025 3454 1081 de
3480 1026 3530 1066 ετ

1941 1141 2051 1198 quo
2065 1124 2204 1181 Osee
2227 1127 2518 1197 (Amos,tx.
2536 1125 2625 1196 6);
2657 1125 2763 1194 Qui
2781 1137 3076 1182 ascensum
3090 1135 3260 1175 suum
3285 1117 3531 1186 (edi/icui

1941 1214 2005 1271 in
2024 1215 2208 1283 caelos,
2247 1214 2431 1287 utique
2457 1214 2559 1269 sibi
2589 1221 2646 1268 et
2672 1211 2802 1268 suis.
2835 1210 3060 1276 Exinde,
3089 1224 3120 1263 a
3145 1220 3257 1277 quo
3294 1204 3530 1276 sperabo

1941 1318 2105 1369 nunc,
2134 1303 2238 1360 nisi
2266 1320 2298 1359 a
2323 1319 2432 1377 quo
2462 1306 2577 1361 haec
2603 1302 2781 1359 audivi
2810 1303 2838 1358 ?
2881 1299 3052 1369 Quem
3080 1297 3347 1370 spiritum
3395 1308 3531 1363 pro-

1942 1390 2089 1448 hibet
2125 1395 2415 1465 exstingui
2435 1393 2463 1448 ν
2491 1400 2546 1448 et
2583 1408 2718 1463 quas
2742 1390 3071 1464 prophetias
3100 1391 3246 1442 vetat
3273 1381 3450 1438 nihili
3479 1382 3532 1420 88

1943 1477 2135 1537 haberi
2153 1481 2180 1536 7
2198 1481 2383 1552 utique
2407 1496 2517 1536 non
2545 1479 2816 1537 Creatoris
2843 1477 3116 1549 spiritum,
3156 1487 3258 1530 nec
3300 1472 3532 1528 Creato-

1942 1566 2014 1621 ris
2069 1570 2380 1640 prophetias
2423 1571 2721 1628 secundum
2777 1567 3107 1626 Marcionem
3141 1581 3155 1628 ;
3194 1577 3316 1634 quae
3381 1559 3529 1617 enim

1939 1653 2227 1723 destruxit,
2264 1657 2382 1728 ipse
2431 1658 2544 1728 jam
2591 1657 2984 1732 exstinxithet
3040 1651 3171 1709 nihil
3223 1648 3372 1715 fecit,
3429 1661 3530 1704 nec

1944 1754 2114 1818 potest
2144 1747 2429 1818 prohibere
2490 1763 2614 1818 quae
2661 1746 2818 1802 nihili
2875 1744 3018 1801 fecit.
3066 1743 3212 1814 Ergo
3265 1737 3530 1795 incumbit

1941 1834 2192 1892 Marciani
2209 1835 2468 1892 exhibere
2483 1833 2651 1892 uno
2669 1835 2834 1892 hodie
2857 1833 3000 1905 apud
3027 1828 3330 1888 Ecclesium
3373 1842 3528 1882 suam

1935 1924 2134 1980 exinde
2161 1925 2409 1995 spiritum
2456 1923 2546 1981 dei
2602 1923 2687 1980 sui
2713 1923 2807 1995 qui
2834 1937 2942 1979 non
2971 1921 3039 1977 sit
3079 1915 3526 1988 exstinguendus,

1937 2022 1992 2069 et
2047 2015 2354 2085 prophetias
2389 2030 2511 2087 quae
2556 2029 2665 2070 non
2715 2013 2824 2068 sint
2854 2009 3004 2067 nihili
3060 2006 3344 2064 habendae.
3390 2003 3455 2058 Et
3483 2002 3529 2058 si

1934 2102 2173 2159 exhibuit
2200 2103 2343 2175 quod
2373 2111 2548 2176 putat,
2594 2104 2728 2160 sciat
2762 2103 2813 2143 39
2841 2117 2939 2160 nos
2981 2098 3359 2191 quodcumque
3398 2091 3526 2191 illud

1935 2197 2003 2247 ad
2031 2192 2255 2249 formam
2278 2193 2533 2264 spiritalis
2558 2201 2612 2249 et
2642 2192 2970 2264 prophetica;
3005 2187 3191 2262 gratiae
3231 2191 3394 2256 atque
3423 2187 3529 2238 vir-

1937 2281 2065 2335 tutis
2095 2290 2503 2352 provocaturos,
2539 2288 2676 2337 utet
2704 2281 2884 2336 futura
2931 2275 3274 2350 praenuntiat,
3325 2279 3379 2326 et
3429 2285 3527 2325 oc-

1936 2371 2079 2425 culta
2098 2370 2276 2426 cordis
2305 2371 2522 2435 revolet,
2569 2380 2622 2425 et
2674 2375 3012 2426 sacramenta
3059 2366 3338 2423 edisserat.
3391 2361 3527 2416 Cum

1936 2458 2068 2512 nihil
2101 2460 2203 2514 tale
2236 2458 2516 2530 protulerit
2542 2474 2605 2514 ac
2637 2458 2910 2532 probarit,
2966 2472 3068 2514 nos
3113 2453 3451 2527 proferemus
3478 2460 3530 2505 et

1934 2546 2180 2619 spiritum
2227 2556 2280 2604 et
2326 2549 2634 2619 prOphetias
2663 2547 2952 2612 Creatoris,
3009 2543 3311 2601 secundum
3351 2541 3528 2612 ipsum

1934 2637 2306 2709 praedicantes.
2349 2639 2526 2710 Atque
2582 2637 2655 2693 ita
2702 2635 2974 2694 constabit
3026 2633 3320 2706 Apostolus
3363 2629 3414 2668 9°
3461 2628 3528 2684 de

1936 2727 2134 2798 quibus
2153 2727 2368 2792 dixerit,
2399 2728 2465 2782 de
2495 2728 2573 2784 eis
2602 2727 2807 2783 scilicet
2835 2741 2958 2797 quae
2988 2725 3327 2780 futuraerant
3345 2719 3400 2774 in
3429 2717 3530 2773 Ec-

1934 2813 2102 2870 clesia
2130 2817 2252 2885 ejus
2289 2814 2394 2882 dei,
2425 2814 2516 2886 qui
2544 2815 2675 2869 dum
2694 2820 2796 2880 est,
2824 2812 3047 2883 spiritus
3073 2824 3292 2882 quoque
3322 2807 3442 2876 ejus
3481 2807 3526 2844 91

1942 2911 2208 2974 operatur,
2239 2912 2294 2960 et
2331 2903 2618 2974 promissio
2672 2903 2996 2958 celebratur.
3045 2899 3167 2973 Age
3217 2911 3362 2952 nunc
3394 2938 3410 2967 ,
3441 2892 3532 2965 qui

1937 2993 2166 3048 salutem
2197 2995 2378 3049 carnis
2401 2993 2657 3056 abnuitis,
2690 2999 2743 3047 et
2776 2991 2821 3046 si
2849 2990 3070 3064 quando
3100 3003 3301 3060 corpus
3332 2984 3388 3040 in
3427 2984 3530 3039 ιω-

231 3078 413 3148 gerari
447 3094 559 3134 non
587 3083 767 3150 potuit
795 3123 810 3150 ,
847 3083 950 3139 nisi
987 3083 1044 3140 in
1073 3087 1323 3142 eumdem
1347 3087 1638 3143 Dominum
1682 3103 1825 3146 com-

1945 3080 2154 3137 usmodi
2194 3081 2636 3152 praenominatur,
2667 3079 2808 3134 aliud
2847 3080 3033 3136 nescio
3068 3077 3198 3152 quid
3259 3075 3532 3166 interpre-

232 3166 420 3235 missa,
444 3184 510 3224 ex
539 3177 764 3242 utroque
791 3170 968 3229 titulo.
1002 3175 1149 3247 Ergo
1178 3176 1422 3246 ejusdem
1460 3177 1556 3232 Dei
1589 3175 1835 3233 Christus

234 3260 292 3308 et
323 3256 622 3325 prOphetze.
655 3257 830 3328 Quam
859 3268 1042 3316 autem
1068 3264 1437 3320 sanctitatem
1465 3267 1719 3320 nostram
1733 3280 1833 3320 vo-

236 3341 531 3401 luntatem
579 3349 678 3404 Dei
743 3347 909 3416 dicat,
968 3366 1033 3406 ex
1075 3353 1360 3408 contrariis
1408 3369 1530 3426 quae
1585 3353 1837 3424 prohibet

237 3445 599 3503 agnosceres.
622 3436 912 3496 Abstinere
932 3439 983 3478 ⁸³
1013 3439 1254 3512 inquit,a
1285 3446 1504 3514 stupro,
1530 3456 1640 3498 non
1670 3458 1701 3497 a
1719 3457 1836 3496 ma-

236 3520 518 3578 trimonio.
552 3523 707 3583 Scire
733 3542 1191 3602 unumquemque
1221 3547 1391 3587 suum
1418 3547 1517 3588 vas
1533 3532 1593 3586 in
1627 3532 1836 3589 honore

243 3616 524 3670 tractare.
559 3611 882 3682 Quomodo?
919 3618 1062 3674 Dum
1086 3634 1192 3675 non
1225 3619 1278 3674 in
1308 3619 1546 3689 libidine,
1572 3636 1680 3692 qua
1706 3635 1839 3692 gen-

237 3707 319 3755 tes
348 3718 364 3771 ;
399 3701 572 3758 libido
599 3711 778 3761 autem
809 3721 909 3763 nec
938 3709 1081 3779 apud
1131 3717 1324 3782 gentes
1369 3710 1712 3766 matrimonio
1741 3712 1839 3766 ad-

237 3788 517 3857 scribitur,
576 3793 671 3848 sed
695 3797 1154 3867 extraordinariis,
1203 3806 1257 3854 et
1287 3814 1394 3856 non
1423 3801 1760 3857 naturalibus
1785 3808 1840 3857 et

233 3879 590 3945 portentosis.
641 3881 906 3939 Sanctitas
942 3884 1168 3942 luxuriae
1237 3895 1320 3944 est
1403 3889 1661 3959 turpidini
1722 3890 1839 3960 (51)

233 3980 460 4038 quoque
520 3968 873 4028 immunditiae
927 3975 977 4012 ⁸4
1031 3975 1298 4032 contraria
1333 4017 1346 4043 ,
1393 3993 1514 4048 quae
1571 3993 1678 4032 non
1719 3993 1838 4032 ma-

232 4055 560 4112 trimonium
589 4059 871 4128 excludat,
904 4061 998 4117 sed
1059 4062 1332 4120 libidinem
1366 4082 1381 4133 ;
1414 4081 1534 4138 quae
1582 4081 1677 4121 vas
1707 4079 1837 4121 nos-

231 4149 379 4198 trum
409 4145 466 4200 in
519 4147 723 4203 honore
775 4149 1109 4206 matrimonii
1165 4159 1381 4210 tractet.
1445 4155 1597 4209 Hunc
1655 4163 1834 4209 autem

230 4231 438 4299 locum,
471 4235 628 4292 salva
671 4238 912 4308 alterius,
974 4239 1029 4294 id
1087 4248 1168 4296 est
1222 4243 1481 4312 plenioris
1535 4243 1836 4299 sanctitatis

231 4323 574 4392 pmlatione,
609 4329 966 4395 tractaverim,
1008 4331 1392 4387 continentiam
1448 4342 1503 4388 et
1552 4333 1832 4404 virginita-

1941 3168 2122 3224 tamini
2170 3168 2330 3238 illud,
2386 3185 2546 3239 quam
2595 3168 2952 3224 substantiam
3003 3168 3181 3223 carnis
3214 3183 3230 3237 ;
3260 3161 3532 3237 quomodo

1939 3256 2238 3328 Apostolus
2264 3271 2455 3312 omnes
2473 3255 2528 3311 in
2556 3254 2709 3314 novis
2736 3254 3053 3310 substantiis
3082 3251 3248 3309 certis
3303 3247 3534 3305 nomini-
3584 3324 3590 3328 D

1941 3345 2044 3400 bus
2073 3345 2335 3412 distinxit,
2353 3356 2408 3402 et
2436 3359 2624 3401 omnes
2653 3344 2707 3398 in
2738 3359 2848 3400 uno
2875 3350 3005 3400 voto
3033 3339 3312 3398 constituit
3340 3336 3534 3392 salutis

1944 3441 2145 3509 optans
2153 3442 2217 3494 ut
2235 3437 2477 3510 spiritus
2493 3440 2684 3493 noster
2703 3440 2757 3492 et
2771 3451 2977 3509 corpus
2990 3439 3046 3490 et
3063 3433 3260 3490 anima
3272 3431 3396 3487 sine
3411 3443 3535 3500 que-

1943 3526 2067 3581 rela
2087 3528 2149 3580 in
2175 3526 2480 3581 adventum
2527 3525 2756 3582 Domini
2782 3528 2839 3582 et
2885 3522 3318 3594 salutiﬁcatoris
3352 3521 3535 3574 nostri

1949 3614 2162 3672 Christi
2181 3619 2584 3672 conserventur
2601 3615 2630 3669 ?
2648 3615 2783 3670 Nam
2803 3621 2858 3668 et
2883 3613 3116 3667 animam
3144 3610 3325 3681 posuit
3342 3614 3398 3664 et
3411 3621 3534 3662 cor-

1944 3719 2068 3774 pus,
2105 3713 2212 3760 tam
2236 3703 2372 3760 duas
2429 3720 2516 3760 res
2561 3719 2724 3775 quam
2779 3702 3060 3759 diversas:
3103 3701 3232 3758 licet
3286 3698 3432 3754 enim
3480 3701 3534 3751 et

1946 3793 2139 3850 animae
2176 3809 2376 3866 corpus
2401 3793 2471 3849 sit
2500 3792 2718 3868 aliquod
2767 3808 2882 3849 suae
2934 3790 3232 3864 qualitatis,
3290 3788 3430 3844 sicut
3484 3793 3539 3841 et

1945 3884 2205 3954 spiritus;
2240 3901 2362 3942 cum
2395 3892 2571 3940 tamen
2613 3892 2667 3940 et
2720 3898 2917 3954 corpus
2951 3891 3004 3939 et
3050 3884 3228 3938 anima
3274 3879 3536 3937 distincte

1946 3975 2309 4040 nominantur,
2342 3974 2506 4029 habet
2533 3973 2710 4030 anima
2749 3972 2803 4011 ⁰²
2849 3989 3008 4029 suum
3036 3970 3362 4029 vocabulum
3409 3982 3539 4041 pro-

1947 4064 2143 4134 prium,
2174 4079 2287 4119 non
2323 4078 2491 4136 egens
2538 4063 2813 4119 communi
2839 4063 3104 4120 vocabulo
3152 4059 3400 4133 corporis
3433 4079 3448 4128 ;
3482 4057 3536 4113 id

1945 4151 2268 4223 relinquitur
2295 4153 2465 4222 carni,
2496 4166 2616 4225 quae
2636 4167 2745 4209 non
2794 4153 3070 4208 nominata
3101 4152 3341 4222 prOprio,
3381 4164 3537 4205 com-

1945 4241 2090 4295 muni
2120 4247 2296 4296 utatur
2321 4256 2545 4297 necesse
2580 4247 2690 4297 est.
2721 4240 2932 4296 Etenim
2975 4240 3136 4295 aliam
3184 4237 3539 4293 substantiam

1946 4328 2002 4384 in
2031 4330 2251 4384 homine
2277 4344 2387 4383 non
2415 4329 2572 4384 video
2601 4337 2728 4399 past
2758 4328 3009 4399 spiritum
3046 4336 3102 4384 et
3146 4326 3402 4392 animam,
3452 4327 3541 4381 cui

227 4378 343 4466 tem
393 4414 603 4486 nuptiis
658 4378 990 4488 anteponens
1037 4419 1174 4490 (52),
1221 4420 1315 4476 sed
1363 4436 1471 4476 non
1503 4378 1831 4492 prohibitis;
1868 4378 1914 4456 υ
1946 4417 2264 4476 vocabulum
2303 4416 2550 4487 corporis
2575 4417 3030 4484 accommodetur,
3072 4424 3268 4485 praeter
3297 4429 3536 4470 carnem.

227 4497 606 4558 destructores
642 4505 788 4559 enim
836 4506 936 4562 Dei
992 4507 1297 4578 nuptiarum
1325 4553 1338 4576 ,
1399 4525 1507 4565 non
1548 4518 1839 4568 sectatores

225 4588 494 4644 castitatis
525 4593 773 4649 retundo.
806 4594 895 4649 Ait
925 4611 1014 4655 eos
1043 4598 1140 4669 qui
1166 4603 1504 4657 remaneant
1537 4601 1598 4656 in
1629 4600 1836 4656 adven-

230 4679 364 4733 tum
382 4677 435 4716 ⁸⁵
461 4678 697 4749 Christi,
710 4699 839 4740 cum
857 4684 938 4741 eis
961 4687 1064 4757 qui
1081 4689 1298 4746 mortui
1319 4690 1382 4745 in
1416 4689 1634 4746 Christo
1656 4689 1836 4761 primi

1947 4508 2096 4564 Hanc
2124 4507 2322 4564 totiens
2351 4505 2404 4560 in
2446 4504 2696 4576 corporis
2737 4505 2956 4560 nomine
3014 4503 3345 4578 intelligens,
3393 4519 3537 4574 quo-

1948 4598 2084 4654 tiens
2111 4612 2220 4654 non
2273 4595 2618 4667 nominatur,
2669 4594 2839 4649 multo
2861 4593 3036 4665 magis
3080 4592 3189 4661 hic,
3237 4609 3362 4650 cum
3419 4611 3539 4667 quae

1943 4687 2137 4744 dicitur
2181 4701 2402 4758 corpus,
2429 4700 2528 4742 suo
2559 4683 2776 4741 nomine
2795 4683 3112 4754 appellatur.

1612 4787 1808 4850 Variw
1849 4790 2160 4852 lectiones.

298 4883 349 4921 81
385 4884 556 4967 Enim
585 4888 786 4967 .omitt.
819 4889 988 4967 Seml.
1043 4889 1096 4967 ἓξ
1143 4890 1216 4967 Et
1242 4893 1370 4949 add.
1423 4896 1590 4953 Seml.
1631 4897 1682 4935 83
1711 4895 1865 4951 Enim
1895 4895 2026 4953 add.
2063 4893 2283 4953 Oberth.
2305 4899 2428 4967 post
2457 4894 2628 4967 Seml.
2659 4894 2708 4932 84
2757 4891 3405 4967 Ροτιθηιυοείετῐειξξᾳςία
3434 4901 3536 4960 est,

221 4959 379 5020 turp.

422 4975 478 5029 q.
508 4964 564 5034 _e_t
583 4958 676 5012 im.
699 4960 1014 5034 nonRhen.
1043 4963 1094 5000 ⁸⁵
1123 4963 1371 5020 Adventu
1402 4967 1570 5023 Seml.
1611 4967 1663 5006 85
1689 4967 1830 5023 Aere
1902 4967 2122 5025 Oberth.
2154 4968 2203 5006 ετ
2245 4958 2413 5022 Amos
2439 4966 2567 5022 vult
2593 4969 2749 5034 Jun.,
2779 4971 2833 5023 et
2861 4967 3087 5023 merito.
3117 4965 3168 5006 ⁸³
3195 4964 3335 5021 Nihil
3378 4958 3538 5023 Pam.

219 5023 277 5062 ⁸9
305 5023 470 5083 Scias
508 5028 696 5087 Venet.
726 5031 779 5069 9°
797 5033 1181 5104 Apostolorum
1208 5038 1368 5092 Pam.
1391 5038 1438 5075 91
1469 5038 1560 5094 Eis
1598 5040 1768 5098 Seml.
1809 5023 2094 5097 mendose.
2120 5038 2172 5079 92
2200 5037 2453 5094 Animam
2492 5039 2682 5096 Venet.
2711 5023 2996 5098 mendose.

1637 5138 2135 5203 Commentarius.

301 5235 428 5316 (59)
457 5238 737 5316 Ponticus
787 5239 1077 5316 laboravit.
1112 5241 1330 5313 Optime
1348 5244 1583 5316 conjecit
1617 5245 1836 5301 Rhena-

224 5319 336 5386 nu_s
363 5308 1088 5386 legenduml’onticusmro
1115 5308 1467 5384 Pontus,boc'
1480 5327 1564 5376 est
1592 5318 1841 5374 Marcion

223 5391 258 5432 e
280 5378 462 5436 Ponto
484 5381 774 5439 oriundus.
806 5384 882 5439 LE
906 5378 1000 5440 Ριιζ

301 5451 425 5518 (51)
456 5453 751 5530 Sanctitas
783 5455 1145 5530 luxuriaafest
1182 5458 1550 5530 turpitudini,
1581 5467 1685 5516 etc.
1717 5462 1834 5516 Non

227 5521 372 5604 adeo
395 5525 565 5604 textui
593 5527 939 5604 consentiunt
966 5528 1058 5604 qui
1083 5521 1292 5604 legunt'
1314 5521 1581 5604 luxuria,
1613 5541 1688 5604 Aet
1747 5532 1840 5604 qui

226 5593 376 5675 adeo
408 5602 591 5675 notam
621 5597 958 5654 Tertulliauo
986 5593 1292 5675 impingunt
1321 5601 1456 5675 male
1503 5593 1671 5657 habiti
1691 5674 1698 5675 ί
1720 5593 1837 5675 πιέ-

226 5666 482 5724 trimonii
513 5689 527 5740 ;
562 5683 689 5725 nam
717 5685 842 5744 quae
870 5666 1117 5744 sequitur
1147 5666 1430 5748 particula,
1463 5673 1839 5741 non,dubium

1947 5261 2108 5302 omne
2133 5245 2292 5302 tollit.
2322 5245 2402 5302 Ls
2440 5247 2540 5302 Pn.

2018 5319 2136 5390 (52)
2173 5319 2602 5393 continentiam
2627 5322 2685 5393 et
2708 5318 3099 5391 virginitatem
3119 5321 3343 5393 nuptiis
3371 5321 3541 5393 ante-

1945 5389 2319 5471 ponens._Qui
2343 5389 2677 5471 virginitatis
2703 5389 2836 5471 vota
2890 5400 2945 5446 et
2985 5389 3541 5471 continentiaeninse-

1947 5461 2160 5517 ctantur
2189 5461 2455 5532 haeretici,
2479 5463 2549 5517 ad
2576 5463 2719 5518 hunc
2748 5462 2921 5519 locum
2967 5462 3264 5525 advertant,
3299 5461 3542 5532 aliosque

1951 5533 2210 5606 plurimos
2242 5534 2381 5606 apud
2415 5529 2560 5590 hunc
2578 5533 2918 5604 scriptorem,
2951 5533 3020 5606 de
3075 5533 3254 5606 Cultu
3279 5534 3446 5603 fem.,
3474 5529 3542 5587 de

1957 5605 2125 5678 νέφη
2154 5603 2288 5670 veL,
2317 5612 2374 5660 et
2401 5606 2497 5662 lib.
2531 5606 2554 5661 Ι
2581 5607 2656 5662 ad
2679 5603 2936 5665 Uxorem.
2966 5603 3044 5660 LE
3074 5605 3171 5659 Pu.
