3992 6174
495 294 604 359 543

1068 428 1295 488 CAPUT
1322 428 1470 487 XVI.

564 516 655 587 (In
676 518 729 573 II
752 518 906 592 Epist
941 517 1013 575 ad
1063 517 1282 589 Thess.)
1333 518 1597 593 COgimur
1651 520 1898 593 quasdam
1937 517 2093 574 iden-

494 605 661 662 tidem
707 606 919 673 iterare,
950 614 1009 663 ut
1045 608 1373 664 cohaerentia
1413 608 1493 663 eis
1536 607 1936 665 conﬁrmemus.
1986 607 2089 663 Do-

493 694 701 750 minnm
734 702 789 749 et
818 696 903 751 hic
953 696 1332 752 retributorem
1360 696 1640 769 utriusque
1695 696 1871 752 meriti
1903 741 1917 766 ,
1950 694 2091 751 dici-

492 799 615 839 mus
645 782 978 839 circumferri
1018 785 1085 838 ab
1141 785 1413 855 Apostolo
1446 829 1459 851 ,
1495 794 1589 840 aut
1636 784 1966 850 Creatorem,
2000 790 2093 839 aut

492 872 662 942 (quod
691 872 822 927 nolit
859 872 1116 945 Marcion)
1159 889 1340 944 parem
1380 873 1645 930 Creatoris
1675 916 1688 945 ,
1722 873 1873 946 apud
1928 889 2091 947 quem

484 962 706 1032 justum
734 964 807 1017 sit
826 962 1267 1032 afﬂictatoribus
1293 965 1503 1019 nostris
1530 963 1645 1033 (53)
1679 962 1906 1035 rependi
1934 961 2089 1032 afﬂi-

491 1053 818 1115 ctationem,
856 1054 913 1106 et
939 1052 1094 1107 nobis
1134 1054 1233 1122 qui
1274 1053 1623 1123 afﬂictemur
1666 1053 1991 1124 requietem,
2023 1050 2088 1104 in

491 1140 836 1195 reuelatione
858 1141 1088 1195 Domini
1110 1142 1240 1196 Jesu
1258 1142 1535 1197 venientis
1556 1142 1738 1197 acwlo
1759 1156 1888 1195 cum
1909 1155 2086 1210 ange-

496 1225 564 1281 lis
594 1227 829 1282 virtutis
858 1244 990 1293 sum,
1026 1232 1082 1283 et
1104 1230 1168 1282 in
1198 1229 1435 1296 ﬂamma
1467 1231 1634 1300 ignis.
1669 1227 1774 1283 Sed
1795 1228 2088 1295 ﬂammam

492 1320 549 1371 et
570 1318 758 1389 ignem
787 1317 1017 1371 delendo
1047 1318 1163 1389 (54)
1190 1317 1474 1377 haereticus
1498 1318 1770 1382 exstinxit,
1792 1333 1859 1373 ne
1880 1316 2087 1373 scilicet

494 1414 784 1461 nostratem
826 1407 1002 1461 Deum
1058 1406 1271 1464 faceret.
1330 1407 1493 1463 Lucet
1549 1416 1729 1463 tamen
1785 1407 1991 1462 vanitas
2021 1406 2086 1459 li-

495 1499 646 1548 turae.
682 1494 817 1548 Cum
840 1495 985 1550 enim
1015 1495 1087 1550 ad
1106 1496 1383 1554 ultionem
1401 1500 1707 1551 venturum
1727 1494 2085 1563 scribatApo-

498 1584 673 1639 stolus
702 1587 1009 1642 Dominum
1040 1587 1377 1656 exigendam
1406 1586 1472 1640 de
1501 1587 1579 1640 eis
1607 1585 1703 1657 qui
1730 1585 1907 1639 Deum
1928 1584 2085 1653 igno-

497 1675 630 1727 rent
657 1677 714 1729 et
745 1677 845 1744 qui
869 1689 985 1729 non
1012 1673 1320 1729 obaudiant
1342 1672 1661 1742 Evangelia,
1703 1686 1839 1742 quos
1870 1669 1945 1724 ait
1977 1687 2091 1742 pce-

1172 296 1611 364 TERTULLIANI
1650 298 1916 363 OPERUM
1975 298 2142 362 PARS
2180 298 2247 360 Il.
2289 330 2356 345 —
2390 298 2617 361 SERIES
2656 299 2701 375 I,
2738 297 3085 361 POLEMICA.

3680 296 3790 361 5“

2125 441 2173 522 Α
2205 434 2350 485 stum
2378 426 2434 485 in
2468 442 2629 485 carne
2647 425 2880 493 venisse,
2920 432 2975 483 et
3002 425 3277 522 solventes
3318 426 3522 522 Iesum,
3578 426 3795 486 scilicet

2202 518 2259 574 in
2286 518 2398 575 Deo
2425 518 2696 575 Creatore.
2736 515 3038 574 Secundum
3066 530 3192 572 vero
3228 514 3556 573 Marcionem
3600 518 3792 575 nescio

2202 623 2270 664 ne
2323 608 2570 665 Christus
2595 607 2667 663 sit
2691 606 2739 647 97
2767 605 3053 663 Creatoris:
3084 605 3323 661 nondum
3362 605 3505 662 enim
3535 608 3587 646 ’θ
3640 608 3793 664 venit

2198 697 2341 768 apud
2369 696 2539 753 illum.
2563 695 2819 767 Quisquis
2846 704 2931 751 est
2957 695 3007 733 99
3029 704 3205 751 autem
3243 709 3307 750 ex
3336 694 3552 750 duobus
3576 711 3786 768 quaero,

2198 800 2295 840 cur
2312 785 2505 842 veniat
2525 787 2589 840 in
2609 786 2767 841 omni
2780 785 2993 840 virtute
3013 790 3065 840 et
3083 784 3262 855 signis
3282 786 3337 840 et
3361 786 3601 840 ostentis
3628 801 3792 840 men-

2199 872 2389 929 dacii?
2411 876 2727 944 Propterea,
2754 872 2945 944 inquit,
2966 871 3106 944 quod
3136 871 3498 928 dilectionem
3525 875 3792 929 veritatis

2195 978 2309 1017 non
2328 963 2701 1034 susceperint,
2715 966 2778 1017 ut
2795 961 2942 1017 salvi
2962 965 3179 1027 essent;
3202 965 3257 1015 et
3273 977 3413 1034 prop
3423 965 3510 1017 ter
3532 961 3631 1018 hoc
3649 963 3789 1018 erit‘

2197 1052 2277 1105 eis
2298 1051 2646 1107 instinctum
2676 1050 2949 1120 fallaciae,
2982 1053 3049 1104 ut
3069 1048 3412 1120 judicentur
3456 1066 3647 1106 omnes
3690 1052 3790 1122 qui

2192 1136 2680 1196 noncrediderunt
2691 1136 3037 1207 veritati,sed
3048 1138 3787 1210 consenseruntiniquitati.

2195 1226 2368 1297 Igitur
2400 1225 2445 1280 si
2475 1224 2831 1282 Antichristus
2860 1233 2940 1280 est
2968 1241 2992 1273 ι
3053 1223 3357 1279 secundum
3404 1224 3711 1281 Creatorem
3737 1226 3784 1291 3,

2196 1315 2348 1372 Deus
2375 1314 2480 1371 erit
2517 1314 2761 1382 Creator,
2792 1312 2889 1385 qui
2918 1328 3043 1369 eum
3071 1311 3236 1367 mittit
3290 1313 3357 1367 ad
3405 1312 3789 1388 impingendos

2194 1418 2289 1460 eos
2325 1404 2382 1460 in
2434 1418 2673 1459 errorem
2703 1444 2717 1467 ,
2772 1401 2865 1475 qui
2916 1416 3023 1457 non
3072 1400 3419 1457 crediderunt
3456 1402 3669 1457 veritati
3726 1410 3792 1457 ut

2193 1490 2324 1546 salvi
2354 1490 2564 1559 ﬁerent,
2595 1487 2843 1560 ejusdem
2875 1490 2977 1546 erit
3018 1488 3217 1545 veritas
3264 1496 3319 1544 et
3360 1488 3528 1559 salus,
3576 1490 3671 1562 qui
3717 1507 3789 1546 ex

2197 1578 2470 1634 submissu
2500 1578 2697 1635 erroris
2735 1577 3032 1644 ulciscitur,
3066 1576 3119 1631 id
3151 1585 3235 1634 est
3262 1577 3552 1648 Creatoris,
3586 1579 3671 1634 cui
3729 1588 3792 1634 et

2196 1669 2455 1741 competit
2480 1669 2623 1725 zelus
2668 1668 2786 1740 ipse
2840 1683 3022 1725 errore
3064 1668 3312 1740 decipere
3366 1685 3503 1741 quos
3556 1668 3790 1726 veritate

492 1776 628 1816 nam
654 1760 705 1798 93
744 1760 1011 1828 luituros,
1045 1760 1359 1828 exitialem,
1392 1764 1690 1827 aeternam,
1725 1773 1760 1812 a
1790 1757 1937 1829 facie
1982 1760 2093 1814 Do-
2124 1737 2171 1817 Β
2199 1773 2309 1814 non
2343 1758 2507 1830 cepit.
2539 1759 2595 1815 Si
2650 1774 2775 1815 vero
2832 1773 2943 1814 non
2988 1765 3071 1813 est
3105 1756 3454 1814 antichristus
3484 1759 3787 1816 secundum

492 1849 663 1913 mini,
712 1852 769 1903 et
806 1864 841 1902 a
870 1850 1049 1919 gloria
1076 1849 1345 1904 valentia:
1374 1851 1529 1921 ejus;
1585 1846 1824 1917 sequitur
1852 1853 1910 1900 ut
1938 1846 2090 1901 ﬂam-

494 1949 635 1987 mam
705 1934 852 2006 ignis
907 1935 1143 2003 inducat,
1193 1935 1400 1992 scilicet
1453 1934 1675 1992 veniens
1730 1933 1798 1989 ad
1853 1932 2087 2004 punien-

490 2022 621 2075 dum
653 2040 668 2089 ;
696 2022 771 2077 ita
801 2030 857 2078 et
894 2024 949 2077 in
999 2024 1117 2091 hoc,
1176 2023 1393 2080 nolente
1448 2023 1739 2087 Marcione,
1772 2021 2087 2078 crematoris

492 2111 592 2166 Dei
632 2111 880 2168 Christus
909 2111 1066 2168 511
1102 2122 1184 2169 est
1211 2115 1259 2153 94
1300 2114 1400 2183 (1),
1450 2120 1505 2168 et
1562 2113 1614 2166 in
1669 2110 1762 2165 illo
1821 2109 2089 2165 Creatoris

491 2209 597 2265 est,
628 2203 775 2272 quod
832 2203 991 2258 etiam
1036 2203 1104 2257 de
1146 2202 1524 2277 ignorantibus
1552 2200 1845 2255 Dominum
1883 2197 2091 2253 ulcisci-

490 2298 592 2355 tur,
625 2290 781 2347 idest
806 2291 874 2349 de
903 2292 1147 2348 ethnicis.
1180 2293 1438 2347 Seorsum
1478 2289 1622 2344 enim
1679 2287 1860 2359 posuit
1909 2291 2091 2343 Evan-

490 2379 631 2450 gelia
684 2394 798 2435 non
845 2380 1222 2443 obaudientes,
1270 2380 1383 2433 sive
1447 2376 1767 2432 christianos
1832 2382 2089 2445 peccato-

491 2481 599 2531 res,
650 2466 760 2521 sive
795 2466 1036 2522 Judaeos.
1069 2467 1238 2521 Porro
1294 2466 1361 2520 de
1415 2463 1646 2521 ethnicis
1694 2462 1910 2535 exigere
1967 2477 2088 2533 poe-

492 2569 610 2621 nas,
637 2554 729 2625 qui
765 2554 1119 2627 Evangelium
1166 2554 1305 2608 forte
1341 2568 1449 2607 non
1496 2550 1697 2617 norint,
1730 2566 1841 2606 non
1877 2556 1960 2605 est
1987 2548 2091 2604 Dei

490 2642 610 2710 ejus
666 2641 760 2712 qui
814 2640 1128 2697 naturaliter
1179 2641 1251 2696 sit
1290 2640 1523 2712 ignotus,
1556 2653 1655 2693 nec
1701 2653 1924 2708 usquam
1983 2635 2093 2692 nisi

491 2728 546 2783 in
580 2730 880 2800 Evangelio
926 2729 995 2785 sit
1040 2728 1345 2799 revelatus,
1394 2743 1507 2784 non
1541 2726 1795 2782 omnibus
1859 2724 2087 2781 scibilis.

493 2818 735 2874 Creatori
789 2826 968 2874 autem
1015 2819 1177 2874 etiam
1215 2816 1447 2873 naturali
1489 2814 1695 2888 agnitio
1746 2814 1982 2869 debetur
2023 2828 2088 2868 ex

491 2906 747 2975 operibus
789 2906 1166 2977 intelligendo,
1217 2913 1271 2961 et
1305 2903 1502 2960 exinde
1549 2903 1605 2958 in
1657 2901 1955 2971 pleniorem
1985 2917 2082 2957 no-

2193 1862 2313 1915 nos,
2333 1862 2463 1920 ergo
2494 1846 2738 1903 Christus
2772 1853 2852 1903 est
2892 1845 3160 1902 Creatoris
3202 1846 3500 1902 secundum
3548 1847 3787 1904 Marcio-

2194 1954 2337 1994 nem.
2402 1938 2462 1992 Et
2496 1937 2651 2009 quale
2717 1935 2818 1991 erit
2862 1944 2921 1991 ut
2973 1935 3043 1990 ad
3082 1935 3441 1991 ulciscendam
3501 1938 3784 1993 veritatem

2201 2041 2374 2091 suam,
2403 2024 2673 2082 Christum
2731 2022 2975 2080 Creatori
3004 2024 3028 2061 4
3058 2022 3387 2079 submittat?
3443 2023 3549 2080 Sed
3586 2033 3641 2079 et
3668 2025 3714 2079 si

2194 2115 2263 2170 de
2292 2113 2620 2170 Antichristo
2675 2111 2959 2181 consentit,
3018 2111 3245 2182 proinde
3288 2112 3541 2179 dixerim,
3611 2112 3788 2169 512

2194 2202 2352 2273 quale
2382 2209 2483 2268 est,
2545 2208 2600 2255 ut
2663 2200 2736 2254 illi
2798 2202 3043 2257 Satanas
3097 2199 3327 2271 augelus
3388 2200 3664 2255 Creatoris
3719 2200 3791 2257 sit

2196 2288 2555 2354 necessarius,
2582 2292 2639 2343 et
2667 2288 2964 2345 occidatur
2993 2288 3058 2343 ab
3080 2302 3162 2353 eo,
3196 2287 3400 2342 habens
3427 2287 3648 2343 fallaciae
3662 2304 3793 2359 ope-

2194 2376 2401 2431 ratione
2432 2376 2583 2447 fungi
2627 2375 2869 2432 Creatori
2900 2376 2928 2430 ?
2972 2376 3032 2430 In
3082 2391 3314 2443 summa,
3347 2374 3393 2430 si
3432 2376 3792 2431 indubitatum

2194 2472 2278 2520 est
2303 2465 2419 2535 ejus
2438 2480 2559 2520 esse
2587 2471 2644 2519 et
2690 2464 2962 2535 angelum,
2989 2471 3044 2519 et
3072 2463 3380 2533 veritatem,
3424 2472 3477 2519 et
3531 2464 3788 2529 salutem,

2195 2555 2350 2621 cujus
2380 2561 2431 2609 et
2459 2552 2557 2620 ira,
2589 2560 2643 2608 et
2672 2552 2967 2618 aemulatio,
2992 2558 3046 2607 et
3092 2551 3316 2607 fallaciae
3363 2550 3627 2607 immissio
3689 2554 3791 2608 ad-

2196 2658 2384 2698 versus
2412 2649 2809 2711 contemptores
2848 2650 2902 2696 et
2955 2641 3274 2709 desultores,
3330 2641 3493 2697 etiam
3529 2642 3795 2698 adversus

2195 2731 2505 2803 ignorantes
2549 2731 2631 2799 (ut
2676 2730 2791 2800 jam
2848 2736 2902 2785 et
2952 2729 3193 2785 Marcion
3253 2729 3323 2784 de
3378 2729 3553 2803 gradu
3610 2730 3790 2797 cedat,

2196 2820 2374 2874 Deum
2426 2833 2638 2890 quoque
2694 2817 2902 2873 zeloten
2954 2817 3308 2887 concedens),
3380 2817 3506 2890 quis
3571 2817 3794 2889 dignius

2189 2908 2452 2963 irascetur
2479 2907 2507 2961 Ἰ
2538 2907 2697 2969 Puto,
2730 2906 2823 2977 qui
2857 2921 2889 2961 a
2945 2905 3243 2977 primordio
3282 2921 3463 2961 rerum
3491 2916 3739 2960 naturam
3767 2907 3793 2945 ⁶

492 2993 660 3049 titiam
706 2994 1050 3066 requirendo.
1082 2993 1233 3050 Illius
1280 3002 1365 3050 est
1392 3008 1526 3065 ergo
1565 2992 1723 3048 etiam
1773 2990 2085 3064 ignorantes
2119 3012 2163 3091 ε
2192 2994 2473 3068 cperibus,
2508 2992 2809 3059 beneﬁciis,
2854 2993 3052 3068 plagis,
3099 2992 3577 3064 prmdicationibus
3604 2994 3649 3062 7,
3708 3000 3792 3048 te-

488 3082 664 3137 Denm
708 3081 963 3153 plectere,
993 3097 1154 3153 quem
1192 3095 1302 3137 non
1349 3080 1507 3137 liceat
1535 3077 1775 3151 ignorari
1802 3078 1871 3133 95.
1903 3078 2087 3150 Ipsum

489 3170 635 3241 quod
662 3170 766 3226 ait:
797 3173 839 3228 .4
868 3174 1019 3242 facie
1047 3172 1271 3231 Domini
1297 3176 1353 3227 et
1376 3188 1412 3225 a
1439 3170 1621 3242 gloria
1645 3168 1910 3225 valentia:
1938 3170 2083 3240 ejus,

488 3261 668 3315 verbis
707 3275 840 3316 usus
883 3260 1037 3315 Isaias
1084 3262 1167 3329 (ιι,
1202 3261 1292 3331 19)
1322 3275 1335 3312 :
1370 3274 1436 3313 ex
1482 3258 1596 3327 ipsa
1638 3271 1800 3312 causa
1836 3257 2085 3311 eumdem

488 3350 629 3419 sapit
672 3348 956 3404 Dominum
1003 3355 1436 3419 consurgentem,
1463 3349 1531 3400 ut
1578 3345 1929 3401 comminuat
1966 3346 2086 3399 ter-

490 3453 633 3494 ram.
665 3436 804 3506 Quis
830 3444 1009 3493 autem
1050 3444 1131 3492 est
1171 3434 1331 3492 homo
1379 3433 1578 3491 delicti
1604 3432 1736 3503 (55),
1768 3431 1923 3502 ﬁlius
1947 3446 2084 3502 per-

487 3525 741 3592 ditionis,
774 3543 935 3599 quem
971 3525 1216 3583 revelari
1240 3526 1400 3597 prius
1437 3525 1659 3596 oportet
1696 3525 1833 3577 ante
1860 3520 2089 3577 Domini

485 3614 811 3681 adventum,
846 3616 1124 3672 extollens
1143 3630 1201 3670 se
1228 3628 1395 3685 super
1418 3626 1583 3670 omne
1612 3609 1755 3682 quod
1784 3612 1926 3665 Deus
1955 3608 2089 3663 dici-

489 3707 608 3766 tur,
631 3708 687 3758 et
708 3720 931 3760 omnem
950 3703 1279 3773 religionem
1300 3722 1319 3770 ,-
1339 3703 1703 3771 confessurus
1721 3697 1772 3736 95
1792 3697 1855 3752 in
1878 3697 2086 3769 templo

488 3791 588 3846 Dei
616 3794 671 3848 et
699 3792 875 3847 Deum
904 3807 963 3847 se
990 3793 1328 3861 jactaturus
1358 3793 1381 3845 ?
1411 3787 1721 3843 Secundum
1748 3801 1851 3841 nos
1869 3784 2087 3856 quidem

489 3877 867 3940 Autichristus,
918 3888 976 3933 ut
1028 3877 1223 3933 docent
1274 3883 1485 3934 veteres
1529 3883 1585 3930 et
1637 3888 1791 3929 nova:
1846 3874 2087 3944 prophe-

489 3965 626 4033 tiae;
680 3976 739 4022 ut
788 3966 1026 4021 Joannes
1068 3965 1367 4037 apostolus,
1425 3963 1518 4036 qui
1569 3965 1683 4034 jam
1736 3961 2086 4019 antichristos

489 4054 619 4109 dicit
647 4055 711 4125 ‘(I
760 4055 922 4111 Joan.
965 4069 1047 4119 IV,
1093 4056 1146 4119 1,
1199 4055 1255 4122 2)
1307 4050 1636 4124 processisse
1690 4050 1746 4105 in
1801 4050 2085 4113 mundum.

487 4156 852 4214 praecursores
914 4140 1238 4198 Antichristi
1301 4140 1549 4213 spiritus,
1597 4144 1859 4211 negantes
1931 4137 2085 4194 Chri-

2193 3084 2366 3140 stibus
2415 3085 2482 3139 ad
2536 3081 2866 3156 agnitionem
2916 3082 3003 3136 sui
3045 3083 3388 3151 praestruxit,
3451 3099 3556 3139 nec
3610 3092 3793 3139 tamen

2190 3172 2407 3245 agnitus
2434 3180 2555 3237 est;
2590 3187 2659 3226 an
2681 3172 2707 3209 8
2742 3170 2837 3242 qui
2894 3170 3062 3227 semel
3108 3170 3268 3226 unico
3311 3171 3336 3210 9
3366 3172 3654 3243 Evangelii
3700 3172 3791 3227 in-

2190 3268 2513 3325 strumento,
2547 3267 2601 3314 et
2628 3258 2747 3330 ipso
2777 3259 3003 3329 incerto,
3034 3274 3136 3316 nec
3172 3260 3351 3329 palam
3406 3260 3573 3315 alium
3618 3260 3791 3315 Deum

2193 3348 2538 3421 praedicante,
2574 3347 2867 3417 productus
2894 3346 3015 3404 est?
3042 3349 3120 3403 Ita
3149 3348 3237 3404 cui
3259 3348 3519 3419 competit
3556 3347 3797 3405 vindicta

2192 3444 2527 3507 etcompetet
2553 3435 2778 3491 materia
2804 3434 3091 3492 vindicta:
3148 3436 3509 3508 Evangelium
3556 3437 3701 3504 dico,
3739 3446 3795 3491 et

2192 3525 2407 3591 veritas,
2454 3532 2510 3578 et
2560 3526 2724 3580 salus.
2768 3522 2966 3578 lubere
3008 3530 3189 3579 autem
3226 3525 3454 3596 operari
3518 3541 3655 3582 eum
3691 3528 3797 3597 qui

2192 3613 2330 3669 velit
2350 3612 2719 3676 manducare,
2753 3612 2873 3681 ejus
2900 3610 3188 3684 disciplina
3225 3622 3309 3669 est
3336 3614 3427 3686 qui
3464 3612 3588 3668 bovi
3617 3613 3794 3668 tritu-

2193 3698 2333 3757 ranti
2365 3714 2428 3756 os
2456 3699 2685 3755 liberum
2696 3699 2881 3769 jussit.

2760 3838 2987 3896 CAPUT
3016 3840 3191 3897 XVII.

2264 3960 2517 4018 Ecclesiae
2570 3960 2794 4035 quidem
2858 3961 3084 4018 veritate
3129 3961 3434 4034 Epistolam
3490 3962 3659 4020 istam
3718 3967 3798 4023 ad

2196 4050 2455 4124 Ephesios
2482 4050 2743 4108 habemus
2791 4052 3045 4107 emissam
3082 4052 3292 4125 (Epist.
3335 4052 3409 4109 ad
3458 4052 3640 4125 Ephes
3670 4070 3689 4109 ι
3736 4058 3798 4111 et

2195 4142 2285 4211 ιι),
2310 4153 2417 4195 non
2452 4139 2525 4196 ad
2543 4140 2879 4200 Laodicenos
2911 4142 3025 4213 (56)
3058 4163 3073 4211 ;
3104 4141 3201 4197 sed
3220 4141 3467 4199 Marcion
3496 4146 3549 4198 ei
3575 4143 3800 4199 titulum

1863 4233 2054 4298 Variae
2097 4239 2405 4300 lectiones.

560 4339 856 4421 91Poenam
876 4355 1015 4421 quos
1034 4342 1118 4421 ait_
1131 4339 1349 4421 Lat-‘9‘.
1364 4339 1462 4394 Est
1486 4339 1685 4421 omitt1
1699 4337 2206 4421 Pamff‘lgnorare
2219 4343 2378 4421 Pa_m.
2401 4340 2879 4421 95_C_onsecu_turus_
2890 4343 2967 4421 a_l.
2997 4344 3046 4421 9]
3066 4344 3179 4400 Nisi
3199 4344 3285 4421 sit_
3294 4345 3536 4421 Christus
3564 4348 3797 4415 Wouw.;

489 4426 561 4465 ne
592 4409 833 4467 Christus
862 4408 931 4466 sit
969 4411 1138 4469 Seml.
1170 4413 1221 4451 9⁸
1248 4411 1411 4466 Enim
1426 4412 1622 4477 pmitt.
1642 4408 2005 4481 Pam._9€,Es't
2041 4414 2227 4468 omitt.
2260 4412 2471 4468 l'v‘ran.1
2498 4412 2661 4468 Dabit
2691 4416 2818 4471 Lat.
2856 4415 2880 4452 ²
2910 4416 2977 4469 Ει
3008 4418 3166 4472 Pam.
3198 4416 3223 4455 3
3254 4417 3557 4472 Secundum
3590 4434 3716 4481 nos,
3743 4408 3806 4473 et

488 4483 635 4537 Deus
689 4483 810 4539 cod.
855 4485 1052 4541 Wouw.
1083 4484 1107 4521 ἰ
1129 4484 1395 4539 Creatoris
1420 4481 1541 4539 cod.
1579 4482 1777 4539 Wouw.
1809 4479 1834 4517 ⁵
1861 4480 1919 4535 Si
1936 4483 2125 4540 omitt.
2161 4485 2317 4540 Pam.
2348 4483 2373 4521 6
2398 4484 2615 4540 Naturae
2657 4484 2775 4542 cod.
2841 4487 3038 4546 Wouw.
3072 4488 3094 4525 ⁷
3124 4487 3571 4545 Ρτωάὶοειιὶοιιιιω
3616 4479 3799 4545 Pam.

490 4554 515 4589 ⁸
542 4554 656 4609 Nec
684 4553 802 4612 cod.
847 4556 1048 4613 Wouw.
1079 4555 1105 4594 9
1127 4554 1297 4611 Unito
1328 4554 1450 4610 cod.
1488 4553 1694 4612 Wouw.

1890 4622 2385 4690 Commentarius.

561 4731 926 4825 (§§)'{us"tlum
972 4734 1049 4825 sit
1076 4727 1785 4825 αίίῖίεεαιονὶξιιδὶηοξιςίδ.
1818 4728 1920 4819 Sic
1938 4728 2083 4825 iitqu
2116 4747 2162 4825 η
2192 4746 2354 4803 quam
2382 4730 2471 4787 hic
2490 4730 2713 4825 innpere
2743 4729 3050 4825 videturex
3072 4732 3337 4825 ltiarcioqe
3385 4732 3752 4789 Tertullianus
3787 4752 3802 4787 ε

486 4800 730 4860 νθιέιὶιἸΙ
773 4806 1012 4861 Thessal.
1044 4819 1083 4860 ι.
1112 4800 1305 4862 Graece
1350 4821 1366 4859 :
1417 4804 1475 4857 ἂν
1518 4800 1789 4855 ἀποδοῦναι
1832 4803 1936 4862 τοῖς
1972 4802 2084 4854 θλί-

490 4875 665 4947 ϐουρινὲ
679 4874 829 4947 ἡμᾶς,
862 4874 999 4932 PAX.

562 4944 679 5015 (54)
717 4941 821 5003 Sed
858 4948 1153 5015 ﬂammam
1198 4950 1255 5017 et
1310 4942 1787 5017 ignem_delendo.
1828 4943 1929 5017 V_el
1960 4941 2087 5017 hinc

491 5014 865 5087 patet'verum
907 5032 1028 5073 esse
1077 5016 1225 5089 quod
1273 5014 1465 5089 scribit
1501 5015 1562 5069 B.
1615 5014 1950 5089 Epiphanius
1979 5016 2087 5089 ad-

489 5086 684 5144 versus
736 5086 1241 5145 Marcionem'nihil
1298 5104 1356 5143 se
1394 5088 1553 5143 etiam
1594 5093 1830 5142 tractare
1875 5086 1941 5141 de
1988 5088 2085 5140 hac

493 5158 751 5227 Epistola,
774 5162 917 5228 quod
946 5159 1172 5213 nimium
1198 5160 1313 5227 jam
1344 5157 1622 5229 pervertit.
1656 5158 1735 5210 In.

1171 4820 1366 4862 raace:

560 5230 677 5300 (55)
728 5225 897 5286 Homo
935 5232 1153 5286 delicti.
1199 5225 1358 5286 Satis
1390 5228 1625 5300 explicat
1664 5226 1842 5282 statim
1890 5226 1980 5297 qui
2012 5225 2101 5300 Asit
2203 5225 2362 5300 detur
2394 5240 2447 5284 et
2484 5244 2584 5298 sup

494 5298 664 5377 homo
714 5302 895 5377 delicti
924 5343 937 5366 ,
987 5302 1353 5377 Antichristus
1382 5298 1651 5377 scilicet;
1707 5313 1817 5369 quo
1876 5298 2096 5377 nomine

492 5371 835 5429 Marcionitas
870 5374 1125 5445 appellat,
1156 5374 1250 5444 qui
1296 5373 1485 5445 eadem
1517 5378 1860 5445 perpe_tras_se
1902 5370 2094 5423 viden-

494 5444 834 5519 turmquaeide
862 5441 1197 5519 Antichristi)
1228 5443 1481 5519 praedicta
1507 5448 1653 5497 sunt.
1677 5441 1753 5495 LE
1784 5441 1877 5495 Pa.
1928 5509 1939 5519 ο

566 5514 954 5591 (ὅὸλΝοη-αά
1009 5514 1617 5591 Laodicenos._Erlj§nt
1668 5526 1797 5566 sane
1847 5514 1953 5591 οιμί
1983 5525 2092 5581 Ριι·

495 5583 608 5641 tant
659 5583 953 5661 Epistolam
1014 5586 1182 5644 fuisse
1264 5587 1331 5643 ad
1384 5583 1719 5643 Laodicenos
1792 5583 2048 5654 scriptam
2076 5622 2092 5648 ,

2194 4801 2316 4875 nam
2383 4818 2504 4875 quae
2538 4801 2882 4875 giragmenta
2927 4802 3164 4860 citantur
3192 4805 3473 4875 habentur
3533 4820 3657 4875 cap.
3739 4820 3804 4859 tv

2192 4874 2369 4944 Eptst.
2420 4874 2486 4928 ad
2532 4873 2728 4945 Ephes.
2777 4873 3031 4930 Errorem
3079 4874 3228 4930 dedit
3266 4873 3634 4945 interpretatio
3695 4891 3807 4945 pa-

2193 4961 2310 4999 rum
2349 4952 2595 5001 accurata
2625 4960 2683 5001 IV
2710 4945 2779 5000 ad
2807 4945 3014 5001 Coloss.
3046 4946 3138 5001 ubi
3167 4948 3389 5001 habetur
3439 4945 3526 5013 τὴν
3577 4946 3630 4999 ἐχ
3658 4951 3806 5000 Λαο-

2194 5016 2372 5075 amata;
2392 5033 2404 5082 ;
2428 5024 2710 5089 verterunt
2749 5018 2893 5071 enim
2915 5033 3041 5073 eam
3062 5034 3184 5089 quae
3212 5024 3293 5074 est
3312 5016 3393 5089 ad,
3414 5018 3809 5085 Laodicenses,

2192 5103 2313 5159 cum
2343 5087 2661 5159 vertendum
2691 5098 2831 5142 esset
2875 5104 2998 5145 eam
3028 5087 3155 5159 quae
3193 5104 3267 5143 ex
3304 5088 3442 5144 urbe
3498 5089 3802 5146 Laodicea.

2200 5158 2560 5226 Epistola'illa
2587 5174 2707 5231 quae
2736 5160 2897 5231 hodie
2942 5158 3337 5226 circumfertur,
3367 5162 3679 5231 apocrypha
3709 5162 3811 5215 vi-

2590 5229 2841 5300 posititia.
2894 5231 3088 5302 Beatus
3132 5231 3355 5302 Hieron.
3387 5229 3454 5285 de
3501 5229 3675 5302 Epist.
3711 5231 3810 5285 illa

2204 5299 2271 5353 ad
2301 5299 2468 5373 Laod.
2510 5299 2643 5373 talea
2699 5312 2751 5355 et
2790 5301 3132 5373 explodenda
3161 5301 3445 5373 loquitur:
3495 5299 3806 5372 putantun

2203 5370 2453 5443 nonnulli
2486 5372 2711 5440 primam
2759 5386 2878 5426 esse
2929 5371 2999 5425 ad
3043 5370 3383 5429 Timotheum
3414 5370 3537 5443 quae
3586 5370 3803 5429 Laodi-

2203 5456 2314 5497 ceae
2351 5440 2554 5569 scripta
2581 5450 2679 5497 est.
2722 5442 3073 5512 Inscripserat
3122 5452 3297 5499 autem
3355 5440 3592 5499 Marcion
3630 5444 3808 5515 Epis-

2203 5513 2363 5569 tolam
2391 5530 2428 5569 a
2501 5514 2856 5575 Laodicenos.
2894 5530 3019 5575 quae
3055 5514 3213 5573 nobis
3255 5523 3340 5571 est
3383 5515 3457 5571 ad
3511 5516 3808 5575 Ephesios.

2276 5528 2363 5569 am
2391 5528 2466 5569 aa
2501 5528 2856 5584 Lacawenos,
2894 5530 3019 5585 quae
3055 5528 3213 5573 nonis
3255 5528 3340 5571 est
3383 5528 3457 5571 aa
3511 5528 3813 5588 Ephesios.

2198 5583 2282 5640 In.
2730 5592 2733 5595 '
