4018 6192
253 252 358 313 545

1476 252 1605 315 LIB.
1648 255 1689 314 V
1727 253 1884 314 ADV.
1923 249 2330 314 MARCIONEM.

3441 257 3548 322 546

254 377 543 452 aliquando
571 377 895 448 interpolare
950 378 1147 473 gestiit,
1197 381 1350 452 quasi
1377 387 1432 436 et
1477 381 1532 437 in
1580 382 1685 439 isto
1725 381 1850 437 dili—
1876 393 1924 473 Α
1959 381 2048 448 19)
2089 396 2102 433 :
2135 381 2208 435 Et
2235 378 2903 473 quis_c¢ecus,pueri
2926 383 3078 438 mei?
3097 383 3165 438 Et
3199 402 3212 439 :
3262 387 3547 444 Ezececati

252 466 605 541 gentissimus
641 467 968 536 explorator.
1018 466 1162 522 Nihil
1209 474 1385 524 autem
1434 469 1500 524 de
1556 469 1718 524 titulis
1755 469 1844 523 in-

254 563 437 620 terest,
467 569 590 609 cum
621 553 694 608 ad
722 567 914 608 omnes
952 554 1246 624 Apostolus
1275 554 1571 628 scripserit,
1601 557 1728 612 dum
1775 556 1842 611 ad

251 641 546 712 quosdam;
596 648 741 695 certe
794 649 969 696 tamen
1017 657 1146 695 eum
1200 643 1377 697 Deum
1433 643 1731 714 praedicans
1787 643 1841 698 in

251 730 481 797 Christo,
519 728 606 784 cui
647 736 958 798 competunt
991 745 1113 801 quae
1155 731 1532 802 praedicantur.
1574 732 1672 787 Cui
1711 747 1843 803 ergo

249 824 554 887 competent
598 815 910 872 secundum
929 815 1060 872 boni
1110 819 1613 886 existimationem,
1674 837 1842 892 quam

244 907 597 980 proposuerit
620 907 683 959 in
718 910 1074 964 sacramento
1109 909 1424 964 voluntatis
1463 925 1603 975 sute,
1633 912 1696 966 in
1724 909 1843 965 dis-

243 996 631 1067 pensationem
657 992 1081 1066 adimpletionis
1103 997 1418 1068 temporum
1457 997 1540 1064 (ut
1597 999 1668 1052 ita
1695 997 1844 1052 dixe-

247 1083 366 1148 rim,
398 1084 542 1138 sicut
561 1083 789 1138 verbum
823 1081 954 1138 illud
981 1083 1034 1138 in
1055 1083 1248 1140 Graeco
1270 1087 1442 1156 sonat)
1457 1089 1842 1159 recapitulare

249 1173 321 1242 (id
362 1180 466 1234 est,
499 1170 566 1225 ad
600 1170 809 1227 initium
839 1171 1108 1243 redigere,
1140 1172 1226 1228 vel
1255 1175 1322 1228 ab
1355 1173 1509 1230 initio
1541 1177 1841 1246 recensere)

247 1263 439 1317 omnia
467 1261 529 1315 in
553 1257 866 1324 Christum,
889 1277 1010 1333 quce
1029 1261 1092 1317 in
1122 1262 1296 1327 ccelis,
1320 1266 1377 1319 et
1405 1279 1530 1336 quae
1554 1265 1618 1319 in
1637 1267 1840 1332 terris;

244 1348 346 1402 nisi
373 1348 538 1418 cujus
563 1354 725 1402 erunt
777 1348 958 1402 omnia
1001 1349 1068 1404 ab
1117 1349 1294 1417 initio,
1326 1351 1492 1406 etiam
1531 1351 1706 1422 ipsum
1741 1353 1844 1408 ini-

244 1437 394 1504 tium,
446 1452 477 1491 a
503 1450 614 1508 quo
645 1443 700 1492 et
761 1444 1009 1506 tempora
1057 1444 1110 1490 et
1156 1443 1462 1509 temporum
1489 1439 1838 1511 adimpletio-

242 1541 342 1583 nes
373 1525 446 1591 ιο,
473 1523 824 1595 dispensatio,
855 1523 927 1579 ob
954 1538 1121 1596 quam
1149 1524 1330 1580 omnia
1365 1526 1432 1582 ad
1484 1526 1692 1584 initium
1745 1544 1840 1584 re-

242 1620 535 1670 censentur
570 1611 627 1668 in
672 1611 937 1668 Christo?
990 1611 1225 1668 Alterius
1283 1624 1461 1671 autem
1517 1615 1638 1685 Dei,
1691 1617 1838 1688 quod

241 1702 474 1769 initium,
506 1700 561 1754 id
593 1708 676 1754 est
702 1699 864 1769 unde,
887 1702 1043 1770 cujus
1079 1717 1218 1772 Opus
1263 1703 1468 1758 nullum
1491 1705 1520 1760 ?
1547 1721 1669 1778 quae
1701 1715 1840 1761 tem-

246 1805 381 1861 pora
406 1790 522 1846 sine
550 1789 704 1846 initio
727 1790 754 1844 ?
783 1804 906 1860 quae
931 1790 1261 1862 ,adimpletio
1297 1791 1416 1847 sine
1461 1794 1798 1865 temporibus
1814 1796 1842 1852 ?

253 1895 373 1951 qua:
401 1877 722 1950 dispensatio
779 1876 898 1934 sine
943 1877 1370 1950 adimpletione?
1400 1881 1654 1954 denique,
1713 1883 1842 1954 quid

248 1965 305 2021 in
337 1967 493 2021 terris
519 1965 629 2038 egit
662 1966 776 2036 jam
805 1965 955 2032 olim,
1011 1973 1071 2022 ut
1105 1965 1270 2040 longa
1299 1967 1483 2042 aliqua
1539 1978 1840 2042 temporum

241 2053 713 2127 adimplendorum
741 2054 1072 2126 dispensatio
1100 2063 1400 2127 reputatur,
1418 2058 1486 2113 ad
1515 2060 1846 2118 recensenda

240 2144 421 2202 omnia
450 2142 506 2198 in
535 2142 770 2210 Christo,
802 2143 962 2200 etiam
990 2159 1111 2216 quae
1149 2144 1203 2200 in
1231 2145 1383 2202 caelis
1401 2146 1430 2202 ‘l
1457 2147 1570 2202 Nec
1607 2146 1662 2204 in
1691 2148 1844 2206 caelis

238 2239 420 2287 autem
449 2247 538 2288 res
564 2232 633 2287 ab
651 2231 819 2290 altero
847 2241 996 2288 actas
1022 2234 1451 2292 existimabimus
1489 2251 1845 2309 quaecumque

239 2317 415 2377 5I8
454 2327 602 2389 sunt,
645 2337 805 2394 quam
834 2322 903 2377 ab
931 2335 1020 2387 eo,
1059 2337 1093 2377 a
1137 2336 1246 2395 quo
1295 2330 1350 2379 et
1378 2322 1430 2378 in
1461 2323 1616 2379 terris
1644 2332 1762 2380 acta
1796 2326 1841 2365 ιι

237 2408 494 2463 omnibus
521 2415 754 2464 constat.
782 2407 941 2477 Quod
981 2410 1026 2464 si
1069 2424 1181 2465 non
1219 2410 1364 2480 capit
1393 2411 1613 2467 alterius
1661 2411 1842 2469 omnia

238 2496 337 2552 ista
366 2496 617 2570 deputari
645 2498 711 2552 ab
741 2496 894 2553 initio
941 2513 1106 2569 quam
1158 2498 1450 2564 Creatoris,
1491 2499 1613 2571 quis
1658 2502 1842 2557 credet

239 2586 304 2641 ab
334 2585 446 2642 alio
473 2600 541 2640 ea
569 2584 838 2642 recenseri
867 2584 923 2641 in
963 2585 1236 2641 Christum
1266 2586 1432 2643 alium
1455 2596 1510 2642 et
1534 2603 1641 2644 non
1681 2605 1714 2644 a
1741 2605 1840 2646 suo

238 2683 484 2741 auctore,
515 2681 570 2731 et
617 2673 675 2728 in
707 2689 864 2730 suum
903 2673 1221 2731 Christum?
1279 2673 1336 2730 Si
1377 2675 1644 2733 Creatoris
1699 2687 1838 2748 sunt,

238 2764 454 2822 diversa
479 2762 590 2818 sint
616 2777 838 2818 necesse
865 2770 946 2819 est
996 2779 1028 2817 a
1064 2762 1280 2820 diversa
1307 2763 1444 2820 Deo.
1485 2764 1542 2820 Si
1600 2764 1833 2833 diversa,

239 2853 423 2925 utique
472 2850 765 2907 contraria.
830 2850 1115 2921 Quomodo
1159 2867 1287 2924 ergo
1328 2851 1600 2909 contraria
1653 2870 1839 2911 recen-

1953 471 2090 523 sunt
2109 466 2322 538 famuli
2350 469 2467 522 Dei.
2499 466 2655 536 Apud
2687 467 2835 523 illum
2865 480 2993 526 sunt
3019 479 3074 525 et
3118 473 3332 530 divitiae
3371 475 3545 532 haere-

1951 554 2148 612 ditatis
2177 557 2239 610 in
2267 556 2505 620 sanctis,
2529 554 2622 626 qui
2649 571 2767 610 eam
2790 555 3155 612 haereditatem
3177 575 3244 616 ex
3264 563 3547 620 vocatione

1949 644 2221 698 nationum
2253 644 2560 714 repromisit
2595 642 2770 714 (Psal.
2801 659 2864 714 ll,
2897 646 2952 712 3)
2995 662 3008 698 :
3061 648 3295 704 Postula
3341 649 3407 707 de
3436 671 3544 718 me,

1949 735 2006 785 et
2021 731 2156 786 dabo
2177 733 2279 788 tibi
2291 738 2478 803 gentes
2497 731 2889 790 hcereditatem
2909 739 3089 790 tuam.
3105 735 3198 790 Ille
3217 739 3549 810 inoperatus

1951 823 2035 873 est
2063 820 2125 874 in
2151 819 2441 875 Christum
2469 821 2783 876 valentium
2801 838 2990 886 suam,
3013 824 3336 880 suscitando
3358 842 3486 882 eum
3515 845 3550 882 a

1947 909 2211 974 mortuis,
2243 913 2298 964 et
2327 909 2645 966 collocando
2674 927 2804 966 eum
2843 910 2917 965 ad
2955 911 3251 968 dexteram
3270 931 3454 983 suam,
3493 921 3552 973 et

1947 995 2291 1065 subjiciendo
2311 999 2522 1062 omnia,
2549 997 2639 1070 qui
2669 1007 2723 1052 et
2751 999 2886 1054 dixit
2905 999 3062 1070 (Psal
3092 1016 3205 1070 cxx,
3222 1005 3273 1066 2,
3299 1005 3354 1071 3)
3379 1004 3552 1061 :Sede

1948 1082 2020 1137 ad
2041 1082 2342 1141 dexteram
2362 1102 2567 1152 meam,
2583 1085 2758 1142 donec
2776 1103 2990 1158 ponam
3007 1089 3273 1145 inimicos
3295 1095 3418 1149 tuos
3438 1109 3553 1147 sca-

1948 1169 2156 1227 bellum
2183 1173 2388 1243 pedum
2419 1177 2670 1230 tuorum.
2701 1172 2836 1240 Quia
2864 1183 2917 1229 et
2946 1175 3073 1230 alibi
3103 1177 3324 1248 spiritus
3353 1179 3423 1233 ad
3453 1180 3552 1234 Pa-

1949 1265 2085 1314 trem
2115 1260 2183 1314 de
2212 1259 2347 1314 Filio
2375 1261 2554 1330 (Psal.
2581 1276 2706 1326 vm,
2738 1260 2796 1332 7)
2838 1279 2852 1315 :
2900 1261 3103 1320 Omnia
3132 1267 3427 1338 subjecisti
3450 1267 3550 1324 sub

1943 1347 2180 1419 pedibus
2224 1351 2367 1421 ejus.
2413 1349 2470 1404 Si
2501 1364 2567 1405 ex
2595 1350 2681 1403 his
2708 1349 2847 1405 alius
2884 1351 3020 1407 deus
3048 1361 3100 1408 et
3152 1353 3288 1409 alius
3316 1355 3552 1413 christus

1947 1433 2176 1516 infertur
2221 1451 2341 1508 quae
2378 1447 2844 1507 recognoscuntur
2893 1437 2950 1493 in
3005 1439 3280 1510 Creatore,
3330 1459 3550 1516 quaera-

1941 1510 2068 1577 mus
2089 1524 2202 1593 jam
2243 1525 2575 1580 Creatorem.
2625 1525 2812 1596 Plane,
2860 1536 3012 1598 puto,
3058 1510 3384 1597 invenimus,
3425 1548 3551 1588 cum

1946 1610 2122 1667 dicit:
2181 1614 2314 1672 Illos
2355 1614 2578 1672 delictis
2616 1619 2890 1682 mortuos,
2948 1619 3014 1673 in
3057 1619 3255 1690 quibus
3310 1622 3552 1692 ingressi

1951 1705 2136 1769 erant,
2164 1701 2475 1758 secundum
2523 1719 2708 1758 (ecum
2753 1703 2957 1758 mundi
3002 1703 3194 1774 hujus,
3240 1708 3552 1766 secundum

1946 1791 2267 1863 principem
2303 1791 2600 1861 potestatis
2629 1791 2781 1847 aeris
2825 1790 3002 1862 hujus
3032 1792 3099 1858 12,
3131 1796 3228 1868 qui
3281 1802 3551 1868 operatur

1950 1879 2015 1934 in
2043 1877 2180 1948 ﬁliis
2226 1877 2792 1935 incredulitatis.Sed
2835 1878 3094 1935 mundum
3133 1895 3242 1936 non
3283 1891 3459 1953 potest
3497 1893 3553 1943 et

1950 1963 2039 2020 hic
2068 1980 2166 2036 pro
2195 1967 2309 2022 Deo
2339 1965 2528 2021 mundi
2567 1965 2805 2022 Marcion
2834 1965 3199 2036 interpretari.
3240 1967 3364 2023 Non
3406 1969 3550 2026 enim

1949 2053 2126 2109 simile
2171 2062 2254 2110 est
2279 2062 2517 2110 creatum
2545 2054 2794 2120 creatori,
2839 2052 3039 2112 factum
3069 2053 3280 2123 factori,
3313 2059 3552 2116 mundus

1949 2141 2086 2199 Deo.
2135 2141 2242 2198 Sed
2289 2157 2390 2198 nec
2429 2141 2688 2215 princeps
2730 2143 3013 2214 potestatis
3105 2143 3244 2202 aeris
3319 2145 3547 2218 dicetur,

1949 2230 2043 2304 qui
2092 2240 2176 2288 est
2223 2230 2475 2304 princeps
2529 2230 2809 2302 potestatis
2878 2233 3220 2290 saeculorum.
3262 2234 3551 2308 Nunquam

1949 2320 2100 2377 enim
2191 2335 2395 2392 praeses
2449 2319 2616 2377 514
2670 2320 3016 2393 superiorum
3063 2321 3132 2378 de
3196 2322 3550 2382 inferioribus

1947 2417 2185 2477 notatur,
2210 2408 2335 2465 licet
2359 2416 2416 2464 et
2442 2407 2696 2464 inferiora
2727 2409 2830 2480 ipsi
2859 2409 3204 2480 deputentur.
3225 2411 3332 2468 Sed
3355 2429 3456 2470 nec
3475 2413 3554 2470 in-

1949 2495 2280 2554 credulitatis
2307 2505 2559 2568 operator
2581 2497 2753 2553 videri
2791 2506 2990 2569 potest,
3021 2515 3184 2570 quam
3213 2500 3332 2572 ipse
3368 2501 3551 2575 potius

1950 2601 1981 2640 a
2005 2585 2212 2641 Judais
2238 2592 2292 2641 et
2321 2601 2353 2641 a
2379 2586 2688 2642 nationibus
2745 2586 2964 2658 patitur.
3010 2587 3226 2646 Sufﬁcit
3261 2588 3444 2662 igitur,
3503 2590 3552 2648 si

1949 2673 2065 2730 haec
2093 2688 2198 2729 non
2231 2673 2432 2730 cadunt
2459 2675 2518 2729 in
2555 2674 2889 2731 Creatorem.
2925 2674 2981 2730 Si
3019 2684 3201 2731 autem
3249 2685 3304 2734 et
3357 2688 3440 2735 est
3492 2679 3550 2735 in

1950 2777 2109 2832 quem
2139 2761 2313 2834 magis
2341 2770 2647 2833 competant
2679 2762 2745 2828 13,
2795 2761 2980 2836 utique
3023 2763 3198 2836 magis
3239 2765 3347 2822 hoc
3391 2767 3549 2839 Apo-

1948 2848 2118 2906 stolus
2165 2851 2308 2907 sciit.
2341 2849 2476 2920 Quis
2503 2851 2643 2907 iste?
2671 2851 2801 2908 Sine
2829 2851 2998 2907 dubio
3018 2851 3127 2921 ille,
3147 2853 3241 2926 qui
3263 2854 3364 2927 ipsi
3395 2856 3552 2912 Crea-

240 2954 463 2998 seantur
491 2941 549 2996 in
575 2955 701 2996 eum
729 2957 760 2996 a
790 2956 896 3014 quo
921 2941 1156 3013 denique
1199 2940 1594 2998 destruuntur?
1622 2942 1755 2998 Nam
1787 2951 1841 3002 et
1873 2950 1917 3030 θ
1949 2936 2051 3030 tori
2094 2935 2232 3030 filios
2262 2937 2667 3030 incredulitatis
2692 2939 2945 3030 obstruit,
2981 2956 3106 3030 aere
3163 2941 3266 2998 isto
3322 2945 3544 3014 potitus,

238 3031 519 3102 sequentia
543 3045 706 3103 quem
735 3030 1044 3085 renuntiant
1079 3029 1370 3095 Christum,
1411 3046 1537 3085 cum
1582 3029 1730 3097 dicit,
1782 3035 1844 3091 Ut

240 3122 416 3175 simus
433 3121 498 3174 in
531 3117 758 3176 laudem
783 3119 980 3190 glorise
1006 3134 1108 3174 nos
1137 3120 1238 3190 qui
1273 3120 1750 3190 prcesperavimus
1779 3123 1845 3177 in

245 3209 537 3265 Christum
597 3206 763 3279 (57)?
819 3205 922 3276 Qui
953 3206 1097 3264 enim
1146 3221 1500 3278 praesperasse
1527 3212 1842 3280 potuerunt,

241 3294 293 3350 id
341 3304 448 3364 est,
506 3303 631 3350 ante
685 3308 934 3366 sperasse
997 3294 1051 3348 in
1105 3294 1302 3360 Deum,
1360 3310 1522 3366 quam
1581 3296 1841 3364 venisset,

241 3383 342 3439 nisi
395 3382 595 3450 Judaei,
661 3382 858 3455 quibus
921 3381 1168 3438 Christus
1242 3383 1701 3452 praenuntiabatur
1775 3385 1843 3440 ab

241 3473 452 3529 initio?
479 3472 573 3544 qui
618 3486 748 3546 ergo
790 3471 1266 3543 praenuntiabatur,
1315 3469 1408 3528 ille
1437 3481 1492 3528 et
1542 3488 1844 3544 praespera-

240 3563 420 3618 batur.
453 3562 631 3633 Atque
679 3562 812 3617 adeo
863 3562 968 3616 hoc
1004 3559 1072 3616 ad
1101 3577 1179 3626 se,
1209 3561 1265 3615 id
1303 3568 1402 3628 est,
1439 3561 1504 3617 ad
1523 3559 1741 3618 Iudaeos
1763 3578 1848 3619 re-

239 3650 363 3719 fert,
386 3659 452 3706 ut
469 3649 867 3706 distinctionem
888 3648 1062 3715 faciat,
1078 3664 1372 3705 conversus
1391 3649 1456 3704 ad
1487 3651 1760 3707 nationes:
1779 3652 1844 3709 In

241 3756 352 3812 quo
377 3743 435 3797 et
457 3755 549 3796 vos
570 3755 698 3795 cum
718 3738 1017 3795 audissetis
1035 3754 1348 3796 sermonem
1368 3738 1649 3806 veritatis,
1666 3742 1845 3797 Evan-

239 3828 478 3898 gelium,
508 3844 574 3883 ιη
606 3844 712 3900 quo
741 3826 1079 3893 credidistis,
1111 3831 1170 3882 et
1197 3827 1412 3897 signati
1449 3826 1585 3882 estis
1621 3828 1842 3899 Spiritu

235 3918 635 3990 promissionis
663 3919 782 3989 ejus
809 3918 1024 3973 sancto.
1047 3912 1212 3984 Cujus
1233 3913 1607 3985 promissionis
1621 3915 1649 3971 ?
1670 3915 1844 3973 Facta:

239 4022 343 4078 per
367 4006 576 4064 Joelem
597 4004 751 4077 (Cap.
783 4008 845 4076 ιι)
873 4017 887 4058 :
907 4006 972 4061 In
987 4002 1307 4063 novissimis
1326 4002 1517 4061 diebus
1537 4004 1840 4076 effundam

237 4097 309 4156 de
335 4113 464 4156 meo
491 4097 704 4170 spiritu
731 4099 797 4153 in
825 4110 1049 4154 omnem
1077 4109 1344 4161 carnem;
1374 4091 1425 4149 id
1458 4103 1561 4166 est,
1587 4101 1639 4150 et
1665 4093 1721 4150 in
1751 4109 1844 4149 na-

239 4184 448 4242 tiones.
475 4185 555 4241 Ita
583 4192 638 4241 et
664 4183 887 4257 spiritus
913 4191 968 4238 et
992 4181 1352 4256 Evangelium
1381 4181 1436 4238 in
1465 4195 1531 4238 eo
1559 4180 1660 4238 erit
1686 4181 1843 4238 Chri-

238 4284 351 4344 sto,
389 4275 487 4348 qui
517 4276 972 4348 prmsperabatur,
1011 4270 1138 4328 dum
1169 4268 1582 4342 praedicabatur.
1640 4269 1748 4326 Sed
1790 4277 1844 4326 et

239 4367 419 4422 Pater
448 4363 646 4436 gloriae
682 4362 772 4419 ille
799 4369 904 4428 est,
933 4361 1086 4431 cujus
1113 4359 1361 4416 Christus
1389 4375 1480 4416 rex
1537 4357 1726 4431 gloriae
1749 4373 1846 4414 ca-

239 4454 390 4509 nitur
419 4453 476 4507 in
509 4451 716 4508 Psalmo
745 4449 1046 4507 ascendens
1100 4448 1276 4520 (Psal.
1322 4463 1485 4512 xxm,
1520 4446 1609 4518 10)
1644 4463 1656 4500 :
1707 4446 1845 4516 Quis

240 4545 325 4600 est
357 4545 469 4598 iste
490 4557 594 4598 rex
615 4541 811 4613 gloriae
828 4538 856 4594 Τ
871 4540 1146 4598 Dominus
1166 4539 1454 4594 virtutum
1482 4537 1601 4608 ipse
1630 4539 1714 4593 est
1741 4551 1848 4593 rex

239 4633 468 4704 glorise.
481 4631 566 4687 Ab
585 4630 940 4704 illojspiritus
955 4629 1258 4702 sapientiae
1278 4634 1513 4700 optatur,
1528 4626 1670 4698 apud
1687 4642 1849 4697 quem

240 4722 366 4777 haec
393 4734 612 4792 quoque
647 4718 966 4791 spiritalium
1011 4715 1218 4790 species
1267 4722 1655 4773 enumerantur
1713 4712 1852 4770 inter

243 4819 460 4882 septem
489 4807 714 4882 Spiritus
740 4823 836 4880 per
863 4806 1060 4863 Isaiam
1087 4806 1244 4879 (Cap.
1277 4805 1376 4877 χι).
1411 4804 1507 4859 Ille
1527 4802 1684 4860 dabit
1715 4801 1856 4859 illu-

1951 3024 2090 3081 sicut
2117 3024 2297 3081 dicere
2345 3041 2471 3082 cum
2512 3026 2780 3097 prOpheta
2820 3028 2865 3066 ι’·
2911 3029 3076 3086 refert
3107 3029 3248 3100 (Isa.
3283 3048 3395 3103 xxv,
3433 3037 3499 3090 14
3531 3049 3546 3089 :

1951 3116 2168 3170 Ponam
2187 3116 2250 3170 in
2267 3114 2504 3171 nubibus
2527 3114 2795 3172 thronum
2814 3133 3027 3185 meum,
3049 3133 3143 3177 ero
3163 3121 3368 3177 similis
3391 3123 3553 3181 Altis-

1952 3204 2116 3260 simo.
2148 3203 2244 3258 Hic
2273 3201 2376 3258 erit
2403 3202 2676 3272 diabolus,
2705 3219 2863 3275 quem
2891 3213 2944 3260 et
2971 3205 3116 3273 alibi,
3148 3207 3219 3278 (si
3270 3217 3444 3266 tamen
3477 3211 3552 3267 ita

1951 3300 2004 3348 et
2033 3292 2336 3364 apostolum
2366 3291 2475 3365 legi
2507 3293 2710 3365 volunt)
2752 3296 2928 3353 Deum
2955 3299 3062 3353 levi
3093 3297 3266 3368 hujus
3287 3316 3552 3371 agnosce-

1950 3397 2091 3439 mus.
2119 3383 2199 3437 Ita
2228 3383 2369 3436 enim
2403 3384 2572 3438 totum
2613 3383 2868 3439 saeculum
2921 3385 3202 3442 mendacio
3250 3387 3551 3446 divinitatis

1953 3469 2216 3541 implevit.
2251 3469 2357 3540 Qui
2385 3471 2539 3540 plane
2559 3470 2605 3526 si
2633 3486 2746 3526 non
2774 3471 2985 3539 fuisset,
3018 3481 3148 3531 tunc
3166 3475 3282 3532 haec
3313 3475 3367 3531 in
3391 3477 3552 3534 Crea-

1953 3565 2123 3614 torem
2157 3568 2430 3632 spectasse
2455 3558 2781 3630 potuissent.
2815 3561 2924 3616 Sed
2953 3569 3008 3618 et
3035 3560 3087 3616 in
3117 3563 3396 3622 Judaismo
3417 3582 3549 3623 con-

1951 3657 2192 3704 versatus
2223 3646 2269 3685 1⁵
2304 3649 2614 3719 Apostolus,
2653 3663 2762 3704 non
2807 3649 2936 3722 quia
2985 3649 3309 3722 interposuit
3339 3655 3404 3710 de
3453 3655 3552 3711 de-

1950 3735 2112 3805 lictis,
2138 3737 2202 3792 in
2225 3735 2421 3810 quibus
2443 3741 2497 3794 et
2520 3753 2618 3794 nos
2637 3753 2831 3796 omnes
2848 3741 3168 3797 conversati
3188 3759 3403 3814 sumus,
3427 3743 3553 3800 ideo

1951 3823 2271 3880 delictorum
2303 3824 2581 3880 dominum
2613 3832 2666 3880 et
2687 3825 2988 3898 principem
3006 3830 3147 3884 aeris
3185 3830 3351 3902 hujus
3389 3831 3553 3888 Crea-

1950 3919 2123 3968 torem
2156 3921 2372 3984 praastat
2399 3912 2662 3987 intelligi;
2708 3914 2804 3971 sed
2853 3917 2982 3988 quia
3031 3916 3083 3970 in
3109 3917 3382 3988 judaismo
3413 3935 3555 3976 unus

1950 3999 2124 4057 fuerat
2163 4001 2232 4056 de
2261 3999 2388 4056 filiis
2417 4000 2826 4072 incredulitatis,
2874 4003 3147 4061 diabolum
3179 4007 3387 4065 habens
3415 4023 3555 4081 ope-

1951 4096 2209 4155 ratorem,
2233 4105 2354 4145 cum
2394 4101 2815 4162 persequeretur
2841 4090 3134 4148 Ecclesiam
3173 4101 3226 4151 et
3279 4096 3555 4153 Christum

1954 4174 2245 4232 Creatoris.
2271 4177 2500 4248 Propter
2528 4178 2675 4249 quod
2727 4187 2778 4235 et
2822 4181 3146 4237 iracundia:
3172 4183 3287 4254 ﬁlii
3312 4185 3554 4258 fuimus,

1953 4263 2151 4337 inquit,
2183 4265 2278 4322 sed
2307 4269 2546 4322 natura.
2567 4266 2667 4334 Ne,
2691 4267 2816 4338 quia
2837 4265 2980 4324 ﬁlios
3019 4267 3312 4342 appellavit
3335 4271 3556 4330 Iudaeos

1955 4356 2207 4425 Creator,
2235 4363 2640 4426 argumentatur
2692 4354 2740 4394 ισ
2791 4355 3078 4414 haereticus
3121 4357 3402 4416 dominum
3461 4361 3555 4418 iraa

1957 4441 2289 4500 Creatorem.
2315 4441 2448 4498 Cum
2469 4441 2611 4498 enim
2631 4441 2760 4498 dicit
2784 4459 2798 4497 :
2822 4445 3056 4501 Fuimus
3076 4449 3295 4502 natura
3311 4448 3426 4518 filii
3444 4453 3558 4506 ira-

1958 4533 2214 4602 cundias;
2246 4529 2518 4588 Creatoris
2547 4538 2724 4586 autem
2741 4547 2850 4587 non
2870 4538 3062 4588 natura
3091 4542 3216 4590 sunt
3244 4533 3554 4605 ﬁliiJudaai,
3627 4583 3630 4587 .

1959 4622 2058 4680 sed
2087 4622 2387 4678 adlectione
2417 4627 2633 4692 patrum
2658 4640 2672 4690 ;
2707 4622 2810 4678 irce
2838 4621 2985 4692 ﬁlios
3016 4623 3085 4678 ad
3113 4633 3358 4680 naturam
3397 4637 3554 4682 retu-

1959 4711 2042 4782 lit,
2072 4725 2178 4768 non
2217 4710 2286 4765 ad
2335 4709 2663 4768 Creatorem.
2709 4709 2794 4765 Ad
2850 4725 3114 4767 summam
3170 4711 3550 4786 subjungens:

1965 4800 2124 4858 Sicut
2154 4803 2210 4858 et
2254 4801 2482 4868 caeteri;
2511 4798 2606 4872 qui
2635 4798 2821 4872 utique
2850 4797 2945 4856 filii
2974 4799 3074 4856 Dei
3111 4815 3220 4857 non
3249 4809 3396 4858 sunt.
3439 4805 3556 4874 Ap-

244 4903 500 4956 minatos
540 4898 723 4956 cordis
751 4897 959 4963 oculos,
1017 4895 1304 4968 quietiam
1347 4892 1642 4951 exteriores
1669 4892 1858 4950 oculos
1965 4897 2117 4960 paret
2143 4887 2417 4943 communi
2443 4894 2650 4944 natura:
2687 4887 2930 4946 omnium
2958 4888 3240 4946 hominum
3275 4899 3332 4947 et
3359 4889 3562 4950 delicta

245 4990 370 5047 luce
398 4987 609 5056 ditavit,
638 4987 726 5046 cui
773 4984 1026 5060 displicet
1062 4983 1276 5042 caecitas
1317 4981 1505 5057 pepuli
1551 4982 1665 5053 (Isa
1713 4993 1851 5049 xw,

1966 4986 2021 5035 et
2039 4975 2500 5050 concupiscentias
2539 4979 2742 5048 carnis,
2774 4984 2830 5036 et
2859 4977 3311 5050 incredulitatem,
3339 4987 3397 5039 et
3440 4981 3558 5040 ira-

1633 5125 1826 5187 Variae
1869 5124 2180 5187 lectiones.

321 5241 371 5282 ιο
397 5243 464 5300 Ει
491 5242 668 5299 inser.
701 5238 836 5298 Jun.
870 5237 915 5278 ιι
953 5236 1118 5293 Aetas
1147 5235 1275 5292 vult
1305 5234 1437 5291 Jun.
1487 5230 1536 5270 ι²
1564 5229 1738 5304 Hujus
1764 5230 1953 5290 omitt.
1987 5227 2226 5289 Semler.
2261 5226 2482 5291 Oberth.
2537 5195 2584 5268 l3
2615 5227 2896 5303 Competat
2923 5228 3082 5289 Pam.
3142 5228 3190 5272 ιι
3230 5229 3465 5291 Profert.
3503 5237 3560 5290 et

253 5318 420 5380 Pam.
454 5314 502 5354 1⁵
532 5314 730 5371 Fuerat
755 5309 888 5369 add.
926 5311 1052 5368 Lat.
1086 5306 1134 5346 ιδ
1155 5308 1271 5363 Hoc
1296 5304 1424 5362 add.
1467 5304 1602 5362 Jun.

1658 5429 2152 5495 Commentarius.

327 5552 447 5626 (B7)
486 5552 964 5626 Prwsperavimus
994 5549 1060 5606 in
1091 5543 1406 5604 Christum.
1437 5540 1522 5599 Ad
1552 5539 1781 5602 verbum
1817 5552 1843 5600 ε

1950 5539 2115 5600 imoo
2141 5537 2517 5613 προηλπικότας.
2548 5534 2624 5593 L3
2650 5535 2748 5594 Pa.
