4018 6192
253 328 355 389 549

1461 328 1586 388 LIB.
1632 329 1669 386 V
1709 327 1864 388 ΜΝ.
1907 324 2312 388 MARCIONEM.

3453 333 3558 398 550

253 453 425 510 facere
456 452 692 510 voluisse
719 452 1170 525 diSpensationem
1201 453 1282 508 sui
1311 453 1654 524 sacramenti,
1683 469 1844 525 quam
1876 467 1923 546 Α
1957 455 2087 512 vino
2110 452 2366 509 dedecori
2387 451 2436 490 28
2456 449 2580 506 inde
2615 457 2717 519 est,
2740 450 2832 506 ubi
2869 459 3176 510 sanctorum
3205 455 3558 517 inebriatores

251 542 549 615 ignorasset
575 543 720 597 Deus
759 542 1006 598 conditor
1050 542 1310 597 omnium.
1347 542 1411 598 Et
1466 557 1573 614 quo
1617 557 1844 613 compe-

254 632 391 686 tebat
445 631 786 703 praetendere
837 630 1194 702 ignorantiam
1261 630 1523 687 creatoris
1578 631 1842 697 extranei,

253 725 303 773 et
328 717 494 789 longa
525 717 874 789 separatione
897 717 1129 784 discreti,
1163 733 1290 774 cum
1321 718 1597 776 domestici
1629 734 1844 791 quoque

253 807 548 878 superioris
573 807 669 863 Dei
697 807 1034 862 nescissent?
1063 809 1268 862 Tamen
1306 816 1359 863 et
1391 808 1627 864 Creatori
1654 818 1843 864 notum

253 906 367 952 erat
397 895 657 952 futurum.
679 895 872 951 Annon
895 896 1078 969 utique
1107 904 1310 964 notum,
1343 899 1488 968 quod
1509 898 1612 954 sub
1632 896 1773 954 coelo
1795 897 1843 936 2⁵

251 987 302 1042 in
339 993 488 1042 terra
517 989 639 1057 ejus
666 987 902 1043 habebat
929 987 1203 1043 revelari?
1240 987 1388 1059 Ergo
1417 1003 1483 1042 ex
1513 989 1617 1044 hoc
1644 984 1846 1044 conﬁr-

253 1082 429 1130 matur
468 1074 620 1146 quod
665 1091 827 1146 supra
863 1076 1172 1131 struximus.
1222 1075 1280 1132 Si
1312 1077 1456 1132 enim
1488 1077 1710 1133 Creator
1741 1091 1844 1132 co-

250 1163 502 1235 gniturus
529 1171 644 1219 erat
689 1163 1011 1237 quandoque
1059 1164 1323 1220 occultum
1370 1164 1501 1221 illud
1547 1164 1648 1221 Dei
1685 1179 1851 1236 supe-

251 1244 423 1309 rioris.
463 1266 860 1310 sacramentum
882 1297 898 1320 ,
921 1261 975 1310 et
1019 1255 1092 1310 ita
1124 1256 1402 1328 Scriptura
1430 1257 1666 1312 habebat
1697 1272 1709 1313 :
1750 1257 1849 1314 00-

250 1343 389 1399 culti
411 1345 542 1410 Deo,
573 1345 670 1416 qui
697 1345 888 1401 omnia
907 1344 1195 1415 condidit;
1215 1343 1293 1400 sic
1322 1343 1518 1401 inferre
1543 1345 1804 1402 debuerat
1830 1363 1844 1400 :

255 1432 315 1488 Ut
339 1433 486 1488 nota
513 1431 620 1500 ﬁat
651 1431 770 1489 illis
798 1434 1128 1504 multifaria
1158 1435 1442 1506 sapientia
1469 1436 1586 1500 Dei,
1643 1442 1768 1490 tunc
1798 1440 1852 1488 et

249 1519 614 1590 potestatibus
643 1529 699 1576 et
728 1520 1112 1591 principatibus
1156 1523 1525 1594 cujuscunque
1567 1522 1686 1588 Dei,
1727 1539 1852 1579 cum

246 1607 445 1681 quibus
473 1608 708 1665 sciturus
736 1616 875 1666 esset
903 1610 1141 1666 Creator.
1173 1611 1327 1668 Adeo
1357 1613 1686 1668 subtractum
1715 1627 1850 1668 con-

249 1703 373 1762 atat,
405 1696 557 1770 quod
588 1706 641 1754 et
669 1697 749 1754 sic
777 1697 987 1755 veritati
1026 1715 1138 1755 suat
1172 1701 1375 1758 salvum
1405 1709 1506 1756 est.
1539 1699 1676 1758 Volo
1712 1716 1852 1757 nunc

1955 541 2305 612 increpantur
2334 559 2348 598 :
2384 543 2454 598 Et
2469 545 2667 613 potum
2699 540 2916 596 dabatis
2945 545 3160 600 sanctis
3187 548 3326 602 meis
3361 551 3556 606 vinum

1951 631 2141 704 (Amos
2162 647 2224 698 Il,
2259 631 2348 702 12)
2377 628 2518 702 quod
2557 628 2873 700 prohibitus
2912 634 3035 684 erat
3070 638 3270 701 potare
3296 639 3350 691 et
3371 638 3557 695 Aaron

1951 720 2229 787 sacerdos,
2256 725 2308 776 et
2336 720 2447 789 ﬁlii
2469 720 2609 790 ejus,
2641 734 2772 775 cum
2792 718 3021 773 adirent
3047 719 3118 774 ad
3138 726 3339 777 sancta
3366 727 3556 794 (Deut.

1951 809 2116 877 χχιι).
2151 809 2215 863 Et
2242 807 2485 865 Psalmis
2523 810 2580 865 et
2618 808 2841 880 hymnis
2877 809 2981 864 Deo
3021 823 3228 864 canere
3257 812 3454 868 docere
3486 815 3555 868 il-

1952 887 2058 952 lius
2087 904 2187 961 est,
2217 896 2309 968 qui
2338 913 2459 953 cum
2492 895 2759 969 tympanis
2789 895 2967 966 potius
2996 904 3049 951 et
3078 896 3348 966 psalteriis
3379 902 3558 957 vinum

1953 985 2202 1042 bibentes
2230 985 2463 1043 incusari
2492 1001 2522 1039 a
2559 985 2673 1039 Deo
2705 984 2832 1051 (Isa.
2858 1000 2939 1048 x1,
2965 985 3056 1055 12)
3077 994 3254 1041 norat.
3284 987 3383 1053 Ita,
3407 989 3564 1059 cujus

1954 1075 2168 1132 invenio
2208 1081 2474 1145 praecepta
2505 1083 2558 1130 et
2607 1074 2813 1128 semina
2861 1081 3255 1145 prmceptorum
3301 1077 3386 1132 vel
3415 1093 3556 1150 aug-

1956 1173 2152 1232 menta,
2185 1165 2304 1234 ejus
2334 1164 2636 1236 apostolum
2669 1177 2927 1235 agnosco.
2972 1164 3260 1232 Caeterum,
3291 1167 3565 1225 mulieres

1953 1253 2095 1309 viris
2122 1254 2402 1325 subjectus
2448 1268 2567 1309 esse
2596 1252 2814 1322 debere,
2865 1251 3010 1308 unde
3039 1252 3368 1310 conﬁrmat?
3424 1257 3567 1324 Quia

1955 1344 2061 1412 vir,
2103 1340 2293 1414 inquit,
2344 1346 2516 1414 caput
2548 1345 2634 1397 est
2676 1341 2959 1397 mulieris.
2996 1341 3091 1396 Dic
3121 1341 3274 1412 mihi,
3307 1344 3566 1402 Marcion»

1955 1430 2024 1486 de
2053 1446 2219 1502 opere
2253 1430 2522 1487 Creatoris
2541 1431 2685 1485 Deus
2709 1440 2832 1485 tuus
2861 1429 2965 1505 legi
2994 1446 3108 1486 sua;
3129 1433 3360 1488 adstruit
3379 1444 3566 1491 aucto-

1957 1518 2222 1575 ritatem?
2270 1520 2382 1576 Hoc
2430 1521 2543 1590 jam
2605 1519 2764 1590 plane
2818 1517 2998 1575 minus
3036 1527 3135 1588 est,
3192 1535 3314 1576 cum
3365 1529 3418 1577 et
3461 1523 3567 1595 ipsi

1962 1607 2176 1664 Christo
2227 1623 2324 1664 suo
2369 1615 2423 1662 et
2463 1607 2720 1663 Ecclesiae
2769 1607 2890 1677 ejus
2931 1607 3055 1662 inde
3112 1615 3307 1665 statum
3351 1611 3565 1668 sumit:

1963 1697 2124 1754 Sicut
2172 1701 2228 1753 et
2281 1697 2534 1752 Christus
2565 1700 2739 1768 caput
2782 1701 2866 1752 est
2910 1697 3198 1754 Ecclesiae.
3230 1698 3486 1756 Similiter
3515 1711 3568 1756 et

248 1794 301 1842 et
327 1764 444 1860 ego
465 1785 562 1841 tibi
599 1786 668 1842 de
697 1787 974 1861 allegoriis
1001 1789 1246 1860 Apostoli
1295 1789 1714 1848 controversiam
1756 1806 1853 1846 ne-
1883 1764 1928 1843 Β
1967 1803 2089 1843 cum
2109 1785 2274 1842 dicit:
2299 1786 2538 1843 Carnem
2559 1802 2724 1842 suam
2745 1785 2958 1857 diligit,
2983 1785 3076 1858 qui
3098 1802 3315 1843 uxorem
3343 1804 3500 1846 suam
3518 1791 3569 1830 ²9

254 1882 418 1930 ctere.
450 1873 600 1944 Quas
630 1891 803 1931 novus
835 1877 884 1914 26
920 1879 969 1931 in
1001 1878 1275 1949 prophetis
1305 1879 1583 1936 habuisset
1614 1877 1855 1935 formas?

271 1963 581 2035 Captivam,
596 1963 795 2035 inquit,
812 1964 980 2023 duxit
1000 1968 1414 2040 captivitatem.
1430 1967 1642 2036 Quibus
1658 1967 1824 2024 armis
1836 1969 1864 2024 Ἰ

263 2051 460 2122 quibus
481 2051 679 2124 praalﬁs
697 2057 726 2111 ‘I
756 2053 824 2109 de
851 2056 1004 2126 cujus
1032 2055 1209 2128 gentis
1238 2058 1535 2114 vastatione
1556 2056 1584 2114 ?
1613 2057 1680 2112 de
1708 2057 1866 2126 cujus

256 2138 485 2196 civitatis
515 2140 796 2198 eversione
817 2142 846 2198 7
864 2159 999 2216 quas
1026 2143 1268 2210 feminas,
1304 2160 1437 2215 quas
1457 2160 1677 2217 pueros,
1697 2160 1864 2217 quos-

256 2241 323 2283 ve
352 2230 572 2301 regulos
600 2229 802 2287 catenis
829 2232 1001 2290 victor
1027 2231 1292 2290 inseruit?
1320 2234 1455 2290 Nam
1488 2242 1542 2292 et
1569 2250 1690 2291 cum
1721 2232 1864 2305 apud

254 2316 426 2375 David
476 2318 652 2389 (Psal.
692 2335 846 2387 XLIV,
901 2321 956 2395 4)
996 2321 1240 2378 Christus
1286 2321 1496 2380 canitur
1541 2326 1866 2382 succinctus

255 2406 448 2477 gladio
495 2423 668 2482 super
713 2411 926 2480 femur,
957 2417 1048 2466 aut
1074 2409 1216 2483 apud
1263 2410 1453 2468 Isaiam
1491 2410 1642 2486 (vui)
1683 2413 1866 2487 spolia

255 2497 544 2569 accipiens
600 2498 877 2556 Samaria:
932 2502 990 2558 et
1060 2501 1338 2558 virtutem
1401 2503 1681 2571 Damasci,
1742 2516 1867 2558 vere

259 2582 426 2641 517
491 2601 614 2643 eum
669 2593 725 2643 et
777 2586 1042 2645 visibilem
1115 2590 1372 2647 excondis
1438 2591 1798 2662 praeliatorem
1845 2608 1862 2659 ;

259 2687 494 2744 agnosce
544 2673 709 2748 igitur
734 2676 843 2744 jam
885 2685 940 2732 et
986 2688 1312 2734 armaturam
1351 2689 1404 2736 et
1453 2679 1697 2736 militiam
1745 2680 1868 2749 ejus

258 2763 615 2834 spiritalem,
656 2764 701 2819 si
738 2766 853 2835 jam
901 2765 1139 2823 didicisti
1181 2783 1298 2824 esse
1341 2768 1703 2840 captivitatem
1749 2768 1868 2840 spi-

259 2852 498 2922 vitalem,
531 2859 592 2908 ut
637 2861 690 2910 et
734 2855 873 2910 hanc
919 2855 1060 2911 illius
1101 2871 1368 2929 agnoscas
1424 2875 1439 2916 :
1490 2859 1575 2915 vel
1629 2873 1753 2931 quia
1812 2867 1865 2915 et

259 2939 592 3012 captivitatis
617 2941 781 3013 hujus
808 2943 1132 2999 mentionem
1182 2943 1249 3001 de
1293 2946 1576 3018 prophetis
1615 2948 1862 3017 Aposto-

1971 1875 2314 1948 diligit‘sicut
2343 1878 2401 1931 et
2425 1875 2682 1932 Christus
2712 1874 3040 1932 Ecclesiam.
3075 1874 3241 1931 Vides
3269 1881 3570 1950 comparari

1972 1963 2122 2036 operi
2168 1963 2439 2020 Creatoris
2478 1963 2750 2020 Christum
2781 1971 2952 2030 tuum,
2986 1971 3038 2020 et
3066 1963 3371 2021 Ecclesiam
3401 1976 3570 2027 tuam.

1974 2052 2241 2120 Quantum
2289 2053 2511 2110 honoris
2537 2052 2683 2109 carni
2726 2052 2885 2108 datur
2926 2052 2981 2108 in
3027 2052 3284 2109 Ecclesia:
3313 2055 3573 2113 nomine?

1974 2145 2158 2209 Nemo,
2193 2143 2382 2216 inquit,
2428 2157 2658 2201 carnem
2690 2157 2855 2199 suam
2894 2141 3021 2202 odio
3053 2143 3237 2211 habet,
3274 2143 3380 2200 nisi
3413 2146 3571 2215 plane

1972 2231 2206 2289 Marcion
2237 2231 2385 2287 solus
2419 2248 2432 2286 :
2466 2231 2562 2288 sed
2587 2235 2645 2289 et
2673 2233 2868 2288 nutrit
2898 2235 2956 2289 et
2981 2233 3134 2304 fovet
3163 2249 3309 2301 eam,
3339 2237 3488 2291 sicut
3518 2242 3572 2294 et

1979 2320 2234 2378 Christus
2257 2321 2580 2378 Ecclesiam.
2605 2319 2675 2376 At
2696 2332 2752 2376 tu
2783 2321 2933 2377 solus
2961 2336 3084 2377 eam
3115 2322 3300 2396 odisti,
3328 2324 3544 2382 auferen

1975 2408 2057 2464 illi
2106 2409 2574 2466 resurrectionem.
2621 2409 2817 2467 Odisse
2871 2409 3094 2468 debebis
3142 2419 3198 2467 et
3251 2413 3570 2483 Ecclesiam,

1973 2500 2102 2571 quia
2143 2499 2369 2571 proinde
2414 2499 2654 2571 diligitur
2685 2517 2715 2556 a
2764 2499 3001 2558 Christo.
3051 2501 3273 2557 Atenim
3329 2502 3578 2562 Christus

1976 2584 2143 2644 5l8
2180 2589 2380 2644 amavit
2426 2596 2481 2644 et
2509 2603 2728 2645 carnem
2759 2589 2899 2644 sicut
2923 2588 3238 2646 Ecclesiam.
3268 2591 3440 2648 Nemo
3471 2609 3580 2652 non

1975 2677 2164 2752 diliget
2209 2676 2500 2750 imaginem
2536 2692 2752 2751 quoque
2801 2693 3038 2750 sponsae,
3078 2678 3189 2734 imo
3239 2689 3291 2736 et
3346 2683 3583 2742 servabit

1975 2765 2142 2833 illam,
2177 2775 2232 2823 et
2284 2767 2590 2831 honorabit,
2643 2775 2694 2822 et
2740 2768 3044 2842 coronabit.
3078 2769 3251 2824 Habet
3283 2771 3577 2829 similitudo

1975 2871 2097 2911 cum
2115 2856 2337 2912 veritate
2365 2856 2587 2913 honoris
2618 2858 2970 2913 consortium.
3000 2855 3279 2913 Laborabo
3309 2874 3410 2933 ego
3433 2875 3580 2918 nunc

1974 2943 2222 2999 eumdem
2243 2945 2414 3000 Deum
2443 2945 2672 3016 probare
2693 2945 2922 3001 masculi
2939 2952 2992 3001 et
3012 2945 3230 3011 Christi,
3260 2946 3503 3004 mulieris
3525 2959 3579 3006 et

258 3029 338 3085 lus
364 3031 618 3102 sumpsit,
638 3047 669 3085 a
697 3031 894 3104 quibus
922 3041 975 3089 et
1004 3033 1256 3090 mandata
1287 3052 1300 3089 :
1328 3036 1674 3107 Deponentes
1702 3051 1866 3091 men-
1900 3050 1944 3128 ε
1973 3033 2250 3099 Ecclesiae,
2275 3033 2449 3128 carnis
2468 3043 2518 3090 et
2541 3035 2794 3106 Spiritus;
2817 3035 2937 3106 ipso
2958 3035 3223 3107 Apostolo
3254 3040 3576 3094 sententiam

260 3119 512 3187 dacium,
536 3120 837 3194 loquimini
862 3123 1158 3180 veritatem
1185 3123 1258 3180 ad
1272 3139 1606 3197 proximum
1629 3141 1799 3182 suum
1819 3126 1867 3166 2⁷

260 3211 517 3281 quisque.
564 3210 629 3263 Et
665 3211 1009 3280 irascimini,
1043 3216 1099 3268 et
1127 3213 1308 3270 nolite
1355 3210 1697 3285 delinquere,
1734 3215 1869 3286 ipsis

261 3299 441 3354 verbis
471 3300 673 3370 quibus
698 3300 940 3356 Psalmus
969 3304 1064 3372 (IV,
1099 3301 1152 3372 5)
1180 3312 1474 3373 exponeret
1502 3319 1697 3358 sensus
1723 3306 1866 3371 ejus.

266 3387 355 3444 Sol
392 3403 513 3443 non
541 3387 758 3444 occidat
787 3405 955 3461 super
985 3391 1349 3448 iracundiam
1374 3395 1640 3449 vestram.
1687 3392 1870 3450 Nolite

263 3475 697 3533 communicare
737 3477 997 3549 operibus
1039 3482 1421 3538 tenebrarum.
1454 3509 1524 3520 —
1557 3483 1693 3538 Cum
1713 3482 1872 3553 justo

262 3564 408 3622 enim
419 3566 622 3638 justus
647 3568 778 3635 eris,
814 3566 1020 3641 etjcum
1036 3585 1298 3643 perverso
1321 3572 1667 3644 perverteris
1696 3569 1872 3642 (Psal.

264 3668 411 3721 xvn,
435 3655 551 3724 27).
574 3654 639 3709 Et
659 3654 724 3725 (l.
751 3656 875 3712 Cor.
897 3671 958 3725 v,
979 3659 1068 3727 13)
1092 3675 1106 3713 :
1145 3659 1381 3730 Auferte
1424 3659 1648 3715 malum
1672 3658 1735 3716 de
1754 3674 1874 3715 me-

267 3743 358 3800 dio
385 3745 667 3801 vestrum.
688 3743 757 3799 Et
775 3744 844 3814 (II
870 3747 992 3804 Cor.
1016 3761 1094 3814 vr,
1131 3748 1219 3818 17)
1245 3766 1258 3802 :
1283 3749 1450 3806 Exite
1479 3749 1542 3804 de
1572 3747 1750 3806 medio
1779 3764 1874 3806 eo-

267 3850 421 3900 rum,
446 3838 506 3890 et
529 3834 898 3890 immundum
922 3852 997 3892 ne
1023 3838 1358 3908 attigeritis.
1384 3868 1454 3879 -—
1491 3839 1874 3912 Separamini,

269 3924 365 3995 qui
384 3924 553 3997 fertis
583 3940 716 3982 vasa
743 3925 974 3983 Domini
995 3926 1127 3995 (Isa.
1150 3941 1245 3996 ιιι,
1270 3925 1379 4000 ll).
1399 3926 1489 3985 Sic
1506 3936 1578 3999 et,
1600 3928 1878 3986 inebriari

1978 3121 2250 3178 Creatoris
2277 3120 2584 3188 adhibente,
2611 3123 2718 3176 imo
2752 3131 2805 3178 et
2833 3124 3136 3180 disserente
3167 3143 3182 3179 :
3216 3127 3452 3199 Propter
3481 3129 3581 3184 hoc

1977 3211 2026 3250 30
2055 3211 2339 3282 relinquet
2361 3210 2519 3268 homo
2557 3213 2783 3284 patrem
2816 3215 2872 3266 et
2891 3216 3157 3277 matrem,
3201 3218 3257 3269 et
3277 3220 3448 3271 erunt
3470 3218 3582 3274 duo

1978 3302 2040 3355 in
2061 3313 2291 3356 carnem
2313 3313 2489 3355 unam
2510 3297 2578 3353 31.
2605 3299 3047 3355 Sacramentum
3061 3298 3162 3355 hoc
3181 3317 3456 3372 magnum
3475 3309 3580 3360 est.

1978 3388 2187 3444 Sufﬁcit
2208 3388 2344 3443 inter
2365 3388 2488 3454 ista,
2509 3387 2553 3443 si
2586 3387 2859 3443 Creatoris
2891 3404 3086 3463 magna
3116 3399 3244 3444 sunt
3265 3393 3404 3461 apud
3428 3393 3583 3463 Apo-

1982 3477 2146 3532 tolum
2175 3486 2531 3544 sacramenta,
2566 3475 2789 3530 minima
2819 3477 2963 3548 apud
3001 3478 3304 3534 hereticos.
3347 3478 3448 3534 Sed
3491 3497 3584 3553 ego

1983 3571 2174 3624 autem
2204 3566 2345 3633 dico,
2370 3568 2579 3638 inquit,
2607 3567 2672 3621 in
2707 3565 2994 3623 Christum
3015 3571 3070 3622 et
3099 3567 3414 3624 Ecclesiam
3443 3568 3581 3642 (61).

1983 3657 2158 3712 Habet
2212 3654 2728 3727 interpretationem,
2766 3669 2878 3711 non
2936 3657 3336 3728 separationem
3395 3674 3578 3715 sacra-

1984 3745 2170 3800 menti.
2202 3742 2448 3800 Ostendit
2493 3741 2720 3818 ﬁguram
2753 3744 3068 3800 sacramenti
3101 3745 3166 3799 ab
3206 3761 3272 3801 eo
3302 3749 3581 3818 praemini-

1984 3841 2227 3901 stratam,
2248 3833 2403 3903 cujus
2431 3840 2542 3888 erat
2562 3834 2749 3906 utique
2769 3840 3185 3891 sacramentum.
3209 3835 3352 3905 Quid
3373 3837 3585 3895 videtur

1985 3923 2242 3981 Marcioni
2263 3929 2290 3982 ε)
2338 3923 2558 3980 Creator
2605 3924 2819 3997 quidem
2855 3925 3041 3998 ignoto
3070 3927 3181 3984 Deo
3209 3926 3414 4003 ﬁguras
3444 3945 3584 4002 pree-

1663 4047 1856 4110 Variae
1901 4045 2212 4109 lectiones.

344 4147 394 4188 ³⁵
422 4152 490 4208 Et
531 4149 661 4207 add.
700 4149 923 4209 Oberth.
953 4156 1174 4210 secutus
1204 4153 1378 4211 Seml.
1435 4151 1486 4192 ²⁶
1514 4152 1696 4210 Novas
1733 4154 1866 4211 Jun.
1897 4151 2146 4208 novimus
2183 4149 2236 4202 in
2269 4148 2548 4221 prophetis
2575 4148 2829 4207 habuisse
2876 4149 2994 4210 cod.
3036 4152 3286 4210 Vatican.
3329 4152 3377 4192 2⁷
3415 4154 3588 4212 Suum

273 4225 466 4280 omitt.
510 4223 686 4280 Seml.
752 4222 802 4260 28
828 4223 1073 4281 Dedecor
1102 4226 1226 4298 Rig.
1267 4226 1450 4284 Venet.
1481 4225 1760 4284 mendose.
1792 4223 1842 4264 29
1873 4223 2037 4280 Suam
2057 4222 2248 4281 omitt.
2282 4220 2506 4278 Oberth.
2549 4221 2599 4260 3°
2627 4221 2775 4278 Hanc
2794 4223 2966 4279 Seml.
2999 4223 3046 4262 31
3078 4223 3251 4281 Carne
3288 4241 3395 4279 una
3429 4226 3584 4286 Oler.

1670 4321 2173 4386 Commentarius.

348 4427 465 4520 (ἐι)
482 4428 589 4488 Sed
602 4445 723 4520 φερε
738 4429 1463 4520 ξξξίιςιέινέίρρέτξ,ο¹ιϋειιέηι
1478 4429 1880 4520 etfuisse:
1916 4442 1962 4520 υ

277 4498 459 4575 Verba
491 4498 907 4575 sunt'Pauli'ad
950 4503 1219 4575 Ephesios
1248 4517 1307 4573 v,
1338 4503 1432 4558 ubi
1469 4501 1581 4575 agit
1607 4503 1676 4556 de
1702 4515 1883 4557 amore

273 4572 583 4644 conjugali,
611 4582 665 4628 et
694 4573 1094 4628 matrimonium
1127 4573 1204 4628 ait
1242 4572 1363 4629 esse
1395 4572 1808 4644 sacramentum,
1830 4577 1886 4644 et

272 4642 500 4718 quidem
545 4658 828 4718 magnum,
873 4644 989 4718 βρεὶΔ
1009 4647 1264 4718 continuo
1303 4644 1602 4718 subjungit,
1652 4643 1784 4718 Ἐγὼ
1836 4642 1888 4696 δί

269 4714 431 4788 ᾉέγωΑ
464 4716 530 4788 εἷς
571 4714 780 4786 Χρῐστδν
817 4716 894 4768 καὶ
950 4714 1014 4776 εἰς
1037 4714 1125 4784 τὴν
1181 4715 1490 4772 Ἐκκλησίαν.
1510 4714 1880 4788 'Mysterium,

273 4785 478 4868 inquit,
495 4785 882 4868 hoc-magnum
903 4793 1015 4858 est;
1037 4803 1135 4858 ego
1149 4792 1350 4868 autem
1369 4789 1492 4847 dico
1510 4789 1578 4868 in
1590 4785 1887 4868 Christum

276 4859 338 4914 et
386 4859 725 4916 Ecclesiam.
767 4859 1002 4917 lnnuens
1038 4860 1470 4928 conjunctionem
1527 4860 1672 4915 illam
1702 4859 1801 4915 viri
1834 4867 1888 4913 et

274 4929 530 5004 mulieris
568 4945 824 5004 maguum
870 4940 1434 5004 esse_sacramentum,
1467 4932 1596 5003 quia
1626 4945 1886 5004 magnum

275 4999 487 5074 aliquid
555 4999 826 5074 signiﬁcat
882 5012 937 5074 et
990 5001 1208 5074 ﬁgurat,
1267 4999 1428 5074 quod
1470 4999 1886 5074 extenditurrin

279 5070 566 5127 Christum
607 5070 662 5145 et
704 5070 1321 5145 Ecclesiam—Hortatur
1349 5075 1646 5145 Apostolus
1691 5073 1886 5144 conju-

280 5158 397 5217 ges,
435 5151 493 5198 ut
522 5159 581 5198 se
627 5143 862 5200 invicem
911 5144 1157 5217 diligant,
1206 5160 1273 5201 eo
1311 5143 1509 5202 scilicet
1540 5161 1742 5210 amore,
1781 5159 1889 5215 quo

281 5212 375 5267 ﬁat
402 5230 574 5270 unum
607 5231 637 5270 e
665 5217 880 5271 duobus
913 5234 926 5272 :
960 5212 1036 5270 ita
1054 5224 1114 5272 ut
1143 5217 1303 5273 ambo
1334 5234 1441 5274 una
1470 5217 1576 5272 sint
1605 5223 1748 5282 caro,
1782 5212 1890 5271 una

282 5285 492 5340 anima.
525 5287 673 5342 Hanc
704 5303 834 5360 vero
881 5287 1240 5360 dilectionem,
1272 5287 1500 5360 ﬁguram
1549 5304 1668 5344 esse
1715 5288 1790 5360 ait
1837 5295 1889 5344 et

281 5366 705 5432 sacramentum,
731 5359 852 5432 Asive
883 5367 1072 5432 typum
1092 5431 1095 5432 ν
1112 5367 1175 5432 et
1191 5358 1483 5429 imaginem
1523 5367 1579 5432 _et
1607 5358 1889 5432 speculum

281 5429 498 5504 amoris
548 5428 745 5504 Christi
803 5428 1441 5504 erga"Ecclesia_m,’qu:e
1490 5430 1570 5485 sic
1612 5428 1890 5504 adhaerere

281 5508 343 5572 et
370 5500 700 5572 agglutinari
752 5500 954 5572 sponso
1000 5517 1097 5558 suo
1142 5500 1351 5568 debeat,
1398 5509 1456 5557 ut
1498 5517 1662 5558 unum
1703 5501 1794 5558 ﬁat
1823 5518 1890 5559 ex

281 5570 526 5646 duobus,
567 5581 620 5628 et
661 5570 821 5629 ambo
864 5590 1032 5646 unum
1065 5573 1206 5639 sint,
1238 5573 1483 5646 adeoque
1513 5574 1602 5628 illa
1632 5588 1741 5628 non
1780 5573 1890 5630 alio

255 5642 510 5715 spiritu,
543 5659 700 5715 quam
746 5644 967 5714 Christi,
1018 5647 1253 5704 animata
1299 5642 1440 5705 vivat
1468 5653 1522 5702 et
1569 5652 1801 5718 regatur,
1832 5652 1893 5702 ut

1996 4424 2054 4480 in
2083 4424 2206 4505 ipsa
2217 4419 2368 4505 vivat
2397 4419 2664 4505 Christus,
2695 4433 2750 4480 et
2768 4422 2914 4505 ipsa
2954 4423 3014 4505 in
3058 4423 3290 4505 Christo.
3323 4424 3429 4505 Res
3477 4426 3586 4505 igi-

1996 4493 2554 4572 tur_’agit_Ap.ostolus
2583 4493 2733 4549 duas.
2768 4493 2880 4550 Viri
2913 4503 2970 4572 et
3005 4495 3240 4572 mulieris
3277 4493 3587 4572 conjugium

1994 4582 2028 4624 θ,
2070 4563 2186 4624 Deo
2235 4563 2536 4620 institutum
2583 4580 2708 4620 esse
2755 4565 3014 4633 ostendit,
3053 4575 3114 4620 ut
3159 4567 3250 4623 ﬁat
3297 4563 3476 4624 unua?
3523 4587 3590 4626 ex

1992 4639 2203 4695 duobus
2237 4655 2252 4692 :
2279 4637 2462 4710 itaque
2491 4652 2598 4692 non
2626 4636 2824 4710 debere
2853 4637 3126 4710 hominem
3169 4653 3418 4709 separare
3445 4645 3590 4710 quod

1993 4711 2140 4766 Deus
2168 4707 2464 4778 conjuuirit,
2497 4725 2596 4764 nec
2623 4707 2738 4781 ﬁeri
2776 4709 2913 4781 inter
2957 4707 3589 4781 conjuges‘divortium;

1997 4797 2116 4837 nam
2147 4783 2192 4836 si
2223 4781 2481 4849 conjuxa
2527 4780 2760 4851 conjuge
2807 4779 3058 4846 divortat,
3101 4779 3213 4850 jam
3267 4779 3588 4837 alterutrum

1994 4867 2260 4926 separare
2287 4867 2415 4926 qua;
2437 4859 2562 4926 sunt
2607 4867 2638 4906 a
2682 4853 2799 4906 Deo
2832 4852 3149 4926 conjuncta.
3202 4853 3315 4908 Hoc
3362 4853 3591 4923 primum

1994 4922 2108 4997 agit
2138 4923 2350 4997 Paulus.
2385 4922 2590 4997 Deinde
2619 4938 2748 4997 vero
2780 4922 2987 4992 adjicit,
3031 4932 3270 4997 sanctam
3311 4922 3375 4980 et
3393 4934 3594 4982 castam

1994 4994 2116 5069 esse
2169 4994 2368 5050 debere
2415 4995 2559 5049 inter
2597 4995 2861 5069 conjuges
2907 4996 3291 5066 concordiam;
3349 4997 3594 5069 quando-

1995 5067 2211 5138 quidem
2245 5082 2310 5122 ex
2341 5081 2404 5140 ea
2431 5075 2627 5140 sumat
2655 5065 2898 5140 Christus
2939 5065 3285 5140 exemplum,
3312 5065 3385 5124 et_
3413 5085 3592 5125 sacra-

1996 5136 2240 5194 mentum
2269 5147 2321 5214 et
2349 5136 2754 5214 similitudinem
2783 5136 3255 5214 dilectionis—erga
3293 5140 3595 5197 Ecclesiam

1998 5225 2131 5284 suae,
2165 5208 2338 5284 qualis
2367 5225 2487 5266 esse
2520 5210 2686 5284 debet
2730 5209 2921 5284 sponsi
2956 5225 3086 5282 erga
3124 5208 3376 5284 spbusam
3411 5230 3423 5270 :
3472 5228 3594 5284 quae

1997 5280 2216 5338 dilectio
2265 5280 2534 5353 repensari
2581 5282 2777 5338 debeat
2824 5280 3314 5353 eodem—exemplo
3353 5280 3595 5340 dilectio-

1998 5355 2102 5421 nis,
2152 5352 2333 5434 qualis
2371 5363 2452 5409 est
2491 5369 2714 5434 sponsae
2756 5369 2894 5434 erga
2945 5352 3232 5431 sponsum.
3281 5355 3429 5434 Hanc
3465 5368 3596 5434 vero

1998 5427 2460 5498 comparationem
2490 5425 2690 5481 Paulus
2719 5425 2793 5480 ait
2811 5425 3076 5498 magnum
3107 5441 3228 5483 esse
3253 5425 3594 5498 mysterium.

1999 5493 2159 5565 Quod
2188 5513 2317 5554 sane
2346 5499 2536 5554 doceat
2563 5508 2806 5568 pastores
2833 5493 2934 5566 τῆξ
2947 5498 3210 5566 καλλίστης
3247 5493 3391 5568 ζώὶυν
3425 5493 3600 5568 aram

2000 5569 2296 5698 ἀνθρᾶἷὲων,
2326 5585 2498 5644 usque
2524 5565 2580 5625 et
2607 5585 2783 5642 usque
2818 5565 3062 5626 ﬁdelium
3105 5565 3376 5624 mentibus
3421 5565 3596 5624 incul-

2000 5655 2142 5698 care.
2207 5655 2284 5696 re.

2000 5655 2284 5714 careqmc.
