4018 6192
432 316 531 376 551

1110 299 1551 366 TERTULLIANI
1587 296 1854 361 OPERUM
1891 297 2057 361 PARS
2118 302 2181 360 ll.
2224 331 2293 345 —-
2330 299 2555 362 SERIES
2596 301 2639 373 Ι,
2682 300 3032 364 POLEMICA.

3550 284 3551 287 ‘
3610 306 3719 365 552

427 441 731 499 ministrare
778 449 887 491 non
935 431 1140 505 potuit;
1192 429 1349 486 etiam
1404 427 1529 500 quia
1583 426 1906 485 adversario.
1958 426 2013 482 Si
2046 442 2093 521 Α
2125 436 2239 485 tum
2269 427 2489 485 traditio
2528 428 2855 502 Evangelica
2899 429 3097 503 ubique
3144 438 3472 498 manaverat,
3517 439 3719 501 quanto

430 539 582 594 noto,
612 526 763 581 Deus
795 522 1042 595 superior
1067 520 1133 575 ab
1160 517 1432 587 inferiore,
1453 523 1507 572 et
1535 515 1603 570 ad
1634 514 2017 571 destruendum

430 618 624 689 potius,
647 612 876 670 mutuari
898 609 1027 664 nihil
1057 606 1258 663 debuit.
1288 606 1598 663 Obaudiant
1618 610 1673 661 et
1691 605 2020 677 parentibus

429 707 559 777 ﬁlii.
590 705 726 759 Nam
758 711 812 756 et
840 699 884 755 si
916 697 1155 754 Marcion
1185 694 1423 759 abstulit,
1455 696 1563 749 Hoc
1597 698 1678 748 est
1706 692 1862 748 enim
1888 694 2018 765 pri-

427 813 587 853 mum
605 797 669 850 in
685 790 1049 865 promissione
1066 788 1436 858 praeceptum.
1451 782 1557 837 Lex
1572 781 2015 854 loquitur(Exod.

427 887 531 955 xx)
558 902 569 937 :
595 885 815 939 Honora
832 882 1056 952 patrem
1074 879 1132 931 et
1152 877 1416 929 matrem.
1440 871 1505 925 Et
1527 888 1540 926 :
1565 873 1857 936 Parentes,
1880 886 2018 925 enu-

428 974 567 1028 trite
584 971 729 1042 ﬁlios
746 968 808 1022 in
828 964 1130 1036 disciplina
1151 964 1207 1016 et
1226 960 1575 1031 correptione
1589 957 2020 1014 Domini.Audis-

427 1062 467 1118 ti
491 1061 632 1117 enim
652 1066 705 1114 et
726 1054 994 1112 veteribus
1022 1051 1226 1106 dictum
1269 1068 1283 1102 :
1316 1049 1637 1105 Nurrabitis
1669 1048 1786 1103 haec
1814 1049 1877 1102 in
1908 1063 2016 1101 au-
2050 1122 2053 1123 ν

426 1151 579 1207 ribus
607 1149 862 1219 ﬁliorum
880 1147 1217 1209 vestrorum,
1246 1140 1302 1194 et
1331 1137 1442 1206 ﬁlii
1470 1138 1644 1193 vestri
1664 1151 1817 1208 aeque
1839 1136 1901 1189 in
1923 1152 2021 1190 au-

426 1240 585 1296 ribus
615 1237 665 1277 33
691 1236 944 1306 ﬁliorum
971 1244 1226 1286 suorum.
1257 1224 1377 1294 Quo
1401 1226 1512 1296 jam
1541 1223 1674 1278 mihi
1700 1225 1838 1279 duos
1865 1225 2016 1291 deos,

427 1327 473 1383 si
500 1341 611 1381 una
651 1331 733 1380 est
760 1319 1085 1390 disciplina?
1132 1323 1185 1372 et
1215 1314 1262 1369 si
1295 1313 1403 1369 duo
1452 1320 1595 1378 sunt,
1647 1311 1798 1368 illum
1827 1327 2020 1383 sequar

423 1415 519 1488 qui
546 1414 695 1487 prior
743 1408 943 1466 docuit.
996 1405 1103 1462 Sed
1151 1402 1411 1460 adversus
1454 1399 1890 1456 munditenentes
1932 1398 2019 1454 lu-

424 1503 586 1561 ctatio
616 1501 663 1557 si
692 1498 868 1562 nobis,
889 1511 923 1552 ο
952 1491 1141 1568 quanti
1160 1494 1267 1560 jam
1302 1491 1370 1549 :lii
1398 1488 1702 1547 creatores!
1739 1488 1845 1544 Cur
1872 1488 2018 1544 enim

422 1607 534 1648 non
570 1598 624 1647 et
652 1590 756 1645 hoc
782 1584 1073 1649 vindicem,
1117 1596 1286 1637 unum
1321 1578 1782 1635 munditenentem
1841 1576 2017 1630 nomi-

422 1679 542 1737 nari
570 1676 843 1744 debuisse,
861 1672 908 1727 si
939 1672 1250 1727 Creatorem
1280 1664 1635 1737 signiﬁcabat,
1655 1665 1809 1733 cujus
1837 1671 2018 1719 essent

422 1719 851 1840 quas‘pvrmmisii
879 1764 1174 1830 potestates
1192 1758 1221 1811 ?
1250 1719 1430 1813 Po:ro.
1459 1766 1583 1807 cum
1612 1719 1774 1821 supia
1801 1750 2018 1840 quidem
2050 1719 2093 1796 ι

422 1856 660 1911 induere
686 1866 786 1908 nos
812 1847 996 1917 jubeat
1038 1844 1421 1906 armaturam,
1453 1842 1516 1896 in
1544 1856 1661 1912 qua
1696 1843 1909 1896 stemus
1947 1839 2021 1895 ad

422 1941 875 2002 machinationes
921 1933 1147 1998 diaboli,
1183 1932 1296 2001 jam
1340 1929 1580 1986 ostendit
1624 1928 1825 1985 diaboli
1875 1943 2017 1994 esse,

421 2047 544 2104 quae
571 2026 786 2082 diabolo
831 2020 1131 2095 subjungit,
1160 2021 1469 2092 potestates
1518 2021 1578 2076 et
1618 2017 2021 2074 munditenen—

426 2123 509 2176 tes
541 2116 903 2174 tenebrarum
948 2112 1211 2174 istarum,
1261 2121 1385 2178 qua:
1426 2116 1480 2162 et
1528 2105 1748 2162 diabolo
1792 2106 2019 2177 deputa-

421 2222 565 2263 mus.
618 2205 731 2261 Aut
787 2200 833 2257 si
885 2197 1139 2255 diabolus
1181 2205 1391 2254 creator
1434 2202 1536 2260 est,
1586 2194 1708 2266 quis
1752 2194 1856 2251 erit
1901 2194 2018 2249 dia-

424 2294 585 2352 bolus
619 2291 763 2363 apud
810 2283 1157 2347 creatorem?
1192 2287 1279 2341 An
1324 2285 1466 2340 sicut
1503 2282 1553 2322 33
1587 2282 1695 2339 duo
1726 2281 1835 2353 dei,
1867 2281 1941 2339 ita
1968 2290 2021 2338 et

428 2382 539 2438 duo
598 2378 814 2445 diaboli,
860 2384 913 2433 et
972 2373 1256 2445 pluraliter
1304 2378 1601 2443 potestates
1644 2380 1699 2427 et
1746 2370 2017 2427 mundite-

425 2473 659 2528 nentes?
694 2467 810 2538 (62)
832 2461 1007 2522 5I9
1023 2462 1128 2518 Sed
1160 2460 1434 2531 quomodo
1464 2471 1674 2517 creator
1700 2465 1755 2514 et
1774 2458 2019 2514 diabolus

425 2567 480 2617 et
506 2560 654 2614 Deus
680 2557 825 2614 idem
839 2559 867 2611 ?
887 2568 1011 2610 cum
1030 2550 1275 2606 diabolus
1295 2564 1403 2605 non
1422 2548 1564 2605 idem
1585 2554 1640 2604 et
1658 2549 1802 2603 Deus
1830 2555 1884 2603 et
1908 2547 2021 2602 dia-

422 2652 605 2707 bolus.
640 2648 750 2704 Aut
780 2647 926 2702 enim
965 2642 1126 2697 ambo
1174 2647 1228 2696 et
1261 2639 1381 2707 Dei,
1430 2637 1479 2692 si
1505 2638 1666 2693 ambo
1696 2638 1745 2676 3"
1768 2638 1881 2708 jam
1910 2635 2021 2691 dia-

420 2738 530 2797 boli
554 2755 571 2810 ;
599 2745 693 2794 aut
737 2735 828 2807 qui
876 2734 1023 2788 Deus
1051 2730 1160 2795 hic,
1194 2736 1247 2785 et
1285 2744 1394 2784 non
1438 2725 1703 2796 diabolus,
1736 2726 1875 2783 sicut
1922 2741 2019 2783 nec

425 2828 677 2886 diabolus
704 2828 868 2883 Deus.
903 2824 1088 2893 Ipsum
1124 2817 1443 2875 vocabulum
1481 2816 1705 2884 diaboli,
1737 2830 1921 2889 quaero
1951 2831 2019 2871 ex

422 2936 531 2994 qua
577 2918 823 2974 delatura
881 2916 1148 2983 competat
1194 2907 1485 2965 Creatori?
1532 2907 1780 2963 Fortasse
1828 2903 2020 2962 detulit

2124 516 2300 587 magis
2327 531 2471 572 nunc
2497 516 2509 571 l
2540 517 2740 589 Porro;
2774 516 2824 572 si
2866 526 3047 574 nostra
3093 525 3174 575 est
3219 533 3340 589 quae
3377 517 3579 589 ubique
3606 534 3719 573 ma-

2124 604 2291 670 navit,
2338 604 2513 675 magis
2548 620 2713 677 quam
2740 605 2917 662 omnis
2964 606 3236 673 haeretica,
3288 608 3484 661 nedum
3542 608 3719 662 Anto-

2126 694 2360 750 nianiani
2389 692 2437 733 37
2466 694 2768 765 Marcionis,
2813 703 3001 751 nostra
3047 697 3149 752 erit
3195 696 3488 768 apostolica
3528 715 3541 751 :
3574 698 3722 752 Mar-

2124 783 2297 839 cionis
2343 790 2539 851 autem,
2583 800 2707 841 cum
2754 791 2925 840 totum
2972 784 3273 856 impleverit
3321 785 3602 854 mundum,
3648 802 3721 842 ne

2125 880 2251 927 tunc
2306 872 2525 942 quidem
2568 888 2625 926 se
2667 871 2962 928 defendere
3012 873 3209 944 poterit
3260 873 3329 927 de
3376 874 3716 942 Apostolica.

2124 960 2261 1015 Eam
2292 960 2433 1014 enim
2474 967 2527 1015 et
2569 960 2645 1015 sic
2686 960 2951 1017 constabit
3008 976 3146 1025 esse,
3196 976 3315 1032 quae
3364 960 3511 1031 prior
3556 978 3721 1016 mun-

2125 1049 2250 1103 dum
2298 1048 2551 1119 replevit,
2609 1049 2751 1103 illius
2802 1048 3009 1105 scilicet
3054 1048 3149 1104 Dei
3192 1049 3507 1121 Evangelia,
3538 1051 3628 1121 qui
3666 1061 3725 1105 et

2124 1137 2241 1193 haec
2266 1137 2459 1193 cecinit
2487 1137 2555 1193 de
2581 1136 3053 1209 prmdicationibus
3082 1137 3200 1206 ejus
3231 1137 3405 1207 (Psal.
3436 1155 3590 1204 xvm,
3623 1141 3677 1210 4)
3704 1157 3719 1195 :

2127 1226 2201 1280 In
2222 1242 2445 1282 omnem
2466 1229 2678 1282 terram
2708 1227 2856 1281 exiit
2872 1242 3040 1282 sonus
3061 1232 3334 1291 eorum,et
3355 1228 3418 1282 in
3449 1230 3724 1287 terminos

2124 1312 2273 1370 orbis
2292 1313 2455 1370 verba
2476 1329 2688 1370 eorum.
2705 1313 3000 1369 Invisibilis
3022 1316 3120 1371 Dei
3138 1316 3444 1385 imaginem
3457 1318 3541 1371 ait
3563 1317 3731 1374 Chri-

2123 1406 2301 1459 stum.
2353 1401 2459 1456 Sed
2504 1417 2604 1457 nos
2648 1401 2791 1457 enim
2856 1401 3177 1458 invisibilem
3236 1402 3466 1459 dicimus
3511 1404 3724 1461 Patrem

2126 1491 2345 1557 Christi,
2377 1491 2607 1548 scientes
2647 1491 2841 1547 Filium
2871 1507 3086 1564 semper
3114 1500 3260 1549 retro
3283 1492 3481 1563 visum,
3514 1494 3561 1551 si
3590 1496 3725 1567 qui-

2123 1581 2225 1636 bus
2261 1581 2408 1636 visus
2437 1589 2520 1637 est
2548 1579 2603 1635 in
2648 1579 2746 1635 Dei
2773 1581 3012 1653 nomine,
3065 1588 3124 1636 ut
3166 1581 3458 1654 imaginem
3500 1582 3724 1654 ipsius:

2125 1686 2191 1725 ne
2220 1685 2381 1742 quam
2428 1677 2482 1724 et
2526 1670 2651 1726 hinc
2690 1669 3048 1726 differentiam
3096 1670 3313 1727 scindat
3356 1670 3454 1727 Dei
3491 1673 3727 1731 visibilis

2126 1769 2180 1815 et
2208 1758 2506 1826 invisibilis,
2522 1774 2643 1815 cum
2665 1758 2926 1815 olimDei
2956 1760 3124 1816 nostri
3155 1762 3221 1815 sit
3243 1759 3487 1819 deﬁnitio
3516 1762 3721 1833 (Exod.

2125 1863 2294 1913 χχιιι,
2319 1847 2409 1918 20)
2433 1864 2445 1904 :
2480 1846 2654 1905 520
2680 1850 2856 1906 Deum
2885 1848 2934 1887 ³8
2956 1865 3117 1908 nemo
3133 1849 3359 1919 videbit,
3388 1854 3447 1907 et
3470 1852 3635 1908 vivet.
3662 1851 3726 1907 Si

2127 1951 2237 1992 non
2257 1945 2336 1992 est
2353 1935 2598 1992 Christus
2622 1938 3041 2009 primogenitus
3070 1937 3429 2004 conditionis,
3450 1946 3507 1994 ut
3529 1940 3726 1996 Sermo

2127 2027 2399 2083 Creatoris
2426 2043 2529 2099 per
2556 2041 2723 2099 quem
2752 2028 2943 2083 omnia
2972 2028 3133 2097 facta
3170 2030 3328 2093 sunt,
3368 2030 3424 2085 et
3452 2028 3575 2084 sine
3612 2044 3727 2100 quo

2126 2117 2274 2173 nihil
2289 2118 2510 2187 factum
2541 2120 2654 2186 est,-
2674 2115 2848 2187 sijnou
2878 2118 2943 2171 in
2971 2116 3071 2172 illo
3091 2116 3319 2172 condita
3341 2119 3480 2173 sunt
3499 2117 3730 2173 univer-

2125 2217 2189 2261 sa
2217 2206 2281 2259 in
2308 2204 2463 2260 caelis
2491 2207 2548 2260 et
2577 2205 2640 2259 in
2671 2206 2860 2270 terris,
2899 2203 3145 2261 visibilia
3166 2208 3222 2260 et
3250 2203 3577 2273 invisibilia,
3605 2206 3729 2260 sive

2128 2293 2339 2358 throni,
2393 2293 2509 2349 sive
2558 2291 2993 2357 dominationes,
3042 2294 3155 2349 sive
3186 2293 3566 2365 principatus,
3608 2294 3729 2349 sive

2123 2383 2469 2453 potestates;
2501 2380 2546 2436 si
2580 2396 2685 2437 non
2715 2383 2922 2438 cuncta
2949 2395 3050 2452 per
3076 2381 3249 2436 illum
3278 2386 3336 2437 et
3364 2381 3417 2435 in
3446 2382 3546 2437 illo
3583 2386 3731 2437 sunt

2126 2471 2357 2528 condita
2400 2470 2540 2539 (haec
2572 2469 2719 2525 enim
2761 2469 3015 2526 Marciani
3056 2469 3344 2542 diSplicere
3390 2471 3727 2541 oportebat),

2127 2573 2232 2614 non
2262 2556 2447 2629 utique
2486 2565 2592 2612 tam
2636 2558 2779 2612 nude
2824 2557 3095 2628 posuisset
3128 2557 3465 2629 Apostolus:
3515 2558 3581 2614 Et
3607 2558 3733 2627 ipse

2125 2653 2203 2703 est
2234 2655 2355 2701 ante
2385 2661 2592 2701 omnes.
2626 2646 2914 2716 Quomodo
2944 2646 3089 2702 enim
3128 2654 3251 2702 ante
3280 2660 3493 2716 omnes,
3526 2646 3569 2700 si
3617 2662 3731 2727 non

2126 2743 2251 2792 ante
2282 2734 2509 2792 omnia?
2544 2734 2829 2804 Quomodo
2875 2743 3000 2791 ante
3028 2736 3227 2801 omnia,
3277 2736 3324 2791 si
3371 2752 3479 2793 non
3509 2738 3734 2807 primo-

2124 2828 2345 2897 genitus
2392 2824 2728 2883 conditionis
2772 2825 2935 2897 (63)?
2964 2824 3011 2880 si
3057 2840 3165 2881 non
3197 2825 3387 2882 Sermo
3417 2825 3730 2880 Creatoris?

2127 2913 2282 2969 Unde
2317 2922 2443 2969 ante
2483 2928 2672 2970 omnes
2700 2914 3020 2985 probabitur
3066 2913 3255 2985 fuisse,
3302 2914 3394 2985 qui
3426 2920 3547 2985 post
3591 2929 3728 2968 om-

422 3011 657 3082 aliquam
699 3006 797 3063 Dei
853 3000 1149 3074 superioris
1194 2999 1565 3067 intentionem,
1614 2995 1760 3070 quod
1800 2997 1917 3069 ipse
1952 2997 2018 3051 ab
2051 2999 2094 3078 c
2127 3002 2214 3057 nia
2242 3001 2534 3073 apparuit?
2560 3001 2695 3072 Quis
2739 3003 2837 3060 scit
2884 3002 3121 3075 priorem
3169 3002 3361 3073 fuisse,
3393 3018 3553 3074 quem
3603 3018 3731 3059 esse

419 3095 745 3171 archangelo
774 3108 966 3167 passus
992 3100 1093 3157 est,
1125 3098 1180 3146 et
1205 3088 1422 3160 quidem
1453 3086 1694 3145 mentito.
1733 3085 1852 3142 Non
1888 3086 2011 3143 ideo

415 3193 567 3255 enim
616 3184 963 3242 interdixerat
1006 3178 1151 3235 illius
1194 3178 1494 3234 arbusculae
1522 3185 1764 3249 gustum,
1797 3192 1866 3231 ne
1911 3175 2010 3232 Dei

417 3282 629 3347 ﬁerent,
658 3276 753 3333 sed
799 3287 870 3329 ne
920 3271 987 3327 de
1027 3268 1457 3341 transgressione
1500 3274 1854 3321 morerentur.
1903 3266 2017 3321 Nec

419 3367 712 3444 spiritalia
755 3368 934 3417 autem
980 3357 1251 3429 nequitiae
1294 3355 1427 3444 ideo
1462 3354 1774 3444 Creatorem
1804 3351 2013 3444 signiﬁ-

421 3439 615 3516 cabant
661 3454 731 3523 35,
781 3452 908 3523 quia
951 3446 1165 3517 adjecit,
1220 3446 1284 3501 in
1329 3443 1501 3500 caelis.
1531 3440 1741 3497 Sciebat
1769 3439 1912 3496 enim
1960 3447 2013 3496 et

418 3546 715 3621 Apostolus
743 3541 798 3596 in
841 3537 993 3598 cmlis
1037 3542 1258 3608 operata
1300 3548 1419 3621 esse
1462 3530 1723 3621 spiritalia
1759 3529 2013 3621 nequitia:

423 3618 741 3708 angelorum
776 3625 1250 3686 scandalizatorum
1282 3624 1333 3678 in
1363 3620 1498 3676 ﬁlias
1526 3618 1808 3675 hominum
1846 3619 2008 3689 (Gen.

360 3778 375 3795 ,
420 3725 523 3797 v1).
557 3724 619 3777 Et
644 3720 798 3792 quale
825 3715 928 3771 erit
956 3714 1026 3780 ⁵6,
1058 3720 1118 3768 ut
1161 3709 1621 3782 ambiguitatibus,
1654 3718 1709 3764 et
1736 3724 1829 3777 per
1873 3708 2012 3763 aani-

422 3819 601 3886 gmata
629 3805 809 3861 nescio
838 3818 980 3874 qum,
1023 3801 1329 3856 Creatorem
1361 3804 1565 3853 taxaret
1597 3816 1610 3852 :
1643 3797 1733 3867 qui
1768 3797 1833 3851 in
1860 3800 2011 3854 cate-

421 3903 511 3957 nis
543 3899 671 3968 jam
706 3892 1077 3955 constitutus,
1106 3887 1168 3945 ob
1217 3886 1535 3942 libertatem
1570 3886 2009 3958 praedicationis,

421 3984 809 4048 constantiam
835 3974 1245 4050 manifestandi
1270 3976 1613 4032 sacramenti
1630 3976 1693 4030 in
1723 3976 2013 4046 apertione

421 4078 557 4143 oris,
590 4087 747 4146 quam
777 4070 852 4125 ibi
882 4063 1219 4139 expostulare
1264 4078 1296 4119 a
1339 4064 1451 4119 Deo
1486 4063 1793 4131 mandabat,
1826 4061 2013 4120 Eccle-

418 4166 513 4223 siae
542 4162 726 4236 utique
760 4156 1103 4233 praestabat?

1007 4243 1233 4301 CAPUT
1268 4242 1423 4302 XIX.

2117 3089 2354 3148 nesciit?
2381 3089 2664 3158 Quomodo
2690 3090 2819 3147 item
2850 3091 2898 3130 39
2927 3094 3055 3149 boni
3083 3092 3249 3149 duxit
3277 3108 3504 3150 omnem
3531 3093 3729 3165 pleni-

2121 3180 2378 3237 tudinem
2399 3182 2462 3236 in
2490 3183 2785 3254 semetipso
2815 3180 3108 3237 habitare?
3128 3180 3307 3237 Primo
3330 3182 3621 3252 enim,qua2
3640 3190 3732 3235 est

2118 3268 2220 3325 ista
2266 3268 2566 3341 plenitudo,
2612 3269 2714 3325 nisi
2761 3287 2825 3326 ex
2872 3269 2981 3325 illis
3020 3285 3140 3342 quae
3186 3271 3417 3326 Marcion
3471 3269 3727 3336 detraxit,

2121 3357 2351 3413 conditis
2379 3357 2435 3412 in
2467 3357 2697 3425 Christo,
2732 3359 2785 3413 in
2827 3358 2979 3415 caelis
3007 3364 3062 3413 et
3104 3358 3160 3413 in
3193 3357 3370 3425 terris,
3418 3357 3620 3430 angelis
3667 3351 3738 3413 ει

2120 3445 2450 3512 hominibus,
2495 3445 2600 3501 nisi
2629 3461 2694 3501 ex
2743 3446 2849 3501 illis
2891 3445 3248 3502 invisibilibus
3284 3455 3340 3502 et
3365 3446 3728 3503 visibilibus?

2122 3535 2224 3591 nisi
2253 3551 2317 3590 ex
2346 3535 2578 3604 thronis,
2625 3542 2680 3592 et
2710 3535 3174 3592 dominationibus
3212 3544 3267 3592 et
3313 3534 3725 3607 principatibus:

2119 3631 2175 3679 et
2206 3621 2607 3693 potestatibus?
2634 3622 2743 3678 Aut
2772 3622 2818 3678 si
2846 3624 2962 3679 haec
2992 3624 3428 3694 pseudoapostoli
3470 3624 3637 3679 nostri
3668 3632 3730 3679 et

2116 3712 2320 3781 judaici
2366 3713 2822 3785 evangelizatores
2849 3714 2916 3769 de
2946 3729 3046 3770 suo
3079 3714 3371 3780 intulerint,
3415 3722 3469 3768 et
3504 3714 3571 3767 ad
3603 3714 3727 3784 ple-

2120 3799 2419 3856 nitudinem
2449 3802 2547 3858 Dei
2595 3803 2677 3857 sui
2708 3803 2944 3860 Marcion
2993 3806 3084 3874 qui
3115 3803 3251 3859 nihil
3289 3803 3529 3861 condidit
3561 3823 3574 3858 :
3608 3819 3723 3859 ca:-

2120 3897 2315 3958 terum,
2348 3890 2505 3962 quale
2554 3899 2637 3947 est
2683 3902 2743 3949 ut
2789 3892 3177 3963 plenitudinem
3232 3893 3521 3963 Creatoris,
3552 3909 3724 3949 aemu-

2119 3977 2206 4035 lus
2234 3987 2287 4035 et
2332 3979 2629 4037 destructor
2657 3983 2793 4051 ejus,
2824 3981 2879 4036 in
2934 3996 3031 4036 suo
3081 3979 3294 4036 Christo
3351 3981 3595 4035 habitare
3625 3997 3726 4037 vo-

2117 4067 2325 4125 luerit?
2355 4067 2453 4124 Cui
2500 4069 2730 4142 denique
2766 4070 3100 4129 reconciliat
3129 4071 3325 4127 omnia
3352 4072 3415 4127 in
3448 4073 3724 4144 semetip-

2120 4172 2266 4224 sum,
2313 4173 2510 4230 pacem
2561 4160 2778 4230 faciens
2831 4176 2932 4231 per
2980 4160 3161 4217 erucis
3207 4176 3326 4216 suae
3363 4174 3723 4232 sanguinem,

2121 4245 2225 4302 nisi
2252 4262 2414 4318 quem
2445 4245 2781 4303 offenderant
2818 4262 2928 4303 una
2955 4247 3074 4319 ipsa
3118 4248 3189 4315 4ο,
3238 4249 3499 4305 adversus
3549 4265 3721 4321 quem

495 4348 585 4418 (In
605 4343 781 4416 Epist.
800 4335 894 4393 ad.
932 4332 1158 4407 Coloss.)
1186 4333 1343 4391 Soleo
1380 4333 1436 4388 in
1459 4334 1890 4407 praescriptione
1918 4330 2017 4388 ad-
2044 4312 2091 4391 Β
2122 4312 2511 4392 rebellaverant
2560 4352 2655 4407 per
2696 4312 3197 4408 transgressionem,
3245 4337 3400 4406 cujus
3428 4312 3725 4395 novissime

422 4451 618 4497 versus
634 4446 821 4490 omnes
852 4426 1083 4484 haereses
1111 4424 1178 4482 de
1206 4423 1513 4481 testimonio
1541 4432 1842 4495 temporum
1874 4437 2015 4478 com.

423 4525 685 4604 pendium
740 4518 926 4593 ﬁgere,
988 4515 1221 4585 priorem
1276 4512 1563 4568 vindicans
1619 4513 1859 4582 regulam
1913 4525 2013 4565 no-

422 4599 589 4675 stram
619 4608 766 4669 omni
791 4605 1041 4663 haeretica
1070 4601 1404 4675 posteritate.
1438 4602 1552 4657 Hoc
1594 4616 1738 4658 nunc
1766 4599 2017 4672 probabit

419 4713 475 4764 et
500 4699 794 4775 Apostolus
823 4696 1010 4752 dicens
1032 4709 1045 4750 :
1069 4693 1145 4748 De
1163 4707 1258 4764 spe
1289 4693 1534 4764 reposita
1554 4692 1617 4747 in
1649 4689 1825 4755 caelis,
1849 4705 2016 4762 quam

419 4794 658 4853 audistis
678 4792 742 4845 in
762 4799 1017 4844 sermone
1034 4781 1293 4837 veritatis
1322 4780 1630 4850 Evangelii,
1654 4779 1795 4853 quod
1820 4793 2017 4851 perve-

419 4888 513 4943 nit
536 4884 607 4943 ad
624 4896 719 4940 vos
739 4879 893 4934 sicut
925 4876 982 4931 et
1020 4873 1085 4929 in
1125 4873 1308 4930 totum
1341 4870 1639 4930 mundum.
1669 4869 1805 4925 Nam
1833 4869 1876 4923 si
1902 4869 2017 4938 jam

2121 4423 2381 4481 fuerant?
2419 4424 2701 4482 Conciliari
2738 4426 2883 4482 enim
2923 4433 3181 4482 extraneo
3227 4433 3491 4497 possent:
3522 4442 3723 4482 recon-

2120 4513 2287 4570 ciliari
2314 4528 2461 4584 vero,
2495 4529 2604 4569 non
2632 4513 2722 4568 alii
2763 4531 2926 4585 quam
2954 4530 3073 4572 suo.
3126 4515 3203 4571 Ita
3232 4525 3284 4569 et
3312 4529 3411 4570 nos
3441 4515 3722 4588 quondam

2120 4604 2404 4661 alienatos
2420 4607 2477 4658 et
2497 4602 2755 4659 inimicos
2783 4617 2949 4660 sensu
2976 4605 3041 4659 in
3068 4604 3237 4660 malis
3257 4604 3529 4676 operibus,
3554 4604 3721 4660 Crea-

2122 4690 2227 4748 tori
2246 4690 2443 4765 redigit
2470 4690 2524 4744 in
2556 4690 2804 4765 gratiam,
2827 4693 2985 4760 cujus
3009 4691 3397 4748 admiseramus
3424 4692 3716 4759 offensam,

2123 4781 2364 4836 colentes
2414 4778 2775 4835 conditionem
2833 4780 3091 4839 adversus
3146 4780 3473 4837 Creatorem.
3533 4780 3721 4837 Sicubi

2124 4878 2305 4924 autem
2334 4877 2387 4923 et
2414 4867 2715 4923 Ecclesium
2742 4883 2940 4943 corpus
2973 4868 3170 4927 Christi
3200 4868 3329 4926 dicit
3372 4884 3514 4939 esse,
3541 4878 3600 4926 ut
3625 4868 3720 4925 hic

1787 4993 1980 5057 Varia
2029 4996 2339 5057 lectiones.

497 5108 549 5153 32
579 5112 753 5183 Aures
780 5106 939 5183 Eam.
972 5103 1030 5183 31:
1044 5102 1101 5183 Si
1124 5101 1561 5183 Sentl._34Ambp
1599 5099 2043 5183 omitt."0berth.
2076 5096 2551 5183 3f_Signiﬁcabunt
2602 5099 2771 5158 Seml.
2802 5099 2853 5141 ³6
2906 5100 3037 5158 Erat
3072 5100 3294 5161 Oberth.
3324 5100 3371 5183 37
3427 5098 3720 5161 Antoniani
3826 5128 3837 5131 ιν

420 5184 544 5259 Rig.
584 5184 635 5224 ³⁸
662 5177 956 5239 Dominum
994 5177 1172 5235 Rhen.
1203 5175 1254 5215 39
1280 5175 1477 5232 Autem
1505 5173 1678 5232 Seml.
1717 5172 1767 5210 ἰο
1785 5171 2044 5228 Universa
2079 5170 2259 5229 Obert.

1813 5286 2312 5351 Commentarius.

493 5409 612 5485 (δε)
642 5405 923 5485 Adversus
941 5391 1849 5485 munditenecteﬂ'ulsiahilie}
1867 5406 2018 5485 "199:

418 5482 477 5541 di
499 5469 788 5547 rectores;
827 5476 921 5547 sed
953 5472 1207 5547 quoniam
1253 5476 1493 5547 etymum
1520 5469 1703 5547 servat
1742 5477 1849 5519 non
1897 5469 2016 5547 sine

420 5533 802 5627 iiiis-Sumne
851 5533 1045 5627 aliqua,
1109 5543 1183 5598 ita
1234 5533 1618 5627 vertitmquod
1639 5533 2017 5627 ,Airaecemest

419 5604 826 5697 35,15,559“.
910 5604 1220 5673 Daemonem
1286 5604 1499 5667 autem"
1551 5604 1818 5682 signiﬁcat
1870 5605 2011 5678 illos,

2125 5398 2303 5449 autem
2350 5392 2809 5465 munditenentes
2855 5392 3115 5469 spiritalia
3158 5413 3284 5457 mox
3312 5396 3566 5469 nequitiae
3612 5412 3716 5471 pro

2125 5464 2422 5524 πνευματικὰ
2447 5471 2532 5524 τῆς
2561 5467 2801 5524 πονηρίας.
2830 5470 2909 5524 LE
2939 5470 3037 5524 Pu.

2122 5483 2532 5548 meupattxaarjc
2561 5483 2801 5551 πονηρίας.
2830 5483 2909 5525 LE
2939 5483 3037 5525 νει.
3504 5541 3516 5551 _

2168 5536 2313 5620 ,(63)
2342 5539 2759 5620 Ρνξτηοθεπ-ξιαδ
2787 5541 3140 5620 conditionis.
3183 5534 3296 5598 Hoc
3325 5550 3405 5598 est
3434 5557 3713 5620 primoge-

2126 5612 2269 5666 nitus
2296 5612 2536 5668 omnium
2562 5626 2593 5667 a
2623 5612 2735 5668 Deo
2763 5613 3104 5673 conditorum
3130 5620 3185 5671 et
3219 5612 3543 5672 creatorum.
3578 5612 3708 5670 Bis.
