4018 6192
252 307 359 368 553

1481 310 1607 370 LIB.
1654 309 1692 368 V
1730 309 1885 370 ADV.
1927 310 2334 374 MARCIONEM.

3441 324 3544 386 554

254 433 688 507 aitzAdimplere
702 453 759 492 se
774 434 994 508 reliqua
1010 451 1409 506 pressurarum
1429 437 1639 493 Christi
1657 438 1718 491 in
1731 452 1848 491 car-
1877 453 1922 531 Α
1957 435 2114 506 Legis
2139 445 2220 490 est
2249 437 2507 504 Christus,
2551 440 2596 493 si
2641 455 2840 512 corpus
2884 450 2965 497 est
3013 444 3237 501 umbrat.
3275 446 3329 501 Si
3360 457 3544 504 autem

253 539 342 588 ne,
371 540 478 596 pro
507 539 736 596 corpore
763 525 883 596 ejus
930 524 1077 596 quod
1106 529 1191 580 est
1236 526 1524 595 Ecclesia;
1574 540 1682 582 non
1715 539 1844 597 pro-

252 620 435 683 pterea
465 621 520 669 et
545 613 604 667 in
642 621 814 670 totum
839 613 1174 670 mentionem
1202 616 1448 688 corporis
1478 615 1773 671 transferes
1811 631 1842 669 a

249 702 546 756 substantia
583 703 777 758 carnis.
810 703 944 758 Nam
975 711 1028 759 et
1056 720 1220 776 supra
1246 706 1605 763 reconciliari
1633 721 1733 761 nos
1770 704 1843 759 ait

248 791 306 847 in
333 806 570 863 corpore
585 794 706 864 ejus
722 809 826 864 per
842 798 1086 850 mortem
1107 813 1124 860 ;
1149 792 1330 866 utique
1352 794 1407 848 in
1427 809 1492 850 eo
1512 807 1760 864 corpore,
1787 793 1842 846 in

247 894 351 948 quo
379 879 527 936 mori
578 880 748 950 potuit
786 897 884 951 per
911 898 1165 950 carnem;
1200 892 1446 939 mortuus
1475 893 1575 948 est,
1608 897 1717 938 non
1746 897 1843 951 per

245 965 565 1037 Ecclesiam,
585 967 742 1039 plane
766 978 990 1042 propter
1008 971 1303 1028 Ecclesiam
1327 988 1341 1042 ;
1364 987 1562 1042 corpus
1588 986 1839 1027 commu-

244 1058 408 1112 tando
441 1073 540 1130 pro
560 1072 806 1128 corpore,
839 1060 1052 1116 carnale
1082 1075 1180 1130 pro
1212 1059 1458 1130 spiritali.
1491 1060 1561 1115 At
1583 1076 1705 1116 cum
1724 1077 1841 1115 mo-

241 1155 330 1200 net
362 1147 685 1202 cavendum
710 1147 1246 1220 asubtililoquentia
1277 1148 1691 1221 etphilosophia
1723 1149 1837 1219 (64)

236 1241 290 1294 et
304 1236 352 1274 ἰι
380 1237 554 1293 inani
565 1237 908 1304 seductione,
923 1254 1046 1311 quae
1065 1241 1140 1294 sit
1158 1239 1206 1276 ἰ²
1225 1239 1532 1296 secundum
1551 1237 1708 1294 52]
1738 1240 1840 1295 ele-

235 1330 438 1382 menta
467 1327 705 1391 mundi;
729 1341 834 1382 non
866 1328 1162 1383 secundum
1193 1329 1390 1382 caelum
1417 1330 1509 1384 aut
1537 1335 1730 1382 terram
1749 1329 1834 1383 di-

232 1430 382 1481 cens,
407 1415 512 1471 sed
550 1416 846 1471 secundum
867 1415 1070 1471 litteras
1093 1417 1382 1472 smeulares
1406 1435 1419 1480 ;
1453 1422 1508 1474 et
1527 1417 1836 1474 secundum

231 1504 632 1570 traditionem,
645 1503 850 1560 scilicet
861 1505 1136 1561 hominum
1151 1505 1622 1576 subtililoquorum
1646 1513 1699 1561 et
1717 1505 1836 1576 phi-

225 1591 588 1665 losOphorum
613 1607 627 1648 :
650 1592 873 1664 longum
892 1600 977 1649 est
995 1593 1212 1666 quidem
1233 1603 1287 1650 et
1304 1593 1525 1650 alterius
1543 1596 1730 1666 Operis
1748 1610 1834 1650 os-

223 1681 476 1752 tendere,
510 1682 610 1738 hac
635 1683 899 1738 sententia
918 1697 1106 1738 omnes
1135 1685 1369 1738 haereses
1396 1683 1659 1749 damnari,
1681 1684 1827 1755 quod

222 1786 421 1827 omnes
448 1787 517 1826 ex
547 1771 1021 1843 subtililoquentiae
1049 1772 1253 1828 viribus
1281 1780 1334 1828 et
1363 1773 1720 1845 philosophiae
1751 1789 1828 1829 re-

1956 532 2010 576 et
2055 525 2263 594 aliquos
2296 535 2457 595 taxat,
2491 527 2582 598 qui
2616 544 2688 584 ea;
2735 531 3041 587 visionibus
3085 535 3354 606 angelicis
3384 537 3538 594 dice-

1954 610 2090 666 bant
2117 613 2251 669 cibis
2282 615 2684 672 abstinendum
2711 633 2782 672 ne
2807 621 3085 690 attigeris,
3117 639 3187 678 ne
3207 629 3542 696 gustaveris,

1949 703 2194 758 volentes
2213 706 2274 759 in
2296 705 2622 762 humilitate
2643 723 2836 764 sensus
2855 709 3268 780 incedere,.non
3290 718 3544 774 tenentes

1950 797 2161 862 caput;
2194 808 2300 848 non
2346 795 2466 850 ideo
2497 798 2699 868 Legem
2729 804 2782 852 et
2809 798 3035 868 Moysen
3068 801 3258 870 pulsat,
3291 804 3440 872 quasi
3472 805 3542 860 de

1950 882 2191 954 angelica
2212 885 2594 955 superstitione
2615 888 2950 946 constituerit
2964 890 3394 946 interdictionem
3416 909 3543 963 quo-

1950 971 2194 1026 rumdam
2241 973 2502 1029 edulium.
2554 978 2776 1046 Moysen
2822 977 2966 1033 enim
3016 995 3048 1033 a
3103 980 3218 1035 Deo
3267 981 3543 1051 accepisse

1947 1060 2148 1130 Legem
2179 1071 2404 1117 constat.
2459 1065 2722 1137 Denique,
2773 1068 2910 1123 hanc
2938 1066 3298 1139 disciplinam,
3330 1085 3540 1127 secun-

1947 1149 2082 1204 dum
2129 1156 2427 1223 praecepta,
2463 1153 2662 1224 inquit,
2694 1159 2750 1210 et
2780 1155 3100 1211 doctrinam
3133 1158 3424 1213 hominum
3445 1158 3542 1214 de-

1947 1240 2148 1307 putavit
2180 1240 2234 1294 in
2263 1257 2378 1306 eos,
2402 1241 2491 1312 qui
2523 1253 2680 1312 caput
2702 1258 2810 1297 non
2842 1253 3102 1310 tenerent,
3137 1245 3192 1300 id
3222 1257 3306 1303 est
3327 1247 3537 1318 ipsum;

1946 1328 2001 1382 in
2029 1343 2138 1397 quo
2168 1330 2346 1384 omnia
2385 1338 2750 1395 recensentur,
2802 1332 2859 1386 in
2895 1333 3167 1389 Christum
3203 1335 3268 1389 ad
3326 1335 3539 1392 initium

1943 1425 2207 1482 revocata,
2248 1420 2405 1473 etiam
2438 1419 2800 1475 indifferentia
2827 1436 3091 1478 escarum.
3139 1424 3351 1479 Caetera
3391 1441 3538 1494 prae-

1941 1515 2238 1575 ceptorum,
2285 1516 2342 1562 ut
2390 1509 2595 1574 eadem,
2644 1509 2770 1564 satis
2823 1509 2891 1564 sit
2944 1511 3057 1580 jam
3099 1511 3226 1565 alibi
3284 1513 3536 1570 docuisse

1939 1611 2100 1665 quam
2131 1611 2162 1649 a
2191 1595 2447 1651 Creatore
2476 1598 2778 1668 manarint;
2807 1599 2898 1668 qui
2929 1615 3054 1655 cum
3100 1608 3281 1658 vetera
3331 1601 3534 1672 praedi-

1939 1691 2089 1738 caret
2134 1685 2444 1753 transitura,
2476 1701 2616 1744 nova
2669 1685 2916 1742 facturus
2952 1689 3225 1756 universa,
3267 1689 3532 1745 mandans

1934 1770 2101 1829 522
2131 1773 2288 1828 etiam
2320 1774 2545 1842 (Jere-m.
2588 1790 2664 1842 IV,
2697 1777 2750 1845 3)
2788 1793 2802 1830 :
2834 1776 3041 1833 Novate
3070 1777 3218 1834 vobis
3255 1794 3529 1836 novamen

228 1819 420 1827 -__-_
450 1819 517 1826 __
547 1819 1019 1843 ---ηηηῚ-νκηη
1059 1819 1252 1828 .---.,..-
1283 1819 1334 1828 ν-
1363 1819 1720 1845 ,....---,,..-w
1752 1819 1806 1829 ,ν
1936 1819 2093 1829 ,ην
2135 1819 2288 1828 --......
2322 1819 2545 1842 μων...
2589 1819 2664 1842 -.,
2698 1819 2749 1845 -,
2788 1819 2801 1830 .
2834 1819 3039 1833 ..ννπνυ
3073 1819 3216 1834 πω
3258 1819 3529 1836 ,νυνηηνυη

228 1860 371 1931 gulis
391 1869 656 1916 constent.
681 1860 790 1916 Sed
810 1861 1044 1918 Marcion
1063 1861 1414 1934 principalem
1436 1878 1549 1918 suae
1571 1861 1696 1919 fidei
1721 1872 1824 1918 ter-
1861 1819 1904 1896 Β
1935 1877 2186 1931 nov-um;
2221 1862 2330 1930 jam
2363 1871 2490 1918 tunc
2537 1862 2760 1918 docebat
2806 1863 3080 1931 deponere
3125 1873 3358 1920 veterem
3425 1865 3529 1922 ho-

232 1947 448 2005 minum
464 1949 530 2006 de
548 1948 767 2018 Epicuri
786 1951 970 2008 schola
984 1959 1261 2023 agnoscat,
1281 1950 1570 2007 Dominum
1585 1950 1827 2008 inferens

217 2037 505 2106 hebetem,
535 2054 600 2094 ne
631 2037 808 2096 timeri
834 2055 958 2095 eum
985 2039 1144 2111 dicat,
1175 2041 1443 2097 collocaris
1488 2049 1542 2096 et
1568 2056 1689 2096 cum
1711 2042 1825 2097 Deo

223 2125 488 2182 Creatore
521 2127 819 2197 materiam,
869 2128 938 2184 de
976 2129 1184 2199 porticu
1213 2128 1510 2184 Stoicorum
1567 2142 1580 2179 :
1622 2144 1826 2202 negans

224 2214 411 2273 carnis
470 2213 966 2285 resurrectionem,
993 2218 1061 2272 de
1112 2234 1217 2289 qua
1255 2217 1482 2288 proinde
1527 2217 1673 2273 nulla
1700 2216 1824 2288 phi-

220 2301 477 2377 losOphia
517 2304 802 2361 consentit.
851 2305 1021 2376 Cujus
1069 2305 1304 2378 ingeniis
1340 2314 1444 2362 tam
1476 2306 1636 2380 longe
1673 2307 1824 2363 abest

221 2393 428 2449 veritas
459 2400 662 2463 nostra,
693 2403 752 2449 ut
778 2400 829 2448 et
867 2393 1002 2450 iram
1037 2393 1138 2450 Dei
1189 2395 1428 2452 excitare
1468 2395 1740 2466 formidet,
1773 2403 1826 2451 et

221 2481 405 2538 omnia
439 2482 591 2538 illum
631 2498 694 2538 ex
724 2482 891 2539 nihilo
925 2483 1211 2554 protulisse
1238 2484 1495 2553 confidat,
1527 2493 1583 2540 et
1607 2500 1820 2540 carnem

220 2571 474 2626 eamdem
534 2571 900 2627 restituturum
957 2572 1309 2644 repromittat,
1359 2581 1411 2628 et
1440 2572 1706 2629 Christum
1755 2589 1820 2629 ex

215 2660 370 2716 Vulva
442 2657 673 2730 virginis
738 2670 925 2716 natum
991 2676 1098 2716 non
1151 2661 1456 2730 erubescat,
1517 2663 1819 2720 ridentibus

219 2748 567 2820 philosophis
604 2759 658 2804 et
714 2750 978 2806 haereticis
1025 2761 1079 2807 et
1136 2751 1371 2808 ethnicis
1418 2751 1571 2822 ipsis.
1625 2755 1818 2810 Stulta

218 2840 373 2894 enim
422 2838 633 2893 mundi
668 2838 832 2910 elegit
873 2842 1035 2906 Deus,
1085 2845 1149 2897 ut
1193 2841 1508 2912 con/undat
1535 2844 1816 2914 sapientes

218 2929 268 2997 (Ι
286 2927 415 2984 Cor.
449 2940 492 2993 ι,
527 2928 658 2994 27);
691 2927 781 2983 ille
806 2929 922 2984 sine
951 2929 1144 2998 dubio,
1174 2930 1265 3002 qui
1288 2946 1352 2986 ex
1385 2940 1632 3002 respectu
1655 2933 1816 3002 hujus

219 3030 328 3070 suae
357 3014 744 3085 dispositionis
776 3018 1113 3087 perditurum
1152 3035 1213 3075 se
1253 3019 1572 3091 sapientiam
1601 3021 1821 3092 sapien-

1931 1949 2153 2018 minem,
2184 1957 2239 2007 et
2269 1965 2468 2008 novum
2507 1950 2731 2008 induere
2761 1950 2963 2023 (Epist.
2993 1951 3068 2008 ad
3089 1951 3382 2024 Philipp.).

2539 2095 2764 2153 CAPUT
2799 2095 2930 2152 XX.

2006 2221 2141 2278 Cum
2193 2219 2595 2292 praedicationis
2650 2226 2936 2277 enumerat
2988 2217 3322 2286 varietatem,
3380 2222 3524 2293 quod

1931 2309 2038 2364 alii
2076 2326 2148 2366 ea:
2166 2310 2379 2379 ﬁducia
2423 2310 2784 2366 vinculorum
2805 2310 2942 2380 ejus,
2969 2307 3281 2365 audentius
3308 2323 3525 2366 sermo-

1928 2413 2060 2455 nem
2089 2399 2490 2465 enuntiarent,
2522 2398 2627 2453 alii
2663 2414 2766 2468 per
2792 2396 3077 2452 invidiam
3122 2400 3177 2451 et
3207 2398 3524 2453 contentio-

1927 2486 2318 2559 nem,quidam
2339 2501 2466 2542 vero
2478 2489 2533 2542 et
2547 2501 2647 2557 per
2663 2485 2934 2541 sermonis
2956 2484 3436 2540 existimationem
3451 2485 3520 2549 4⁵,

1923 2577 2179 2648 plerique
2199 2591 2270 2631 ea:
2280 2575 2598 2639 dilectione,
2619 2573 2886 2630 nonnulli
2905 2587 2978 2628 ea:
2997 2573 3385 2638 aemulatione,
3396 2574 3523 2644 jam

1927 2667 2111 2736 aliqui
2129 2669 2183 2721 et
2214 2681 2285 2720 ea:
2321 2666 2618 2720 simultate
2643 2663 2928 2720 Christum
2954 2661 3363 2734 praedicarent,
3403 2671 3518 2718 erat

1925 2754 2112 2824 utique
2136 2755 2218 2811 vel
2250 2754 2335 2809 hic
2363 2754 2512 2809 locus
2543 2752 2786 2807 taxanda:
2817 2750 2990 2821 ipsius
3021 2749 3418 2818 prmdicationis
3445 2751 3514 2804 de

1925 2841 2228 2898 diversitate
2253 2843 2549 2907 sententiae,
2591 2857 2713 2913 quae
2746 2849 2941 2896 tantam
2963 2837 3201 2894 efﬁceret
3229 2838 3387 2894 etiam
3416 2838 3523 2892 ani-

1930 2946 2142 2987 morum
2170 2930 2497 2987 varietatem.
2532 2931 2636 2986 Sed
2661 2945 2882 2998 caussas
2902 2928 3043 2984 solas
3067 2926 3390 2993 animorum,
3414 2942 3521 2983 non

1932 3021 2146 3092 regulas
2203 3029 2660 3076 sacramentorum
2717 3020 2770 3073 in
2825 3016 3134 3075 diversitate
3190 3031 3526 3087 proponens;

221 3103 350 3159 tium
396 3103 844 3174 praeminabatur.
885 3107 994 3163 Hac
1025 3107 1372 3178 simplicitate
1399 3107 1636 3165 veritatis
1682 3125 1818 3166 con-
1852 3109 1896 3186 Β
1933 3125 2098 3165 unum
2125 3115 2304 3165 tamen
2346 3107 2636 3172 Christum,
2679 3113 2734 3162 et
2774 3122 2939 3162 unum
2967 3107 3085 3175 ejus
3133 3105 3328 3171 Deum,
3379 3121 3521 3177 quo-

219 3192 380 3249 traria
413 3191 898 3264 subtililoquentiae
928 3204 982 3250 et
1011 3195 1384 3266 phiIOSOphiaa,
1414 3195 1545 3251 nihil
1586 3199 1821 3267 perversi

217 3295 522 3352 possumus
558 3297 770 3350 sapere.
801 3281 1040 3356 Denique
1068 3283 1114 3340 si
1143 3301 1244 3342 nos
1269 3288 1411 3342 Deus
1447 3301 1575 3342 cum
1611 3285 1825 3344 Christo

217 3373 496 3441 vivi/icat,
519 3371 742 3429 donans
772 3373 976 3429 delicta
1005 3374 1181 3443 nobis,
1235 3389 1343 3430 non
1376 3390 1671 3447 possumus
1708 3391 1826 3432 cre-

213 3461 342 3518 dere
361 3461 435 3515 ab
458 3475 529 3516 eo
542 3460 737 3516 delicta
755 3462 1023 3528 donari,in
1043 3479 1202 3530 quem
1221 3465 1454 3520 admissa
1476 3480 1585 3520 non
1605 3463 1823 3533 fuerint,

214 3557 270 3603 ut
300 3558 452 3604 retro
481 3548 754 3620 ignotum.
787 3549 900 3622 Age
925 3550 1064 3621 jam,
1095 3566 1214 3606 cum
1239 3551 1365 3608 dicit
1392 3569 1406 3608 :
1434 3554 1602 3609 Nemo
1622 3570 1714 3610 vos
1729 3555 1827 3624 ju-

213 3636 360 3692 dicet
388 3639 456 3691 in
476 3635 597 3691 cibo
619 3641 674 3692 et
686 3641 846 3708 potu,
870 3641 925 3694 et
952 3639 1015 3694 in
1032 3645 1201 3710 parte
1221 3642 1333 3698 diei
1349 3643 1482 3711 festi
1513 3647 1568 3698 et
1593 3657 1824 3699 neome-

211 3727 328 3781 nite
348 3729 409 3782 et
451 3724 699 3791 Sabbati,
739 3741 864 3798 qua:
893 3731 975 3782 est
1011 3727 1211 3783 umbra
1239 3731 1594 3799 futurorum,
1624 3745 1827 3801 corpus

212 3820 416 3871 autem
445 3813 852 3886 Christi;quid
882 3814 976 3869 tibi
1007 3815 1236 3887 videtur,
1271 3817 1558 3872 Marcion?
1590 3821 1667 3874 De
1705 3819 1825 3890 lege

208 3905 324 3972 jam
345 3918 460 3959 non
492 3909 864 3969 retractamus,
887 3905 993 3960 nisi
1015 3908 1158 3978 quod
1182 3913 1234 3961 et
1255 3906 1343 3962 hic
1371 3907 1823 3978 quemadmodum

214 3991 440 4046 exclusa
479 3994 556 4046 sit
588 3991 797 4062 edocet,
818 3992 946 4047 dum
966 3994 1170 4052 scilicet
1192 3994 1256 4051 de
1276 3996 1468 4050 umbra
1507 3995 1827 4052 transfertur

215 4080 270 4135 in
304 4097 539 4153 corpus,
571 4079 626 4136 id
667 4089 772 4148 est,
804 4083 872 4138 de
913 4083 1105 4156 ﬁguris
1132 4084 1200 4140 ad
1239 4084 1537 4152 veritatem,
1569 4086 1716 4156 quod
1747 4093 1826 4140 est

214 4168 495 4225 Christus.
528 4170 674 4243 Ergo
703 4178 758 4226 et
786 4173 979 4228 umbra
1022 4174 1159 4244 ejus,
1206 4174 1366 4243 cujus
1411 4181 1463 4229 et
1491 4188 1723 4240 corpus;
1773 4174 1826 4228 id

219 4265 307 4312 est
332 4267 383 4313 et
414 4258 506 4313 lex
525 4258 578 4297 ⁸³
599 4258 740 4327 ejus,
774 4271 828 4315 et
849 4259 1116 4317 Christus.
1141 4261 1380 4333 Segrega
1409 4259 1500 4313 alii
1528 4260 1576 4297 ’στι
1595 4261 1818 4331 Legem,

217 4355 273 4401 et
300 4346 395 4401 alii
427 4348 546 4402 Deo
583 4347 880 4417 Christum,
929 4349 974 4404 si
1025 4356 1174 4419 potes
1203 4347 1437 4418 aliquam
1466 4351 1710 4404 umbram
1757 4351 1825 4406 ab

1934 3213 2153 3268 cunque
2199 3196 2426 3252 consilio
2475 3194 2823 3268 praedicatum
2863 3192 3190 3259 conﬁrmat;
3239 3203 3294 3248 et
3345 3193 3516 3247 ideo:

1934 3287 2086 3344 Nihil
2107 3301 2252 3357 mea,
2297 3284 2486 3356 inquit,
2537 3285 2652 3342 sive
2689 3283 3064 3348 caussatione,
3104 3295 3218 3336 sive
3279 3281 3521 3338 veritate

1939 3377 2194 3433 Christus
2215 3375 2622 3441 annuntietur,
2646 3373 2772 3445 quia
2791 3389 2933 3428 unus
2950 3369 3380 3435 annuntiabatur,
3406 3369 3520 3426 sive

1933 3478 1995 3517 ex
2038 3462 2372 3527 causatione,
2430 3463 2544 3517 sive
2613 3478 2675 3517 ex
2733 3462 2953 3517 veritate
3004 3457 3150 3512 fidei.
3210 3458 3294 3512 Ad
3360 3457 3521 3512 fidem

1935 3551 2080 3607 enim
2143 3549 2539 3621 praedicationis
2599 3550 2782 3605 retulit
2857 3546 3189 3602 mentionem
3256 3545 3517 3610 veritatis,

1935 3655 2042 3694 non
2075 3641 2141 3694 ad
2188 3640 2388 3709 regulae
2433 3638 2647 3709 ipsius:
2703 3637 2834 3709 quia
2880 3651 2988 3690 una
3034 3635 3248 3702 quidem
3295 3641 3410 3689 erat
3439 3649 3525 3689 re-

1934 3729 2084 3802 gula,
2116 3728 2211 3782 sed
2243 3727 2378 3782 ﬁdes
2427 3725 2834 3796 prmdicantium
2884 3723 3238 3795 quorumdam
3285 3738 3435 3788 vera,
3469 3722 3524 3777 id

1935 3824 2016 3872 est
2044 3813 2294 3887 simplex,
2322 3815 2658 3886 quorundam
2698 3812 2860 3868 nimis
2905 3815 3084 3867 docta.
3114 3808 3267 3876 Quod
3297 3825 3423 3866 cum
3452 3809 3526 3865 ita

1935 3905 2025 3975 sit,
2067 3913 2287 3975 apparet
2342 3920 2468 3960 eum
2515 3901 2782 3958 Christum
2833 3900 3197 3972 praedicatum,
3237 3898 3330 3970 qui
3387 3913 3500 3953 sem

1936 4010 2032 4064 per
2060 3993 2488 4049 adnuntiabatur.
2521 3993 2656 4048 Nam
2702 3991 2748 4047 si
2791 3991 2928 4046 alius
2959 3991 3117 4062 longe
3166 3989 3236 4042 ab
3282 3987 3526 4059 apostolo

1935 4082 2304 4147 induceretur,
2340 4082 2554 4138 fecisset
2611 4082 2971 4138 diversitatem
3019 4077 3229 4134 novitas
3275 4076 3371 4133 rei.
3412 4077 3527 4132 Nec

1932 4173 2076 4229 enim
2133 4171 2449 4238 defuissent,
2495 4171 2607 4243 qui,
2677 4169 3112 4241 praedicationem
3162 4167 3527 4236 evangelicam

1933 4260 2286 4317 nihilominus
2340 4261 2394 4313 in
2457 4260 2728 4314 Christum
2785 4257 3055 4312 Creatoris
3110 4256 3527 4324 interpretaren-

1935 4358 2055 4414 tur;
2083 4363 2203 4404 cum
2245 4355 2297 4402 et
2325 4347 2486 4402 hodie
2530 4347 2700 4413 major
2745 4360 2872 4417 pars
2916 4344 2985 4398 sit
3031 4343 3283 4397 omnibus
3311 4341 3364 4394 in
3393 4341 3529 4397 locis

220 4448 293 4490 eo
331 4450 588 4507 corpore,
619 4437 780 4506 cujus
826 4417 1034 4494 umbra
1069 4446 1173 4504 est,
1219 4417 1497 4508 separare.
1542 4437 1825 4495 Manifeste
1859 4417 1904 4493 Π
1937 4435 2218 4494 sententiae
2247 4443 2464 4501 nostrai,
2496 4450 2658 4505 quam
2707 4433 2976 4488 haeretica
3010 4445 3022 4486 :
3065 4445 3174 4502 quo
3225 4445 3326 4484 nec
3365 4429 3415 4469 ἰδ
3443 4429 3532 4486 hic

981 4634 995 4649 ⁸
1612 4562 1801 4626 νδῐνὶτε
1846 4567 2156 4626 lectiones.

292 4674 344 4713 ἰι
376 4673 451 4730 Ut
478 4677 644 4732 Pam.
670 4677 720 4716 ¹ι²
749 4677 828 4734 Fit
847 4680 979 4736 Par.
1012 4679 1062 4720 43
1097 4680 1215 4738 Lux
1243 4683 1404 4739 Pam.
1437 4679 1485 4719 ‘4
1514 4681 1630 4737 Deo
1659 4680 1788 4738 add.
1843 4679 2013 4738 Seml.
2044 4679 2095 4718 ἰδ
2122 4676 2258 4735 Boni
2289 4675 2703 4734 aestimationem
2731 4675 2852 4731 Lat.
2885 4672 2936 4712 46
2965 4670 3086 4741 Quo
3118 4685 3186 4726 ne
3211 4672 3372 4726 Pam.
3407 4667 3534 4740 quia

222 4759 327 4801 nec
363 4747 492 4802 Lat.
521 4748 654 4818 quin
683 4765 784 4808 nec
805 4752 885 4808 al.

1638 4823 2133 4888 Commentarius.

303 4926 414 4996 (64)
453 4927 774 5004 Cavendum
794 4929 1344 5004 asubtililoquentia
1377 4936 1431 4990 et
1463 4929 1837 5004 philosophia.

224 4996 354 5074 Non
376 5013 501 5074 uno
551 4999 608 5054 in
648 4999 789 5074 loco,
822 5001 950 5074 licet
989 4996 1164 5074 aliter,
1200 5006 1343 5058 hunc
1391 4996 1568 5059 locum
1596 4996 1840 5074 Apos‘toli

223 5069 467 5145 citavit;
522 5084 645 5145 nam
693 5071 922 5145 lib._de_
956 5069 1307 5145 Prwscript.,
1344 5089 1465 5145 cap.
1497 5077 1552 5139 ’7,
1609 5069 1677 5145 de
1739 5071 1842 5127 hac

223 5140 472 5197 vanitate
505 5139 881 5214 philosOphica
911 5143 1125 5200 locutus
1143 5139 1241 5214 est,
1265 5139 1320 5199 et
1339 5139 1444 5199 alio
1465 5145 1584 5200 loco
1617 5143 1842 5201 haereti-

223 5226 426 5286 corum
466 5213 837 5286 patriarchas
867 5226 1022 5271 vocat
1050 5213 1421 5286 philosbphos.
1464 5217 1728 5283 Quaenam
1748 5231 1843 5267 au-

223 5289 338 5336 tem
382 5281 483 5357 sit_
511 5281 616 5357 illa
654 5285 1024 5355 philosophia,
1051 5281 1284 5343 ‘dubium
1325 5281 1507 5353 esset,
1541 5287 1644 5342 nisi
1693 5285 1843 5357 peri-

221 5353 533 5430 pateticam
589 5353 783 5430 Patres
825 5353 1150 5430 indicarent,
1195 5373 1314 5429 quae
1346 5353 1846 5430 licetprava'con-

220 5424 523 5500 suetudine
559 5427 708 5500 apud
759 5429 1066 5486 Catholicos
1117 5424 1437 5495 invaluerit,
1471 5424 1842 5500 Carpocratia-

217 5497 322 5552 nis
361 5506 547 5553 tamen
575 5497 632 5555 et
657 5498 932 5557 Gnosticis
978 5518 1127 5556 arma
1176 5502 1242 5555 ad
1275 5497 1594 5556 turbandam
1643 5499 1843 5556 verita—

222 5573 341 5621 tem
405 5567 748 5625 ministravit.
799 5573 1030 5629 Sanctus
1086 5573 1407 5629 Ambrosius
1472 5571 1524 5624 in
1583 5570 1723 5625 ofﬁc.
1793 5579 1847 5625 et

221 5637 512 5712 Origenes
548 5653 734 5696 contra
773 5645 990 5702 Celsum
1022 5646 1242 5718 Epicuri
1273 5643 1545 5716 dogmatis
1575 5641 1846 5713 pernicio-

465 5744 709 5808 ΡΑτιοι..
737 5750 809 5812 ΙΙ.

1945 4931 2139 4986 siorem
2169 4934 2374 4984 sectam
2423 4925 2807 4981 demonstrant.
2862 4925 3059 4996 Atque
3087 4920 3250 4996 etiam
3278 4923 3537 4996 regnante

1911 5049 1916 5051 _
1947 5002 2194 5069 Philippo
2238 4999 2498 5069 Augusto.
2539 5003 2721 5052 coacto
2767 4990 2968 5069 contra'
2992 4993 3256 5069 Almarici
3286 4990 3540 5069 haeresim

1948 5065 2193 5136 concilio,
2252 5065 2490 5125 cre'mata
2558 5069 2720 5122 fuisse
2803 5066 3110 5123 Aristotelis
3175 5065 3541 5135 metaphysica

1949 5141 2199 5216 nuperin
2229 5139 2766 5216 Calliameﬁraecia
2797 5139 3021 5216 advecta
3068 5144 3289 5216 testatur
3336 5136 3540 5216 Rigor-

1947 5208 2071 5289 dus,
2103 5213 2196 5267 lib.
2223 5211 2293 5289 de
2328 5212 2506 5289 Gestis
2536 5210 2635 5265 Ph.
2670 5213 2806 5289 Aug.
2838 5213 3033 5282 Atque,
3063 5208 3282 5289 quodin
3315 5208 3541 5289 gratiam

1951 5277 2422 5356 Peripateticorum
2453 5277 2848 5356 observandum
2879 5277 2980 5356 est,
3005 5277 3225 5356 memini
3257 5277 3544 5356 me_legere

1952 5348 2097 5428 apud
2143 5354 2506 5428 Alexandrum
2539 5355 2738 5408 Necam
2788 5350 3180 5428 Aegel_um_lib.
3241 5348 3543 5428 de‘tierum}

1952 5417 2188 5492 natura,
2222 5427 2275 5481 in
2307 5442 2372 5481 ea
2394 5426 2558 5500 fuisse
2586 5433 2715 5481 tunc
2738 5417 3000 5500 sententia
3028 5423 3175 5500 viros
3201 5417 3462 5500 eruditos,
3487 5426 3545 5471 ut

1951 5500 2190 5554 libenter
2241 5498 2649 5566 pronuntiarent
2705 5497 2881 5551 solum
2934 5493 3322 5566 Antichristum
3382 5502 3544 5566 posse

1953 5585 2146 5638 capere
2193 5557 2358 5622 libros
2384 5566 2714 5638 Aristotelis
2760 5566 2956 5638 quibus
2986 5571 3225 5638 uteretur
3252 5558 3319 5638 ad
3339 5557 3546 5638 confu-

1955 5629 2146 5696 tandos
2181 5652 2276 5694 eos
2304 5637 2396 5710 qui
2432 5647 2615 5694 contra
2650 5654 2710 5692 se
2740 5629 3057 5708 diSputaturi
3095 5637 3296 5688 essent.
3339 5629 3418 5687 Ln
3448 5629 3549 5687 Pu.

3306 5740 3374 5799 18
