4018 6192
445 351 553 418 555

1126 348 1565 410 TERTULLIANI
1603 344 1873 407 OPERUM
1908 341 2073 404 PARS
2110 341 2179 401 ll.
2220 368 2290 384 —
2326 337 2557 399 SERIES
2594 340 2635 409 Ι,
2682 339 3031 402 POLEMICA.

3618 344 3730 406 556

445 476 739 551 Apostolus
781 473 852 531 de
895 472 1223 533 diversitatis
1269 472 1615 529 denotatione
1680 478 1732 527 et
1788 470 2032 561 increpa-
2063 481 2110 561 Α
2141 480 2213 561 ex
2241 465 2395 561 Lege,
2425 465 2519 521 sed
2553 481 2818 561 gues-per
2845 468 3053 561 ipsum,
3075 467 3282 561 scilicet
3309 469 3602 561 Christum,
3649 489 3728 530 ex

446 567 596 624 tione
625 566 896 622 tacuisset.
945 565 1020 620 Ita
1075 579 1195 621 cum
1224 561 1511 621 diversitas
1566 578 1636 618 ne
1675 566 1886 616 taxatur
1914 556 2036 629 qui-

443 671 592 727 oem,
647 654 855 713 novitas
906 669 1015 710 non
1064 653 1340 725 probatur.
1396 652 1559 706 Plane
1617 649 1685 705 de
1738 645 2035 703 substantia

445 744 645 802 Christi
671 753 858 817 putant
886 751 941 800 et
970 744 1057 798 hic
1103 741 1427 798 Marcionitaa
1464 737 1752 814 suffragari
1795 740 2033 809 Aposto-

442 834 554 890 lum
578 834 701 905 sibi,
751 834 899 906 quod
929 834 1244 904 phantasma
1275 830 1456 886 carnis
1501 827 1663 884 fuerit
1707 828 1762 882 in
1793 825 2031 891 Christo,

442 937 563 979 cum
600 922 752 993 dicit,
780 922 924 995 quod
950 925 1015 978 in
1033 921 1223 992 efﬁgie
1252 921 1352 977 Dei
1380 919 1748 980 constitutus,
1784 931 1901 972 non
1932 929 2031 969 ra-

440 1015 645 1086 pinam
663 1012 1013 1070 existimavit
1026 1010 1250 1083 pariari
1260 1010 1370 1065 Deo
1392 1008 1528 1079 (65),
1554 1005 1648 1064 sed
1667 1004 1935 1062 exhausit
1952 1018 2033 1060 se-

442 1103 772 1174 metipsum,
795 1103 1022 1172 accepta
1043 1100 1229 1171 efﬁgie
1247 1100 1412 1162 servi,
1440 1111 1546 1152 non
1565 1094 1850 1161 varietate;
1884 1097 1940 1149 et
1968 1093 2032 1148 in

442 1190 825 1247 similitudine
853 1188 1115 1257 hominis,
1149 1203 1254 1244 non
1278 1185 1335 1241 in
1363 1185 1613 1251 homine;
1638 1188 1694 1240 et
1722 1182 1907 1254 ﬁgura
1931 1181 2028 1236 in-

439 1284 641 1338 ventus
683 1280 865 1347 homo,
923 1294 1032 1332 non
1080 1275 1400 1341 substantia,
1445 1273 1499 1327 id
1546 1282 1631 1330 est
1660 1287 1767 1327 non
1813 1283 2025 1327 carne:

438 1367 595 1439 quasi
647 1382 755 1423 non
784 1377 838 1423 et
866 1365 1054 1438 ﬁgura,
1105 1376 1158 1420 et
1209 1363 1526 1428 similitudo,
1557 1371 1611 1417 et
1649 1359 1859 1432 efﬁgies
1889 1359 2026 1414 sub-

437 1456 644 1513 stantiis
696 1470 908 1528 quoque
936 1455 1204 1509 accedant.
1252 1454 1397 1507 Bene
1424 1460 1608 1506 autem
1638 1451 1783 1521 quod
1816 1458 1869 1503 et
1898 1445 2026 1502 alibi

437 1544 707 1601 Christum
738 1543 1031 1615 imaginem
1056 1541 1156 1597 Dei
1176 1540 1460 1595 invisibilis
1488 1538 1736 1609 appellat.
1756 1535 2025 1607 Numquid

437 1647 570 1706 ergo
625 1640 676 1689 et
730 1632 817 1688 hic
863 1647 970 1703 qua
1028 1631 1075 1669 47
1124 1629 1180 1683 in
1235 1628 1419 1700 efﬁgie
1456 1643 1579 1682 eum
1613 1626 1710 1680 Dei
1754 1623 2025 1680 collocat?

434 1722 608 1792 Eque
638 1735 745 1776 non
787 1720 888 1776 erit
932 1720 1080 1774 Deus
1138 1717 1381 1772 Christus
1426 1731 1572 1779 vere,
1613 1716 1656 1768 si
1718 1727 1818 1766 nec
1857 1714 2020 1767 homo

2148 556 2272 611 Deo.
2321 553 2491 625 Ergo,
2552 554 2748 625 inquis,
2807 556 2904 611 hac
2961 556 3305 614 distinctione
3348 559 3458 615 Lex
3505 577 3612 618 non
3659 578 3728 619 ex

2145 642 2259 698 Deo
2306 651 2420 699 erat
2475 643 2691 700 Christi.
2750 644 3026 701 Subtiliter
3080 647 3227 703 satis.
3286 647 3489 719 Accipe
3543 648 3729 722 itaque

2141 732 2404 787 subtilius.
2455 733 2587 788 Cum
2634 733 2777 788 enim
2834 734 2967 789 dicit
3023 752 3036 789 :
3097 737 3218 793 Non
3283 754 3409 811 qua:
3450 753 3524 795 ea:
3583 741 3724 812 lege,

2140 822 2234 876 sed
2279 840 2402 894 quae
2427 840 2530 894 per
2570 826 2798 895 ipsum;
2838 839 2946 880 non
2978 824 3222 892 dixisset,
3268 841 3370 897 per
3398 829 3610 899 ipsum,
3648 828 3724 884 de

2139 908 2264 974 alio,
2295 925 2457 981 quam
2486 913 2646 981 cujus
2675 911 2774 968 fuit
2800 912 2906 968 lex.
2937 914 3154 979 Noster,
3188 912 3383 986 inquit,
3404 917 3729 989 municipa-

2139 1002 2235 1055 tus
2262 1000 2326 1055 in
2356 1000 2527 1057 oculis.
2559 1001 2811 1072 Agnosco
2838 1010 3073 1058 veterem
3100 1002 3167 1057 ad
3194 1002 3467 1059 Abraham
3496 1005 3728 1076 promis-

2135 1087 2340 1144 sionem
2371 1089 2645 1144 Creatoris
2673 1089 2836 1160 (Gen.
2868 1105 3011 1157 χχιι,
3043 1090 3129 1161 17)
3161 1094 3268 1148 :Et
3295 1094 3511 1163 faciam
3528 1109 3726 1151 semen

2139 1181 2306 1234 tuum
2325 1181 2599 1250 tanquam
2616 1178 2813 1234 stellas
2832 1179 2897 1235 in
2917 1179 3069 1236 caelo.
3090 1178 3219 1235 Ideo
3239 1189 3291 1235 et
3310 1182 3481 1238 stella
3502 1199 3537 1238 a
3556 1186 3731 1240 stella

2133 1265 2335 1337 dif/ert
2358 1269 2421 1324 in
2449 1267 2647 1338 gloria.
2675 1267 2832 1336 Quod
2852 1267 2896 1324 si
2922 1270 3173 1325 Christus
3194 1269 3497 1327 adveniens
3524 1272 3591 1327 de
3621 1288 3729 1328 cce-

2136 1356 2205 1413 lis
2235 1358 2662 1427 transﬁgurabit
2687 1356 2856 1414 524
2887 1375 3090 1430 corpus
3112 1358 3461 1417 humilitatis
3486 1365 3723 1429 nostrae,

2134 1448 2483 1517 conformale
2502 1450 2720 1519 corpori
2735 1448 2930 1519 gloriae
2947 1465 3094 1515 suae;
3115 1459 3358 1520 resurget
3377 1464 3509 1520 ergo
3524 1465 3725 1521 corpus

2132 1533 2236 1589 hoc
2261 1545 2507 1591 nostrum
2533 1539 2680 1608 quod
2711 1536 3020 1590 humiliatur
3042 1536 3096 1590 in
3133 1536 3473 1606 passionibus
3501 1545 3553 1593 et
3580 1538 3634 1594 in
3666 1540 3726 1578 ⁵³

2132 1620 2251 1692 ipsa
2287 1622 2409 1697 lege
2437 1624 2624 1680 mortis
2650 1624 2705 1679 in
2732 1630 2931 1681 terram
2958 1624 3241 1695 dejectum.
3265 1624 3547 1694 Quomodo
3571 1627 3721 1683 enim

2131 1711 2537 1785 transﬁgurabit
2565 1712 2634 1779 53,
2663 1711 2710 1767 si
2736 1712 2943 1767 nullum
2973 1711 3077 1767 erit
3103 1714 3132 1766 ‘2
3169 1714 3278 1767 Aut
3319 1713 3365 1767 si
3413 1714 3480 1769 de
3520 1714 3598 1768 eis
3635 1717 3724 1770 di-

432 1778 560 1865 vere
592 1809 692 1863 fuit
731 1809 787 1862 in
819 1806 1004 1877 efﬁgie
1060 1804 1291 1860 hominis
1342 1778 1681 1858 constitutus.
1729 1801 2021 1871 Utrobique
2054 1778 2098 1855 Β
2127 1811 2290 1867 ctum,
2322 1778 2417 1873 qui
2445 1800 2501 1855 in
2536 1778 2769 1857 adventu
2806 1800 2911 1857 Dei
2953 1800 3277 1872 deprehensi
3315 1801 3371 1857 in
3419 1817 3578 1860 carne
3605 1804 3719 1859 de-

432 1897 574 1952 enim
629 1895 827 1950 veritas
873 1906 1091 1946 necesse
1128 1891 1341 1946 habebit
1395 1891 1573 1953 eludi,
1624 1890 1671 1944 si
1707 1889 1919 1960 effigies
1965 1898 2020 1944 et

429 1983 725 2040 similitudo
773 1990 826 2037 et
880 1981 1055 2056 ﬁgura
1106 1981 1156 2018 ἰθ
1225 1979 1582 2051 phantasmati
1634 1978 2013 2036 vindicabitur.

427 2071 583 2139 Quod
635 2073 679 2127 si
739 2070 793 2124 in
838 2069 1019 2141 efﬁgie
1065 2076 1120 2125 et
1174 2068 1427 2141 imagine,
1469 2083 1582 2140 qua
1632 2066 1799 2122 Filius
1839 2067 2015 2122 Patris

423 2175 554 2218 vere
583 2158 679 2216 Dei
706 2158 1028 2230 praedicatus
1055 2169 1139 2213 est
1189 2158 1260 2223 (ιθ,
1309 2158 1470 2212 etiam
1508 2157 1563 2211 in
1592 2154 1775 2227 efﬁgie
1802 2162 1856 2210 et
1882 2155 2015 2210 ima-

423 2248 551 2323 gine
602 2248 854 2318 hominis,
903 2264 1010 2319 qua
1064 2244 1206 2301 ﬁlius
1258 2246 1517 2315 hominis,
1573 2261 1701 2302 vere
1740 2245 2011 2300 hominem

420 2339 720 2405 inventum,
750 2352 872 2392 nam
927 2347 980 2392 et
1027 2339 1325 2394 inventum
1367 2336 1573 2390 ratione
1602 2333 1798 2405 posuit,
1849 2333 1904 2389 id
1931 2342 2012 2389 est

421 2424 597 2484 523
624 2425 918 2483 certissime
964 2424 1235 2481 hominem
1269 2442 1283 2477 :
1316 2425 1462 2495 quod
1512 2422 1661 2477 enim
1718 2423 2004 2491 invenitur,

417 2522 630 2573 constat
656 2530 798 2571 esse.
830 2515 920 2570 Sic
949 2523 1003 2570 et
1041 2515 1191 2569 Deus
1218 2512 1467 2568 inventus
1504 2519 1585 2567 est
1613 2527 1707 2582 per
1732 2513 2004 2579 virtutem,

417 2602 560 2659 sicut
602 2604 768 2661 homo
798 2618 899 2675 per
925 2617 1165 2669 carnem;
1227 2599 1352 2672 quia
1405 2616 1502 2658 nee
1541 2601 1698 2656 morti
1728 2598 2002 2655 subditum

414 2692 847 2764 pronuntiasset,
884 2707 992 2748 non
1038 2691 1092 2745 iu
1138 2689 1437 2746 substantia
1478 2689 1691 2746 mortali
1740 2686 2002 2744 constitu-

414 2788 549 2837 tum.
605 2781 731 2837 Plus
775 2789 859 2838 est
903 2788 1080 2836 autem
1129 2779 1279 2851 quod
1323 2778 1521 2849 adjecit
1576 2796 1589 2834 :
1643 2780 1715 2835 Et
1759 2782 2002 2836 mortem

412 2875 619 2931 erucis.
670 2874 790 2929 Non
838 2872 984 2927 enim
1028 2879 1322 2943 exaggerat
1350 2871 1400 2909 ⁵ο
1444 2871 1794 2934 atrocitatem,
1827 2870 1999 2925 extol-

414 2961 573 3018 lendo
619 2961 869 3018 virtutem
912 2958 1268 3030 subjectionis
1299 2960 1368 3025 51,
1413 2975 1571 3031 quam
1618 2958 2001 3030 imaginariam

2128 1892 2301 1961 putari
2330 1892 2379 1929 ⁵4
2408 1892 2681 1947 habebunt
2706 1892 2839 1963 (66),
2870 1891 2998 1963 quid
3025 1891 3220 1949 facient
3267 1891 3358 1963 qui
3408 1893 3562 1963 primi
3619 1909 3717 1950 re-

2123 1988 2343 2049 surgant
2370 1982 2485 2052 (67)
2503 1984 2531 2038 ?
2559 1981 2687 2038 Non
2713 1980 2987 2036 habebunt
3004 1981 3071 2037 de
3100 1996 3206 2051 quo
3227 1979 3718 2054 transﬁgurentur?

2122 2069 2344 2141 Atquin,
2387 2087 2517 2126 eum
2562 2071 2700 2139 illis,
2730 2070 2881 2139 dicit,
2918 2071 3091 2128 simul
3120 2073 3414 2142 rapiemur
3438 2071 3505 2125 in
3530 2070 3713 2127 nubi-

2121 2159 2217 2215 bus
2266 2158 2481 2216 obviam
2532 2160 2787 2218 Domino.
2836 2159 2895 2214 Si
2948 2176 3072 2217 eum
3110 2159 3214 2214 illis
3257 2159 3474 2225 Sublati,
3522 2159 3714 2232 utique

2119 2261 2241 2303 cum
2266 2246 2373 2303 illis
2401 2255 2455 2304 et
2484 2246 2868 2321 transﬁgurati.

2695 2390 2919 2447 CAPUT
2956 2390 3063 2446 XX
3075 2391 3114 2446 Ι.

2183 2515 2292 2586 (In.
2332 2514 2504 2588 Epist.
2533 2515 2607 2572 ad
2649 2515 2933 2587 Philem.).
2965 2515 3076 2571 Soli
3123 2516 3246 2573 huic
3271 2515 3525 2587 Epistolas
3554 2518 3696 2575 bre-

2110 2603 2252 2659 vitas
2308 2619 2405 2659 sua
2472 2602 2691 2674 profuit,
2758 2611 2815 2659 ut
2877 2605 3117 2661 falsarias
3161 2620 3356 2661 manus
3408 2606 3702 2663 Marcionis

2108 2694 2382 2750 evaderet.
2429 2693 2594 2749 Miror
2638 2696 2838 2764 tamen,
2895 2709 3019 2750 cum
3071 2693 3141 2749 ad
3201 2710 3369 2750 unum
3419 2694 3700 2753 hominem

2107 2782 2314 2839 litteras
2350 2780 2518 2839 factas
2545 2781 2828 2855 receperit,
2860 2780 2989 2853 quid
3017 2782 3085 2837 ad
3122 2782 3505 2839 Tbimotheum
3532 2783 3693 2851 duas,

2106 2878 2162 2926 et
2186 2867 2347 2925 unam
2386 2871 2456 2926 ad
2485 2869 2683 2937 Titum,
2732 2870 2799 2926 de
2844 2870 3203 2928 ecclesiastico
3239 2878 3381 2928 statu
3424 2871 3698 2944 composi-

2111 2966 2192 3015 tas
2230 2958 2574 3017 recusaverit.
2606 2958 2929 3027 Adfectavit,
2961 2959 3173 3032 Opinor,
3203 2960 3362 3017 etiam
3411 2976 3693 3017 numerum

414 3049 785 3120 phantasmate
837 3049 1044 3119 scisset,
1103 3047 1362 3105 frustrato
1411 3048 1595 3121 potius
1643 3063 1784 3113 eam,
1836 3063 1999 3119 quam
2032 3062 2076 3141 ε
2103 3047 2459 3120 Epistolarum
2504 3048 2849 3120 interpolare.
2899 3049 3189 3119 Memento,
3223 3049 3516 3122 inspector,
3546 3049 3698 3123 quod

410 3146 675 3209 experto;
729 3153 827 3194 nec
855 3137 1049 3194 virtute
1097 3137 1281 3193 functo
1311 3136 1365 3191 in
1406 3135 1674 3207 passione,
1705 3136 1799 3192 sed
1852 3136 1992 3196 lusu.

414 3226 551 3297 ςαω
575 3232 772 3285 autem
802 3231 951 3285 retro
985 3228 1131 3284 lucri
1156 3226 1421 3293 duxerat,
1452 3243 1574 3298 quae
1619 3236 1671 3282 et
1700 3242 1863 3297 supra
1891 3243 1996 3282 nu-

409 3324 598 3386 merat,
647 3318 879 3389 gloriam
924 3316 1118 3386 carnis,
1170 3324 1350 3373 notam
1405 3315 1847 3385 circumcisionis,
1897 3333 1994 3387 ge-

404 3405 552 3461 neris
606 3405 806 3462 hebrsei
853 3422 920 3462 ex
975 3406 1194 3461 heme
1253 3419 1497 3469 censum,
1561 3403 1769 3459 titulum
1822 3404 1995 3460 tribus

403 3492 710 3563 Benjamin,
742 3493 1023 3565 pharisaaaa
1051 3493 1294 3549 candidae
1312 3491 1625 3564 dignitatem
1651 3510 1667 3560 ;
1693 3493 1809 3548 haec
1828 3494 1995 3547 modo

401 3580 724 3639 detrimento
780 3582 882 3639 sibi
930 3583 1171 3652 deputat,
1221 3597 1328 3638 non
1362 3582 1551 3649 Deum,
1583 3582 1676 3635 sed
1714 3590 1992 3653 stuporem

400 3668 736 3726 Iudaeorum.
785 3672 908 3727 Haec
954 3687 1019 3726 ac
1074 3672 1125 3727 si
1185 3673 1434 3727 stercora
1491 3669 1821 3735 existimat,
1866 3685 1992 3741 prce

401 3760 825 3828 comparatione
842 3759 1150 3828 agnitionis
1175 3757 1403 3822 Christi,
1430 3770 1538 3811 non
1562 3772 1675 3828 prae
1703 3756 1991 3828 rejectione

401 3843 500 3900 Dei
523 3843 813 3911 Creatoris,
846 3844 1054 3903 habens
1064 3846 1384 3916 justitiam,
1413 3861 1527 3904 non
1542 3861 1706 3902 suam
1715 3846 1846 3916 jam
1865 3862 1988 3917 qua:

2103 3152 2167 3192 ea
2192 3153 2314 3210 quae
2362 3145 2677 3208 pertractata
2703 3145 2845 3206 sunt,
2897 3144 3040 3194 retro
3069 3138 3137 3193 de
3180 3139 3445 3210 Apostolo
3474 3154 3699 3210 quoque

2104 3225 2508 3297 probaverimus
2553 3226 2672 3297 (68)
2702 3239 2716 3280 :
2751 3235 2803 3282 et
2841 3225 2886 3281 si
2943 3241 3049 3299 qua
3092 3226 3148 3282 in
3200 3227 3304 3282 hoc
3331 3240 3473 3297 Opus
3527 3224 3696 3281 dilata

2103 3322 2276 3380 erant,
2334 3314 2796 3386 expunxerimus;
2853 3330 2919 3370 ne
2994 3323 3090 3372 aut
3162 3314 3252 3371 hic
3304 3329 3697 3386 supervacuam

2102 3402 2370 3458 existimes
2428 3402 2782 3469 iterationem,
2850 3419 2959 3475 qua
3019 3403 3457 3460 conﬁrmavimus
3532 3417 3693 3474 spem

2101 3491 2404 3563 pristinam,
2451 3501 2542 3547 aut
2592 3493 2700 3548 illic
2754 3501 3052 3565 suspectam
3104 3493 3309 3549 habeas
3355 3492 3689 3562 dilationem,

2101 3596 2204 3650 qua
2251 3581 2488 3636 eruimus
2538 3590 2781 3652 tempora
2810 3581 2931 3637 ista.
2979 3582 3035 3637 Si
3093 3582 3143 3619 ⁵⁵
3171 3589 3340 3637 totum
3368 3581 3693 3651 opusculum

2099 3666 2421 3738 inspexeris,
2456 3683 2553 3725 nec
2584 3667 2672 3725 hic
2701 3668 3131 3735 redundantiam,
3165 3685 3266 3726 nec
3291 3668 3397 3725 illic
3427 3667 3690 3725 difﬁden-

2099 3756 2227 3812 tiam
2252 3754 2542 3825 judicabis.

1770 3969 1960 4033 Variae
2000 3972 2305 4034 lectiones.

470 4077 519 4116 4⁷
548 4073 690 4150 Quia
716 4075 1070 4150 ιιιεξεζϐιιιηιΔ
1086 4076 1215 4133 Ven.
1244 4076 1522 4150 mendose.
1555 4078 1605 4116 49
1636 4076 2015 4150 Praejudicatus
2051 4076 2229 4150 Obert.
2265 4076 2314 4115 ⁵ο
2328 4075 2709 4150 _Exaggeraret
2740 4079 2859 4136 Lat.
2889 4079 2935 4118 51
2968 4077 3312 4136 Collectionis
3333 4078 3504 4135 Rhen.
3544 4076 3595 4115 ⁵2
3624 4077 3684 4132 In

400 4149 546 4205 delet
578 4149 762 4221 Ciace.
792 4147 842 4185 53
866 4144 1283 4221 Transﬁguravit
1320 4149 1502 4206 Venet.
1536 4144 1991 4221 transﬁguraverit
2019 4149 2139 4221 Rig.
2172 4144 2633 4220 transﬁgurﬁbitur
2659 4151 2816 4206 Pam.
2850 4150 2899 4189 ⁵⁸⁸
2955 4151 3233 4207 Demutari
3286 4151 3362 4205 aI.
3423 4152 3680 4205 demutati

398 4222 521 4277 Lat.
543 4220 594 4258 ⁸⁵
624 4219 732 4277 Sed
759 4222 932 4287 Fran.

1781 4320 2276 4381 Commentarius.

469 4414 587 4488 (66)
626 4417 746 4473 Νοη
791 4416 1058 4488 rapinam
1094 4414 1447 4488 existimavit
1477 4418 1704 4487 pariari
1743 4419 1872 4474 Deo.
1928 4416 1984 4471 Si

396 4487 790 4569 phantasticum
839 4487 1033 4569 fuisset
1097 4487 1292 4541 Christi
1356 4502 1597 4569 corpus,_
1626 4488 1765 4569 haec
1802 4489 1986 4569 omnia

397 4558 476 4630 illi
503 4575 611 4630 non
652 4558 1020 4630 contigisSent,
1052 4573 1228 4628 neque
1259 4566 1485 4630 mortem
1516 4558 1790 4614 subiisset.
1824 4558 1984 4628 Quod

396 4629 679 4701 hicglocus
706 4628 825 4685 late'
858 4630 1064 4699 probat,
1107 4638 1161 4685 et
1214 4628 1486 4701 pauliSper
1529 4646 1561 4684 a
1615 4630 1845 4701 Vplgata
1900 4647 1981 4686 re-

396 4699 554 4766 cedit,
610 4717 729 4755 nam
784 4694 1008 4772 pa'riari
1050 4694 1148 4772 est
1202 4694 1572 4772 parem-esse,
1624 4694 1753 4752 εἶναῖ
1786 4701 1900 4772 ius,
1928 4710 1981 4756 et

395 4772 667 4830 exhausit
696 4770 1080 4842 semetipsum,
1114 4771 1216 4827 hoc
1243 4778 1343 4838 est,
1392 4771 1614 4843 abjecit,
1662 4773 1827 4827 ἑαυτὸν
1886 4770 1987 4825 ἐκέ-

394 4862 543 4907 νωσι,
576 4846 821 4915 seipsum
851 4844 1201 4915 eainanivit.
1236 4843 1312 4915 La
1343 4843 1442 4915 Pa.

461 4915 576 4985 (66)
614 4913 725 4987 Qui
746 4914 808 4987 in
828 4913 1077 4987 adventu
1103 4915 1203 4987 Dei
1223 4913 1571 4987 deprehensi,
1605 4916 1668 4987 in
1684 4930 1859 4987 carne
1873 4914 1978 4987 de-

389 4984 588 5058 putari
631 4984 929 5042 habebunt.
975 4985 1085 5041 [mo
1136 4984 1450 5052 demutari,
1485 4986 1632 5058 quod
1676 5002 1801 5043 mox
1831 4985 1974 5041 dicet

2097 4416 2522 4488 transﬁgurari.
2554 4417 2680 4474 Rm.
3174 4461 3182 4469 .

2164 4486 2282 4558 (67)
2308 4486 2463 4556 Οτιίἀ
2487 4491 2708 4564 facient
2725 4491 2827 4564 qui
2848 4496 3142 4564 resurgent
3174 4493 3373 4564 primi.
3405 4493 3689 4551 Consimili

2093 4560 2383 4638 schemate,
2412 4576 2519 4630 quo
2550 4560 2931 4638 Paulus_dixit,
2968 4560 3110 4630 Quid
3134 4560 3356 4636 facient
3375 4568 3478 4638 qui
3506 4566 3693 4638 bapti-

2091 4634 2304 4687 zantur
2330 4647 2431 4702 pro
2451 4633 2691 4686 mortuis
2718 4631 2881 4688 i’Rie.
3134 4631 3144 4636 ’
3324 4654 3332 4671 π

2123 4769 2133 4780 ⁸
2162 4702 2272 4772 (68)
2302 4703 2784 4780 Expunxerimus.
2826 4703 3178 4780 Hoc_est,__Ex
3223 4704 3403 4762 debito
3431 4706 3687 4780 absolveb

2092 4773 2279 4847 rimus,
2330 4773 2866 4847 priestiterimusque.
2906 4774 2996 4847 Sic
3052 4775 3144 4832 lib.
3188 4791 3247 4831 ιν
3296 4779 3632 4847 praecedente
3668 4793 3681 4830 :

2189 4843 2241 4924 si
2268 4844 3018 4924 commemoremur,_inquit,
3064 4843 3462 4920 promissionis
3494 4850 3682 4924 Moysi,

2092 4864 2161 4897 ne
2189 4864 2239 4898 δι
2268 4864 2790 4909 commemorentur,
2821 4864 2875 4900 1n
2917 4864 3018 4911 ult,
3064 4864 3095 4920 Ρ

2090 4912 2179 4970 hic
2208 4914 2532 4971 invenietur
2559 4864 3095 4987 expunetaﬁlunu.

1726 5255 2349 5285 ψ
