4018 6192
230 388 328 446 557
1376 400 1569 460 LIBER
1608 401 1764 460 ADV.
1806 400 2355 464 VALENTINIANOS.
3407 420 3511 481 558

228 520 3514 579 m

702 659 854 811 Q.
906 575 1371 791 VSEPT.
1475 659 1919 791 FLOR.
2029 666 3082 803 TERTULLIANI

1699 869 2040 931 ADVERSUS

1303 1015 2441 1136 VALENTINIANOS

1688 1226 2040 1325 LIBER.

1555 1498 2143 1556 PRMIIIIJM
2155 1542 2166 1554 .

288 1639 547 1696 Haeresim
579 1639 846 1696 Valentini
876 1642 1122 1715 erupisse
1178 1643 1281 1698 sub
1333 1643 1570 1700 Antonio
1598 1643 1712 1714 Pio,
1770 1644 2055 1713 imperium
2103 1645 2298 1713 adepto
2347 1659 2489 1700 anno
2529 1648 2652 1711 138,
2684 1646 2957 1704 afﬁrmant
3012 1649 3370 1709 Tertullianus
3407 1655 3513 1725 (De

219 1742 541 1813 Prwscript.
571 1755 689 1811 cap.
721 1741 814 1812 30)
851 1754 917 1798 ac
942 1740 1312 1797 Theodoretus
1342 1742 1443 1812 (De
1479 1743 1734 1799 eretic.
1767 1740 1902 1812 fab.,
1943 1741 2037 1797 lib.
2082 1742 2141 1811 1).
2174 1739 2295 1796 Fuit
2341 1748 2516 1795 autem
2551 1742 2865 1799 Valentinus
2894 1744 3264 1803 Phreebonites
3316 1751 3507 1820 patria,

223 1852 294 1895 ex
316 1836 586 1893 maritima
624 1837 841 1909 Egypti
882 1854 996 1907 ora,
1028 1837 1314 1895 Platonicae
1342 1846 1577 1895 sectator
1624 1838 1995 1910 philosophiae,
2018 1837 2260 1894 imbutus
2282 1837 2598 1894 Graecorum
2636 1840 2859 1904 artibus,
2902 1856 2966 1895 ac
2994 1839 3284 1911 ﬁgmentis,
3333 1854 3512 1921 atque,

224 1945 287 1992 ut
312 1937 393 1991 sui
411 1937 685 2006 iactabant
713 1936 890 2008 (Apud
922 1935 1075 2011 Orig.
1114 1936 1172 1991 in
1202 1938 1348 1994 Dial.
1384 1938 1508 1995 adv.
1552 1939 1866 2008 Marcion),
1898 1937 2108 1992 auditor
2151 1937 2456 1999 Theodalis.
2496 1936 2743 2009 discipuli
2791 1939 2941 1994 Pauli
2996 1942 3245 2012 apostoli.
3309 1945 3509 2000 Natum

229 2033 565 2090 Valentinum
606 2035 792 2090 censet
828 2034 1133 2090 Massuetus
1161 2034 1419 2105 (Dissert.
1449 2035 1515 2089 in
1549 2036 1714 2099 Iren.,
1750 2050 1898 2090 num.
1930 2033 2008 2106 7),
2041 2049 2183 2089 anno
2213 2034 2413 2089 Christi
2451 2036 2540 2103 85,
2573 2034 2824 2091 denatum
2853 2051 2984 2093 vero
3044 2040 3167 2093 158.
3221 2038 3512 2109 Scripsisse

221 2131 393 2188 fertur
420 2131 736 2188 Valentinus
782 2132 1018 2203 psalmos
1071 2132 1383 2204 nonnullos,
1413 2132 1666 2203 epistolas
1725 2131 1848 2187 item
1891 2148 1922 2186 a
1959 2131 2230 2188 Clemente
2259 2131 2557 2190 Alexandr.
2587 2132 2645 2189 in
2672 2147 2712 2188 ll
2758 2142 2811 2190 et
2856 2150 2916 2190 ut
2955 2136 3304 2193 Stromatum
3362 2138 3512 2194 libris

219 2227 487 2298 laudatas,
509 2244 738 2300 quarum
763 2228 1112 2300 epistolarum
1126 2229 1549 2287 unainscribitur
1570 2227 2052 2301 adAgathopodem
2075 2228 2363 2285 diaconum
2379 2230 2795 2296 Antiochenam,
2817 2232 3175 2303 utOpinantur
3201 2234 3438 2290 Grabius
3459 2244 3507 2291 et

220 2325 449 2383 Caveus.
489 2326 669 2382 Edidit
694 2327 1013 2384 Valentinus
1041 2328 1202 2383 etiam
1231 2328 1479 2382 homilias
1516 2336 1674 2399 atque
1714 2343 1851 2399 opus
1883 2328 2235 2399 inscriptum:
2268 2328 2421 2381 Πόθεν
2453 2327 2514 2381 τὰ
2559 2327 2707 2392 κακὰ,
2740 2328 2791 2381 id
2833 2337 2929 2386 est.
2976 2330 3126 2386 Unde
3155 2332 3315 2398 mala,
3356 2334 3512 2403 cujus

219 2423 397 2494 operis
427 2421 733 2497 fragmenta
770 2431 985 2481 exstant
1004 2425 1145 2495 apud
1175 2423 1455 2479 laudatum
1484 2424 1838 2492 Clementem,
1900 2424 1992 2479 lib.
2044 2441 2122 2491 v1,
2162 2432 2213 2480 et
2252 2422 2421 2481 525
2477 2424 2860 2497 Epiphanium,
2893 2429 3083 2484 haeres.
3135 2443 3295 2487 χχχι.
3328 2431 3508 2487 Evan-

215 2518 420 2590 gelium
459 2518 740 2589 scripsisse
775 2519 1057 2592 proprium
1097 2535 1254 2575 nemo
1291 2520 1395 2576 nisi
1432 2528 1617 2577 auctor
1645 2536 1835 2577 novem
1879 2524 2232 2593 posteriorum
2288 2522 2527 2593 capitum
2575 2521 2701 2577 libri
2738 2524 2816 2580 De
2852 2525 3286 2597 Prwscriptione
3324 2525 3510 2582 refert.

215 2616 300 2673 Ad
334 2615 578 2673 Ecclesia
622 2617 883 2673 catholica
928 2617 1126 2688 deficit,
1157 2617 1413 2689 quoniam
1444 2618 1835 2690 episcopatum,
1868 2618 2025 2686 cujus
2077 2619 2295 2675 ardebat
2324 2618 2614 2682 desiderio,
2650 2621 2907 2692 consequi
2935 2637 3043 2677 non
3068 2622 3252 2690 valuit,
3284 2622 3360 2677 uti
3409 2624 3511 2678 ad-

218 2730 411 2771 versus
442 2715 701 2770 eumdem
728 2715 1092 2781 Valentinum,
1121 2732 1241 2787 cap.
1275 2714 1330 2788 4,
1362 2715 1527 2771 tradit
1553 2714 1932 2772 Tertullianus.
1965 2716 2170 2772 Relicta
2200 2717 2540 2785 Alexandria,
2591 2716 2904 2772 Valentinus
2934 2720 3160 2774 Romam
3199 2721 3367 2784 venit,
3420 2736 3512 2774 se-

216 2813 376 2870 dente
406 2811 645 2888 Hygino,
679 2813 856 2886 ibique
870 2822 1232 2869 commoratus
1264 2823 1343 2870 est
1368 2829 1541 2886 usque
1560 2813 1626 2868 ad
1651 2813 1956 2869 Anicetum.
1985 2812 2183 2867 Praeter
2210 2814 2277 2868 D.
2310 2815 2595 2885 Irenaeum,
2628 2815 3041 2882 Tertullianum,
3074 2815 3430 2887 Epiphanium
3451 2834 3513 2872 ac

220 2911 645 2979 Theodoretum,
678 2909 833 2983 plura
861 2911 929 2965 de
949 2910 1336 2967 Valentinianis
1363 2909 1605 2967 scribunt
1631 2910 1933 2966 Massuetus
1963 2910 2285 2980 (Dissertat.
2319 2913 2438 2968 cad.
2484 2912 2658 2983 ibib.),
2688 2912 2895 2967 Natalis
2930 2913 3230 2969 Alexander
3259 2913 3337 2984 (in
3371 2916 3511 2970 Hist.

223 3007 400 3064 Ecles.
429 3008 615 3064 sazcul.
650 3022 710 3074 ll,
733 3022 849 3078 cap.
882 3008 937 3075 2,
969 3013 1067 3062 art.
1100 3005 1178 3074 6),
1209 3006 1516 3062 Beausobre
1544 3005 1619 3077 (in
1648 3007 1789 3062 Hist.
1826 3006 2285 3069 Manichaeorum,
2318 3013 2452 3076 part.
2486 3008 2674 3075 11,'lib.
2718 3008 2792 3075 ν),
2817 3008 3090 3064 Semlerus
3137 3009 3198 3079 (L
3229 3010 3386 3065 Band
3417 3010 3514 3065 der

225 3103 474 3160 Polemik
534 3104 633 3162 der
667 3106 1119 3176 Baumgartens),
1166 3119 1266 3158 nec
1298 3119 1402 3157 non
1446 3102 1705 3157 Valcheus
1762 3100 2285 3173 (Kezergeschichte,
2318 3118 2335 3155 ι
2382 3102 2575 3169 Band),
2631 3111 2682 3156 ct
2710 3103 2851 3174 lttig.
2884 3106 3140 3174 (Dissrrt.
3179 3123 3247 3160 en
3278 3107 3344 3162 de
3393 3108 3512 3161 hrr—

215 3202 548 3270 resiarchis,
577 3211 712 3256 sect.
753 3217 811 3266 ιι,
844 3217 960 3269 cap.
1005 3203 1056 3263 5,
1091 3210 1144 3255 et
1170 3200 1411 3268 ejusdem
1440 3198 1663 3253 Dissert.
1697 3198 1993 3268 appendice
2023 3198 2087 3250 ad
2110 3205 2237 3253 sect.
2274 3213 2334 3266 ιι,
2367 3213 2485 3269 cap.
2520 3200 2597 3268 ὃ),
2622 3213 2686 3252 ac
2739 3200 2956 3253 demum
2986 3202 3272 3256 recientius
3319 3200 3514 3257 Matter

224 3300 387 3371 (Hist.
421 3300 499 3357 du
530 3300 919 3373 Gnosticisme,
939 3308 977 3353 t.
1004 3298 1099 3367 ll).
1130 3297 1240 3353 Etsi
1270 3312 1394 3353 vero
1418 3297 1655 3351 fabulosa
1677 3295 1943 3352 Valentini
1968 3296 2189 3352 haeresis
2217 3297 2328 3351 sola
2351 3296 2708 3367 descriptione
2730 3299 2813 3352 sui
2835 3300 3509 3368 appareatabsurdissima,

220 3397 370 3455 fuere
426 3406 606 3455 tamen
675 3396 912 3453 nonnulli
958 3397 1049 3467 qui
1098 3397 1270 3465 ipsum
1330 3394 1671 3450 Valentinum
1728 3394 2085 3450 orthodoxam
2148 3394 2541 3464 existimarunt,
2599 3403 2658 3449 ut
2730 3395 2894 3450 abbas
2953 3396 3158 3468 Faydit,
3220 3397 3309 3467 qui
3349 3396 3514 3452 edidit

108 3562 115 3570 ,
220 3497 663 3555 Dilucidationem
708 3495 964 3551 doctrinae
1011 3494 1251 3565 priorum
1282 3495 1628 3563 saeculorum;
1663 3492 1939 3563 multaque
1985 3493 2050 3545 ad
2091 3491 2352 3547 Valentini
2396 3501 2631 3565 systema
2679 3495 3041 3550 amoliendum
3088 3494 3509 3551 Manichzeorum

218 3587 455 3645 historiae
485 3585 718 3644 inseruit
766 3585 928 3640 etiam
968 3585 1269 3640 Beausobre
1304 3584 1571 3653 (Lumper,
1607 3583 1810 3639 Hister.
1849 3582 2086 3654 theoIOg.
2121 3584 2324 3640 critica
2346 3583 2410 3638 de
2460 3584 2596 3651 Vita,
2624 3585 2859 3656 Scriptis
2889 3590 3005 3658 atq.
3038 3588 3224 3643 Doctr.
3264 3585 3360 3642 SS.
3405 3588 3512 3641 Pa-

222 3693 393 3752 trum,
429 3693 571 3757 part.
605 3700 691 3751 m,
723 3693 851 3741 sect.
886 3699 961 3747 ιν,
993 3698 1109 3752 cap.
1143 3684 1196 3737 3.
1230 3681 1455 3734 Dissert.
1489 3696 1654 3750 praev.
1688 3688 1788 3735 art.
1819 3681 1894 3749 1).
2318 3706 2323 3709 ι
2772 3680 2783 3689 ³
3212 3744 3219 3751 ι

284 3786 457 3840 Porro
486 3791 636 3837 certo
691 3780 886 3836 certius
908 3777 1562 3841 estTertullianum,dum
1595 3793 1753 3831 suum
1811 3776 2071 3833 adversus
2122 3778 2523 3833 Valentinianus
2584 3779 2783 3835 librum
2838 3780 3189 3845 elucubravit,
3227 3796 3345 3834 eam
3400 3797 3510 3851 prae

220 3882 385 3938 oculis
411 3879 676 3936 habuisse
704 3876 878 3932 sancti
906 3875 1118 3943 lrenaei,
1153 3874 1393 3945 episcopi
1430 3874 1703 3945 Lugdun.,
1761 3874 2017 3930 librorum
2065 3875 2322 3931 adversus
2388 3878 2621 3932 hmreses
2686 3876 3177 3948 interpretationem
3246 3878 3508 3947 Latinam,

219 3986 447 4034 veterem
470 3986 526 4034 et
564 3964 852 4047 vulgatam,
885 3991 1043 4045 quam
1073 3974 1141 4028 ad
1172 3988 1339 4044 usque
1376 3980 1617 4043 tempora
1648 3980 1828 4027 nostra
1879 3980 2162 4041 servatam,
2188 3974 2394 4029 Irenaeo
2432 3973 2551 4045 ipso
2583 3975 2664 4030 vel
2695 3974 2869 4028 adhuc
2914 3975 2967 4027 in
3010 3974 3142 4029 vivis
3199 3976 3505 4046 superstite,

220 4076 304 4131 vel
332 4092 501 4147 nuper
529 4081 742 4145 erepto,
772 4070 970 4126 editam
999 4069 1164 4126 fuisse
1196 4076 1423 4127 constat.
1467 4067 1722 4139 Quisquis
1748 4068 2004 4123 Irenaeum
2035 4069 2283 4125 Latinum
2313 4086 2433 4126 cum
2485 4071 2814 4127 Tertulliano
2842 4071 3144 4135 contulerit,
3172 4071 3223 4126 in
3258 4083 3509 4144 promptu

222 4170 585 4244 deprehendet
613 4172 758 4227 hunc
795 4171 929 4227 adeo
955 4169 1184 4242 vestigia
1206 4168 1347 4223 illius
1366 4181 1629 4240 premere,
1664 4167 1797 4221 adeo
1828 4166 2003 4219 verbis
2045 4167 2197 4235 ipsis,
2246 4169 2643 4237 verborumque
2693 4166 2878 4239 ﬁguris
2922 4174 2976 4221 et
3006 4168 3181 4223 ordini
3211 4170 3505 4235 adhaerere,

224 4278 283 4324 ut
314 4271 364 4327 id
386 4287 551 4326 unum
591 4269 697 4323 sibi
728 4267 1075 4339 pronosuisse
1101 4266 1352 4323 videatur
1389 4264 1575 4320 eadem
1634 4262 1979 4334 paucioribus
2009 4264 2326 4317 contrahere
2361 4281 2375 4333 -,
2409 4263 2597 4317 iisdem
2639 4279 2781 4332 saepe
2810 4264 3037 4319 servatis
3056 4266 3256 4329 verbis,
3292 4266 3507 4318 immix-

226 4368 292 4424 tis
320 4378 491 4425 tamen
522 4384 624 4441 pro
652 4382 805 4423 more
836 4365 1074 4422 dicteriis
1103 4363 1336 4436 quadam
1357 4362 1456 4416 afri
1486 4360 1687 4431 ingenii
1718 4360 2040 4433 procacitate
2069 4358 2361 4429 prepalatis
2394 4360 2570 4429 (Conf.
2614 4359 2753 4412 Iren.
2787 4358 2883 4414 lib.
2915 4375 2954 4423 ι,
2984 4376 3100 4427 cap.
3156 4366 3239 4427 11,
3275 4379 3425 4417 num.
3450 4365 3504 4427 3,

220 4482 339 4521 cum
373 4468 623 4533 Tertull.,
655 4480 776 4537 cap.
809 4468 899 4537 23,
929 4474 981 4520 et
1010 4465 1173 4531 Iren.,
1203 4477 1352 4517 num.
1386 4462 1439 4525 5,
1472 4474 1595 4515 cum
1628 4458 1873 4525 Tertull.,
1900 4473 2017 4530 cap.
2053 4459 2143 4525 25,
2174 4462 2275 4512 etc.
2320 4456 2453 4511 Vide
2486 4453 2742 4510 Massueti
2773 4455 2994 4511 Dissert.
3030 4472 3087 4526 ιι,
3119 4457 3172 4512 iu
3211 4460 3351 4515 lren.
3386 4460 3503 4531 lib.,

214 4580 361 4620 num.
392 4570 481 4632 55,
512 4583 572 4636 p,
601 4568 689 4636 89,
724 4565 834 4636 90).

284 4666 413 4723 Haec
442 4667 675 4738 plurima
706 4664 828 4719 hinc
856 4673 907 4719 et
936 4662 1060 4717 inde
1086 4662 1202 4717 loca
1250 4659 1447 4716 similia
1483 4657 1670 4713 sedulo
1717 4656 2038 4728 colligenda,
2064 4671 2127 4710 ac
2156 4665 2213 4710 ut
2244 4653 2447 4710 facilius
2474 4669 2536 4710 ea
2592 4654 2758 4709 lector
2801 4651 3044 4708 conferre
3072 4661 3252 4725 queat,
3284 4655 3337 4709 in
3368 4658 3508 4712 notis

219 4764 539 4838 adponenda
567 4761 893 4819 curavimus.
917 4760 1028 4815 Nec
1051 4761 1186 4829 jam,
1208 4758 1266 4812 ni
1296 4756 1473 4829 fallor,
1505 4754 1703 4810 nemini
1742 4752 2053 4822 ambiguum
2084 4751 2186 4806 erit
2213 4751 2487 4824 praeivisse
2515 4750 2845 4806 Tertulliano
2876 4749 3154 4815 lrenzeum,
3188 4767 3250 4806 ac
3281 4750 3510 4817 proinde

212 4871 498 4928 perperam
531 4871 598 4911 ea
623 4855 678 4909 in
707 4852 929 4909 dubium
969 4865 1276 4914 revocasse,
1310 4856 1365 4904 et
1393 4848 1535 4905 inter
1555 4844 1725 4903 526
1754 4845 1943 4915 spuria
1971 4844 2283 4916 repudiasse
2310 4846 2502 4901 Joann.
2556 4844 2827 4899 Salomon.
2860 4844 3182 4913 Semlerum,
3218 4844 3411 4910 virum,
3464 4850 3508 4899 si

212 4955 339 5023 quis
359 4968 617 5025 unquam,
653 4951 719 5006 ad
749 4949 927 5005 omnia
955 4947 1071 5003 fere
1101 4948 1417 5002 venerandae
1447 4944 1775 5015 antiquitatis
1798 4950 2146 4999 monumenta
2167 4957 2234 4998 ex
2255 4942 2571 4997 auctoritate
2593 4957 2692 4995 sua
2707 4941 3009 5010 dejicienda
3035 4944 3279 5013 profecto
3297 4951 3505 5011 natum;

218 5050 305 5109 hic
336 5056 480 5110 enim
503 5051 559 5106 in
588 5049 871 5107 Historica
902 5048 1116 5117 Isagoge
1160 5045 1233 5100 ad
1274 5043 2047 5116 BaumyarteniiPolemica-m
2078 5039 2207 5111 (vol.
2256 5041 2322 5105 Il,
2372 5060 2424 5111 p.
2453 5042 2598 5112 132),
2618 5039 2670 5094 in
2692 5042 3019 5097 Prolusione
3051 5041 3363 5098 decavenda
3391 5060 3512 5099 m0-

223 5150 375 5208 lesta
398 5149 877 5207 sedulitatesacra
905 5144 977 5202 ad
996 5141 1352 5215 corrigendas
1382 5141 1650 5213 quasdam
1671 5141 1873 5197 lrenaai
1888 5144 1942 5194 et
1968 5139 2305 5197 Tertulliani
2319 5141 2632 5196 sententias
2658 5138 2823 5209 (Edit.
2856 5137 3023 5204 Halae,
3058 5140 3217 5208 1772)
3242 5151 3295 5194 et
3313 5139 3364 5193 in
3382 5143 3513 5197 Dis-

223 5251 541 5306 sertatione
561 5248 628 5304 de
653 5246 817 5303 varia
863 5247 919 5300 et
946 5243 1172 5299 incerta
1199 5240 1386 5297 indole
1416 5240 1616 5295 horum
1657 5239 1929 5296 librorum
1949 5237 2280 5294 Tertulliano
2300 5237 2518 5293 Halensi
2548 5237 2755 5307 adjecta
2783 5237 2911 5305 (vol.
2940 5238 3009 5304 V,
3030 5254 3086 5308 p.
3120 5239 3377 5308 245-290,
3400 5240 3511 5305 ed.,

216 5345 372 5403 Halm
390 5345 779 5418 Magdeburg.,
823 5340 1007 5412 1828),
1038 5337 1202 5394 fidem
1240 5335 1429 5393 Irenmi
1464 5335 1701 5391 minuere
1731 5334 1958 5404 ejusque
1985 5334 2156 5390 libros
2186 5334 2240 5389 in
2271 5335 2630 5405 suspicionem
2664 5334 2845 5394 νοθείας
2882 5334 3152 5390 adducere
3183 5337 3401 5391 tentavit
3433 5344 3518 5391 :at

219 5441 598 5499 defensionem
646 5439 861 5497 illorum
890 5437 1129 5508 suscepit
1161 5433 1423 5491 celeberr.
1458 5430 1725 5496 Valchius,
1758 5430 2046 5504 theoIOgus
2073 5432 2463 5505 Gottingensis,
2496 5433 2549 5487 in
2598 5432 2753 5487 novis
2789 5431 3187 5486 commentariis
3232 5433 3518 5488 Societatis

221 5539 415 5613 Regia:
427 5539 780 5598 Scientiarum
796 5535 1179 5612 Gottingensis
1198 5534 1260 5606 (t.
1285 5533 1351 5599 V,
1363 5536 1499 5602 part.
1529 5532 1652 5597 100,
1676 5544 1810 5583 ann.
1837 5529 2169 5597 1774-1775;
2192 5531 2443 5601 anper,
2470 5530 2562 5585 lib.
2592 5530 2705 5599 cit.,
2735 5546 2853 5598 cap.
2877 5531 3042 5591 2,art.
3064 5532 3111 5599 1,
3134 5544 3188 5599 p.
3214 5530 3359 5598 218).
3380 5529 3513 5584 Enn.

277 5641 558 5698 Caterum
586 5637 917 5696 Tertulliani
950 5650 1070 5692 esse
1104 5633 1299 5689 librum
1330 5632 1474 5687 hunc
1499 5629 1758 5683 adversus
1804 5624 2213 5682 Valcntinianos
2264 5628 2345 5683 vel
2391 5627 2516 5682 inde
2545 5636 2774 5693 constat,
2806 5625 2949 5689 quod
2981 5640 3096 5694 cap.
3130 5629 3227 5684 16.
3266 5625 3516 5681 nomina-
