4018 6192
457 383 563 446 559
1164 379 1593 445 TERTULLIANI
1623 385 1891 449 OPERUM
1930 384 2096 445 PARS
2132 382 2198 443 ll.
2229 413 2302 427 —
2326 381 2553 445 SERIES
2593 382 2637 451 Ι,
2676 380 3023 443 POLEMIGA.
3638 379 3748 438 560

454 508 549 564 tim
586 504 704 561 libri
752 502 1013 562 adversus
1062 504 1452 578 Hermogenem
1484 510 1811 577 meminerit,
1857 524 2015 582 quem
2064 509 2184 578 ejus
2235 526 2356 566 esse
2406 515 2634 565 constat.
2670 507 2738 562 Et
2794 518 2921 561 vero
2967 502 3247 576 scripsisse
3293 503 3444 559 illum
3482 502 3743 560 adversus

454 602 861 662 Valentinianos
905 601 1165 660 lucwrnti
1212 612 1341 659 sunt
1372 614 1531 662 testes
1573 607 1657 662 B.
1688 606 1917 679 Optatus
1955 604 2308 676 Milevitanus,
2350 605 2444 661 lib.
2498 620 2516 659 1
2555 604 2821 661 adversus
2861 602 3251 660 Parmeniam.
3283 600 3637 665 Donatistam,
3688 611 3747 655 et

454 699 770 759 Vincentius
814 698 1132 769 Lirinensis,
1164 698 1258 757 lib.
1304 703 1371 759 de
1416 706 1648 775 Profaa.
1681 707 1889 763 Haeres.
1940 706 2211 762 novitate.
2245 703 2406 759 Visus
2456 703 2556 759 fuit
2602 702 2764 758 etiam
2809 702 2923 771 jam
2961 700 3088 756 olim
3133 717 3237 755 ms.
3288 715 3318 754 a
3360 699 3652 756 Trithemio
3692 698 3749 753 et

455 796 735 863 Politiano,
770 804 825 852 et
861 795 1003 851 inter
1033 796 1236 867 primos
1290 814 1321 852 a
1362 798 1617 856 Rhenano
1654 800 1829 856 editus
1867 799 2102 873 primum
2150 800 2390 865 scholiis,
2435 798 2629 855 deinde
2676 808 2729 853 et
2766 796 3196 854 annotationibus
3232 796 3307 851 ita
3341 795 3656 865 illustratus,
3688 802 3748 848 ut

456 910 724 967 nusquam
753 892 1063 968 diligentior
1094 893 1271 950 fuerit.
1314 895 1432 951 Non
1474 899 1925 955 contemnendam
1971 911 2147 953 tamen
2193 913 2314 954 esse
2345 905 2581 953 nostram
2630 904 2959 969 postremam
3006 897 3142 949 hanc
3191 892 3632 966 recognitionem,
3664 892 3749 947 id-

455 1008 559 1066 que
596 1008 661 1047 ex
690 990 750 1045 Β.
782 992 990 1058 Irenzei,
1018 990 1112 1047 lib.
1144 1008 1185 1063 ι,
1216 1007 1336 1065 cap.
1391 997 1446 1065 1,
1478 1005 1531 1051 et
1568 996 1769 1069 aliquot
1798 996 2168 1070 sequentibus,
2201 1010 2373 1069 eoque
2410 1003 2517 1049 tam
2552 994 2747 1050 Graeco
2781 993 2922 1063 apud
2952 991 3334 1065 Epiphaniam,
3365 1006 3523 1062 quam
3555 988 3749 1045 Latino

449 1089 605 1159 juxta
635 1087 908 1145 versiones
934 1088 1128 1158 varias,
1161 1096 1213 1144 et
1262 1089 1432 1145 tribus
1482 1090 1655 1147 Vatic.
1696 1109 1800 1148 ms.
1841 1089 2254 1162 exemplaribus,
2287 1089 2503 1160 colliget
2553 1088 2711 1145 facile
2756 1088 2941 1153 lector,
2980 1104 3045 1143 ex
3093 1086 3156 1141 iis
3193 1102 3328 1158 quas
3374 1084 3597 1155 majoris
3642 1085 3748 1139 ad-

456 1184 564 1239 huc
592 1182 725 1240 lucis
751 1183 921 1255 gratia
965 1183 1265 1254 adjecimus
1306 1185 1761 1256 adnotationibus,
1796 1189 2152 1260 Argumenta,
2184 1185 2292 1244 imo
2338 1194 2392 1240 et
2420 1185 2673 1259 Catalogo
2700 1185 2933 1239 Eonum
2968 1199 3032 1240 ac
3072 1183 3207 1239 situs
3244 1181 3484 1253 ipsorum
3511 1175 3750 1237 delinea-

456 1281 599 1339 tione
626 1281 1006 1354 apertioribus.
1040 1282 1350 1339 PAMELIUS.

527 1381 895 1453 Opportunior
924 1395 1054 1437 sane
1084 1397 1143 1437 se
1173 1383 1322 1437 dabit
1347 1383 1562 1440 occasio
1594 1384 1663 1439 de
1682 1382 1945 1440 immensa
1982 1383 2251 1455 farragine
2278 1381 2578 1437 ΓΝΩΣΕΩΣ
2603 1379 2658 1435 in
2697 1394 2896 1453 genere
2935 1393 2998 1434 ac
3045 1378 3112 1432 de
3149 1377 3315 1433 arduo
3364 1378 3591 1434 themate
3640 1378 3753 1434 Va-

457 1479 758 1536 lentiniano
790 1479 843 1533 in
876 1478 1057 1549 specie
1107 1480 1327 1537 uberius
1348 1482 1672 1549 disserendi,
1731 1482 1825 1538 ubi
1881 1483 1948 1537 de
1976 1479 2431 1553 praestantissimis
2477 1476 2665 1533 lrenaai
2716 1478 2973 1533 adversus
3005 1475 3245 1533 haereses
3273 1474 3425 1530 libris
3461 1475 3750 1532 dicendum

457 1569 578 1626 erit.
616 1568 783 1624 Nobis
827 1567 1008 1641 igitur,
1040 1584 1139 1639 pro
1171 1587 1338 1634 more,
1374 1570 1704 1643 moduloque
1756 1582 1961 1638 nostro,
1989 1569 2227 1625 sufﬁciat
2258 1571 2374 1626 haec
2419 1582 2617 1640 pauca,
2660 1564 2908 1635 prooemii
2938 1564 3126 1630 instar,
3177 1564 3507 1635 praelibasse,
3540 1578 3754 1635 paucu-

455 1666 613 1738 laque
628 1664 827 1720 addere
852 1664 974 1719 hinc
1002 1665 1123 1721 inde
1142 1666 1442 1737 desumpta,
1474 1668 1590 1723 sive
1611 1683 1677 1721 ex
1697 1666 1951 1737 Pamelio,
1983 1668 2097 1724 sive
2128 1683 2191 1722 ex
2221 1666 2508 1730 Massueto,
2537 1664 2756 1733 addere,
2786 1662 3005 1736 quibus,
3030 1669 3312 1732 antequam
3340 1660 3532 1715 librum
3582 1662 3752 1726 hunc,

455 1763 744 1820 obscurum
768 1779 895 1818 sane
932 1772 984 1816 et
1020 1762 1294 1819 intellectu
1318 1765 1655 1836 impervium,
1678 1766 2076 1840 aggrediamur,
2110 1766 2300 1821 lectori
2344 1766 2630 1837 praeluceat
2662 1770 2777 1818 tum
2805 1759 3180 1833 interpretatio
3209 1759 3487 1817 nominum
3518 1760 3754 1817 Eanum

456 1861 739 1925 Valentini,
771 1869 883 1916 tum
907 1866 1187 1934 syntagma
1215 1877 1447 1934 gnoseos
1477 1879 1541 1919 ex
1561 1864 1805 1933 ejusdem
1844 1864 2130 1936 hypothesi
2159 1864 2560 1921 concinnatum.
2592 1862 2733 1917 Enn.

1376 2262 1650 2322 NOMINA
1686 2260 1948 2321 IEONUM
1984 2263 2070 2320 ET
2109 2261 2404 2321 DEORUM
2444 2262 2834 2327 VALENTINI,

920 2441 1040 2506 imo
1067 2440 1379 2505 criminum
1404 2442 1599 2521 potius
1630 2456 1810 2521 quam
1840 2442 2172 2518 numinum,
2205 2442 2575 2520 aliorumque
2589 2439 2797 2505 eodem
2828 2438 3281 2518 pertinentium.

1846 2595 1928 2657 (ax
1946 2606 2079 2644 amr.
2118 2593 2364 2655 PAIELH.)

528 2760 609 2817 De
632 2760 718 2816 his
746 2760 1056 2818 nominibus
1082 2758 1242 2827 infra,
1271 2774 1320 2815 c.
1354 2760 1407 2829 6,
1441 2759 1518 2816 sic
1544 2759 1901 2817 Tertullianus
1925 2779 1937 2816 ε
1965 2761 2346 2831 Quorumdam
2364 2758 2580 2832 (inquit)
2602 2760 2666 2814 de
2701 2759 2886 2815 Graeco
2905 2759 3310 2831 interpretatio
3330 2774 3445 2814 non
3466 2757 3756 2823 occurrit,

456 2858 830 2933 quorumdam
850 2874 953 2917 nec
982 2857 1048 2913 de
1067 2872 1207 2916 sexu
1235 2873 1445 2929 genera
1488 2858 1854 2928 conveniunt,
1879 2859 2253 2933 quorumdam
2290 2860 2564 2915 usitatior
2594 2860 2653 2913 in
2699 2858 2885 2914 erco
2917 2857 3130 2915 notitia
3176 2860 3277 2914 est.
3313 2857 3507 2929 Itaque
3546 2855 3750 2927 pluri-

455 2973 619 3014 mum
669 2958 860 3015 Greca
892 2957 1178 3028 ponimus,
1228 2954 1630 3027 signiﬁcantia:
1665 2973 1766 3030 per
1808 2958 2153 3030 paginarum
2230 2956 2441 3015 limites
2487 2955 2774 3025 aderunt,-
2819 2972 2920 3013 nec
2973 2956 3193 3012 Latinis
3241 2954 3467 3027 quidem
3511 2954 3761 3011 deerunt

461 3053 672 3118 erca,
694 3052 790 3110 sed
814 3054 879 3109 in
912 3052 1077 3110 lineis
1104 3054 1343 3127 desuper
1370 3056 1753 3112 notabuntur.

526 3167 906 3253 527-528
936 3169 1208 3227 Hactenus
1229 3170 1336 3226 ille.
1368 3168 1525 3239 Quod
1559 3181 1732 3227 tamen
1755 3187 1874 3228 cum
1935 3172 1990 3227 in
2040 3188 2139 3226 ms.
2180 3170 2461 3227 codicibus
2502 3186 2676 3241 neque
2697 3171 3013 3237 Rhenanus,
3049 3186 3220 3243 neque
3271 3186 3376 3243 ego
3433 3170 3628 3227 factum
3658 3170 3759 3224 in-

452 3267 782 3336 venerimus,
834 3267 1153 3338 expediebat
1192 3268 1265 3335 ae;
1317 3268 1647 3325 intellectum
1695 3271 1983 3339 majorem,
2018 3270 2161 3324 hunc
2202 3268 2495 3324 Nominum
2545 3268 2865 3338 Catalogum
2923 3267 3229 3341 praefigere.
3269 3266 3443 3335 Quem
3504 3284 3647 3325 nunc
3702 3278 3765 3325 et

456 3363 799 3437 locupletavi,
830 3373 884 3421 et
923 3365 978 3419 in
1010 3364 1255 3422 ordinem
1294 3380 1596 3438 congruum
1652 3366 1854 3436 redegi,
1910 3366 2117 3434 adjecto
2157 3365 2385 3434 majoris
2408 3364 2787 3435 explicationis
2817 3366 2989 3435 gratia
3008 3366 3244 3437 capitum
3272 3381 3516 3432 numero,
3555 3366 3644 3421 ubi
3684 3367 3765 3422 de

453 3452 686 3525 singulis
718 3455 959 3524 ipsorum
990 3453 1188 3525 agitur.
1222 3453 1494 3508 Annotavi
1526 3453 1686 3509 etiam
1743 3469 1866 3525 quae
1907 3452 1993 3508 hic
2025 3461 2116 3509 aut
2156 3453 2282 3507 alibi
2328 3452 2663 3508 Tertulliano
2695 3453 2911 3517 usitata,
2952 3470 3075 3525 quae
3116 3455 3316 3508 Irenaeo
3357 3456 3541 3511 Latino
3588 3455 3679 3510 lib.
3717 3472 3760 3526 ι,

451 3551 577 3608 adv.
610 3551 830 3616 heres"
852 3567 903 3607 c.
936 3554 990 3620 1,
1020 3567 1139 3623 qua:
1167 3551 1400 3621 denique
1422 3549 1953 3621 EpiphanioGraaco.
1976 3551 2168 3607 haeres.
2187 3554 2275 3616 31,
2301 3551 2819 3621 autejuslnterpreti
2833 3550 3052 3623 Latino;
3084 3568 3114 3608 e
3143 3551 3510 3624 quibusetiam
3537 3553 3764 3609 nomina

452 3646 659 3718 aliquot
686 3648 948 3720 castigata
990 3658 1137 3704 sunt.
1181 3651 1321 3705 Pw.

772 4042 1089 4086 GENERALIA
1115 4019 1460 4099 NOMINA,“
1489 4044 1938 4101 PRODUCTIONBI,
1972 4047 2257 4101 comuou,
2290 4048 2359 4091 ετ

1845 4044 1938 4101 ΕΙ,
1972 4047 2257 4101 CONJUGIA,
2290 4048 2364 4091 ΕΤ
2383 4048 2654 4093 ΝσΠΕΒῐῘἊ
2685 4049 2893 4093 ΕΟΝΗΠ
2921 4049 3296 4092 ΡΕΚΤῙΝΕΝΤΙΑ
3322 4076 3337 4103 ,
3359 4050 3432 4091 EX

1504 4169 1623 4215 CAP.
1657 4171 1755 4228 vn,
1788 4171 1911 4223 vm,
1943 4173 2038 4227 xu,
2069 4173 2237 4228 χχιιι,
2269 4175 2388 4217 xxx
2418 4177 2492 4217 nr
2521 4176 2693 4218 xxxx.

855 4330 1122 4395 SERIES
1884 4333 2153 4400 SERIES
3000 4336 3352 4404 NOMINUM

738 4480 994 4528 NOMINUM
1055 4481 1256 4531 LATINA
1267 4511 1282 4526 .
1764 4484 2029 4531 NOMINUM
2067 4486 2291 4534 CW.
2855 4488 3310 4543 INTERPRETATIO
3321 4527 3334 4541 .

454 4586 886 4677 eontTertull.
935 4588 1088 4645 Iren.
1143 4631 1157 4644 .
1213 4628 1228 4644 .
1284 4630 1298 4645 .
1356 4631 1371 4645 .
1426 4628 1440 4643 .
1498 4631 1510 4644 .
1620 4587 1756 4677 αξρν,
1790 4592 2041 4663 Epiph..

1743 4634 1756 4659 ,
1790 4592 2042 4663 Epiph..
2095 4636 2109 4652 .
2167 4636 2181 4649 .
2239 4636 2254 4652 .
2308 4635 2323 4651 .
2382 4640 2391 4650 .
2451 4635 2467 4651 .
2524 4636 2538 4651 .
2593 4635 2609 4651 .
2674 4595 3327 4677 §teculum,lnl.Epiph.

453 4660 1510 4719 EOnes............
1619 4659 2040 4723 αἰῶνεςίξ..

1619 4659 2901 4724 aimvsc.'l..........Saecula.

457 4762 1510 4838 Syzygia............
1618 4768 2044 4841 συζυγία....

1755 4768 1814 4821 ,ια
2029 4809 2045 4824 ο
2170 4807 2187 4824 ⁸
2688 4738 3075 4879 :Conjugatio,
3106 4746 3342 4801 Tertull.

1826 4810 1840 4825 °
1886 4809 1902 4825 '
1958 4812 1973 4827 ’
2100 4813 2114 4827 ’
2242 4814 2257 4827 ⁹
2312 4816 2327 4830 ·
2383 4813 2397 4827 ⁸
2451 4811 2468 4829 ⁶
2524 4814 2539 4828 ⁸
2594 4814 2609 4829 ⁸
2730 4809 3032 4880 Cepulatio,
3100 4817 3339 4873 Tertull.

452 4866 1509 4981 Nymphdn...........
1617 4912 2039 4983 νυμφὼν....

1751 4912 1816 4964 ὼν
2687 4856 2705 5011 ξ
2728 4856 3047 4951 Nu‘ptiarum
3076 4856 3293 4943 (1031113:
3299 4856 3338 4871 η

2729 4952 3039 5011 Thalamus.

451 5013 1509 5076 Probole............
1615 5015 2038 5087 προϐολὴ...

1618 5015 1841 5087 προϐολὴ.
1887 5060 1907 5079 .
1957 5058 1974 5074 .
2031 5062 2045 5075 .
2100 5062 2116 5078 .
2169 5060 2185 5076 .
2242 5061 2257 5076 .
2312 5062 2326 5077 .
2383 5064 2396 5077 .
2457 5065 2469 5078 .
2525 5062 2539 5078 .
2596 5065 2609 5078 .
2674 5013 2927 5091 Emissio,
2968 5029 3205 5087 Tertull.

454 5119 1509 5192 0gdoas............
1619 5126 2035 5189 ὀγδεὰς....

1767 5146 1817 5182 ς.
1879 5166 1894 5182 .
1950 5169 1965 5184 .
2023 5171 2035 5184 .
2092 5169 2106 5183 .
2163 5168 2177 5183 .
2233 5171 2247 5186 .
2304 5167 2320 5185 .
2374 5171 2389 5186 .
2455 5171 2469 5185 .
2525 5170 2540 5185 .
2597 5173 2609 5187 .
2689 5094 3072 5192 ξρςξεὶιξεξιξξξξξν
3117 5101 3352 5192 Tata"-

2729 5164 3081 5225 Octonarius.
3122 5172 3276 5227 Iren.

926 5260 933 5269 “
974 5303 988 5315 .
1736 5303 1747 5315 ,
1836 5306 1869 5315 __
1921 5306 1931 5315 _
1975 5306 1989 5315 ,
2692 5235 3135 5315 (Quaternarius,
3180 5244 3291 5297 lnt.
3324 5240 3524 5315 Epiph.

452 5298 660 5370 Tetras,
697 5260 933 5357 Tertull.
964 5303 1150 5362 lren..
1210 5342 1225 5360 .
1280 5343 1297 5360 .
1351 5347 1366 5361 .
1424 5348 1435 5360 .
1493 5347 1504 5359 .
1617 5303 2030 5376 τετρὰς,ΕρὶρΙι.

2728 5260 3135 5307 ρυδιεηιεπιιιε,
3180 5260 3266 5297 ml

1679 5303 2030 5376 rpac.Epiph.
2096 5343 2111 5360 .
2166 5348 2179 5362 .
2239 5350 2251 5362 .
2308 5347 2323 5362 .
2384 5351 2392 5361 .
2452 5349 2464 5363 .
2523 5353 2534 5364 .
2595 5351 2607 5365 .

1706 5444 1719 5464 ἢ
2676 5380 3099 5464 ’ξρυειιει-ὶιαιὶο,
3125 5385 3273 5441 Iren.

454 5443 2039 5505 Decas.............suae”...

1421 5483 1507 5501 ..
1616 5444 1814 5505 δεκὰς..
1882 5484 2535 5506 .
2676 5443 2962 5507 Denarius.

452 5514 726 5572 Ded-cas.
783 5554 797 5570 .
854 5555 867 5568 .
925 5558 937 5571 .
994 5555 1009 5570 .
1065 5555 1080 5570 .
1138 5555 1152 5570 .
1209 5557 1222 5571 .
1276 5553 1291 5569 .
1352 5556 1363 5567 .
1419 5554 1436 5572 .
1490 5557 1504 5571 .
1615 5517 1896 5577 δωδεκὰκη
1953 5560 2036 5574 ..
2167 5560 2179 5575 .
2242 5563 2254 5577 .
2311 5565 2322 5577 .
2383 5564 2396 5577 .
2452 5565 2465 5577 .
2523 5560 2536 5574 .
2592 5560 2609 5579 .
2674 5520 3067 5584 Duodenarius.

451 5584 794 5656 Triacontas.
850 5627 865 5641 .
922 5626 937 5641 .
993 5628 1006 5641 .
1063 5627 1075 5640 .
1134 5628 1149 5643 .
1204 5626 1217 5639 .
1275 5629 1288 5642 .
1347 5623 1361 5638 .
1418 5628 1431 5645 .
1487 5625 1502 5642 .
1612 5588 1910 5656 τριακοντὰς.
1955 5632 1968 5644 .
2025 5632 2037 5644 .

1487 5625 1502 5642 .
1612 5588 1910 5656 τριακοντὰς.
1955 5632 1968 5644 .
2025 5632 2037 5644 .
2094 5633 2108 5647 .
2165 5632 2179 5646 .
2238 5633 2251 5646 .
2311 5636 2322 5647 .
2380 5634 2393 5648 .
2453 5636 2464 5648 .
2523 5633 2536 5648 .
2594 5632 2608 5647 .
2673 5591 3038 5652 Tricenarius.

454 5654 736 5715 Ectrema.
822 5698 835 5712 .
908 5699 923 5714 .
981 5700 994 5712 .
1053 5699 1066 5713 .
1121 5699 1135 5712 .
1195 5695 1209 5710 .
1266 5699 1279 5713 .
1330 5700 1340 5711 .
1407 5698 1423 5714 .
1481 5699 1496 5715 .
1612 5654 1907 5733 litt-ampla”
1967 5706 1978 5717 .
2036 5703 2050 5719 .
2111 5706 2121 5716 .
2178 5702 2194 5719 .
2250 5705 2263 5719 .
2320 5704 2335 5719 .
2386 5707 2398 5719 .
2452 5707 2463 5722 .
2522 5704 2535 5717 .
2592 5704 2608 5721 .
2674 5662 2865 5724 Partus
2895 5666 3191 5727 abortivus.
