4016 6188
260 230 367 290 569

1399 232 1595 295 LIBER
1651 237 1804 296 ADV.
1872 234 2417 299 VALENTINIANOS.

3452 246 3562 306 570

264 366 3557 397 _.____________._______________________

1011 564 1675 677 ADVERSUS
1788 568 2815 681 VALENTINIANOS

1771 815 2065 895 LIBER

576 1191 943 1252 529-535
1005 1194 1386 1251 ARGUMENT
1396 1195 1514 1251 ΠΜ.

248 1303 524 1359 Adversus
546 1302 965 1358 Valentiniano:
988 1302 1277 1359 haereticos
1294 1305 1611 1361 scripturus
1632 1304 1840 1359 Tertul-

321 1374 533 1437 lianus,
558 1373 833 1444 differens
856 1374 1323 1445 congressionem,
1346 1373 1521 1431 solam
1536 1376 1844 1446 proﬁtetur

315 1461 602 1511 errorum,
633 1461 730 1501 seu
751 1446 941 1517 potius
959 1445 1309 1516 fabularum,
1334 1462 1466 1503 cum
1494 1445 1615 1501 risu
1635 1463 1842 1503 narra-

320 1518 558 1572 tionem.

314 1623 356 1677 I.
405 1622 678 1691 Imprimis
750 1630 931 1677 autem
995 1634 1195 1689 narrat,
1254 1624 1399 1695 quod
1460 1623 1839 1692 Valentiniani,

242 1711 745 1783 frequentissimum
813 1727 940 1767 sane
996 1712 1132 1766 inter
1190 1713 1473 1768 haereticos
1531 1712 1841 1785 collegium,

248 1801 385 1855 nihil
412 1800 585 1871 magis
622 1808 831 1865 curent,
864 1816 1025 1871 quam
1056 1802 1319 1856 occultare
1347 1801 1491 1873 quod
1522 1802 1837 1873 praedicant.

326 1890 398 1944 ΙΙ.
433 1887 636 1943 Deinde
672 1904 790 1943 cum
825 1888 896 1944 illi
926 1889 1198 1959 simplices
1237 1898 1608 1960 nuncuparent
1638 1891 1840 1947 Catho-

249 1977 402 2041 licos,
426 1976 716 2047 Scripturis
745 1976 1139 2047 simplicitatem
1170 1977 1384 2048 probari
1413 1978 1588 2034 docet.

318 2066 415 2120 III.
448 2064 811 2134 Quantumvis
854 2066 1063 2120 interim
1110 2083 1168 2121 se
1212 2067 1546 2123 adscondant
1571 2069 1716 2136 (cum
1745 2084 1841 2125 ve-

243 2155 374 2210 ritas
413 2170 443 2207 e
484 2152 753 2209 contrario
792 2168 901 2209 non
954 2154 1287 2226 erubescat),
1320 2155 1458 2210 scire
1494 2164 1673 2210 tamen
1705 2157 1840 2211 sim-

242 2244 410 2314 plices
442 2242 778 2298 Christianos
808 2256 997 2298 omnes
1039 2258 1225 2298 eorum
1273 2243 1476 2299 fabulas
1519 2251 1572 2298 et
1629 2260 1840 2317 genea-

242 2331 439 2405 logias,
472 2347 609 2402 quas
664 2331 899 2386 dammat
976 2334 1290 2404 Apostolus,
1378 2332 1833 2401 indeterminatas,

239 2436 371 2493 quas
401 2419 636 2492 proinde
661 2419 1001 2476 solummodo
1019 2421 1405 2488 demonstrare,
1435 2423 1716 2478 destruere
1742 2423 1836 2481 sit.

310 2510 403 2565 IV.
436 2509 637 2565 Notam
669 2508 831 2565 etiam
847 2524 967 2564 esse
986 2509 1475 2565 Valentinianorum
1508 2511 1775 2586 originem
1806 2528 1837 2567 a

244 2593 527 2649 Valentino
565 2612 580 2661 ;
613 2593 735 2650 licet
766 2594 831 2647 ab
857 2608 921 2649 eo
958 2594 1311 2649 abscesserint
1341 2595 1687 2661 Ptolemaeus,
1721 2597 1835 2653 He-

244 2683 477 2747 racleon,
540 2682 844 2749 Secundus,
902 2683 1092 2753 Magus
1136 2684 1362 2749 Marcus,
1405 2699 1467 2739 ac
1521 2686 1841 2753 Theotinus,

244 2769 312 2823 ita
360 2778 421 2825 ut
456 2785 723 2840 nusquam
767 2772 880 2839 jam
916 2770 1250 2840 Valentinus,
1283 2782 1336 2827 et
1382 2779 1563 2826 tamen
1608 2772 1840 2828 Valenti-

244 2859 388 2914 niani
417 2860 486 2913 ab
527 2858 622 2913 illo
664 2874 824 2925 gcum
856 2859 996 2913 solas
1025 2860 1261 2933 integras
1300 2862 1420 2930 ejus
1471 2862 1685 2934 regulas
1743 2877 1839 2917 cu-

244 2948 474 3004 stodiret
504 2946 806 3003 Antiochia:
844 2948 1135 3004 Axionicus
1173 2948 1408 3019 quidam.

310 3038 376 3091 V.
413 3036 529 3091 Sibi
582 3036 793 3092 interim
848 3052 969 3092 cum
1007 3037 1324 3110 Archetypis
1368 3053 1489 3093 esse
1561 3038 1839 3109 discepta-

244 3129 460 3191 tionem,
504 3125 667 3196 idque
715 3141 823 3181 non
878 3125 1117 3182 conﬁctis
1173 3127 1429 3194 materiis,
1482 3137 1667 3199 utpote
1711 3144 1844 3199 quas

242 3216 412 3286 ipsius
470 3214 844 3270 haeresiarcha:
902 3217 1333 3285 contemporales
1409 3216 1840 3273 instructissimis

238 3302 605 3359 voluminibus
678 3302 1028 3373 prodiderint,
1105 3310 1157 3359 et
1218 3304 1519 3371 retulerint,
1594 3306 1838 3362 Justinus

237 3401 460 3463 martyr,
494 3390 786 3456 Miltiades,
819 3389 1057 3447 Irenaaus
1090 3401 1142 3448 et
1169 3393 1388 3464 quidem
1418 3394 1692 3450 Proculus.

304 3481 397 3536 VI.
431 3479 638 3535 Deinde
675 3480 850 3535 verbis
890 3480 1081 3550 partim
1130 3481 1281 3537 initio
1310 3483 1472 3552 hujus
1510 3483 1834 3556 Argumenti

238 3568 507 3633 adductis,
559 3567 754 3638 partim
796 3567 870 3623 illi
918 3567 1052 3623 infra
1082 3570 1379 3639 subjectis,
1428 3571 1840 3627 demonstratio-

240 3673 359 3712 nem
416 3657 587 3711 solam
628 3656 803 3712 arcani
845 3656 1085 3729 ipsorum
1133 3659 1472 3730 promittens,
1524 3661 1836 3715 methodum

239 3744 434 3802 indicat
455 3760 564 3816 qua
597 3745 669 3799 uti
693 3746 903 3801 statuit.

308 3835 422 3889 VII.
454 3835 626 3890 Porro
664 3850 697 3888 a
742 3835 913 3905 prima
951 3835 1198 3907 ogdoade
1226 3837 1456 3893 Eonum
1495 3838 1831 3895 Valentinia-

242 3938 431 3977 norum
464 3924 581 3978 sive
627 3923 835 3980 tetrade
875 3923 1099 3995 duplici,
1135 3925 1464 3993 auSpicatur,
1498 3926 1553 3981 in
1610 3944 1715 3999 qua
1767 3944 1833 3983 ex

239 4006 407 4077 Bytho
446 4026 512 4064 ac
568 4009 693 4080 Sige
745 4012 849 4067 orti
895 4012 1010 4066 Nus
1036 4021 1087 4066 et
1114 4013 1339 4081 Veritas,
1404 4015 1720 4072 Sermonem
1777 4023 1833 4072 et

240 4096 406 4150 Vitam
430 4099 791 4168 procrearint.
833 4116 863 4155 e
885 4101 1081 4173 quibus
1112 4101 1275 4157 homo
1316 4110 1368 4157 et
1396 4103 1653 4159 Ecclesia.

305 4185 445 4240 VIII.
482 4187 614 4241 Inde
645 4205 708 4243 ex
729 4188 964 4244 secunda
1007 4189 1100 4243 illa
1148 4191 1375 4257 tetrade,
1436 4190 1751 4246 Sermonem
1779 4197 1833 4245 et

242 4273 411 4329 Vitam
444 4276 715 4331 decuriam
746 4278 975 4332 Eonum
1024 4278 1183 4333 simul
1227 4279 1449 4343 fudisse,
1491 4280 1833 4335 hominemct

243 4361 534 4419 Ecclesiam
564 4364 973 4437 duodenarium,
1006 4384 1308 4436 numerum,
1354 4383 1462 4440 quo
1502 4368 1581 4423 sic
1636 4370 1830 4439 imple-

242 4460 381 4505 retur
435 4451 733 4509 tricenariae
779 4454 1071 4511 divinitatis
1118 4456 1362 4512 Pleroma
1401 4473 1498 4513 seu
1529 4457 1828 4528 plenitudo.

306 4539 400 4594 IX.
432 4540 554 4596 Jam
586 4557 713 4597 vero
755 4542 1079 4599 fecunditate
1108 4554 1221 4600 tota
1249 4546 1547 4611 deﬁciente,
1586 4563 1616 4600 a
1647 4547 1829 4603 novis-

239 4626 370 4683 simo
401 4630 571 4683 Eone
602 4630 800 4702 SOphia
850 4632 1161 4688 conﬁrmata
1216 4636 1282 4688 ab
1332 4635 1475 4690 Horo
1521 4651 1590 4689 ne
1630 4636 1829 4690 dissol-

240 4725 468 4781 veretur,
505 4733 569 4771 ex
599 4717 651 4771 vi
680 4718 1118 4786 passionis,nulla
1164 4736 1325 4791 opera
1362 4722 1625 4793 conjugii,
1675 4725 1830 4780 abor-

237 4800 396 4858 tivum
423 4804 614 4860 faetum
644 4806 996 4879 Enthymesin
1026 4808 1324 4879 expositam
1356 4826 1499 4868 esse.

1878 1179 1924 1258 Α
1952 1178 2115 1234 quem
2146 1170 2199 1220 et
2228 1163 2489 1258 Soterem,
2519 1172 2573 1220 et
2612 1163 2905 1258 Christum,
2955 1172 3009 1222 et
3055 1169 3376 1225 Sermonem
3405 1184 3553 1225 nun-

1951 1259 2150 1322 cupant
2182 1269 2197 1318 ;
2229 1260 2284 1307 et
2311 1252 2569 1308 satellites
2589 1253 2708 1323 ejus
2735 1254 2982 1327 angelos.

2019 1339 2172 1394 XIII.
2214 1342 2391 1413 Atque
2462 1342 2718 1397 hactenus
2795 1341 2991 1414 (inquit
3060 1342 3250 1398 ludens
3330 1346 3546 1416 auctor)

1952 1429 2122 1499 prima
2167 1430 2440 1501 tragoediae
2497 1446 2703 1496 scena;
2766 1430 2866 1485 alia
2932 1433 3043 1500 jam
3099 1440 3247 1487 extra
3296 1433 3551 1490 Pleroma

1950 1518 2312 1575 cothurnatio.

2018 1607 2166 1664 XIV.
2195 1608 2327 1661 Eam
2360 1607 2727 1677 Enthymesin,
2751 1607 2864 1663 sive
2887 1610 2997 1678 jam
3020 1624 3157 1667 novo
3186 1619 3239 1664 et
3267 1608 3539 1680 interpre-

1952 1696 2098 1751 tabili
2122 1695 2336 1751 nomine
2358 1693 2530 1751 536
2551 1694 2869 1760 Achamoth,
2904 1696 2954 1749 in
2985 1696 3142 1752 inane
3160 1696 3291 1751 illud
3319 1697 3546 1768 Epicuri

1948 1784 2242 1855 explosam,
2325 1799 2647 1855 quamquam
2703 1798 2733 1836 a
2772 1783 2984 1839 Christo
3030 1798 3139 1838 non
3177 1784 3292 1840 sine
3344 1785 3548 1855 Spiritu

1949 1880 2131 1928 sancto
2185 1889 2215 1928 ο
2269 1873 2633 1943 superioribus
2662 1871 2830 1926 misso
2885 1873 2995 1940 jam
3055 1873 3334 1927 formatam
3365 1891 3381 1943 ;
3412 1873 3543 1944 quia

1946 1969 2121 2015 tamen
2158 1962 2225 2015 ad
2274 1962 2458 2015 lumen
2492 1960 2624 2014 illud
2683 1959 3002 2015 Pleromatis
3031 1976 3139 2014 non
3170 1960 3344 2031 potuit
3371 1962 3542 2016 attin-

1950 2064 2099 2123 gere,
2132 2049 2199 2103 ab
2268 2050 2413 2104 Horo
2457 2048 2792 2104 custodiente
2861 2059 3157 2106 extremam
3196 2049 3315 2118 ejus
3354 2050 3548 2105 lineam

1947 2138 2189 2207 exclusa,
2252 2136 2503 2194 afﬂictam
2558 2153 2809 2205 moerorc,
2862 2146 3027 2203 metu,
3087 2139 3544 2205 consternatione,

1950 2227 2281 2301 ignorantia.

2018 2316 2140 2371 XV.
2191 2316 2372 2387 Atque
2420 2331 2485 2371 ex
2520 2316 2600 2371 his
2654 2315 2921 2388 originem
2980 2315 3205 2370 traxisse
3251 2316 3548 2382 materiam,

1944 2420 2100 2477 quam
2140 2404 2499 2478 Pythagorici,
2545 2412 2597 2461 et
2633 2403 2797 2461 Stoici
2845 2412 2897 2459 et
2944 2405 3095 2460 Plato
3135 2404 3252 2477 ipse
3307 2405 3546 2461 innatam

1870 2465 1914 2542 Β
1946 2465 2154 2559 Volunt,
2183 2465 2241 2548 et
2271 2465 2542 2549 eluementa
2584 2493 2721 2565 ipsa.

2015 2584 2162 2638 XVI.
2193 2582 2512 2639 Conversam
2552 2583 2677 2638 inde
2708 2583 2775 2638 ad
2809 2597 3013 2652 preces,
3046 2598 3167 2639 cum
3213 2583 3279 2638 ad
3310 2598 3369 2639 se
3415 2581 3547 2638 mis-

1950 2687 2043 2726 sus
2071 2680 2215 2726 esset
2272 2672 2574 2727 Paracletus
2619 2672 2774 2725 Soter
2807 2672 2983 2738 Iesus,
3018 2686 3133 2726 eam
3194 2670 3371 2726 denuo
3408 2686 3544 2726 con-

1950 2759 2233 2825 ﬁrmatam,
2294 2769 2351 2815 et
2399 2761 2466 2814 ab
2527 2759 2781 2815 omnibus
2824 2757 3041 2828 injuriis
3079 2758 3346 2830 passionis
3373 2774 3547 2828 expu-

1948 2849 2216 2913 micatam,
2248 2864 2314 2903 ex
2362 2847 2717 2904 conversione
2745 2847 2835 2902 illa
2884 2848 3141 2903 animales
3185 2846 3549 2918 corpulentias

1949 2938 2289 3008 produxisse.

2018 3029 2187 3084 XVII.
2228 3029 2342 3083 Pra:
2370 3026 2569 3100 gaudio
2599 3027 2795 3084 abhinc
2834 3043 2900 3082 ex
2962 3026 3414 3099 contemplatione
3460 3024 3551 3081 illa

1950 3116 2152 3173 Soteris
2180 3128 2233 3174 et
2255 3115 2623 3189 angelicorum
2666 3115 2759 3188 qui
2813 3131 2919 3170 una
2959 3124 3217 3170 venerant
3243 3114 3506 3170 luminum
3532 3153 3548 3183 ,

1949 3213 2214 3286 Spiritales
2261 3211 2601 3285 produxisse,
2655 3221 2707 3267 et
2743 3211 2823 3267 sic
2869 3210 3059 3266 factam
3109 3211 3401 3267 trinitatem
3430 3226 3535 3281 ge-

1948 3317 2159 3357 nerum.

2019 3390 2216 3447 XVIII.
2246 3389 2323 3443 Ex
2362 3385 2579 3443 animali
2634 3396 2814 3441 autem
2871 3385 3166 3442 substantia
3216 3384 3537 3455 productum

1947 3480 2142 3536 deinde
2190 3477 2560 3549 Demiurgum,
2614 3476 2785 3531 Deum
2859 3475 3005 3532 hunc
3058 3485 3298 3530 nostrum
3356 3489 3546 3548 regem

1948 3566 2345 3625 universorum.

2018 3657 2173 3713 XIX.
2206 3656 2540 3727 Quamquam
2568 3654 2670 3708 hac
2708 3652 2773 3707 de
2829 3652 2966 3707 inter
3024 3665 3122 3707 eos
3176 3667 3285 3709 non
3334 3669 3540 3711 conve-

1869 3745 1912 3824 ο
1946 3746 2079 3803 niat.

2014 3836 2143 3891 XX.
2177 3835 2343 3893 Porro
2372 3848 2403 3888 a
2436 3831 2746 3904 Demiurgo,
2799 3837 2948 3887 extra
2988 3828 3311 3885 Pleromatis
3342 3830 3544 3887 limites

1943 3924 2253 3991 constituto,
2286 3924 2427 3979 hunc
2455 3922 2717 3977 mundum
2758 3918 3034 3976 conditum
3090 3935 3155 3973 ex
3213 3918 3541 3976 animalibus

1945 4023 1997 4069 et
2024 4014 2387 4068 materialibus
2423 4009 2755 4074 substantiis,
2803 4025 2867 4063 ex
2912 4008 3347 4077 incorporalibus
3402 4025 3535 4065 vero

1944 4097 2343 4168 septemplicem
2374 4099 2633 4153 caelorum
2662 4110 2898 4152 scenam.

2012 4187 2166 4242 XXI.
2200 4186 2404 4255 Quibus
2442 4186 2709 4241 interdum
2749 4184 3022 4239 interserit
3067 4183 3213 4238 varia
3240 4178 3541 4239 Achamoth

1941 4276 2052 4333 sive
2069 4275 2286 4343 SOphiae
2315 4275 2574 4330 secundae
2612 4272 2851 4328 nomina.

2014 4365 2191 4420 XXII.
2223 4362 2363 4433 Quid
2392 4363 2420 4416 ?
2455 4362 2633 4434 quode
2690 4368 2745 4414 et
2798 4358 3068 4415 diabolum
3098 4372 3237 4426 Opus
3264 4359 3540 4434 Demiurgi

1944 4454 2160 4522 faciant,
2193 4451 2651 4509 Munditenentem
2682 4447 3032 4519 appellantes.

2013 4543 2215 4599 XXIII.
2247 4542 2374 4598 Inde
2411 4539 2746 4612 singularum
2796 4543 3109 4607 potestatum
3157 4534 3316 4591 situm
3374 4537 3542 4595 inter-

1939 4649 2144 4699 serens,
2169 4633 2333 4688 etiam
2360 4631 2543 4705 ignem
2572 4630 2656 4683 his
2680 4625 2933 4684 omnibus
2971 4624 3287 4695 corporibus
3326 4636 3380 4681 et
3429 4628 3540 4682 ele-

1938 4722 2135 4779 mentis
2163 4722 2542 4777 inﬂabellatum
2564 4718 2733 4774 addit.

2010 4810 2191 4867 XXIV
2222 4809 2577 4882 Demiurgum
2607 4817 2729 4877 post
2759 4806 2874 4861 haec
2911 4806 2975 4860 ad
3025 4801 3301 4860 hominem
3351 4818 3542 4860 manus

304 4891 375 4947 Χ.
443 4892 583 4947 Tota
628 4893 839 4950 interim
890 4896 1283 4968 pr0pinquitate
1340 4900 1672 4971 supplicante
1725 4901 1827 4959 So-
1864 4913 1908 4990 D
1940 4898 2250 4964 contulisse,
2284 4907 2338 4954 et
2374 4914 2588 4954 carnem
2634 4896 2685 4952 ei
2729 4909 2960 4959 creasse,
3017 4907 3126 4946 non
3174 4891 3303 4949 limo
3359 4906 3537 4965 terrae,

237 4978 413 5046 phiam
465 4982 687 5054 eonjugi
731 4998 829 5039 suo
882 4985 1065 5040 Teleto
1113 4986 1430 5056 restitutam,
1477 4990 1828 5061 Enthymesin

237 5082 357 5122 vero
384 5076 539 5125 extra
570 5070 808 5127 Pleroma
833 5074 1142 5146 relegatam.

304 5158 398 5211 XI.
449 5158 529 5212 Ne
592 5175 695 5229 qua
750 5159 912 5232 igitur
960 5162 1270 5232 hujusmodi
1318 5181 1505 5222 rursus
1551 5167 1835 5223 concussio

237 5247 584 5320 contingeret,
616 5250 733 5303 Nun
781 5250 935 5306 illum
981 5268 1174 5308 novam
1219 5253 1453 5310 edidisse
1507 5256 1827 5327 capulatio-

236 5348 374 5399 nem,
410 5336 682 5392 Christum
715 5350 764 5394 et
794 5340 1055 5411 Spiritum
1088 5350 1351 5398 sanctum.

302 5424 425 5479 XII.
449 5425 656 5482 Deinde
702 5443 766 5482 ex
799 5430 1049 5485 omnibus
1080 5431 1241 5486 simul
1277 5432 1540 5489 onnibus
1568 5449 1825 5506 compac-

235 5517 344 5567 tum
411 5530 534 5571 esse
584 5516 885 5587 perfectum
948 5519 1266 5577 Pleromatis
1314 5519 1543 5578 fructum
1615 5525 1821 5594 Jesum,

1939 4990 2033 5044 sed
2067 4988 2287 5043 materia
2318 4987 2414 5045 illa
2445 4990 2834 5059 phi1030phica.

2008 5078 2187 5133 XXV.
2224 5077 2323 5133 Cui
2350 5094 2473 5134 cum
2502 5080 2732 5135 animam
2764 5080 3086 5153 Demiurgus
3114 5097 3237 5138 mox
3267 5084 3334 5138 de
3361 5083 3547 5137 afflatu

1941 5181 2041 5222 suo
2070 5167 2506 5237 communicaret,
2547 5168 2709 5223 etiam
2768 5166 2837 5221 ad
2896 5171 3192 5225 Achamoth
3250 5171 3454 5241 pariter
3491 5170 3544 5223 in

1938 5247 2109 5311 illium
2156 5256 2456 5313 derivatum
2516 5273 2698 5313 semen
2757 5257 3021 5329 spiritale,
3075 5259 3220 5330 quod
3274 5274 3542 5330 nuncupa-

1935 5346 2061 5400 bant
2114 5346 2429 5403 Ecclesiam.

2007 5434 2205 5489 XXVI.
2240 5436 2375 5491 Hinc
2406 5436 2504 5490 tria
2552 5437 2830 5491 hominum
2859 5453 3062 5510 genera
3090 5434 3388 5499 describit,
3429 5434 3543 5491 sive

1932 5521 2216 5578 trinitatem
2247 5524 2501 5590 hominis,
2532 5531 2583 5582 et
2611 5542 2776 5599 quem
2823 5525 3026 5582 exitum
3057 5522 3373 5580 sortiantur.
