3992 6174
444 292 449 295 δ
490 269 594 331 575

1162 267 1598 331 TERTULLIANI
1635 271 1897 334 OPERUM
1933 272 2100 334 PARS
2137 274 2200 334 ΙΙ.
2243 305 2313 318 -
2347 273 2571 335 SERIES
2611 275 2653 345 Ι,
2699 273 3048 335 POLEMICA.

3665 273 3779 336 576

492 400 551 449 ut
614 390 929 488 Opinionem
1001 391 1300 488 suspendio
1371 393 1702 465 cognitionis
1766 395 2031 452 aediﬁcent
2064 411 2079 450 :
2111 409 2158 488 Α
2191 396 2337 469 quod
2366 396 2516 452 tarde
2545 395 2838 454 invenitur.
2878 397 3143 453 Cmterum
3174 400 3282 452 tota
3319 394 3374 449 in
3403 392 3575 452 54$
3602 395 3782 467 adytis

488 491 648 554 atque
701 480 773 535 ita
835 488 1037 535 tantam
1084 480 1422 549 majestatem
1467 482 1627 540 541
1694 484 1948 541 exhibere
2002 484 2087 541 vi-

491 571 737 640 deantur,
799 576 1049 640 quantam
1078 577 1507 640 prastruxerunt
1551 571 1912 643 cupiditatem.
1970 573 2073 629 Se—

488 659 669 730 quitur
729 658 841 728 jam
898 657 1094 713 silentii
1157 657 1395 716 ofﬁcium
1452 677 1465 713 :
1526 668 1725 716 attente
1779 662 2077 717 custoditur

2193 484 2465 556 divinitas,
2498 492 2577 540 tot
2614 484 2662 523 13
2708 483 2906 556 siparis
2937 486 2983 523 ι’·
3027 492 3303 556 portarum
3349 483 3397 522 15
3450 482 3550 554 (9),
3611 492 3780 541 totum

2182 573 2525 644 signaculum
2560 572 2800 645 linguae,
2851 572 3199 627 simulacrum
3247 571 3476 627 membri
3518 571 3689 627 virilis
3736 573 3781 613 ιθ

2184 662 2448 718 revelatur
2503 662 2653 733 (10).
2710 659 2815 716 Sed
2880 668 3082 716 naturai
3137 658 3513 717 venerandum
3578 674 3779 716 nomen

1846 760 2033 823 Variae
2062 761 2368 823 lectiones.

567 835 614 874 ³³
642 834 783 907 Tota
812 836 929 907 Rig.
961 834 1179 893 Lobeck.
1214 836 1260 874 1"
1291 836 1533 907 Suspiria
1562 837 1733 895 Rhea.
1767 839 1934 897 Seml.
1970 840 2189 897 Oberth.
2218 838 2440 895 L0beek.
2472 838 2657 895 Paris.
2691 840 2876 895 Latin.
2907 838 3041 893 Jun.
3073 839 3264 894 Petav.
3298 834 3563 906 Suspicia,
3611 835 3675 891 id
3705 842 3789 894 est

491 906 949 982 Qamp{a<.__Cro[us
971 908 1041 982 in
1060 909 1192 982 Jun.
1226 908 1280 982 ‘_5_
1302 906 1627 982 Epdptarum
1660 910 1781 982 Rig.
1813 914 1945 967 Par.
1978 912 2201 968 Lobeck.
2268 912 2545 965 Portarum
2594 910 2848 982 legerunt
2877 908 3054 982 Rhen.
3082 910 3220 965 Jun.
3262 908 3515 967 Welchel.
3564 909 3785 965 Pamet.

497 977 664 1038 Seml.
702 977 921 1036 Oberth.
958 979 1202 1049 Seguier.
1236 979 1282 1018 ιδ
1309 977 1531 1036 Membri
1562 977 1746 1036 viralis
1771 983 1938 1053 μορίου
1974 1001 2089 1054 γυνα

2201 1001 2262 1036 ευ.
2286 983 2418 1039 Jun.
2450 977 2675 1037 membri
2702 981 2943 1037 mulieris
2971 982 3221 1053 Seguier.

1881 1080 2377 1146 Commentarius.

499 1156 860 1232 paucioribus
898 1157 1059 1232 annis
1124 1159 1584 1232 perseveraverit
1628 1161 1944 1232 praeparatio
2018 1162 2083 1215 ad

496 1227 649 1303 sacra
684 1227 970 1303 Eleusinia
995 1227 1355 1303 suscipienda.
1387 1231 1510 1303 Non
1556 1227 1777 1286 defuere
1820 1233 1913 1303 qui
1954 1243 2085 1286 sen-

497 1300 719 1356 tentiam
758 1300 1060 1372 Tertulliani
1100 1300 1527 1372 quinquennium
1571 1300 1872 1359 institutum
1921 1303 2086 1359 fuisse

496 1373 855 1426 asseverantis
908 1371 1187 1441 praefraCte
1244 1371 1659 1443 impugnarent,
1733 1376 1874 1429 inter
1946 1391 2086 1443 quos

497 1444 565 1516 I_).
596 1443 849 1496 Petavius
886 1454 937 1495 et
958 1443 1334 1516 recentissime
1365 1444 1578 1516 Lobeclt
1607 1444 1659 1498 in
1689 1444 2080 1516 AglaOphamo.

496 1512 741 1579 Quorum
804 1513 1086 1584 przecipua
1159 1524 1428 1569 momenta
1508 1515 1694 1569 saltem
1740 1512 1941 1571 vobiter
1997 1516 2083 1571 hic

496 1585 761 1656 attingere
822 1584 988 1638 lubet.
1044 1591 1099 1638 1°
1151 1585 1512 1656 Opponuntur
1577 1586 1735 1639 verba
1801 1586 2079 1652 Herodoti,

499 1655 593 1709 lib.
632 1670 753 1725 vm,
785 1671 834 1709 c.
865 1656 952 1722 45,
1002 1656 1093 1725 qui
1125 1664 1175 1708 et
1209 1658 1325 1725 ipse
1376 1658 1605 1710 Diczeum
1647 1657 1931 1725 quemdam
1994 1657 2076 1710 in-

496 1726 646 1780 ducit
672 1742 790 1779 cum
826 1727 1106 1780 Demarato
1136 1742 1287 1795 rege,
1320 1726 1387 1779 de
1439 1740 1717 1779 sacrorum
1764 1726 2072 1781 Eleusinio-

499 1813 619 1850 rum
648 1796 1436 1866 celebrationedisputantem,
1481 1805 1535 1849 et
1582 1797 1696 1851 haec
1749 1795 1887 1851 inter
1933 1799 2083 1866 plura

497 1867 759 1939 dicentem
807 1882 819 1919 :
860 1865 965 1939 Tifiv
1022 1864 1186 1939 ἒᾳρτὴγ
1232 1868 1407 1921 ταύτην
1465 1867 1637 1939 ἄγουσι
1699 1864 1944 1922 Ἀθηναῖοί
1990 1869 2082 1921 ἀνὰ

500 1938 657 1990 πάντα
684 1935 797 1988 ἔτεα
824 1942 884 2008 τῇ
913 1937 1085 2030 Μητᾷ
1106 1937 1186 1989 καὶ
1215 1944 1276 2011 τῇ
1304 1940 1434 2010 Κόρῃ
1467 1935 1546 1991 xui
1561 1938 1769 2030 [ξιῦτέων
1806 1959 1859 1992 τε
1898 1940 2082 2011 βουλό-

503 2027 554 2030 η-
599 2028 638 2030 --
683 2012 775 2030 -9υη
821 2008 919 2030 Ξκκγ
953 2027 974 2030 _.
1070 2010 1204 2030 .‘\’s
1410 2013 1443 2030 -ῑ
1613 2010 1694 2030 .-2)
1737 2025 1857 2030 __-,_
1945 2012 2080 2030 Hd-)

499 2012 777 2090 μεηοςῃτῶν
816 2008 976 2059 ἄλλων
1001 2078 1014 2090 ‘
1030 2008 1278 2090 Ἑλλήνωῆ
1319 2008 1527 2090 pus-Troa.
1549 2009 1699 2090 Quid
1725 2008 1915 2090 verm.
1938 2012 2084 2090 quod

498 2078 837 2152 manifestum
897 2094 963 2132 eo
1001 2078 1099 2134 loci
1130 2078 1361 2135 occurrit
1410 2081 1654 2152 sphalma
1670 2080 1706 2152 ?_
1723 2080 1781 2138 Si
1829 2078 1972 2135 enim
2003 2082 2085 2136 di-

498 2164 619 2223 _cer_e
648 2148 902 2204 voluisset
932 2152 1235 2223 Herodotus
1262 2168 1411 2223 sacra
1438 2148 1741 2223 'quotannis
1779 2153 1890 2223 agi,
1924 2168 2083 2209 reve-

499 2220 721 2291 larique,
755 2236 885 2275 sane
930 2221 1235 2291 scripsisset
1264 2241 1276 2276 :
1313 2222 1405 2276 ἀνὰ
1432 2220 1527 2276 πᾶν
1560 2223 1688 2284 ἔτος.
1721 2255 1793 2263 -
1816 2220 1903 2278 Fit
1951 2239 2081 2292 ergo

501 2307 595 2359 per
628 2307 699 2367 _se
737 2299 945 2367 certum
989 2292 1154 2367 loco,
1200 2295 1374 2359 πάντα,
1414 2295 1867 2367 legendum__esse
1924 2295 2080 2363 πέντε,

498 2361 643 2487 qufqd
679 2362 874 2416 mirum
924 2364 979 2416 in
1021 2361 1235 2420 modum
1285 2361 1751 2436 nostri'Septimii
1806 2361 2083 2420 sententias

498 2450 561 2487 su
611 2445 846 2487 ranatur.

498 2445 846 2505 suttragatur.

574 2508 635 2559 2°
662 2503 732 2559 At
776 2515 960 2573 aperte
1003 2503 1196 2559 asserit
1241 2503 1489 2560 Socrates
1519 2505 1742 2560 revelari
1800 2506 2085 2574 quotannis

503 2574 761 2647 mysteria
789 2593 800 2629 :
834 2574 913 2627 καὶ
968 2577 1056 2647 τόιᾼ
1081 2575 1318 2647 μυσττῖρια
1358 2575 1431 2628 ἔτι
1486 2578 1566 2629 καὶ
1634 2583 1711 2628 νῦν
1749 2578 1851 2629 καθ’
1886 2577 2086 2630 ἕκαστον

502 2641 720 2700 ἔνῖαυτὸν
739 2641 1010 2718 δείκνυμεν.
1025 2641 1167 2714 Quid
1198 2641 1324 2702 vero
1344 2647 1450 2700 sibi
1471 2649 1582 2702 vult
1605 2649 1723 2718 haec
1751 2664 1853 2702 vox
1875 2648 2081 2713 ultima,

501 2734 569 2772 an
599 2718 771 2788 reipsa
813 2717 1009 2789 magna
1064 2718 1315 2788 mysteria
1357 2717 1646 2788 quotannis
1693 2719 1983 2783 redeunda,
2016 2736 2084 2774 an

503 2804 669 2861 parva
696 2790 973 2855 duntaxat,
996 2806 1063 2844 an
1084 2797 1286 2843 tantum
1321 2789 1495 2844 danda
1522 2789 1820 2861 quotannis
1840 2790 2086 2844 candida-

503 2862 572 2914 tis
599 2860 940 2929 documenta,
971 2877 1039 2913 an
1079 2863 1292 2915 demum
1318 2860 1599 2914 revelanua
1648 2861 1787 2914 inter
1825 2861 2090 2917 Thesmo-

500 2930 718 3000 phorias
754 2931 934 2985 Cereri
965 2947 1145 2987 sacras
1172 2929 1235 2983 τὰ
1263 2929 1549 3001 exesam?
1575 2932 1732 2987 Certe
1782 2931 1913 2985 nihil
1964 2931 2087 2987 inde

496 3011 723 3057 certum.

571 3075 633 3128 3°
658 3072 771 3128 Nec
785 3071 941 3127 etiam
971 3072 1300 3128 Tertulliano
1329 3080 1515 3128 nostro
1544 3072 1739 3129 rectius
1768 3073 2089 3143 opponenda

501 3151 628 3198 sunt
655 3144 903 3215 quaedam
941 3146 1041 3200 aevi
1073 3144 1385 3215 posterioris
1414 3145 1661 3215 exempla
1690 3143 1890 3215 quibus
1918 3159 2085 3200 cons-

503 3221 582 3287 tat
626 3214 931 3287 aliquando
957 3226 1190 3287 spretam
1229 3214 1400 3287 fuisse,
1439 3214 1708 3287 antiquam
1738 3215 2089 3287 quinquennii

503 3232 582 3269 tat
626 3232 915 3286 aliquando
957 3232 983 3269 s
1025 3232 1190 3270 retam
1229 3232 1394 3271 tuisse
1439 3232 1708 3287 antiquam
1738 3232 2088 3287 quinquennii

499 3285 673 3357 legem
706 3303 719 3338 ε
753 3286 898 3357 quod
920 3232 1206 3342 infeliciter
1254 3286 1517 3342 accidisse
1554 3286 1771 3357 scimus,
1801 3286 1926 3339 dum
1974 3288 2088 3341 De-

501 3356 726 3413 metrius
746 3357 1071 3414 Poliorcetes
1090 3357 1283 3413 urbem
1301 3359 1630 3414 Athenarum
1653 3356 1939 3420 obsideret,
1962 3358 2089 3411 dum

502 3428 839 3499 tyrannidem
864 3430 917 3482 in
946 3445 1061 3483 eam
1091 3428 1401 3484 affectarent
1434 3428 1710 3499 Philippus
1750 3426 2092 3483 Macedonius

502 3515 617 3573 rex,
646 3500 819 3573 Persei
851 3507 1004 3571 pater
1053 3521 1066 3569 ;
1102 3500 1267 3573 Sylla,
1290 3500 1423 3555 urbe
1454 3507 1754 3573 expugnata
1777 3500 2093 3573 ;_Autonius

503 3570 781 3637 triumvir,
799 3569 1182 3642 Augustusque
1202 3572 1267 3625 de
1290 3578 1401 3626 tcto
1419 3571 1548 3626 orbe
1568 3569 1687 3639 post
1706 3569 1984 3642 Actiacam
2000 3587 2095 3641 pu-

502 3656 663 3723 gnam
684 3639 1125 3723 triumphaturus.
1142 3642 1263 3710 Quo
1283 3642 1436 3723 plura
1451 3642 1705 3723 darentur
1727 3639 1862 3723 legis
1883 3639 2094 3723 violatas

501 3711 944 3781 testimonia,_co
990 3714 1185 3767 clarior
1213 3711 1441 3767 eniteret
1479 3712 1649 3781 ipsius
1696 3711 1983 3768 auctoritas
2034 3728 2096 3768 ac

502 3781 887 3853 indeclinanda
920 3783 1127 3837 notitia.
1169 3781 1252 3836 Cf.
1288 3783 1489 3838 0ftried
1524 3781 1750 3837 Muller:
1791 3783 2093 3853 Gottingis-

503 3851 886 3976 cheiigegeiléte
930 3855 1225 3924 Anzeigen.
1264 3854 1417 3907 Janv.
1472 3856 1646 3923 1830;
1678 3854 1924 3925 Seguier.
1960 3851 1994 3908 ιζ
2026 3855 2091 3920 II,

504 3939 558 3976 ι).
704 3952 728 3963 ο
846 3963 858 3975 .

504 3939 1063 4047 Ρ.ἰ⁰1Χ’ἷ)ἶῡὶιοΙ)ο(ἰΙί
1112 3992 1338 4062 objectis
1370 3992 1477 4048 alia
1527 3993 1779 4062 perplura
1826 3993 2096 4049 obsistunt

505 4062 812 4136 testimonia
841 4078 938 4136 pro
962 4064 1357 4136 quinquennio;
1401 4062 1679 4119 afferenda
1710 4063 1887 4119 forent
1932 4067 2098 4119 verba

506 4134 687 4207 magni
716 4134 1069 4206 Etymologici
1098 4134 1170 4190 ad
1215 4136 1541 4192 vocabulum
1565 4136 1820 4206 ὶεροποιοῐ,
1862 4135 2098 4207 Pollucis

506 4202 750 4260 Ιώῗνιιι.
782 4202 828 4262 ὸ.
869 4202 1007 4273 107“;
1035 4208 1421 4276 Theophrastaa
1451 4207 1502 4260 in
1534 4210 1592 4260 3°
1615 4202 1902 4263 'Caractere
1946 4202 2097 4261 Ἀδο-

503 4276 731 4349 λισχὶσιςς
763 4278 999 4349 Thoona?
1024 4277 1371 4349 Smyrnensis
1397 4288 1448 4333 et
1477 4277 1820 4349 Artemidori,
1852 4279 1918 4332 de
1966 4279 2095 4346 qui-

504 4294 731 4349 Λισχισιςς
765 4294 792 4331 νι
812 4294 999 4334 neonae
1026 4294 1371 4403 amBrnensis
1397 4294 1448 4333 et
1477 4294 1820 4342 arteminort,
1852 4294 1918 4332 de
1966 4296 2092 4346 qm-

504 4348 817 4473 létgsbsupra,
849 4360 902 4405 et
930 4347 1100 4405 fusius
1174 4348 1449 4421 .Seguier,
1483 4363 1573 4418 op.
1621 4348 1712 4403 cit.
1748 4366 1799 4419 p.
1836 4351 2092 4404 115-120.

559 4433 653 4472 DD.

579 4489 658 4559 (9)
696 4490 1019 4570 Totsiparia
1047 4493 1365 4570 portarum.
1396 4488 1733 4570 Quamquam
1754 4489 2097 4570 consentiunt

509 4559 983 4633 exemplaria'quaa
1015 4559 1250 4633 vidimus
1289 4561 1488 4629 omnia,
1522 4559 1697 4615 tamen
1746 4560 1864 4615 ausi
1910 4575 2097 4633 sumus

509 4645 607 4704 pro
639 4630 895 4704 suspiria
924 4630 1163 4704 scribere
1193 4633 1411 4704 sipario
1446 4652 1467 4704 ξε
1500 4641 1624 4704 sunt
1652 4639 1829 4686 autem
1858 4632 2095 4702 siparia,

512 4702 638 4758 vela
667 4702 866 4773 quibus
896 4703 1185 4759 utebantur
1224 4702 1275 4756 iu
1310 4702 1489 4759 scenis
1519 4703 1814 4758 fabularum
1864 4710 2097 4767 actores,

507 4783 725 4829 auctore
758 4774 935 4830 Festo.
969 4776 1046 4829 De
1077 4775 1177 4830 hac
1226 4790 1354 4830 voce
1388 4775 1545 4845 plura
1590 4774 1761 4829 dicam
1801 4774 1938 4827 intra
1982 4788 2103 4841 cap.

512 4847 598 4908 13,
633 4845 807 4900 locum
854 4845 1003 4900 illum
1033 4846 1443 4915 explicaturus:
1483 4863 1506 4895 ι
1562 4845 1678 4899 Alia
1726 4853 1905 4899 autem
1955 4854 2101 4915 trans

508 4914 764 4983 siparium
793 4914 1128 4971 cothurnatio
1153 4926 1249 4972 est.
1281 4935 1304 4965 (ι
1330 4917 1596 4971 Caeterum
1630 4916 1931 4971 sacerdotes
1956 4914 2103 4969 Eleu-

510 4985 641 5039 sinae
670 4986 884 5040 Cereris
923 4994 1103 5055 portas
1135 4986 1279 5057 adyti
1305 4986 1693 5057 multiplicibus
1724 4987 1859 5041 velis
1887 4987 2102 5056 obtege-

512 5057 657 5180 gant.
712 5058 789 5110 De
820 5060 917 5111 hac
965 5058 1281 5126 sipariorum
1326 5058 1655 5129 oppansionc
1704 5057 1791 5113 hic
1840 5058 2097 5128 loquitur.

563 5140 701 5180 BEN.

563 5140 701 5181 BEN.

583 5197 699 5268 (10)
736 5198 1187 5255 Simulacrum...
1222 5201 1521 5256 revelatur.
1555 5232 1620 5242 —
1652 5202 1707 5255 Id
1746 5216 1956 5268 semper
2003 5200 2102 5254 fuit

510 5268 825 5342 Apologetis
872 5270 1187 5326 Christianis
1233 5281 1430 5339 ratum,
1482 5272 1807 5342 omninoque
1850 5287 2100 5339 comper-

512 5350 646 5403 tum,
706 5353 943 5397 secretos
1019 5343 1391 5412 mysteriorum
1468 5353 1639 5398 cretus
1702 5342 1974 5397 helluandi
2050 5351 2102 5397 et

515 5412 785 5468 scortandi
814 5428 1007 5469 caussa
1036 5423 1152 5487 tu_m_
1183 5416 1251 5468 ab
1284 5413 1433 5487 initio
1462 5424 1841 5487 congregatos,
1896 5425 2001 5468 tum
2048 5414 2100 5466 in

514 5494 782 5555 posterum
816 5492 1053 5540 retentos
1080 5484 1265 5539 fuisse.
1297 5485 1445 5541 Miris
1476 5494 1654 5541 tamen
1676 5484 1862 5540 modis
1909 5491 2101 5539 neote-

511 5557 606 5614 rici
657 5562 923 5631 quotquot
971 5570 1250 5615 sacrorum
1292 5556 1679 5614 Eleusiniorum
1733 5556 2104 5627 exploratores

2112 1709 2155 1785 Β
2187 1709 2320 1781 sect.
2353 1727 2402 1789 4,

2195 1158 2762 1232 curiosissimisuum
2817 1157 3086 1232 ingenium
3138 1172 3360 1232 vexare,
3413 1157 3623 1213 trahere
3652 1197 3667 1222 ,
3723 1174 3790 1214 ac

2193 1231 2420 1304 fatigare
2470 1231 2797 1304 maluerunt,
2848 1228 2912 1304 ιιῖΔ
2963 1228 3146 1284 abdita
3175 1229 3453 1304 quaedam
3512 1244 3785 1304 summae,

2194 1299 2696 1370 hon‘estissimaeque
2744 1301 3003 1357 doctrinas
3052 1299 3258 1354 semina
3308 1301 3361 1354 in
3397 1299 3475 1354 eis
3506 1299 3789 1369 mysteriis

2194 1374 2517 1445 relegerent.
2551 1374 2648 1445 Hic
2690 1373 2889 1445 ibidem
2941 1371 3101 1445 celari
3150 1373 3267 1445 vult
3292 1370 3423 1424 artis
3470 1371 3789 1426 hermeticae

2231 1442 2463 1513 rzecepta
2509 1443 2734 1497 Michael
2785 1444 2966 1512 Mater,
3020 1442 3257 1513 Symbol.
3308 1458 3501 1513 aurea:
3548 1459 3787 1500 memw.

2231 1462 2463 1513 rtecepta
2509 1462 2734 1497 Μιωιιᾶρι
2785 1462 2966 1512 ωθιρτ,
3020 1462 3257 1513 bymom.
3308 1462 3501 1497 aurea:
3548 1462 3780 1500 mensa}.

2194 1462 2297 1567 in).
2324 1529 2405 1578 ιιι,
2434 1532 2487 1581 p.
2526 1517 2648 1582 105,
2681 1522 2733 1568 et
2772 1514 2827 1567 in
2880 1513 3267 1583 hieroglyphic.
3305 1512 3395 1566 lib.
3439 1528 3588 1581 1v,p.
3649 1516 3780 1580 183,

2261 1585 2404 1639 Deos
2451 1585 2517 1637 ab
2577 1584 2726 1639 initio
2788 1584 2952 1639 fuisse
3012 1586 3253 1638 homines
3306 1591 3485 1652 aperte
3542 1583 3789 1654 EpOptas

2189 1655 2440 1710 didicisse
2468 1656 2743 1710 contendit
2770 1656 3124 1718 Warburton,
3158 1655 3225 1709 de
3252 1654 3360 1709 div.
3387 1656 3571 1725 Legat.
3615 1655 3786 1725 Moys.

2450 1742 2503 1795 p.
2556 1730 2676 1789 210,
2727 1734 2780 1780 et
2809 1735 2930 1795 post
2967 1741 3088 1780 eum
3120 1726 3402 1797 Villoison,
3434 1726 3499 1779 de
3552 1726 3790 1797 Τήριἰεί

2198 1796 2499 1867 Theologia,
2545 1813 2603 1868 p.
2645 1800 2749 1868 48;
2798 1798 3044 1863 Meiners,
3108 1795 3416 1868 Vermisclte
3463 1795 3788 1868 Schriften,

2190 1877 2229 1922 t.
2262 1868 2351 1933 III,
2388 1866 2440 1939 p.
2474 1866 2609 1939 299;
2641 1866 3002 1939 Barthélemy,
3045 1867 3257 1923 Anach.
3290 1876 3328 1921 t.
3366 1866 3426 1937 V,
3459 1884 3512 1938 p.
3562 1867 3790 1939 65.,Ab-

2190 1938 2399 1993 strusas
2440 1938 2647 1994 tantum
2695 1939 2862 1994 celari
2910 1939 3182 1995 doctrinas
3224 1938 3603 2008 Pythagoreas,
3652 1938 3787 1992 Pla-

2192 2010 2541 2080 tonicasque,
2609 2012 2802 2066 asserit
2857 2011 3101 2080 Plessing
3156 2011 3218 2065 in
3268 2009 3572 2065 Memnonis
3619 2016 3661 2063 t.
3706 2010 3779 2072 II,

2190 2097 2247 2204 Ρ.
2290 2083 2390 2161 91..
2440 2080 2601 2163 Nihil
2649 2081 2752 2137 nisi
2798 2082 3000 2163 diluvia
3027 2080 3318 2161 quaedam,
3359 2082 3539 2161 cvclos
3575 2086 3632 2133 et
3688 2095 3785 2133 ca-

2210 2152 2448 2204 endarta.
2484 2169 2535 2204 in
2569 2168 2633 2204 ns
2660 2153 3003 2204 dogmatibus
3023 2168 3221 2204 inesse.
3246 2158 3307 2204 ut
3335 2162 3386 2204 et
3412 2168 3466 2204 1n
3491 2158 3599 2204 tota
3632 2158 3785 2204 retro

2210 2152 2449 2225 endaria,
2484 2154 2535 2206 in
2569 2151 3307 2225 iisdogmatibusin‘esse,_ut
3335 2162 3386 2207 et
3412 2151 3466 2205 in
3491 2158 3599 2225 tota
3632 2158 3785 2205 retro

2190 2222 2508 2303 antiquitate
2550 2222 2654 2303 sibi
2687 2221 2808 2303 uni
2849 2230 3084 2303 tantum.
3097 2223 3339 2303 revelata
3396 2221 3575 2302 putida
3623 2236 3784 2277 arro-

2191 2292 2372 2366 gantia
2401 2294 2569 2366 jactat
2594 2294 2939 2366 ,Aplaudente
2988 2294 3225 2366 Voltario
3268 2304 3370 2346 tam
3427 2292 3639 2366 exiguae
3678 2309 3785 2348 ve-

2192 2363 2360 2417 terum
2427 2363 2831 2436 disciplinarum
2891 2366 3114 2436 peritiae,
3175 2365 3371 2435 impius
3412 2363 3785 2436 Bonlanger,

2190 2436 2483 2507 Antiquite
2512 2435 2787 2507 dévoilée,
2808 2434 2901 2499 lib.
2934 2452 3016 2501 ιιι,
3051 2452 3099 2491 c.
3133 2434 3491 2507 5.7Audacior
3520 2434 3784 2507 vero'seu

2192 2505 2450 2570 insanior,
2487 2507 2654 2561 tribus
2685 2506 2941 2576 anticyris
2968 2506 3260 2561 insanabile
3308 2514 3487 2575 caput,
3541 2506 3785 2574 Dupuis,

2191 2576 2281 2647 cui
2306 2584 2637 2647 compertum
2678 2575 2962 2632 videbatur
2991 2578 3041 2631 in
3096 2577 3284 2647 priscis
3332 2575 3597 2647 mysteriis
3646 2593 3792 2646 gen-

2194 2646 2329 2702 tium
2359 2646 2551 2720 altiora
2595 2649 2845 2720 longeet
2896 2646 3112 2718 puriora
3156 2646 3410 2720 absc0nd’i
3439 2647 3791 2720 documenta

2196 2733 2304 2791 prae
2374 2718 2623 2791 omnibus
2692 2718 2969 2791 religionis
3043 2719 3788 2791 Christianzeidommentis,

2197 2789 2343 2859 Orig.
2365 2788 2456 2845 des
2490 2791 2696 2854 Cultes,
2730 2788 2861 2859 pfr,
2905 2802 2941 2843 t.
2973 2791 3062 2843 IV.
3098 2806 3150 2857 p.
3182 2792 3307 2844 369.
3360 2789 3506 2843 Alter
3540 2788 3788 2858 turpium

2194 2875 2518 2933 arcanorum
2541 2870 2838 2930 praecentor
2869 2862 3045 2933 Prayne
3073 2862 3259 2933 Knigt_
3284 2862 3336 2912 in
3385 2860 3452 2933 iis
3499 2860 3784 2933 adiuvenit

2195 2929 2612 2987 intellectualem
2652 2946 2715 2986 ac
2757 2932 2915 2988 veluti
2945 2929 2957 2933 ⁷
2986 2929 3501 2986 ιπιιιιεοεῐιόθηιειιιιηι
3548 2930 3647 2985 Dei
3692 2946 3789 2984 na-

2198 3008 2328 3055 turae
2359 3002 2742 3073 cognitionem,
2780 3005 2842 3059 In
2883 3005 2976 3058 uir
3038 3006 3154 3058 into
3186 3002 3278 3057 the
3325 3002 3496 3071 symb.
3532 3002 3693 3073 lung.
3727 3003 3791 3056 in

2198 3074 2386 3128 Diario
2434 3074 2686 3128 classico.
2741 3082 2780 3128 t.
2832 3020 3012 3128 ixri’.
3053 3092 3109 3128 ι).
3152 3077 3205 3127 li.
3252 3073 3361 3127 Nec
3406 3072 3494 3126 isti
3532 3074 3791 3128 Opposita

2196 3074 2386 3130 Diario
2434 3074 2686 3140 classico,
2741 3082 2780 3129 t.
2832 3073 3011 3144 XXII,
3053 3092 3109 3143 p.
3152 3077 3205 3127 4.
3252 3073 3361 3127 Nec
3390 3073 3494 3144 isti
3532 3074 3794 3144 opposita

2199 3144 2372 3217 fronte
2416 3144 2715 3217 refragatur
2760 3143 3006 3217 Doctiss.
3043 3146 3268 3217 Heeren,
3316 3143 3400 3198 cui
3449 3143 3793 3217 liteeobiter

2197 3214 2467 3285 indaganti
2511 3212 2742 3270 illusisse
2790 3216 3041 3270 videntur
3086 3216 3328 3286 quaedam
3378 3228 3521 3286 verae
3558 3212 3791 3286 deorum

2196 3284 2443 3358 potienes
2471 3286 2709 3358 physicae
2738 3296 2790 3341 et
2818 3284 3148 3358 syinboiicze,
3183 3286 3345 3358 Ideen
3391 3285 3533 3358 ubere
3564 3284 3659 3358 die
3688 3286 3792 3340 Po-

2200 3356 2351 3425 litik,
2388 3365 2423 3410 t.
2456 3355 2632 3428 III,'p.
2666 3360 2752 3420 99,
2794 3355 2937 3428 quod
2987 3356 3142 3411 simul
3174 3356 3410 3428 arridere
3451 3355 3641 3409 debuit
3676 3372 3790 3428 ina-

2197 3442 2304 3499 gno
2361 3426 2671 3507 mythorum
2700 3426 2933 3507 "parenti
2986 3427 3505 3507 ac.symboliearu_m
3558 3426 3792 3507 nubium

2200 3497 2642 3570 consarcinatorii
2693 3497 2942 3570 C’reuzer,
2987 3497 3283 3570 qui,'teste
3322 3498 3388 3553 D.
3441 3498 3518 3551 De
3556 3497 3699 3570 Sacy
3740 3498 3793 3550 in

2200 3573 2316 3624 not.
2364 3569 2429 3621 ad
2476 3569 2847 3625 Sainte-Croix
2889 3585 2978 3636 οι».
3011 3569 3065 3624 ⁷ι.
3098 3585 3137 3636 ι,
3174 3586 3227 3639 p.
3260 3569 3384 3637 448,
3424 3582 3530 3639 nec
3578 3569 3796 3639 longius

2202 3640 2267 3721 ab
2326 3639 2532 3721 eadem.
2567 3641 2830 3720 sententia
2885 3637 3306 3721 cxulante,‘agi
3362 3638 3561 3693 ibidem
3620 3637 3798 3721 voluit

2200 3719 2308 3764 tum
2340 3709 2407 3764 de
2455 3709 2775 3782 primigenia
2812 3727 2987 3766 rerum
3028 3709 3449 3782 compositione,
3496 3724 3560 3763 ac
3606 3718 3795 3763 vetere

2203 3780 2572 3849 cosmogonia,
2620 3780 2735 3836 tum
2775 3782 2843 3836 de
2891 3780 3187 3836 animorum
3244 3780 3412 3835 ascesi
3466 3795 3529 3834 ac
3576 3795 3794 3834 morum

2204 3850 2656 3920 exercitamentis,
2700 3859 2812 3907 tum
2871 3854 2935 3906 de
2978 3853 3054 3907 rei
3109 3852 3331 3907 rusticae
3379 3850 3666 3921 praeceptis
3734 3867 3795 3905 ac

2206 3921 2475 3988 laudibus,
2526 3931 2634 3976 tum
2693 3924 2762 3977 de
2816 3924 2927 3978 Duo
2984 3939 3112 3989 uno,
3163 3932 3493 3991 aeternoque,
3561 3929 3678 3976 tum
3730 3923 3795 3975 de

2208 3993 2438 4047 hominis
2478 3992 2631 4047 simul
2663 4004 2716 4049 et
2762 3994 2944 4049 mundi
2992 3996 3121 4050 ﬁne.
3156 3994 3249 4049 His
3296 3994 3511 4047 demum
3559 4003 3796 4047 accessu

2206 4064 2259 4117 in
2314 4063 2532 4133 speciali
2589 4071 2813 4121 tractatu
2885 4064 2971 4120 cui
3026 4065 3212 4121 titulus
3271 4081 3283 4117 :
3347 4064 3505 4119 Essai
3556 4078 3661 4118 sur
3719 4065 3796 4119 lea

2204 4134 2472 4207 mysteres
2511 4134 2802 4199 d’Eleusis.
2835 4134 3112 4205 Ouvarolf,
3164 4151 3230 4189 ex
3268 4134 3601 4207 byperborca
3636 4133 3796 4207 plaga

2205 4205 2593 4272 in'palaastram
2643 4208 3020 4273 academicam,
3065 4207 3207 4260 haud
3239 4207 3445 4274 absque
3473 4205 3657 4271 laude,
3705 4206 3793 4259 in-

2206 4293 2441 4349 gressus,
2485 4276 2575 4347 qui
2614 4277 2781 4332 voluit
2819 4286 2872 4331 et
2918 4278 3032 4345 ipse
3080 4278 3131 4332 in
3178 4277 3447 4330 Eleusinae
3495 4275 3798 4349 disciplinae

2208 4347 2318 4403 tuto
2345 4347 2512 4403 fuisse
2538 4349 2878 4402 commissam
2909 4348 3060 4417 quasi
3090 4348 3406 4403 Primitive:
3431 4347 3796 4417 patriarcha-

2206 4434 2340 4473 rum
2372 4419 2754 4487 reuelationis,
2776 4436 3058 4475 summam
3089 4436 3154 4474 ac
3185 4417 3507 4473 veneranda.
3534 4418 3801 4487 quaedam

2210 4490 2276 4544 de
2306 4489 2532 4562 homine
2566 4492 2715 4561 lapso
2733 4493 2801 4562 et
2840 4490 3156 4562 reparando
3195 4490 3490 4562 vaticinia.
3528 4489 3638 4562 Ista
3671 4494 3801 4562 sunt

2212 4559 2491 4631 praecipua
2548 4558 2912 4616 recentiorum
2958 4561 3024 4614 de
3078 4559 3365 4631 Eleusinis
3406 4558 3616 4613 arcanis
3692 4558 3799 4629 tig-

2209 4629 2405 4686 menta’.
2440 4632 2594 4697 Quod
2636 4632 2679 4684 si
2709 4632 2772 4683 ad
2812 4640 3018 4685 veteres
3068 4632 3240 4685 redire
3285 4629 3494 4684 animus
3547 4637 3656 4693 est,
3712 4644 3803 4681 va-

2211 4702 2319 4755 rias
2375 4701 2515 4755 inter
2564 4702 2803 4772 ipsorum
2852 4704 3140 4757 sententias
3193 4700 3294 4755 erit
3340 4708 3397 4754 ut
3435 4714 3645 4772 anceps
3693 4699 3807 4754 hae-

2210 4788 2346 4826 reas.
2410 4769 2761 4825 Haud—enim
2810 4772 3035 4827 inﬁciari
3086 4772 3245 4827 velim
3311 4787 3376 4824 ex
3430 4769 3538 4824 illis
3595 4770 3802 4838 plures.

2211 4842 2502 4896 Pindarum
2535 4842 2801 4910 videlicet,
2856 4844 3150 4909 Platonem,
3203 4842 3537 4905 Ciceronem,
3587 4842 3806 4912 Epicte-

2212 4920 2343 4979 tum,
2378 4929 2526 4967 sacra
2559 4914 2768 4968 Cereris
2798 4914 3069 4969 Eleusinia
3116 4912 3323 4982 magnis
3372 4912 3651 4980 excepisse
3684 4912 3807 4966 lau-

2209 4985 2366 5039 dibus
2396 4998 2459 5039 ac
2507 4984 2737 5054 posteris
2784 4987 3228 5051 commendasse;
3280 4999 3376 5038 nec
3414 4984 3569 5037 facile
3608 4998 3810 5053 quem-

2210 5072 2369 5127 quam
2422 5056 2616 5127 adduci
2676 5072 2835 5125 posse
2894 5057 2961 5110 ad
3013 5055 3339 5112 credendum
3395 5063 3472 5108 tot
3525 5061 3811 5127 ettanth

2210 5125 2373 5190 viros,
2408 5126 2575 5181 nobili
2621 5127 2817 5180 mentis
2848 5135 2901 5180 et
2938 5128 3098 5181 animi
3128 5127 3269 5181 haud
3298 5141 3462 5197 secus
3490 5140 3553 5179 ac
3598 5125 3809 5197 ingenii

2210 5198 2519 5267 praestantia
2574 5197 2853 5266 insignes,
2912 5213 3054 5253 cteca
3110 5195 3568 5267 hallucinatione,
3630 5195 3812 5267 turpia

2212 5265 2308 5340 pro
2356 5269 2594 5325 honestis
2652 5265 2921 5338 habuisse,
2984 5276 3035 5322 et
3080 5269 3345 5340 unanimi_
3384 5266 3685 5340 collusione
3744 5265 3808 5319 ad

2213 5336 2353 5396 hunc
2399 5354 2638 5395 errorem
2691 5336 2975 5395 fovendum
3016 5356 3079 5396 ex
3120 5337 3383 5394 industria
3428 5336 3805 5407 conspirasse.

2212 5428 2309 5465 nec
2350 5409 2569 5466 omnino
2616 5412 2837 5479 proinde
2886 5410 3034 5465 nulla
3082 5424 3249 5466 causa
3293 5411 3379 5464 est
3426 5424 3526 5479 cur
3578 5423 3809 5463 censeas

2211 5482 2449 5553 adusque
2510 5477 2793 5553 quemdam
2853 5481 3110 5552 temporis
3153 5477 3813 5553 lapsum,,_aliquatenus

2210 5553 2278 5608 ab
2332 5549 2484 5610 initio
2528 5549 2695 5609 fuisse
2742 5552 2829 5624 pia
2871 5549 3078 5609 Cereris
3126 5549 3297 5609 sacra.
3329 5549 3609 5607 Undenam
3648 5550 3811 5625 igitur
