4016 6188
451 315 560 377 579

1157 312 1595 374 TERTULLIANI
1634 309 1898 372 OPERUM
1935 311 2099 374 PARS
2135 314 2204 375 ll.
2241 343 2314 358 -—
2350 311 2573 373 SElllES
2612 314 2656 381 Ι,
2694 313 3039 374 POLEMICA.

3622 315 3729 379 580

443 441 660 514 quidem
690 438 924 512 prepriis
971 445 1095 494 ante
1134 438 1493 505 committunt,
1522 454 1683 512 quam
1711 454 1841 494 suos
1879 438 2024 494 fece-
2062 455 2108 535 Α
2139 445 2417 513 totamque
2445 439 2785 513 prudentiam
2813 439 2868 495 in
2921 439 3242 496 latebrarum
3273 440 3589 512 ambagibus
3617 448 3729 495 tor-

441 530 567 585 rint.
607 530 820 584 llabent
870 526 1179 598 artiﬁcium,
1236 543 1344 600 quo
1384 529 1534 599 prius
1588 527 1952 600 persuadeant
1980 527 2029 566 22

437 635 600 692 quam
629 620 906 675 edoceant.
952 617 1161 674 Veritas
1208 626 1382 675 autem
1421 619 1670 676 docendo
1719 619 2029 690 persuadet,

437 721 550 766 non
578 709 854 767 suadendo
881 708 1062 766 docet.

1000 831 1227 889 CAPUT
1264 831 1311 887 II
1334 833 1469 903 (20).

528 942 766 1013 Ideoque
821 939 1097 1012 simplices
1151 945 1402 995 notamur
1446 940 1593 1010 apud
1641 938 1780 1003 illos,
1839 946 1895 993 ut
1927 939 2029 994 hoc

443 1039 672 1098 tantum,
717 1044 823 1085 non
872 1029 1034 1084 etiam
1065 1027 1334 1098 sapientes
1367 1045 1379 1082 :
1412 1026 1565 1098 quasi
1594 1025 1770 1082 statim
1801 1024 2029 1081 deﬁcere

439 1129 669 1192 cogatur
717 1117 885 1174 541
935 1133 965 1171 a
1018 1115 1354 1186 simplicitate
1434 1114 1720 1185 sapientia,
1797 1112 2029 1169 Domino

437 1217 717 1280 utramque
745 1209 1040 1280 jungente:
1080 1209 1265 1262 Estote
1293 1206 1599 1279 prudentes
1627 1207 1693 1259 ut
1722 1207 2027 1276 serpentes,

440 1304 498 1355 et
523 1299 810 1370 simplices
838 1302 904 1352 ut
938 1295 1208 1352 columbae
1237 1294 1460 1361 (Matth.
1501 1310 1561 1360 χ,
1591 1294 1701 1364 10).
1734 1294 1839 1347 Aut
1857 1293 1902 1347 si
1930 1306 2031 1346 nos

439 1397 728 1460 propterea
774 1385 1107 1456 insipientes,
1150 1383 1274 1456 quia
1304 1382 1613 1454 simplices;
1654 1397 1784 1436 num
1815 1395 1943 1454 ergo
1976 1386 2032 1434 et

439 1476 518 1532 illi
559 1484 848 1548 propterea
904 1490 1011 1530 non
1061 1473 1352 1544 simplices,
1384 1471 1510 1542 quia
1564 1470 1880 1541 sapientes?
1915 1469 2030 1524 No-

437 1563 728 1620 centissimi
779 1571 952 1619 autem
1013 1563 1103 1632 qui
1152 1577 1258 1618 non
1313 1559 1604 1632 simplices,
1647 1557 1785 1614 sicut
1811 1557 2025 1613 stultis-

436 1651 557 1707 simi
614 1651 704 1724 qui
763 1666 869 1705 non
918 1649 1200 1718 sapientes.
1261 1648 1325 1702 Et
1391 1655 1569 1702 tamen
1598 1646 1780 1700 malim
1805 1645 1858 1699 in
1905 1661 2023 1700 eam
2060 1638 2102 1714 Β

437 1749 644 1811 partem
675 1737 879 1794 meliori
919 1736 1060 1792 sumi
1099 1735 1245 1805 vitio,
1279 1734 1324 1788 si
1354 1735 1494 1789 forte
1524 1735 1571 1772 24
1602 1740 1818 1806 praestat
1849 1733 2028 1789 minus

436 1843 626 1900 sapere
655 1842 813 1897 quam
863 1826 1038 1897 pejus,
1073 1839 1251 1879 errare
1292 1839 1453 1894 quam
1486 1823 1686 1879 fallere.
1719 1823 1906 1888 Porro,
1937 1825 2028 1894 fa-

437 1919 548 1973 cies
569 1918 666 1972 Dei
681 1918 898 1987 spectat
911 1913 960 1951 2⁵
971 1915 1032 1968 in
1046 1913 1414 1986 simplicitate
1425 1915 1738 1984 quaerentes
1751 1911 1775 1949 δ
1787 1912 1941 1980 (Sap.
1963 1911 2024 1981 ι),

435 2016 494 2059 ut
522 2005 683 2060 docet
737 2004 852 2074 ipsa
880 2002 1080 2072 SOphia
1106 2003 1174 2071 27,
1209 2017 1320 2085 non
1362 2001 1577 2073 quidem
1612 2001 1898 2067 Valentini,
1931 1999 2028 2054 sed

435 2091 760 2148 Salomonis.
842 2089 1052 2147 Deinde
1107 2090 1337 2146 infantes
1394 2089 1760 2146 testimonium
1826 2088 2030 2145 Christi

437 2182 700 2254 sanguine
746 2179 1032 2236 litaverunt
1088 2180 1218 2252 (2t).
1251 2181 1452 2235 Pueros
1481 2193 1667 2236 vocem
1697 2177 1788 2249 qui
1815 2193 2030 2233 crucem

439 2269 671 2326 clamant
709 2267 738 2324 ?
787 2284 886 2325 nec
933 2269 1088 2340 pueri
1139 2275 1312 2337 erant,
1372 2282 1473 2324 nec
1531 2265 1779 2336 infantes,
1827 2266 1881 2320 id
1922 2273 2025 2332 est,

439 2358 712 2431 simplices
740 2373 850 2414 non
899 2364 1074 2414 erant.
1108 2357 1507 2428 Repuerascere
1533 2371 1633 2410 nos
1654 2363 1705 2410 et
1731 2354 2027 2424 Apostolus

427 2450 586 2519 jubet
603 2447 897 2504 secundum
923 2447 1096 2503 Deum
1126 2448 1171 2514 (Ι
1197 2448 1320 2503 Cor.
1344 2460 1458 2507 xiv,
1489 2445 1602 2516 20),
1627 2453 1684 2500 ut
1713 2443 1916 2499 malitia
1947 2443 2028 2498 in-

433 2537 610 2592 fantes
650 2553 744 2608 per
790 2536 1186 2608 simplicitatem
1244 2535 1318 2588 ita
1349 2536 1563 2589 demum
1595 2534 1868 2602 sapientes
1896 2549 2027 2588 sen—

435 2627 614 2692 sibus;
674 2625 835 2680 simul
889 2625 1015 2681 dedi
1042 2625 1092 2663 28
1121 2625 1177 2680 in
1219 2624 1496 2695 sapientiae
1543 2623 1782 2680 ordinem
1814 2625 1927 2694 (22)
1961 2624 2029 2679 de

439 2715 781 2789 simplicitate
835 2713 1102 2770 manantis
1153 2714 1220 2780 29,
1285 2713 1342 2766 In
1389 2727 1596 2766 summa
1625 2711 1897 2767 Christum
1929 2727 2028 2767 co-

438 2804 620 2861 lumba
649 2803 1018 2858 demonstrare
1055 2801 1215 2856 solita
1245 2809 1345 2865 est,
1379 2815 1600 2870 serpens
1637 2815 1765 2856 vero
1804 2808 2022 2854 tentare.

435 2893 533 2948 Illa
573 2900 622 2948 et
650 2908 680 2946 a
729 2889 1024 2960 primordio
1068 2890 1264 2945 divinae
1297 2891 1446 2961 pacis
1486 2904 1698 2958 preco;
1733 2888 1822 2944 ille
1850 2906 1881 2944 a
1912 2889 2028 2958 pri-

437 2981 648 3036 mordio
678 2979 872 3036 divinae
931 2978 1184 3051 imaginis
1226 2978 1426 3049 praedo.
1478 2978 1552 3032 Ita
1585 2977 1794 3033 facilius
1825 2977 2028 3049 simpli-

437 3070 568 3126 citas
597 3068 714 3124 sola
735 3068 932 3136 Deum,
953 3077 1006 3123 et
1035 3083 1335 3140 agnoscere
1350 3064 1520 3123 545
1547 3067 1761 3137 poterit,
1782 3079 1832 3122 et
1845 3075 2024 3122 osten-

437 3157 568 3214 dere
597 3176 610 3224 ;
642 3155 926 3228 prudentia
955 3157 1068 3212 sola
1095 3165 1378 3212 concutere
1408 3155 1582 3227 potius
1613 3164 1666 3211 et
1707 3156 1949 3226 prodere.

1040 3262 1269 3319 CAPUT
1308 3261 1398 3316 Ill.

509 3369 820 3426 Abscondat
875 3367 1054 3442 itaque
1112 3386 1168 3426 se
1236 3385 1457 3440 serpens
1513 3375 1770 3440 quantum
1825 3376 2020 3438 potest.

2137 537 2317 603 queat,
2347 529 2454 586 alte
2481 530 2704 597 habitet,
2760 529 2816 584 in
2873 545 3014 588 caeca
3041 530 3370 599 detrudatur,
3419 547 3516 601 per
3542 529 3727 586 anfra-

2138 630 2256 677 ctus
2309 619 2498 676 seriem
2544 635 2696 698 suam
2742 619 2975 685 evolvat,
3011 626 3251 675 tortuose
3296 619 3572 692 procedat,
3631 635 3732 675 nec

2136 711 2301 767 semel
2340 717 2502 778 totus,
2543 709 2782 781 lucifuga
2845 708 3035 767 bestia.
3096 709 3316 765 Nostrae
3372 708 3635 766 columbae
3682 708 3732 748 ³ο

2134 797 2295 853 etiam
2356 798 2555 854 domus
2609 797 2861 868 simplex,
2903 796 2955 850 in
3004 795 3162 853 editis
3205 811 3421 868 semper
3447 806 3500 854 et
3527 796 3729 867 apertis

2134 897 2188 942 et
2215 887 2282 942 ad
2346 887 2542 942 lucem.
2575 888 2732 942 Amat
2762 884 2936 959 ﬁgura
2972 884 3016 924 ³1
3060 883 3295 956 Spiritus
3331 887 3500 942 sancti
3530 884 3727 942 Orien-

2132 981 2243 1032 tem
2273 975 2343 1042 ³³,
2392 975 2588 1032 Christi
2635 974 2861 1048 ﬁguram
2894 975 3028 1045 (23).
3086 973 3230 1030 Nihil
3285 974 3482 1030 veritas
3533 975 3730 1031 erube-

2135 1065 2258 1133 scit,
2307 1063 2405 1119 nisi
2453 1064 2797 1119 solummodo
2829 1062 3090 1120 abscondi
3127 1080 3141 1118 :
3187 1062 3315 1135 quia
3356 1079 3456 1120 nec
3503 1064 3731 1133 pudebit

2137 1153 2290 1208 illum
2329 1167 2488 1208 aures
2537 1153 2588 1207 ei
2646 1151 2862 1217 dedere,
2918 1168 3037 1206 cum
3095 1152 3271 1208 Deum
3309 1166 3721 1221 recognoscere,

2135 1256 2292 1306 quem
2318 1243 2433 1312 jam
2482 1239 2556 1294 illi
2606 1248 2798 1295 natura
2846 1239 3134 1309 commisit,
3168 1255 3329 1311 quem
3376 1239 3616 1310 quotidie
3672 1239 3728 1294 in

2135 1331 2394 1402 operibus
2448 1328 2700 1385 omnibus
2756 1327 2933 1399 sentit,
2985 1328 3088 1386 hoc
3139 1329 3257 1384 solo
3310 1327 3488 1383 minus
3516 1337 3730 1399 notum,

2136 1417 2283 1489 quod
2313 1418 2522 1474 unicum
2552 1432 2660 1472 non
2714 1417 2946 1488 putavit,
2973 1415 3118 1488 quod
3148 1416 3200 1472 in
3235 1431 3454 1474 numero
3484 1417 3730 1473 nomina-

2136 1506 2212 1562 vit
2239 1507 2306 1572 33,
2341 1507 2484 1579 quod
2513 1506 2568 1560 in
2620 1505 2740 1560 aliis
2784 1505 3046 1562 adoravit.
3104 1505 3363 1576 Alioquin
3387 1521 3418 1560 a
3448 1508 3600 1562 turba
3630 1522 3735 1562 eo-

2137 1612 2256 1651 rum
2308 1606 2361 1651 et
2401 1595 2560 1650 aliam
2614 1594 2972 1666 frequentiam
3041 1595 3290 1660 suadere,
3339 1611 3370 1649 a
3425 1595 3724 1652 domestico

2130 1684 2436 1756 principatu
2463 1683 2529 1738 ad
2574 1683 2908 1756 incOgnitum
2950 1690 3342 1754 transmovere,
3373 1700 3406 1738 a
3443 1684 3728 1740 manifesto

2127 1774 2196 1829 ad
2218 1773 2484 1829 occultum
2514 1781 2842 1845 retorquere,
2889 1772 2956 1827 de
3004 1772 3188 1827 limine
3239 1771 3400 1826 ﬁdem
3439 1772 3488 1810 3“
3539 1771 3724 1827 offen-

2131 1859 2259 1916 dere
2291 1867 2390 1915 est.
2421 1860 2538 1914 Jam
2566 1861 2612 1916 si
2641 1866 2695 1915 et
2723 1859 2778 1914 in
2811 1866 2977 1916 totam
2998 1858 3230 1914 fabulam
3255 1857 3513 1924 initietur,
3547 1873 3729 1913 nonne

2135 1948 2241 2003 tale
2269 1947 2474 2019 aliquid
2503 1947 2712 2003 dabitur
2765 1956 2813 2003 te
2843 1946 2896 2001 in
2927 1945 3150 2004 infantia
3187 1947 3326 2002 inter
3354 1946 3526 2001 somni
3580 1945 3725 2000 difﬁ-

2135 2035 2358 2093 cultates
2386 2053 2417 2091 a
2445 2035 2714 2092 nutricula
2752 2035 2984 2101 audisse,
3035 2035 3234 2092 Lamiae
3268 2043 3440 2091 turres
3498 2035 3633 2105 (24),
3675 2043 3730 2090 et

2136 2123 2372 2196 pectines
2403 2124 2579 2182 solis?
2616 2123 2725 2181 Sed
2769 2123 2863 2195 qui
2895 2139 2958 2180 ex
3008 2123 3110 2178 alia
3166 2122 3495 2179 conscientia
3520 2121 3728 2178 venerit

2136 2213 2286 2284 ﬁdei,
2310 2213 2355 2268 si
2391 2212 2568 2269 statim
2594 2212 2828 2270 inveniat
2849 2220 2926 2268 tot
2952 2211 3169 2268 nomina
3195 2213 3451 2280 JEonum,
3485 2220 3559 2267 tot
3582 2226 3724 2267 con-

2135 2303 2308 2375 jugia,
2341 2310 2419 2358 tot
2464 2303 2735 2376 genimina
2767 2304 2855 2371 25,
2889 2309 2966 2357 tot
2993 2300 3188 2366 exitus,
3223 2308 3302 2356 tot
3331 2307 3573 2365 eventus,
3605 2299 3727 2354 feli-

2136 2390 2344 2457 citates,
2400 2389 2756 2457 infelicitates,
2803 2390 3060 2462 dispersae
3116 2397 3277 2461 atque
3319 2388 3542 2446 concisse
3581 2387 3724 2446 divi-

2137 2479 2316 2534 nitatis
2349 2524 2362 2549 ,
2416 2479 2751 2534 dubitabitne
2798 2477 2997 2535 ibidem
3055 2479 3405 2550 pronuntiare
3462 2479 3558 2533 has
3606 2493 3727 2534 esse

2137 2565 2348 2622 fabulas
2402 2575 2457 2622 et
2496 2567 2846 2641 geneaIOgias
2902 2567 3338 2624 indeterminatas
3409 2567 3546 2638 (25),
3595 2583 3730 2638 quas

2135 2657 2377 2726 Apostoli
2403 2657 2643 2727 spiritus,
2675 2657 2758 2712 bis
2798 2657 2912 2726 jam
2943 2667 3070 2714 tunc
3118 2657 3509 2729 pullulantibus
3555 2658 3728 2714 semi-

2137 2745 2296 2800 nibus
2351 2745 2635 2815 hzereticis,
2669 2746 2923 2801 damnare
2971 2746 3276 2816 praevenit?
3335 2745 3524 2801 Merito
3554 2746 3732 2818 itaque

2140 2848 2245 2889 non
2279 2833 2574 2904 simplices,
2597 2832 2772 2890 346
2794 2833 2982 2890 merito
3013 2834 3384 2890 tantummodo
3414 2835 3731 2904 prudentes,

2137 2923 2228 2996 qui
2251 2923 2372 2978 talia
2419 2939 2590 2994 neque
2645 2922 2800 2979 facile
2833 2923 3156 2994 producunt,
3192 2939 3366 2994 neque
3395 2932 3578 2980 exerte
3625 2924 3733 2980 de-

2063 2975 2104 3052 c
2134 3013 2380 3080 fendunt,
2406 3014 2503 3068 sed
2535 3028 2634 3069 nec
2677 3028 2868 3068 omnes
2923 3027 3060 3083 quos
3113 3011 3362 3080 edocent,
3416 3013 3732 3082 perdocent,

2133 3102 2318 3172 utique
2347 3111 2543 3172 astute,
2574 3109 2632 3156 ut
2688 3101 2944 3170 pudenda
2980 3119 2993 3153 :
3027 3109 3282 3156 caeterum
3320 3102 3628 3167 inhumane,
3687 3101 3733 3153 si

2132 3193 2378 3248 honesta.
2408 3193 2475 3246 Et
2523 3200 2699 3247 tamen
2731 3189 3002 3261 simplices
3040 3206 3140 3244 nos
3171 3190 3238 3256 35,
3273 3190 3452 3244 omnia
3507 3190 3732 3245 SCim'US.

2132 3281 2372 3350 Denique
2401 3281 2540 3335 hunc
2571 3281 2795 3351 primum
2827 3295 3057 3335 cuneum
3093 3277 3497 3351 congressionis
3544 3295 3734 3334 arma-

2130 3367 2325 3434 vimus,
2361 3368 2690 3424 detectorem
2722 3371 2776 3422 et
2805 3367 3205 3438 designatorem
3249 3366 3412 3423 totius
3453 3367 3740 3423 conscien-

1830 3465 2022 3527 Varia)
2091 3467 2396 3528 lectiones.

505 3575 554 3612 ²²
582 3575 905 3629 Persuadent
927 3576 1060 3630 Par.
1091 3572 1140 3610 2³
1169 3571 1395 3642 COgitur
1415 3570 1591 3626 Rhen.
1617 3570 2124 3642 Seml.‘Oberthﬂ’l
2155 3569 2330 3642 Malim
2355 3569 2406 3622 in
2437 3584 2559 3642 eam
2587 3576 2798 3642 partem
2821 3566 3016 3642 melior
3045 3583 3280 3642 sumese
3314 3568 3546 3642 v_itio.rsi
3571 3569 3733 3638 forte,

431 3646 657 3700 Praestat
687 3648 821 3700 Jun.
856 3646 904 3682 2⁵
935 3648 1224 3713 Exspectat
1254 3638 1422 3697 Bentl.
1453 3641 1671 3698 Oberth.
1706 3641 1754 3678 26
1785 3640 2068 3708 Quaerendi
2103 3641 2275 3696 Rhen.
2298 3641 2463 3696 Seml.
2503 3638 2726 3713 Oberth.
2755 3640 2800 3676 2"
2833 3640 2954 3713 Ipsa
2982 3638 3244 3713 sapientia
3273 3640 3398 3694 alii.
3427 3641 3540 3696 Alii
3574 3643 3736 3696 Cra:-

429 3732 563 3770 cum
602 3731 807 3769 nomen
829 3709 1166 3786 praeferunt.
1199 3713 1664 3786 2{*__Simus_divinaa
1696 3713 1968 3786 sapientiae
1998 3713 2245 3768 ordinem
2269 3715 2435 3786 Ij‘ijan.
2469 3711 2672 3786 Par.
2702 3709 2948 3786 Amanng
2975 3712 3148 3786 Fran.
3182 3712 3473 3786 ParlJun.
3499 3714 3738 3786 retinet;

429 3787 699 3840 manando
723 3781 1461 3855 mauult;Semterplilinandi
1483 3787 1588 3855 est,
1614 3786 1718 3855 ait,
1752 3783 1978 3838 verbum
2001 3799 2191 3855 eorum
2211 3784 2306 3855 qui
2308 3784 2583 3855 fume-nia
2602 3784 2827 3855 ducunt
2839 3781 2887 3855 39
2908 3781 3075 3835 Etiam
3097 3783 3281 3837 omitt.
3315 3782 3483 3855 Seml.
3513 3785 3735 3839 Uberi/1.

429 3856 474 3893 31
512 3855 769 3926 Figuram
794 3856 969 3910 Ithen.
997 3855 1167 3926 Seml.
1198 3854 1418 3910 Oberth.
1455 3854 1503 3890 ³2
1534 3853 1810 3926 Orientem
1842 3854 2043 3908 Christi
2074 3853 2300 3926 ﬁguram
2326 3855 2494 3926 Seni].
2529 3854 2752 3909 Oberth.
2787 3853 2839 3926 ³³
2863 3853 3216 3926 Innumeros
3248 3854 3542 3908 nominavit
3591 3856 3736 3910 Jun.

427 3927 475 3963 ³4
517 3925 699 3980 Fidem
729 3927 920 3981 omitt.
954 3925 1127 3980 Ithen.
1163 3926 1333 3980 Se-ml.
1363 3926 1586 3982 Oberth.
1617 3925 1665 3962 35
1687 3926 1916 3981 Gemina
1945 3923 2333 3997 lthenfprima
2349 3925 2432 3981 ed.
2459 3927 2628 3982 Seml.
2659 3925 2880 3982 Oberth.
2914 3923 2961 3961 ³6
2986 3924 3095 3978 Nos
3124 3937 3312 3979 omnes
3330 3941 3520 3979 sumus
3547 3925 3726 3981 (then.

421 3998 614 4069 prima
635 3997 721 4054 ed.
754 3997 923 4054 Seml.
953 3997 1171 4054 Oberth.

1826 4067 2324 4134 Commentarius.

426 4175 756 4231 Vocabulum
790 4174 975 4238 cwdis,
1012 4183 1065 4229 et
1115 4172 1366 4231 caedendi
1394 4171 1636 4239 verbum,
1687 4172 1741 4228 in
1781 4173 2028 4230 eumdem

425 4263 640 4302 sensum
699 4253 1010 4317 usurpat,ut
1049 4260 1176 4301 cum
1207 4245 1286 4317 in~
1314 4245 1448 4301 libro
1501 4260 1662 4315 quem
1693 4261 1791 4316 pro
1824 4253 2028 4316 marty-

2137 4173 2408 4243 sapientiae
2480 4172 2725 4229 ordinem
2798 4169 2866 4225 de
2907 4170 3266 4243 simplicitate
3294 4173 3606 4243 imanantis.
3671 4172 3735 4227 In

2138 4242 2258 4302 cod.
2293 4245 2390 4299 Ms.
2423 4245 2637 4315 legitur,
2662 4242 2956 4311 manendi,
2990 4243 3261 4298 mendose.
3293 4242 3416 4296 Βία.

426 4297 1026 4388 iissg"'sc;{,;aiga}.
1057 4297 1210 4388 ἷζε
1233 4297 1783 4388 assesasses;
1814 4297 2024 4388 siin,
2063 4297 2108 4375 Β
2146 4297 2641 4388 pavonem;
2666 4297 2879 4388 Christi
2899 4297 3172 4388 ﬁ'guram.
3200 4315 3442 4388 Orientis
3464 4313 3736 4388 vocabulo

426 4387 876 4460 spectaculorum,
911 4387 1192 4443 atrocitate
1219 4389 1310 4460 vel
1338 4387 1554 4460 furore,
1571 4389 1655 4442 vel
1691 4387 2025 4460 impudicitia

424 4458 822 4516 celebrantium
858 4460 1111 4514 casderis.
1159 4480 1186 4508 »
1220 4458 1459 4514 Imitatus
1514 4458 1899 4513 Tertullianum
1957 4461 2022 4515 D.

423 4530 787 4603 Hieronymus
867 4531 921 4584 in
995 4532 1109 4587 Vita
1155 4532 1473 4603 _Hilarioni_s
1521 4531 1790 4603 Eremitre
1841 4529 2017 4586 dixit:

427 4620 454 4654 α
491 4601 649 4658 Caede
678 4619 894 4658 manus.
950 4603 1124 4657 Iratus
1153 4601 1331 4672 itaque
1360 4601 1482 4672 sibi,
1524 4601 1730 4672 inquit,
1760 4609 1812 4655 et
1838 4611 2026 4672 pectus

423 4674 626 4745 pugnis
664 4677 974 4739 verberans,
1037 4672 1190 4744 quasi
1245 4671 1608 4743 Cogitationes
1653 4675 1802 4728 caede
1831 4671 2023 4728 manus

421 4754 611 4815 posset
640 4745 951 4801 excludere.
985 4763 1010 4794 n
1044 4745 1185 4799 PAI.

493 4833 606 4904 (20)
637 4834 774 4889 Vide
833 4832 1076 4888 ultimam
1109 4839 1288 4887 notam
1336 4831 1501 4900 hujus
1529 4829 1675 4902 libr.,
1735 4831 1839 4888 col.
1890 4834 2020 4888 594.

499 4921 612 4991 (21)
645 4924 902 4993 Infantes
933 4921 1320 4977 testimonium
1356 4920 1856 4992 Christisanguine
1891 4922 2022 4977 lita-

422 4997 673 5064 perunt._
711 4992 918 5047 Eodem
983 4995 1202 5064 omnino
1260 5008 1425 5048 sensu
1498 4993 1642 5064 dixit
1686 4993 2022 5064 Augustinus

423 5061 518 5116 lib.
545 5079 604 5131 χ,
638 5061 704 5120 de
756 5065 954 5120 Genesi
981 5063 1056 5118 ad
1107 5064 1224 5119 litt.
1257 5079 1374 5134 cap.
1435 5065 1540 5118 23:
1569 5087 1590 5113 ‹‹
1627 5061 1799 5119 Habet
1851 5063 2021 5134 etilla

422 5148 593 5208 parva
619 5144 751 5208 mtas
782 5151 1037 5208 magnum
1065 5133 1366 5208 testimonii
1416 5134 1653 5208 pondus,
1698 5150 1820 5208 quae
1850 5133 2022 5203 prima

423 5219 525 5274 pro
557 5204 773 5262 Christo
802 5204 1058 5263 meruerit
1077 5206 1394 5279 sanguinem
1424 5205 1670 5262 fundere.
1704 5224 1730 5256 ι
1767 5207 1909 5261 Pan.

494 5311 610 5382 (22)
635 5314 723 5370 Ita
740 5313 967 5370 demum
994 5313 1280 5384 sapientes
1312 5309 1771 5384 sensipus,simul
1797 5308 2020 5384 dediin

422 5378 724 5456 Sapientia
755 5388 1033 5442 ordinem.
1057 5378 1220 5438 Ἠδηο
1247 5385 1427 5456 locum
1455 5379 1510 5432 in
1537 5378 2018 5456 omnibus_editio-

421 5449 583 5510 nibus
607 5457 1082 5527 corruptissimum
1110 5451 1520 5527 emendavimus
1540 5467 1606 5527 ex
1638 5449 1765 5527 cod.
1795 5450 2020 5527 Pithqea-

424 5540 517 5584 no.
574 5522 998 5597 Repuerascere,
1045 5523 1239 5597 inquit,
1286 5537 1408 5597 nos,
1465 5533 1519 5580 et
1547 5522 1838 5597 Apostolus
1861 5522 2019 5597 jubet

421 5592 715 5654 secundum
740 5599 913 5656 Deum
963 5601 1020 5650 ut
1057 5592 1262 5649 malitia
1315 5593 1565 5661 infantes,
1595 5592 1756 5652 simul
1783 5594 1908 5652 dedi
1955 5595 2010 5650 in

2135 4385 2382 4442 Christus
2409 4403 2553 4456 sape
2581 4386 2898 4456 intelligitur
2928 4387 2982 4439 in
3014 4385 3181 4440 sacris
3229 4385 3434 4449 litteris,
3485 4395 3542 4440 ut
3583 4385 3732 4454 apud

2133 4459 2434 4514 Zachariam
2463 4476 2474 4514 :
2497 4461 2634 4513 Ecce
2653 4473 2747 4527 ego
2765 4455 3054 4512 adducam
3073 4472 3295 4512 servum
3323 4471 3515 4511 meum
3537 4457 3738 4511 orien-

2132 4535 2266 4599 tem,
2311 4539 2366 4584 et
2415 4531 2577 4600 paulo
2607 4527 2888 4600 postapud
2933 4529 3176 4600 eumdem
3209 4548 3220 4583 :
3259 4531 3394 4583 Ecce
3409 4529 3510 4600 _vir_
3530 4527 3732 4600 Oriens

2131 4597 2338 4657 nomen
2366 4597 2509 4670 ejus.
2541 4598 2748 4670 Oriens
2765 4605 2941 4670 autem
2979 4598 3298 4669 appellatur,
3332 4597 3576 4670 quiarin
3602 4597 3732 4670 die-

2129 4673 2232 4727 bus
2283 4667 2404 4739 ejus
2459 4678 2575 4725 orta
2629 4668 2962 4737 estjustitia,
3003 4667 3063 4724 et
3083 4670 3208 4725 hinc
3237 4667 3417 4733 habes,
3455 4667 3730 4723 Christia-

2129 4758 2228 4798 nos
2255 4749 2466 4796 veteres
2485 4741 2550 4812 ad
2581 4739 2842 4794 orientem
2862 4755 3048 4812 versos
3065 4741 3276 4812 precari
3306 4740 3517 4809 solitos,
3575 4741 3728 4810 quod

2129 4813 2425 4870 etiamnum
2455 4811 2823 4867 observamus.
2867 4811 3052 4866 RnEN.

2201 4884 2316 4954 (24)
2335 4884 2545 4938 Lamiae
2575 4887 2762 4940 turres
2783 4887 2840 4939 et
2864 4884 3119 4954 pectines
3149 4878 3331 4940 Solis?
3347 4879 3573 4954 [fabellae
3596 4895 3730 4954 pue-

2128 4951 2256 5027 riles
2301 4951 2449 5027 apud
2497 4951 2880 5027 Carthaginem
2925 4962 3162 5027 tempore
3205 4951 3538 5027 Tertulliani.
3597 4951 3729 5008 Mox

2126 5023 2455 5098 scripsimus,
2495 5027 2590 5083 Tot
2610 5023 2947 5098 geminaset
2986 5023 3142 5095 paulo
3170 5033 3311 5098 post,
3340 5041 3391 5098 ¢_
3420 5023 3513 5098 Et_
3542 5031 3727 5098 tamen

2128 5093 2401 5168 simplices
2450 5112 2549 5153 nos
2607 5093 2786 5152 omnia
2815 5093 3034 5164 scimus,
3082 5117 3104 5146 ι
3139 5093 3206 5151 ei:
3234 5093 3516 5153 Gorziensi
3547 5095 3725 5150 colla-

2127 5169 2296 5225 tione.
2317 5169 2451 5234 Nos,
2483 5169 2586 5225 hoc
2605 5175 2707 5232 est,
2739 5168 3038 5223 orthodoxi.
3071 5169 3192 5223 Βία.

2197 5239 2289 5311 (25
2293 5259 2314 5314 λ
2341 5233 2449 5295 Has
2477 5255 2595 5296 esse
2610 5239 2840 5314 fabulas
2859 5239 3281 5314 etgenealogias
3301 5233 3724 5314 indetemina-

2128 5306 2236 5367 tas.
2293 5311 2530 5382 Irenazus
2588 5306 2856 5382 principio
2909 5306 3031 5364 libri
3070 5306 3327 5366 adversus
3384 5306 3718 5382 valentinia-

2125 5396 2266 5461 nos:
2301 5403 2324 5433 α
2369 5374 2648 5461 Quatenus
2697 5374 2978 5437 veritatem
3026 5382 3337 5461 refutantegt
3358 5379 3577 5461 quidam
3634 5374 3720 5461 in-

2124 5453 2333 5526 ducunt
2367 5453 2532 5526 verba
2581 5453 2716 5526 falsa
2762 5461 2822 5526 _et
2851 5452 3198 5526 genealogias
3249 5452 3487 5526 inﬁnitas
3519 5456 3716 5526 s,_etc,

2123 5523 2312 5582 Graeca
2339 5525 2482 5596 apud
2515 5520 2913 5596 Epiphaniam,
2935 5520 3247 5596 γενεαῐογίας
3304 5521 3533 5596 paratae.
3562 5520 3713 5596 A_po-

2124 5597 2296 5655 stolas
2321 5590 2870 5668 ἀίὶθναιέγιῆεαλογίας
2885 5590 3196 5666 incitavi-ouk.
3223 5595 3244 5648 Ι
3265 5590 3496 5651 Timoth.
3529 5606 3566 5644 l.
3582 5590 3708 5644 Rm.
