4016 6188
445 372 550 433 583

440 494 773 566 passivorum
818 488 1203 560 discipulorum
1246 490 1382 559 (31).
1422 487 1533 543 Nec
1593 483 1833 576 undique
1889 482 2038 576 dice-
2071 497 2119 576 Α

440 599 561 639 mur
605 581 710 655 ipsi
748 580 900 637 nobis
933 576 1156 634 ﬁnxisse
1193 576 1467 649 materias,
1520 590 1657 647 quas
1695 581 1770 630 tot
1791 575 1902 643 jam
1941 570 2039 630 viri

440 672 720 730 sanctitate
774 679 827 726 et
864 667 1171 740 praestantia
1216 666 1479 739 insignes,
1523 680 1624 721 nec
1662 664 1836 720 solum
1863 660 2039 718 nostri

440 770 829 830 antecessores,
861 760 955 814 sed
998 758 1238 829 ipsorum
1275 748 1751 811 hmresiarcharum
1799 759 2036 809 contem-

440 851 671 923 porales,
702 846 1126 904 instructissimis
1170 844 1553 912 voluminibus,
1576 851 1630 901 et
1658 842 2034 915 prodiderunt,

437 948 490 997 et
551 939 864 996 rctuderunt
906 954 920 992 :
970 946 1028 991 ut
1066 935 1305 991 Justinus
1362 934 1721 1007 phi1030phus
1768 942 1824 989 et
1882 948 2033 986 mar-

440 1030 677 1099 tyr(32),
717 1035 775 1081 ut
820 1025 1079 1081 Miltiades
1126 1024 1481 1081 Ecclesiarum
1518 1022 1759 1092 SOphista
1799 1022 1933 1091 (33),
1975 1027 2036 1076 ut

438 1118 677 1173 Irenaeus
716 1115 953 1172 omnium
1009 1113 1369 1168 doctrinarum
1418 1110 1821 1166 curiosissimus
1857 1110 2038 1181 explo-

438 1214 585 1262 rator
625 1206 760 1277 (34),
805 1211 864 1259 ιιι
908 1200 1082 1259 549
1123 1200 1380 1257 Proculus
1426 1208 1628 1269 noster,
1675 1198 1903 1269 virginis
1947 1213 2034 1252 se-

439 1303 624 1360 nectae,
658 1300 710 1348 et
748 1289 1066 1348 Christianae
1103 1288 1424 1360 eloquentia
1460 1287 1691 1359 dignitas
1728 1288 1874 1357 (35):
1899 1302 2035 1358 quos

438 1380 494 1436 in
523 1380 667 1436 omni
704 1394 866 1451 opere
902 1377 1051 1446 ﬁdei,
1083 1375 1536 1448 quemadmodum
1566 1377 1620 1432 in
1650 1377 1772 1445 isto,
1801 1383 2029 1445 optave-

436 1470 539 1525 rim
566 1468 800 1541 assequi.
831 1470 935 1523 Aut
961 1467 1005 1521 si
1052 1465 1107 1519 in
1146 1473 1317 1521 totum
1346 1465 1581 1520 haereses
1614 1479 1724 1519 non
1769 1471 1915 1529 sunt,
1970 1472 2031 1520 ut

438 1558 530 1631 qui
566 1575 655 1614 eas
682 1557 909 1629 pellunt,
950 1552 1170 1609 ﬁnxisse
1207 1553 1513 1620 credantur,
1558 1551 1844 1607 mentietur
1879 1554 2030 1622 Apo-

436 1647 607 1703 stolus
649 1644 963 1718 praedicator
1004 1643 1213 1697 illarum
1254 1642 1304 1710 (I
1351 1642 1471 1697 Cor.
1518 1654 1575 1704 ιι,
1614 1641 1724 1704 19).
1770 1639 1935 1693 Porro
1983 1638 2030 1693 si

436 1743 584 1805 sunt,
614 1749 725 1788 non
771 1732 888 1787 aliae
919 1737 1074 1786 erunt
1101 1744 1259 1799 quam
1297 1742 1417 1799 quae
1459 1733 1828 1783 retractantur.
1863 1727 2033 1784 Nemo

435 1780 785 1882 gmhtiosus
836 1820 1008 1875 fertur
1054 1780 1219 1888 stylo,
1260 1780 1331 1871 uti
1362 1814 1615 1871 materias
1661 1815 1885 1883 habens,
1935 1818 2034 1873 ﬁn-
2070 1780 2113 1858 Β

435 1922 548 1987 gat.

1134 361 1575 423 TERTULLIANI
1612 358 1877 419 OPERUM
1915 356 2081 418 PARS
2144 354 2211 414 ll.
2252 383 2319 398 -
2379 352 2606 415 SERIBS
2644 353 2688 425 l,
2729 354 3075 416 POLEMIGA.

3644 356 3747 417 584

2756 480 2985 539 CAPUT
3006 481 3095 537 Vl.

2220 568 2387 640 Igitur
2420 568 2522 624 hoc
2559 568 2758 635 libello,
2788 584 2898 641 quo
2937 570 2986 608 ’³⁵
3016 568 3531 627 demonstrationem
3577 569 3750 625 solum

2143 657 2504 729 promittimus
2531 656 2672 713 illius
2707 658 2758 696 46
2784 658 2983 725 arcani,
3025 674 3092 714 ne
3133 674 3295 731 quem
3327 674 3391 714 ex
3437 656 3751 713 nominibus

2146 756 2250 802 tam
2279 745 2602 820 peregrinis,
2624 757 2677 802 et
2707 747 2923 814 coactis,
2956 756 3007 803 et
3031 747 3341 817 compactis,
3374 756 3431 804 et
3454 746 3744 820 ambiguis,

2144 836 2317 908 caligo
2331 837 2379 875 ἰτ
2401 836 2513 895 suff
2516 837 2696 903 undat,
2717 837 2988 907 quomodo
3012 839 3092 893 eis
3112 837 3257 893 usuri
3279 836 3468 906 simus,
3484 836 3632 907 prius
3650 837 3747 892 de-

2144 927 2432 983 mandabo.
2460 926 2832 996 Quorumdam
2859 926 2999 982 enim
3036 926 3105 982 de
3144 925 3336 983 Graeco
3374 925 3747 997 interpretatio

2142 1030 2252 1070 non
2280 1016 2512 1072 occurrit
2548 1015 2615 1070 ad
2646 1014 2949 1086 expeditam
2984 1015 3207 1088 proinde
3234 1014 3465 1072 nominis
3495 1013 3744 1080 formam,

2139 1102 2499 1175 quorumdam
2537 1119 2635 1160 nec
2684 1104 2751 1159 de
2789 1120 2922 1158 sexu
2968 1119 3168 1179 genera
3205 1102 3551 1175 conveniunt,
3596 1118 3743 1175 quo-

2142 1195 2388 1249 rumdam
2428 1193 2667 1249 usitatior
2704 1194 2757 1248 in
2795 1193 2989 1249 Graeco
3017 1192 3203 1249 notitia
3248 1203 3349 1249 est.
3385 1192 3573 1265 Itaque
3619 1194 3745 1264 plu-

2141 1281 2339 1340 rimum
2383 1281 2578 1339 Graeca
2633 1298 2925 1351 ponemus;
2966 1280 3335 1354 signiﬁcantia;
3379 1298 3476 1351 per
3525 1280 3745 1353 pagina-

2138 1388 2256 1427 rum
2302 1370 2497 1428 limites
2532 1370 2757 1427 aderunt
2800 1371 2933 1445 (36),
2965 1386 3063 1427 nec
3101 1369 3302 1427 Latinis
3344 1370 3565 1441 quidem
3608 1370 3745 1427 dee-

2140 1476 2262 1522 runt
2307 1467 2516 1539 Graeca,
2560 1468 2656 1522 sed
2704 1466 2757 1522 in
2815 1466 2972 1522 lineis
3018 1467 3245 1538 desuper
3289 1469 3633 1533 notabuntur,
3676 1476 3745 1539 ⁷ιιι

2137 1555 2351 1627 signum
2381 1557 2481 1611 hoc
2518 1557 2587 1611 sit
2628 1557 2991 1628 personalium
3021 1556 3320 1627 nominum,
3354 1564 3575 1627 pr0pter
3612 1572 3741 1613 am-

2141 1643 2427 1716 biguitates
2480 1645 2529 1683 ἰε
2579 1662 2769 1702 eorum
2823 1662 2944 1716 quae
2998 1660 3126 1702 cum
3180 1645 3282 1701 alia
3342 1644 3742 1717 significatione

2141 1734 2554 1789 communicant.
2586 1732 2903 1807 Quanquam
2933 1741 3113 1791 autem
3145 1734 3446 1790 distulerim
3474 1749 3740 1807 congres-

2142 1820 2371 1887 sionem,
2396 1822 2565 1878 solam
2602 1822 2815 1878 interim
2854 1823 3133 1895 professus
3170 1824 3552 1896 narrationem,
3595 1823 3743 1880 sicu-

2144 1910 2200 1966 bi
2247 1919 2425 1966 tamen
2479 1909 2775 1983 indignitas
2829 1912 3087 1968 meruerit
3125 1909 3423 1985 suggillari,
3472 1925 3582 1966 non
3638 1912 3746 1968 erit

1736 2002 1929 2069 Variae
2011 2010 2322 2073 lectiones.

506 2115 555 2154 45
575 2113 733 2185 Quod
774 2113 957 2185 Venet.
982 2109 1032 2148 ίιδ
1061 2108 1427 2185 Promittimus
1455 2108 1630 2169 solius
1658 2112 1830 2168 Fran.
1856 2112 2240 2184 praemittentes
2269 2113 2437 2170 solius
2466 2114 2642 2173 Rhen.
2671 2113 2721 2154 ἠ
2770 2113 2955 2172 Calido
2996 2116 3153 2172 Venit
3189 2113 3473 2173 mendose.
3512 2113 3732 2173 Oberth.

436 2182 616 2245 Semli
638 2185 689 2223 4⁸
707 2182 1128 2256 Ambiguitatem
1155 2182 1280 2239 alii.
1374 2242 1377 2243 ν

1840 2279 2339 2347 Commentarius.

433 2393 684 2467 chetypa,
734 2391 1235 2467 _unde__haec__sun_t
1270 2388 1454 2445 omnia
1500 2396 1644 2447 nata.
1693 2387 2036 2462 Archetypos

438 2459 642 2522 amicos
668 2484 692 2515 ι
718 2463 854 2518 dixit
880 2459 1160 2518 Martialis.
1202 2461 1324 2515 RIG.

507 2536 623 2609 (3t)
648 2537 1007 2593 Passivorum
1035 2532 1459 2605 discipulorum.
1492 2530 1550 2586 Id
1578 2536 1680 2597 est,
1710 2530 2032 2604 vulgarium.

434 2609 619 2751 Rl€32)
664 2680 727 2736 Ut
758 2678 1019 2735 Justinus
1031 2671 1434 2803 (philosophas,
1456 2676 1511 2731 et
1539 2679 1777 2747 martyr.
1808 2674 2032 2744 Alludit,

438 2758 693 2803 quantum
740 2750 952 2803 oninor.
998 2763 1028 2801 a
1112 2744 1207 2799 Ιώ.
1247 2744 1437 2799 Justim
1469 2754 1657 2801 contra
1690 2761 1877 2800 omnes
1916 2748 2032 2801 hae-

438 2744 693 2824 quant'um
728 2750 955 2824 _opin_or,_
998 2744 1065 2803 ad
1112 2744 1207 2824 lib.
1247 2744 1437 2824 Justinj
1469 2744 1877 2824 contra__omnes
1916 2748 2033 2801 hae-

437 2815 606 2887 r’eses,
652 2815 810 2891 cujus
855 2819 982 2875 facit
1012 2817 1354 2891 mentionem
1403 2815 1600 2891 (inquit
1650 2817 2030 2891 Hieronymus,

439 2894 621 2950 Catal.
656 2888 863 2964 script.
894 2888 1070 2960 Eccl.)
1090 2889 1143 2943 in
1176 2888 1542 2964 Apologetieo,
1568 2903 1730 2957 quem
1753 2889 2035 2964 deditisn-

438 2965 628 3019 tonino
659 2959 880 3028 Pio,'his
900 2977 1095 3032 nempe
1120 2959 1306 3014 verbis
1338 2976 1351 3011 :
1386 2961 1483 3014 Est
1503 2964 1694 3016 autem
1715 2961 1874 3018 nobis
1896 2961 2035 3018 liber

436 3040 636 3093 contra
665 3038 846 3091 sectas
867 3037 922 3088 et
944 3033 1183 3089 haereses
1211 3032 1567 3101 compositus.
1586 3032 1747 3101 VPAI.

503 3106 622 3176 (33)
663 3107 726 3162 Ut
760 3104 1034 3160 Miltiades
1075 3100 1451 3176 Ecclesiafuin
1477 3100 1747 3176 sophista.
1780 3101 2041 3176 Hicuscri-

433 3171 542 3249 psit
596 3171 857 3233 adversus
921 3176 1265 3249 Montanum,
1324 3171 1640 3249 Priscillam,
1678 3173 2040 3249 Maximillam-

433 3243 560 3320 que,
581 3250 855 3320 adversus
882 3254 1093 3320 gentes,
1125 3244 1383 3320 adversus
1409 3243 1644 3320 Iudaeos,
1676 3254 1729 3299 et
1768 3260 1865 3320 pr_o
1891 3244 2041 3320 Chri-

431 3314 624 3376 s'tianis
662 3314 1413 3391 Apologéticumhcommodo
1455 3314 1783 3391 et__Severo'
1803 3316 2035 3391 Caesari-

430 3392 533 3448 bus
583 3385 1049 3448 obtulitfauctor
1084 3386 1466 3456 Hieronymus.
1507 3385 1677 3441 Vocat
1720 3396 1892 3440 autem
1935 3388 2034 3442 So-

439 3463 693 3536 pghistam
708 3461 1079 3536 ecclesiarnm
1098 3472 1207 3536 non
1228 3456 1502 3536 probroso
1519 3457 1779 3536 nomine,“
1780 3457 1871 3536 sed
1891 3457 2033 3536 quod

430 3527 758 3607 disputando
794 3534 861 3587 de
909 3528 1235 3607 quibuslibet
1263 3527 1427 3607 rebus
1457 3535 1706 3607 etgsacrae
1746 3527 2035 3607 scripturae

430 3598 564 3659 locis
610 3604 838 3660 multum
886 3598 1090 3674 posset.
1133 3600 1271 3655 Nam
1289 3599 1412 3674 _hoc
1448 3599 1724 3674 veteribus
1775 3598 2035 3674 Sophiste

429 3676 572 3745 fuit.
630 3668 990 3745 Hieronymus
1036 3675 1193 3741 epist.
1238 3668 1308 3724 ad
1354 3669 1569 3745 Anton.
1619 3670 1686 3745 de
1730 3668 2033 3745 modestia:

438 3739 482 3814 ἀγ
516 3745 715 3801 Contra
795 3739 1084 3814 sophistas
1123 3755 1342 3814 quoque
1373 3739 1589 3814 saeculi,
1625 3741 1816 3811 inquit,
1864 3749 1918 3814 et
1953 3754 2037 3794 sa-

432 3813 643 3884 pientes
692 3810 890 3869 mundi'
925 3816 1110 3868 Petrus
1141 3810 1199 3884 et
1223 3810 1479 3884 _Jacobus
1529 3810 2033 3884 pis_cator_mittun-

422 3880 538 3942 tur.
584 3905 610 3937 ι
663 3884 980 3953 Hujusmodi
1030 3880 1392 3953 Ecclesiarum
1448 3880 1710 3952 sophista
1766 3881 1865 3936 fuit
1904 3881 2032 3936 olim

429 3957 575 4012 Beda
625 3951 916 4026 presbyter
957 3952 1047 4007 ille
1090 3951 1464 4022 Anglo—Saxo,
1504 3951 1656 4022 cujus
1695 3961 1771 4008 tot
1824 3961 2034 4008 exstant

430 4026 486 4081 in
527 4023 674 4083 omni
710 4023 1115 4096 disciplinarum
1160 4038 1356 4096 genere
1385 4034 1897 4096 monumenta,qua
1946 4040 2035 4096 sa-

424 4113 543 4225 ga,
572 4114 679 4170 qua
707 4093 957 4169 profana,
1009 4093 1221 4151 tametsi
1252 4095 1428 4168 magis
1466 4095 1632 4152 sacris
1663 4093 1876 4151 deditus
1911 4095 2029 4150 fuit.

475 4185 608 4225 new.

475 4185 608 4225 BEN.

493 4241 617 4313 (34)
638 4242 909 4313 Irenwtis,
926 4239 1187 4313 omnium
1208 4238 1599 4313 doctrinan
1613 4237 2032 4313 curiosissimus

425 4308 783 4385 explorator.
841 4308 982 4385 Inter
1020 4311 1185 4385 multa
1225 4308 1459 4385 _ma_x_imi
1519 4310 1665 4385 pretii
1714 4311 2032 4385 documenta

424 4380 544 4454 quis
590 4399 655 4438 ex
716 4384 823 4454 hoc
866 4380 1175 4437 Tertulliani
1221 4380 1280 4454 in
1330 4380 1733 4454 Valentinianos
1770 4382 2029 4450 opusculo

422 4448 754 4526 accepimus,
786 4452 914 4526 illud
958 4468 1065 4522 prae
1102 4451 1643 4526 caeteris‘memoratu
1682 4448 1905 4526 dign—um
1950 4460 2033 4507 est
2063 4448 2108 4526 Β

424 4521 792 4581 testiinonium
824 4524 893 4579 de
925 4521 1122 4594 magno
1152 4521 1403 4594 pontifice
1432 4534 1635 4590 nostro,
1669 4521 1891 4578 doctore
1930 4539 2033 4578 nec

423 4610 533 4651 non
580 4606 633 4652 et
686 4603 937 4665 martyre,
984 4592 1292 4649 beatissimo
1318 4596 1556 4665 _lrenaeo,
1605 4608 1762 4663 quem
1793 4612 1820 4645 α
1853 4595 2030 4649 haere-

423 4667 777 4733 siarcharum,
815 4663 935 4721 vere
963 4663 1443 4736 contemporalem,
1483 4665 1766 4736 sanctitate
1796 4673 1853 4719 et
1904 4680 2015 4736 prae

423 4741 626 4794 stantia
664 4739 955 4809 insignem,
980 4733 1525 4809 instructissimorum
1544 4733 1995 4809 _voluminum'au

422 4817 651 4875 ctorem,
687 4806 928 4865 omnium
961 4807 1321 4862 doctrinarum
1360 4806 1786 4863 curiosissimum
1824 4807 2022 4878 explo-

423 4890 679 4948 ratorem,
736 4898 759 4929 »
795 4878 1145 4950 οιιτίοείκοτίει
1174 4878 1293 4948 ipse
1338 4878 1784 4950 Septimius,aut
1836 4880 2026 4932 saltem

423 4967 576 5022 aeque
635 4950 941 5022 studiosus,
984 4948 1214 5019 judicat,
1260 4948 1606 5022 caater‘oquin
1645 4949 1842 5022 dignus
1884 4963 2026 5022 sane

422 5018 511 5091 qui
570 5030 777 5075 tantum
830 5018 1071 5076 veritatis
1128 5018 1727 5091 asSertorem'judicet,
1777 5018 2025 5074 laudibus

424 5090 616 5147 efferat
655 5106 717 5146 ac
756 5092 958 5147 saeculo
1004 5092 1182 5147 futuro
1228 5091 1647 5148 recommendet.
1696 5090 1831 5145 Hinc
1868 5103 2024 5144 nemo

428 5164 560 5217 satis
606 5162 806 5234 poterit
854 5162 1039 5218 mirari
1084 5165 1350 5219 undenam
1394 5172 1537 5218 tanta
1576 5162 1899 5234 quibusdam
1936 5177 2027 5234 au-

429 5230 671 5290 ctoribus
724 5234 880 5289 novis
923 5242 976 5289 et
1020 5235 1479 5290 novaturientibus
1526 5230 1746 5288 audacia
1788 5230 2020 5303 venerit,

430 5312 511 5376 ut,
532 5311 714 5377 spreta
738 5312 817 5362 tot
850 5304 1173 5362 saeculorum
1200 5307 1409 5373 canitie,
1441 5319 1628 5359 eversa
1656 5310 1736 5358 tot
1764 5302 1866 5357 sibi
1900 5319 2024 5360 suc-

428 5377 734 5434 cedentium
776 5378 1167 5447 praeconiorum
1207 5377 1504 5445 majestate,
1557 5390 1816 5447 oppressa
1836 5380 2021 5447 tanto-

426 5464 542 5503 rum
574 5465 607 5503 a
647 5445 973 5504 Tertulliano
1012 5447 1226 5502 testium
1272 5460 1428 5513 voce,
1472 5459 1614 5515 unus
1649 5453 1740 5499 aut
1773 5445 1900 5515 duo,
1932 5446 2021 5501 vix

424 5518 642 5574 nomine
687 5519 1105 5588 innotescentes,
1148 5514 1767 5589 diceregausihfuerint,
1818 5532 2022 5589 nequa-

422 5604 608 5658 quam,
635 5589 690 5643 in
728 5604 909 5644 rerum
945 5585 1133 5643 natura
1170 5592 1292 5644 ante
1326 5585 1710 5644 Tertullianum
1754 5585 2025 5646 exstitisse

423 5657 616 5716 Irenasi
656 5674 823 5731 opera
850 5660 1110 5717 adversus
1146 5661 1383 5720 haereses
1410 5675 1602 5718 omnes
1633 5676 1904 5735 nunquam
1933 5675 2022 5718 sa-

2142 2391 2209 2446 tis
2229 2391 2517 2459 laudanda,
2553 2390 2848 2448 evolvenda
2888 2400 2939 2447 et
2982 2392 3372 2463 amplectenda.
3396 2392 3561 2448 Porro
3591 2394 3732 2449 hanc

2143 2470 2391 2533 portento
2430 2463 2661 2518 similem
2702 2463 3020 2518 sententiam
3056 2464 3161 2519 sibi
3184 2466 3307 2533 jure
3353 2465 3573 2534 prOprio
3609 2465 3731 2521 vin-

2142 2534 2287 2606 dicat
2320 2534 2431 2590 Jac.
2484 2534 2689 2606 Salom.
2719 2534 2943 2605 Semler,
2976 2534 3071 2605 qui
3097 2551 3161 2590 ex
3209 2536 3311 2590 hoc
3338 2534 3567 2606 ipsomet
3594 2536 3729 2606 Sep-

2140 2605 2276 2661 timii
2310 2606 2367 2660 in
2420 2604 2832 2678 Valentinianus
2868 2604 3009 2678 libro
3056 2604 3374 2678 argumenta
3410 2608 3475 2661 ad
3514 2604 3729 2663 omnem

2143 2679 2206 2750 ἰ).
2266 2678 2470 2750 Irenaeo
2526 2675 2706 2747 ﬁdem,
2763 2675 3242 2750 auctoritatemque
3289 2678 3725 2750 depromendam,

2139 2748 2441 2829 desumpsit
2471 2748 2829 2829 etcontorsit.
2878 2748 3010 2829 Quae
3050 2758 3108 2804 ut
3150 2748 3391 2821 apprime
3449 2749 3730 2829 retundan-

2141 2827 2249 2901 tur,
2290 2820 2422 2901 nihil
2458 2820 2612 2901 nobis
2651 2821 2820 2901 satius
2857 2820 3030 2901 visum
3078 2830 3178 2901 est,
3207 2820 3373 2900 quam
3403 2829 3459 2873 ut
3496 2822 3729 2901 genuina

2143 2891 2369 2961 ipsamet
2396 2891 2582 2963 lrenaei
2613 2893 2770 2946 verba
2802 2907 2966 2961 prope
2997 2892 3324 2961 Septimiano
3356 2891 3536 2963 textui,
3572 2907 3728 2963 aequo

2144 2963 2281 3032 pede
2318 2970 2370 3017 et
2408 2978 2517 3017 una
2547 2961 2719 3017 fronte
2760 2963 3060 3017 incedenda
3098 2962 3526 3032 conferendaque
3559 2961 3728 3018 cure-

2139 3048 2280 3091 mus.
2323 3033 2452 3103 lnde
2476 3033 2640 3103 enim
2672 3042 2815 3087 certo
2851 3033 3046 3090 certius
3077 3032 3185 3103 fiet,
3216 3048 3317 3088 nec
3359 3035 3520 3088 ullum
3553 3033 3729 3087 homi-

2144 3120 2271 3159 nem
2320 3102 2433 3159 falli
2466 3102 2548 3160 fas
2601 3105 2723 3175 erit,
2756 3104 3082 3160 Tertulliano
3120 3102 3279 3159 suum
3315 3104 3552 3159 libellum
3589 3105 3728 3159 scri-

2145 3175 2291 3231 benti
2328 3175 2644 3246 praaluxisse
2690 3174 2795 3230 non
2843 3183 3050 3230 tantum
3104 3174 3430 3230 sanctissimi
3469 3176 3729 3244 martyris

2143 3264 2311 3319 Opera
2350 3263 2495 3319 vera,
2528 3262 2632 3301 non
2662 3254 2866 3319 tantum
2905 3247 2960 3319 in
3008 3263 3185 3318 graeca
3224 3249 3445 3301 veritate
3489 3256 3726 3319 exarata,

2143 3317 2328 3375 verum
2365 3323 2421 3374 et
2453 3318 2566 3386 jam
2615 3317 2775 3374 latina
2824 3317 3069 3375 versione
3108 3320 3398 3381 translata;
3430 3326 3501 3387 et,
3537 3333 3645 3388 quo
3676 3317 3732 3373 id

2143 3390 2343 3444 clarius
2377 3389 2599 3462 _enitcat,
2632 3389 2843 3462 singula
2888 3391 3084 3445 veteris
3115 3388 3566 3462 interpretatiqnis
3609 3389 3731 3462 Ire-

2142 3462 2247 3514 naai
2279 3460 2447 3531 verba,
2481 3459 2678 3529 quibus
2706 3458 2793 3514 vel
2820 3476 2949 3515 usus
2988 3468 3085 3531 est,
3126 3459 3213 3515 vel
3249 3458 3425 3515 allusit
3451 3459 3735 3514 Tertullia-

2142 3547 2262 3601 nus,
2329 3529 2581 3586 distincto
2649 3531 2956 3586 charactere
3018 3529 3078 3585 in'
3129 3531 3301 3586 lucem
3355 3530 3727 3601 proferemus;

2141 3600 2248 3655 imo
2289 3602 2373 3657 vel
2420 3611 2616 3656 caetera
2655 3603 2817 3656 verba
2864 3603 3005 3656 haud
3037 3602 3112 3658 ita
3154 3600 3487 3671 Septim’iano
3554 3600 3735 3657 textui

2141 3671 2457 3741 consimilia,
2490 3672 2553 3725 ad
2595 3687 2705 3727 rem
2755 3681 2996 3727 nostram
3028 3674 3257 3734 facient;
3297 3675 3493 3742 quippe
3530 3673 3735 3742 quibus

2142 3750 2351 3798 constet
2378 3742 2762 3797 Tertullianum
2802 3744 2986 3799 multis
3031 3760 3188 3801 usum
3228 3743 3532 3798 auctoribus
3575 3745 3641 3797 ab
3665 3760 3734 3798 eo

2138 3813 2383 3883 laudatis,
2413 3814 2633 3886 Justino
2665 3831 2856 3885 nempe
2884 3815 3228 3886 philosopho,
3264 3815 3507 3870 Miltiade
3536 3817 3732 3870 Eccle-

2142 3887 2361 3941 siarum
2390 3885 2657 3956 sophista,
2680 3902 2779 3940 nec
2822 3885 2923 3940 non
2957 3891 3011 3943 et
3032 3885 3133 3942 suo
3166 3886 3420 3953 Proculo,
3456 3901 3604 3941 more
3640 3886 3728 3941 vi-

2142 3956 2335 4028 delicet
2377 3955 2686 4028 colligentis
2741 3963 2792 4010 et
2839 3956 3014 4012 aliena
3062 3958 3164 4011 sibi
3214 3961 3430 4027 propria
3477 3955 3731 4010 efticien-

2141 4025 2228 4098 tis,
2260 4025 2720 4100 modoglrénmum
2758 4028 3071 4100 elucidasse,
3104 4029 3183 4083 vel
3214 4025 3534 4100 explicasse,
3565 4029 3730 4100 modo

2140 4097 2398 4171 nonnulla
2424 4098 2491 4153 de
2511 4100 2633 4171 _ejus
2666 4099 2998 4166 plenitudine
3026 4097 3339 4171 detraxisse,
3389 4098 3550 4155 modo
3596 4099 3732 4171 hinc

2138 4178 2190 4224 et
2216 4169 2340 4224 inde
2356 4168 2612 4239 ,quaedam
2648 4176 2881 4243 mutasse
2918 4186 3226 4243 parumper,
3263 4168 3358 4243 nec
3386 4179 3560 4224 tamen
3613 4170 3735 4243 _cui-

2138 4255 2298 4311 quam
2350 4254 2550 4315 negare
2596 4240 3219 4315 permisisseilrenaéum'
3270 4240 3453 4307 fuisse,
3505 4252 3563 4315 ut
3609 4241 3735 4310 ipse

2140 4319 2385 4383 testatur,
2429 4312 2821 4367 antecessorem
2862 4328 2925 4367 ac
2968 4312 3160 4369 ducem
3206 4329 3384 4377 suum,
3432 4312 3736 4383 eademque

2139 4386 2389 4455 omnino,
2409 4398 2531 4453 quae
2567 4390 2621 4437 et
2658 4398 2778 4455 nos,
2811 4383 2987 4455 ipsum
3024 4393 3150 4439 ante
3196 4383 3381 4439 oculos
3420 4398 3585 4454 Opera
3625 4384 3735 4437 ha—

2139 4454 2339 4510 buisse.
2363 4454 2629 4510 Caeterum
2658 4456 2727 4508 ad
2759 4471 2869 4509 rem
2899 4454 3139 4511 funditus
3176 4455 3547 4517 evincendam,
3589 4469 3736 4509 con-

2139 4526 2359 4582 ferenda
2378 4535 2505 4579 sunt
2527 4525 2587 4579 C.
2614 4526 2705 4581 W.
2727 4525 2917 4582 Franc.
2946 4527 3165 4583 Walch.
3194 4527 3502 4584 Comment.
3526 4526 3591 4583 de
3609 4527 3737 4581 Au-

2141 4597 2367 4652 thentia
2406 4596 2597 4652 libror.
2648 4596 2891 4664 lrenaei;
2923 4596 2978 4652 in
3016 4598 3148 4656 Nov.
3185 4598 3558 4654 Commentat.
3611 4613 3736 4653 soc.

2137 4682 2256 4741 reg.
2293 4668 2535 4741 Gotting.
2580 4666 2729 4741 V,_2,
2762 4671 2793 4722 3
2814 4675 2868 4723 et
2887 4684 3035 4741 seqq.
3079 4670 3283 4727 Contra
3314 4684 3330 4722 1
3362 4668 3471 4722 Sal.
3496 4669 3739 4741 Semler-

2142 4737 2347 4822 lsdgoy.
2368 4737 2575 4822 Histor.
2596 4737 2691 4822 ad:
2704 4737 3127 4822 Banrngartenii
3151 4741 3486 4822 palemicam
3512 4740 3734 4822 prolog.

2132 4809 2198 4865 de
2228 4806 2475 4864 cauenda
2493 4808 2731 4863 molesta
2755 4806 2938 4867 seduli
2945 4816 3060 4868 tate
3089 4806 3253 4867 saera
3279 4811 3349 4865 ad
3370 4806 3739 4868 corriaendas

2132 4878 2403 4950 quasdam
2425 4880 2627 4934 Irenaei
2636 4884 2693 4937 et
2728 4881 3073 4938 Tertulliani
3086 4883 3399 4938 sententias
3422 4886 3478 4939 et
3499 4878 3737 4939 dissert.

2131 4950 2293 5018 ﬁnal.
2349 4950 2417 5005 de
2462 4953 2622 5005 uaria
2676 4956 2731 5007 et
2779 4954 3002 5012 incerta
3048 4954 3234 5012 indole
3277 4953 3551 5010 librorum
3604 4955 3740 5010 Ter-

2136 5021 2393 5075 tulliani.
2446 5020 2586 5076 Eon.

2207 5093 2315 5160 (35)
2343 5094 2407 5149 Ut
2432 5092 2700 5164 proculus
2721 5100 2933 5159 noster,
2954 5097 3189 5164 virginis
3208 5101 3451 5156 senectae
3470 5100 3528 5155 et
3545 5096 3739 5153 chris—

2135 5163 2681 5241 tiariw‘eloquentiw
2714 5166 2989 5241 dignitas.
3024 5163 3392 5241 Pacianusad
3431 5170 3735 5241 Sympron.

2131 5233 2456 5314 deﬂaiholi
2475 5251 2626 5314 nom:
2658 5257 2680 5284 α
2714 5233 2822 5306 Ιρὲἰ
2851 5239 2928 5314 illi
2960 5240 3198 5314 Phryges
3227 5233 3643 5314 nobiliorésqui
3674 5255 3740 5295 se

2130 5306 2412 5385 animatos,
2460 5306 2793 5385 mentiuntur
2819 5324 2854 5364 θ.
2888 5306 3418 5381 ωυωιδξίωωυιω
3454 5328 3484 5365 a
3518 5306 3737 5368 Procu-

2128 5377 2180 5431 lo
2234 5374 2551 5448 gloriantur.
2588 5379 2745 5436 »Βία

2202 5447 2317 5528 (36)
2332 5448 2743 5528 ξίςῃὶᾐσᾳηίἰιέ
2752 5466 2856 5525 per
2868 5454 3212 5528 paginarum
3234 5454 3446 5528 limites
3456 5454 3732 5510 aderunt.

2124 5517 2667 5602 Quasnhic'indigitat
2697 5517 3070 5602 ΤεΞι-ιιι-[ΙίειῖιιιεΔ
3087 5526 3411 5602 marginales
3448 5533 3622 5596 notas,
3643 5597 3656 5602 _
3678 5535 3738 5579 et

2122 5590 2517 5658 interlineares,
2541 5590 2740 5648 'earum
2783 5596 2959 5651 nullus
2992 5597 3074 5651 vel
3117 5590 3513 5655 vetustissimus
3557 5590 3733 5653 codex

2129 5662 2392 5737 quaelibet
2416 5664 2645 5737 vestigia
2672 5665 2917 5726 servavit.
2945 5667 3083 5725 Eon.
