3992 6174
253 401 349 463 585

249 526 572 583 delibatione
600 525 1036 597 transpunctoria
1063 523 1113 562 49
1133 523 1462 596 expugnatio
1492 526 1624 594 (37).
1664 523 1832 581 550

248 613 660 686 Congressionis
713 613 979 667 lusionem
1027 614 1246 684 deputa,
1305 613 1492 676 lector,
1543 620 1666 667 ante
1722 629 1829 682 pu-

243 719 404 773 gnam
428 703 480 741 50
507 702 638 772 (38).
663 699 975 766 Ostendam,
999 700 1094 755 sed
1116 717 1226 756 non
1257 699 1558 770 imprimam
1590 700 1829 755 vulnera.

240 789 291 843 Si
350 799 402 844 et
460 787 719 844 ridebitur
775 787 990 856 alicubi,
1050 787 1286 843 materiis
1355 786 1488 856 ipsis
1559 786 1828 842 satisﬁet:

245 877 412 930 multa
457 883 581 930 sunt
637 875 716 930 sic
768 873 986 946 indigna
1035 876 1259 945 revinci,
1308 891 1373 930 ne
1407 874 1666 948 gravitate
1695 875 1826 931 ado-

248 967 428 1016 rentur
459 960 527 1014 51.
580 960 815 1016 Vanitati
845 962 1064 1032 preprie
1093 961 1347 1017 festivitas
1384 961 1543 1017 cedit.
1575 963 1834 1035 Congruit

245 1059 294 1104 et
318 1049 528 1105 veritati
564 1047 760 1112 ridere,
795 1048 919 1118 quia
954 1049 1171 1112 laetans;
1196 1048 1262 1102 dc
1299 1048 1502 1103 aemulis
1529 1051 1644 1104 suis
1671 1049 1832 1104 lude-

247 1153 318 1201 re,
349 1137 476 1207 quia
523 1151 712 1191 secura
765 1144 866 1191 est.
913 1136 1223 1191 Curandum
1266 1137 1422 1205 plane
1452 1152 1518 1191 ne
1548 1137 1686 1192 risus
1715 1137 1835 1205 ejus

245 1225 503 1290 rideatur,
564 1223 608 1276 si
667 1223 822 1278 fuerit
876 1222 1149 1293 indignus.
1210 1223 1474 1279 Caeterum
1531 1225 1835 1296 ubicunque

239 1313 439 1384 dignus
469 1312 631 1380 risus,
670 1309 908 1367 ofﬁcium
955 1318 1057 1370 est.
1090 1311 1332 1385 Denique
1361 1314 1466 1369 hoc
1495 1312 1655 1371 modo
1690 1312 1833 1368 inci-

239 1415 408 1472 piam.

845 1541 1073 1598 CAPUT
1109 1541 1229 1598 VII.

306 1663 524 1719 Primus
554 1662 791 1718 omnium
818 1663 1022 1719 Ennius
1050 1673 1208 1737 poeta
1238 1679 1514 1733 romanus,
1533 1665 1834 1722 Caenacula

233 1757 504 1808 maxime
546 1752 669 1807 coeli
725 1750 1038 1822 simpliciter
1076 1752 1456 1823 pronuntiavit,
1488 1756 1554 1808 de
1579 1753 1668 1808 lati
1699 1753 1832 1809 situs

1377 399 1567 460 LIBER
1609 400 1758 459 ADV.
1809 399 2333 460 VALENTINIANOS

3417 397 3523 460 586

1941 527 2090 581 Hunc
2140 523 2556 581 substantialiter
2611 523 2824 596 quidem
2868 524 3081 582 ΑΙΩΝΑ
3107 524 3387 582 TEAEION
3416 541 3518 596 ap-

1943 614 2184 685 pellant,
2239 613 2393 670 551
2455 614 2808 684 personaliter
2861 630 3002 671 vero
3055 615 3408 670 IIPOAPXHN
3465 619 3520 669 et

1937 704 2070 757 ΤΗΝ
2101 703 2317 758 ΑΡΧΙΙΝ
2348 702 2483 773 (43),
2515 702 2673 758 etiam
2729 703 2936 774 Bython
2987 703 3037 741 5"
3091 703 3240 774 (44);
3272 703 3419 774 quod
3466 702 3521 757 in

1936 790 2258 846 sublimibus
2313 791 2576 848 habitanti
2618 790 2837 846 minime
2867 791 3216 861 congruebat.
3250 791 3516 857 lunatum,

1941 877 2283 949 immensum,
2369 878 2659 947 inﬁnitum,
2741 878 3090 948 invisibilem,
3161 885 3523 948 aeternumque

1941 966 2203 1022 deﬁniunt
2252 985 2266 1021 :
2297 967 2446 1039 quasi
2504 966 2682 1022 statim
2711 967 2940 1037 probent
2969 981 3088 1023 esse
3117 967 3160 1021 si
3192 965 3353 1022 talem
3382 965 3520 1020 deﬁ-

1938 1053 2088 1109 niant
2116 1054 2328 1127 qualem
2356 1053 2558 1110 scimus
2587 1071 2704 1111 esse
2743 1055 2960 1119 debere,
3017 1063 3077 1110 ut
3113 1054 3190 1110 sic
3221 1055 3268 1092 55
3297 1061 3352 1110 et
3400 1064 3523 1110 ante

1939 1142 2117 1197 omnia
2173 1141 2341 1198 fuisse
2391 1142 2618 1198 dicatur.
2669 1142 2778 1198 Sed
2821 1153 2880 1200 ut
2925 1142 2996 1198 sit
3042 1144 3326 1214 expostulo
3356 1142 3518 1214 (45):

1935 1245 2032 1286 nec
2061 1229 2206 1286 aliud
2237 1229 2412 1302 magis
2457 1231 2510 1286 in
2566 1231 2878 1300 hujusmodi
2935 1231 3131 1287 deuoto
3177 1231 3315 1302 (46),
3362 1245 3524 1302 quam

1935 1317 2079 1387 quod
2119 1327 2240 1387 post
2268 1319 2448 1375 omnia
2478 1319 2834 1384 inveniuntur,
2871 1321 2963 1389 qui
2993 1325 3114 1374 ante
3142 1320 3322 1374 omnia
3359 1317 3524 1375 fuisse

1935 1403 2200 1471 dicuntur,
2233 1415 2287 1460 et
2315 1406 2528 1477 quidem
2562 1421 2664 1462 non
2699 1422 2810 1460 sua.
2845 1405 2924 1461 Sit
2953 1407 3134 1477 itaque
3171 1407 3375 1477 Bythos
3405 1405 3523 1478 (47)

1936 1493 2038 1548 iste
2075 1492 2299 1549 inﬁnitis
2363 1501 2504 1549 retro
2561 1494 2688 1568 aevis
2744 1493 2799 1546 in
2848 1494 3075 1548 maxima
3148 1501 3199 1547 et
3262 1493 3520 1548 altissima

1937 1581 2132 1652 quiete,
2167 1582 2221 1636 in
2251 1581 2360 1637 otio
2402 1581 2652 1651 plurimo,
2679 1581 2904 1652 placida
2965 1589 3038 1649 et,
3071 1592 3130 1638 ut
3160 1582 3230 1636 ita
3267 1581 3520 1648 dixerim,

1940 1669 2202 1740 stupentis
2256 1668 2571 1736 divinitatis,
2621 1669 2834 1742 qualem
2886 1669 3046 1740 jussit
3101 1667 3383 1739 Epicurus.
3451 1670 3522 1724 Et

1940 1765 2114 1813 tamen
2154 1773 2314 1829 quem
2364 1758 2540 1812 solum
2579 1758 2784 1826 volunt,
2842 1758 2970 1812 dant
3021 1759 3073 1812 ei
3122 1758 3410 1812 secundam
3465 1757 3522 1814 in

239 1840 468 1898 nomine
516 1839 585 1908 ⁵2,
635 1839 719 1895 vel
773 1840 901 1911 quia
935 1841 1123 1896 Jovem
1155 1841 1264 1896 illic
1301 1842 1602 1912 epulantem
1630 1841 1832 1913 legerat
1865 1831 1909 1910 Β
1940 1845 2058 1916 ipso
2085 1853 2140 1901 et
2157 1860 2282 1901 cum
2320 1845 2436 1915 ipso
2469 1859 2768 1914 personam,
2800 1844 3068 1908 Ennosan,
3096 1859 3256 1914 quam
3291 1852 3343 1900 et
3375 1844 3520 1900 Cha-

243 1929 388 2000 apud
428 1929 744 1983 Homerum.
808 1927 914 1983 Sed
951 1928 1188 1986 haeretici
1215 1937 1442 2000 quantas
1471 1930 1832 1999 supernitates

240 2016 660 2087 supernitatum;
719 2024 772 2071 et
825 2025 1057 2086 quantas
1128 2016 1481 2074 sublimitates
1525 2017 1831 2073 sublimita-

235 2113 353 2162 tum
382 2106 499 2174 (39)
531 2103 586 2158 in
640 2105 1008 2160 habitaculum
1039 2105 1123 2160 dei
1169 2104 1254 2161 sui
1302 2105 1566 2176 cujusque
1606 2120 1833 2175 suspen-

231 2193 439 2257 derint,
473 2193 778 2259 extulerint,
825 2191 1199 2264 expauderint,
1257 2192 1450 2249 mirum
1499 2201 1601 2248 est.
1651 2192 1830 2249 Etiam

231 2281 470 2338 creatori
522 2289 706 2337 nostro
760 2281 1000 2336 Enniana
1042 2279 1313 2337 coenaeula
1341 2281 1453 2350 (40)
1492 2279 1547 2334 in
1575 2280 1830 2336 aedicula-

234 2386 361 2425 rum
391 2369 651 2438 disposita
679 2379 803 2424 sunt
857 2367 1049 2439 forma,
1100 2368 1217 2423 aliis
1246 2377 1406 2439 atque
1433 2367 1553 2422 aliis
1593 2369 1831 2442 pergulis

235 2458 656 2529 superstructis,
687 2465 743 2514 et
775 2456 1066 2528 unicuique
1121 2457 1224 2513 deo
1272 2471 1369 2528 per
1399 2455 1620 2512 totidem
1659 2457 1830 2513 scalas

234 2547 565 2612 distributis,
595 2555 727 2618 quot
774 2548 1010 2602 haereses
1039 2545 1256 2603 fuerint.
1298 2545 1624 2600 Meritorium
1654 2545 1831 2604 factus

237 2646 321 2692 est
355 2637 612 2702 mundus,
658 2633 897 2690 Insulam
927 2634 1219 2691 Feliculam
1247 2634 1296 2672 ⁵³
1324 2633 1512 2689 credas
1540 2633 1656 2706 (41)
1688 2643 1832 2692 tanta

235 2727 474 2782 tabulata
501 2725 790 2793 caelorum,-
821 2723 998 2780 uescio
1029 2723 1117 2779 ubi
1155 2723 1288 2794 (42).
1342 2722 1457 2779 Illic
1519 2722 1662 2779 enim
1717 2725 1828 2782 Va-

234 2815 660 2871 lentinianorum
728 2815 874 2871 Deus
928 2813 998 2869 ad
1052 2827 1291 2870 summas
1346 2811 1550 2885 tegulas
1608 2812 1822 2868 habitat.

1939 1933 2019 1990 riu
2054 1944 2107 1990 et
2148 1934 2309 2005 Sigea
2365 1935 2586 2004 insuper
2628 1932 2924 1989 nominant.
2971 1934 3040 1988 Et
3085 1932 3222 1988 forte
3260 1932 3522 1989 accedunt

1937 2022 1992 2076 in
2019 2023 2110 2078 illa
2136 2021 2668 2078 commendatissima
2705 2020 2912 2091 quiete,
2957 2034 3177 2076 monere
3205 2019 3254 2057 ⁵⁵
3283 2034 3408 2075 eum
3450 2019 3518 2076 de

1938 2111 2256 2182 proferendo
2310 2110 2528 2168 tandem
2574 2109 2726 2166 initio
2779 2123 2958 2165 rerum
2985 2124 3017 2163 a
3045 2107 3365 2179 semetipso.
3405 2108 3519 2164 Hoc

1937 2199 2053 2257 vice
2101 2197 2320 2255 seminis
2368 2201 2423 2253 in
2481 2197 2641 2270 Siges
2697 2213 2828 2261 suae,
2887 2195 3050 2253 veluti
3100 2195 3423 2267 genitalibus
3468 2194 3516 2233 ⁵⁷

1934 2286 2110 2344 vulvae
2156 2287 2308 2352 locis,
2367 2286 2608 2343 collocat.
2643 2285 2884 2357 Suscipit
2931 2284 3021 2339 illa
3050 2283 3249 2354 statim,
3281 2290 3334 2338 et
3361 2298 3513 2355 prae-

1935 2391 2110 2448 gnans
2174 2373 2420 2444 efﬁcitur,
2477 2381 2530 2431 et
2585 2373 2725 2446 parit
2780 2373 2967 2447 utique
3025 2371 3233 2429 silentio
3268 2371 3416 2444 Sige,
3466 2378 3521 2428 et

1936 2479 2094 2536 quem
2124 2463 2266 2535 parit
2299 2464 2410 2517 Nus
2437 2469 2538 2529 est,
2572 2461 2905 2518 simillimum
2956 2461 3089 2533 patri
3117 2470 3169 2517 et
3205 2474 3394 2530 parem
3423 2475 3520 2532 per

1937 2551 2134 2608 omnia.
2167 2550 2416 2622 Denique
2453 2550 2602 2606 solus
2631 2550 2719 2605 hic
2753 2565 2948 2622 capere
2976 2547 3172 2605 sufﬁcit
3201 2548 3516 2606 immensam

1936 2640 2086 2696 illam
2115 2649 2169 2696 et
2197 2638 2789 2710 incomprehensibilem
2846 2637 3269 2710 magnitudinem
3325 2637 3515 2709 patris.

1937 2729 2014 2784 Ita
2080 2737 2132 2785 et
2187 2715 2306 2800 ipse.
2357 2726 2524 2786 552
2579 2729 2734 2783 Pater
2760 2726 2973 2796 dicitur,
3015 2726 3228 2782 initium
3256 2727 3517 2793 omnium,

1941 2823 1996 2871 ct
2024 2816 2242 2888 preprie
2270 2817 2622 2891 Monogenes.
2654 2813 2855 2888 Atquin
2907 2829 3016 2871 non
3052 2814 3296 2887 proprie,
3347 2813 3518 2887 siqui-

1603 2911 1797 2974 Variae
1839 2915 2145 2977 lectiones.

303 3017 747 3074 Transfunctoria
785 3019 911 3076 Ven.
942 3017 1334 3074 Deliberatione
1364 3016 1775 3072 transfunctoria
1806 3019 1962 3075 Pam.
1994 3022 2164 3075 Fran.
2197 3022 2328 3076 Par.
2356 3017 2758 3074 Deliberatione
2817 3014 3260 3089 transpunctoria
3274 3017 3387 3072 Jun
3401 3060 3425 3089 ._
3453 3018 3509 3072 et

237 3107 502 3146 manusc.
534 3090 583 3127 ⁵ο
615 3091 786 3162 Haud.
816 3106 1056 3162 pugnam
1076 3109 1095 3162 7;
1129 3089 1469 3162 Parristalz'i,
1503 3103 1875 3162 adpugnam;
1906 3090 2012 3162 alti
2040 3098 2129 3145 aut
2161 3106 2416 3160 pugnam.
2449 3088 2503 3162 517
2527 3091 2876 3162 Adornentur
2912 3086 3062 3162 Jun.
3087 3088 3136 3126 ⁵³
3161 3089 3208 3143 Ε
3248 3087 3338 3162 lati
3384 3086 3518 3162 situs

240 3164 422 3217 Rhen.
459 3162 625 3217 Seml.
663 3160 712 3199 ⁵³
739 3158 1030 3215 Feliculam
1053 3161 1199 3216 deest
1226 3161 1288 3213 in
1313 3160 1481 3216 Seml.
1526 3158 1744 3215 Obertlt.
1777 3159 1826 3197 5"
1853 3160 2101 3227 Bythion.
2136 3158 2306 3217 Itheh.
2360 3161 2527 3216 Seml.
2584 3160 2802 3218 Oberth.
2832 3159 2881 3198 ⁵⁵
2912 3159 2981 3216 Ut
3007 3160 3162 3216 abest
3188 3165 3223 3216 ἁ
3251 3158 3427 3214 Rhen.
3460 3160 3518 3213 et

240 3233 400 3288 aliis.
431 3232 478 3270 δι
505 3233 719 3288 Movere
751 3232 924 3288 Rhen.
955 3234 1118 3287 Pam.
1138 3235 1194 3286 et
1223 3230 1347 3286 alii.
1380 3230 1426 3267 57
1463 3229 1616 3285 Velut
1642 3229 1698 3284 iu
1724 3231 2052 3300 genitalibus
2074 3232 2250 3288 Rhen.
2284 3234 2342 3289 et
2370 3230 2495 3287 alii.

1630 3324 2125 3390 Commentarius.

310 3408 564 3499 (522N012
579 3409 689 3499 erit
709 3406 1041 3499 ᾰεζςραέξοηθ
1063 3406 1832 3499 traulspunctpciqexpugnql-
1862 3421 1904 3499 ο
1940 3408 2196 3499 Dicuntur
2243 3412 2424 3462 autem
2476 3421 2586 3486 oper
2649 3402 3049 3484 translationem
3096 3401 3323 3499 insulae.
3358 3403 3518 3499 etiam

241 3480 344 3533 tio.
388 3479 505 3532 Hoc
549 3485 649 3545 est,
689 3477 1053 3549 sugillabimus
1079 3475 1292 3548 quidem
1321 3475 1826 3549 etlibabimus,’sed

234 3565 350 3603 non
400 3546 868 3675 transpunﬁeiﬁus.
900 3546 1182 3627 Sugillatio
1225 3547 1434 3619 pungit.
1470 3546 1826 3627 .Expugnatio

237 3626 604 3675 transnunait.
704 3636 752 3674 ic
780 3626 943 3675 igitur
970 3633 1076 3673 non
1109 3628 1213 3674 erit
1253 3619 1320 3672 de
1365 3618 1708 3675 sugillatione
1738 3623 1826 3672 aut

237 3621 604 3691 transpungit.
655 3618 752 3675 llic
780 3619 943 3691 igitur
970 3633 1076 3673 non
1109 3619 1213 3674 erit
1235 3618 1320 3672 de
1365 3618 1708 3691 sugillatione
1738 3623 1828 3691 aut

238 3688 962 3760 libatibne'transpunctoria
1007 3691 1347 3760 expugnatio.
1406 3689 1494 3744 Sic
1543 3689 1750 3760 legitur,
1769 3688 1826 3742 in

239 3761 481 3828 antiquis
535 3759 951 3831 exemplaribus,
986 3770 1038 3814 et
1080 3759 1413 3831 verissimam
1470 3759 1826 3831 esse’lectio-f

241 3847 370 3886 nem
406 3829 703 3904 _declarant
749 3846 871 3904 quae
915 3838 1226 3904 sequuntur
1269 3849 1342 3904 :_gt
1375 3829 1684 3904 Ostendam,
1733 3830 1826 3885 sed

243 3917 358 3956 non
403 3902 707 3970 imprimam
738 3900 1029 3958 v’ulneraﬁ»
1063 3900 1230 3970 Quasi
1281 3901 1486 3957 diceret
1516 3917 1529 3955 :
1563 3901 1826 3972 Pungam,

243 3986 359 4026 non
393 3989 496 4042 per
518 3972 735 4027 fodiam.
766 3973 890 4028 RIG.

317 4041 441 4112 (38)
475 4044 884 4115 Congressionis
913 4043 1190 4115 tuitionem
1216 4041 1447 4115 depu_ta,
1478 4041 1665 4115 lector,
1697 4043 1830 4115 ante

240 4111 517 4186 pugnam.
553 4111 862 4186 Sichabent
891 4113 1012 4168 libri
1064 4111 1296 4186 veteres;
1343 4112 1446 4186 Sed
1476 4111 1830 4186 nihilominus

245 4183 561 4258 legendum,
623 4185 1034 4258 Congressjoui.
1106 4183 1314 4258 Alludit
1367 4183 1831 4258 ad_przelusi_ones

244 4251 636 4326 gladiatorum,
696 4251 815 4326 quae
879 4255 1076 4326 ﬁebant
1130 4253 1377 4326 rudibus.
1435 4251 1829 4326 Etenim‘lusio

245 4321 371 4380 ante
410 4321 649 4396 pugnam
677 4321 757 4380 est
787 4325 1056 4401 praelusio.
1094 4325 1183 4401 Ait
1230 4323 1392 4390 igitur
1424 4340 1437 4376 :
1471 4324 1617 4376 Hanc
1646 4321 1829 4401 'lusiof

244 4412 372 4452 nem
400 4394 526 4452 ante
575 4394 828 4467 pugnam,
886 4399 1071 4461 lector,
1130 4395 1327 4466 deputa
1381 4394 1752 4463 congressioni
1777 4399 1832 4448 et

248 4483 382 4525 vero
424 4467 720 4521 certamini.
753 4468 832 4522 ll).

321 4539 438 4607 (39)
474 4538 858 4593 Subtimz’tates
900 4537 1336 4592 sublimitatum.
1371 4534 1632 4607 Irenaaus,
1656 4531 1717 4588 In
1746 4533 1832 4588 in-

247 4603 553 4665 visibilibus
588 4608 1103 4663 etinenarrabilibus
1129 4605 1514 4661 altitudinibus.
1552 4622 1575 4652 ι
1610 4603 1694 4658 In.

322 4679 443 4749 (40)
477 4679 791 4734 Caenac-ula.
827 4679 1110 4734 Coenacula
1147 4684 1269 4731 sunt
1302 4674 1586 4749 superiora
1616 4676 1833 4749 domus.

249 4745 562 4805 Virtruvius
580 4750 984 4806 Architectura:
1012 4749 1102 4803 lib.
1129 4763 1169 4801 ιι
1194 4767 1206 4801 :
1231 4767 1253 4797 α
1288 4745 1420 4802 Cum
1449 4745 1612 4812 enim,
1638 4745 1829 4816 inquit,

249 4830 410 4875 aucto
441 4823 634 4874 mirum
676 4822 728 4874 in
778 4821 995 4874 modum
1051 4820 1289 4874 Romano
1334 4817 1552 4888 populo,
1613 4831 1836 4873 necesse

250 4891 450 4945 fuisset
490 4890 545 4945 in
595 4891 885 4947 cmuaculis
935 4889 1160 4944 habitari
1211 4891 1353 4956 (nam
1395 4895 1517 4943 ante
1565 4902 1685 4942 cum
1739 4902 1836 4956 per

245 4961 518 5016 laxitatem
553 4961 704 5018 urbis
748 4961 962 5024 lieebat,
994 4961 1151 5016 unius
1178 4966 1383 5013 tantum
1420 4956 1837 5028 contignationis

247 5031 717 5103 erantqmdiﬁcia),
756 5033 821 5085 ad
863 5030 1192 5087 ediﬁciorum
1218 5029 1531 5085 altitudines
1556 5031 1837 5086 deventum

245 5112 303 5160 et
334 5101 534 5157 mdium
567 5101 935 5173 frequentiam.
961 5121 986 5152 ι)
1012 5103 1200 5156 RHEN.

319 5173 438 5244 (41)
495 5167 751 5228 Insulam
799 5173 1105 5229 Feliculam
1134 5171 1342 5228 credas.
1387 5168 1600 5244 Insulae
1625 5167 1839 5224 nomine

254 5240 602 5314 appellantur
627 5246 770 5298 aedes
797 5259 928 5315 quas
944 5259 1052 5298 non
1073 5244 1378 5315 junguntur
1399 5240 1837 5315 parietibuscum

248 5310 461 5370 vicinis.
495 5317 620 5369 Haec
648 5310 830 5385 igitur'
854 5313 956 5369 fuit
983 5310 1201 5385 insigne
1240 5310 1455 5381 aliquod
1474 5311 1834 5385 _meritorium,

246 5385 304 5439 in
337 5401 447 5457 quo
477 5380 716 5457 tabulaEt
762 5380 1407 5457 quamplurima,_nomen
1457 5380 1684 5457 domino
1721 5382 1836 5436 for-

243 5453 371 5512 tcan
403 5456 632 5511 inditum
663 5453 846 5512 Felici.
875 5453 1091 5511 Is'vero
1120 5453 1366 5509 Feliculaa
1401 5467 1511 5506 suae
1542 5453 1835 5508 tabulatum

239 5543 567 5598 supremum
598 5527 887 5598 habitabat.
914 5526 1007 5582 Est
1034 5527 1088 5580 in
1122 5525 1332 5598 Arriani
1375 5522 1673 5598 Epicteticis
1717 5537 1838 5598 ser-

238 5600 297 5657 vi
318 5593 815 5663 'uomen,Felicio.
850 5597 975 5652 Rm.
1005 5625 1076 5638 —
1107 5595 1358 5653 Insulam
1387 5593 1712 5651 Feliculam.
1747 5593 1837 5649 Sic

238 5669 588 5744 scripsimus,
638 5668 855 5740 quando
909 5668 1251 5725 consentiunt
1303 5663 1628 5737 exemplaria
1701 5679 1834 5720 mss.

436 5777 682 5834 Panos.
719 5773 787 5830 Il.

1934 3479 2128 3532 domus
2159 3491 2385 3548 magnae,
2443 3473 2859 3548 circumquaque
2891 3474 2982 3548 _via
3019 3474 3234 3545 publica
3279 3473 3466 3548 cinctae
3498 3490 3514 3529 :

1934 3495 2128 3532 (tomus
2159 3495 2237 3532 ma
2285 3495 2385 3547 nte,
2443 3495 2859 3548 Circumquaquc
2896 3495 2982 3529 vra
3019 3495 3234 3545 puouca
3279 3495 3466 3530 (31!!th
3498 3495 3514 3529 :

1933 3551 2018 3625 lim
2046 3547 2158 3603 fere
2182 3495 2359 3625 scigent
2388 3548 2632 3625 tabernas
2673 3545 3106 3625 institorias.per
3153 3559 3321 3625 omne
3377 3543 3518 3625 latus

1934 3620 2147 3691 habere.
2180 3619 2295 3674 Hoc
2331 3633 2544 3691 genus_
2567 3618 2832 3691 ali_qua_m__
2852 3615 3098 3691 suspicor
3130 3616 3338 3691 _Romat
3377 3615 3520 3691 cclef

1933 3689 2104 3754 brem,
2162 3698 2252 3744 aut
2291 3685 2884 3760 icErtegCarthaginiis.
2951 3685 3243 3760 Feliculam
3294 3685 3518 3760 apparet

1935 3760 2128 3814 dictam
2185 3776 2217 3814 a
2267 3759 2443 3815 Felice
2473 3758 2662 3813 insulae
2700 3754 2938 3824 domino,
2970 3758 3076 3812 nisi
3103 3755 3276 3813 mavis
3303 3754 3345 3811 af
3361 3754 3516 3826 copia

1935 3846 2115 3885 rerum
2141 3831 2429 3886 venalium.
2456 3831 2639 3884 RHEN.
3049 3833 3062 3845 '

2009 3903 2121 3970 (42)
2153 3902 2338 3958 Nescio
2366 3902 2477 3959 ubi.
2513 3901 2637 3955 Haec
2674 3897 3098 3971 reperiunturAin
3126 3897 3406 3954 codicibus
3424 3910 3520 3952 an-

1935 3971 2118 4042 tiquis,
2151 3974 2241 4026 sed
2275 3972 2442 4025 nihilo
2474 3971 2646 4042 magis
2675 3969 2970 4042 probanda.
3002 3969 3127 4042 Rga.

2009 4043 2122 4111 (43)
2180 4042 2530 4096 ΠΡΟΑΡΧΠΝ
2561 4038 2613 4097 ét
2664 4041 2798 4094 ΤΗΝ
2844 4038 3284 4111 ΛΡΧΗΝ.Υειιιε
3326 4051 3516 4094 exem-

1937 4110 2053 4181 plar
2110 4112 2312 4168 Pithoai.
2372 4113 2718 4178 ΑΠΡΟΑΡΧῼ
2771 4110 3154 4176 ΠΡΑΡΡΧΗΝ,
3187 4112 3364 4165 etiam
3403 4111 3519 4181 _By-

1939 4179 2120 4238 thian.
2175 4183 2249 4234 Ex
2289 4184 2443 4252 cujus
2478 4184 2754 4252 scriptura:
2783 4182 3031 4252 vestigiis
3054 4181 3336 4251 legendum
3364 4179 3519 4252 vide-

1939 4259 2026 4306 tur
2060 4291 2074 4316 ,
2131 4246 2520 4308 IIPOIIATOPA
2577 4246 2629 4306 et
2684 4246 3054 4315 ΙΙΡΟΛΡΧΗΝ,
3104 4246 3300 4304 ’ὲιὶαηι
3357 4246 3518 4317 Byth.

1939 4321 2354 4376 lrenzeuszﬂunc
2375 4327 2568 4377 autem
2595 4325 2650 4376 et
2679 4324 2995 4377 Proarchen
3024 4323 3079 4375 et
3108 4321 3420 4388 Propatoru
3464 4319 3521 4370 et

1938 4390 2162 4464 Bythoin
2190 4396 2408 4457 vocant,
2442 4392 2650 4464 Graeca,
2681 4393 2824 4464 apud
2855 4391 3149 4460 Epiphan.,
3179 4389 3380 4444 habent
3408 4397 3523 4443 tan-

1943 4462 2052 4519 ttim
2086 4463 2388 4533 Προπάτορα
2416 4462 2495 4513 καὶ
2518 4463 2696 4533 Βυθὸνε
2719 4462 2843 4533 RIG.

2015 4523 2350 4604 (MXEtz'ant
2384 4533 2639 4604 Bython.‘
2675 4532 2817 4604 Baebio
2846 4529 3028 4604 dicunt
3075 4525 3248 4583 Graeci
3293 4523 3520 4604 profun-

1946 4595 2230 4672 duianui
2257 4595 2443 4684 autem“
2460 4618 2497 4683 ρ.
2518 4600 2782 4684 profundo
2809 4599 3063 4684 convenit
3098 4611 3292 4684 nomen
3322 4595 3524 4651 habere

1943 4669 2213 4751 summum
2242 4669 2792 4751 _Valentinianorum”
2814 4672 2994 4740 deum,
3051 4669 3378 4751 habitantem
3416 4681 3524 4720 non

1942 4747 1996 4800 in
2027 4743 2317 4815 profundo,
2348 4745 2442 4800 sed
2472 4745 2524 4799 in
2564 4741 2898 4810 sublimibus,
2946 4749 2998 4795 et
3046 4739 3111 4792 ad
3142 4751 3381 4794 summas
3409 4751 3524 4814 cae-

1943 4815 2155 4870 lestium
2207 4815 2607 4871 cmnaculorum
2664 4812 2889 4886 tegulas,
2954 4808 3256 4886 ut_jocan_s
3334 4807 3524 4886 scribit

1941 4885 2167 4942 Tertull.
2219 4886 2433 4956 Bython
2478 4877 2748 4941 Irenaaus'
2781 4889 2956 4940 vocat.
3003 4877 3368 4936 Tértutlianus
3425 4877 3525 4948 By-

1947 4957 2126 5012 thz'on.
2159 4956 2343 5012 RHEN.

1947 4959 2126 5012 thz'on.
2159 4959 2343 5012 RHEN.

2015 5027 2131 5099 (45)
2155 5027 2257 5084 Sed
2277 5030 2345 5082 ut
2364 5027 2444 5099 sit
2469 5025 2775 5099 expostulo.
2795 5023 2856 5079 1d
2876 5030 2984 5079 est:
3008 5022 3123 5099 Hoc
3148 5017 3310 5099 etiam
3330 5017 3526 5099 adver-_-

1946 5087 2041 5152 sus
2069 5087 2191 5171 eos;
2216 5096 2484 5171 contendo
2519 5087 2552 5149 ε’
2578 5097 2753 5171 Deum
2783 5100 2905 5150 ante
2933 5092 3114 5171 omnia
3143 5091 3310 5171 fuisse
3341 5131 3354 5156 ,
3381 5087 3524 5171 quod

1944 5175 2119 5224 tamen
2172 5167 2276 5238 ipsi
2323 5175 2522 5238 negant
2547 5167 2638 5237 qui
2669 5175 2992 5223 coaetaneam
3022 5165 3132 5220 Deo
3153 5165 3404 5218 comitem
3425 5165 3524 5216 tri-

1942 5238 2114 5293 buunt
2143 5239 2400 5294 Ennmam
2427 5239 2541 5293 sive
2569 5239 2749 5308 Sigea.
2786 5239 2909 5292 RIG.

2014 5310 2106 5380 (47
2137 5310 2244 5382 Nec
2262 5308 2421 5382 aliud
2441 5300 2710 5382 magis'in
2724 5306 3061 5382 _hujusmpdi
3081 5304 3296 5361 deuoto.
3319 5301 3381 5356 In
3422 5300 3526 5354 hu-

1937 5379 2200 5449 juSmodi,
2235 5379 2686 5436 sciliceUEdnum
2717 5379 2913 5433 fabula.
2947 5379 3025 5433 In.

2012 5451 2128 5523 (45)
2157 5437 2226 5508 Et
2257 5452 2477 5523 quidem
2509 5467 2624 5507 non
2652 5467 2774 5506 sua.
2810 5451 2894 5506 Sit
2917 5452 3130 5523 _itaque
3167 5443 3385 5523 Bythgs.
3445 5437 3525 5519 Ita

1944 5514 2160 5592 scripsit
2185 5514 2498 5586 Rhenanus;
2557 5537 2680 5576 cum
2710 5530 2863 5574 antea
2915 5514 3183 5590 legeretur
3208 5514 3246 5568 ‘z
3297 5514 3366 5568 Et
3395 5514 3522 5582 qut-

1943 5593 2067 5648 dem
2096 5607 2210 5648 non
2236 5609 2340 5648 sua.
2364 5607 2441 5648 se.
2471 5594 2664 5648 Itaaue
2690 5591 3029 5648 Buthos.etc.
3051 5588 3133 5643 In.

1980 5609 2067 5650 em
2096 5607 2210 5651 non
2236 5609 2340 5651 sua
2364 5607 2441 5651 se.
2471 5605 2664 5666 Itaque
2690 5605 3029 5662 Bymos,etc.
3051 5605 3133 5643 ω.

3273 5759 3343 5814 19
