4016 6188
303 297 412 357 609

877 423 1104 481 CAPUT
1139 425 1337 482 XVIII.

383 528 492 584 Hac
534 527 845 586 ancteritate
938 530 1100 587 trium
1185 532 1391 590 scilicet
1475 533 1771 593 liberorum
1819 537 1898 608 (9)

309 618 538 690 agendis
569 619 728 674 rebus
766 619 1052 677 exercitior
1089 621 1138 660 6⁵
1187 621 1347 689 facta,
1399 621 1638 680 formare
1692 623 1904 696 singula

309 721 512 777 genera
569 706 862 764 constituit.
893 708 999 764 Sed
1021 708 1259 780 spiritale
1288 710 1505 780 quidem
1548 727 1655 768 non
1685 713 1754 766 ita
1799 727 1903 782 po-

309 795 414 848 tuit
447 792 710 867 attingam
737 795 807 859 66,
850 805 907 848 ut
956 806 1013 850 et
1075 797 1194 866 ipsa
1245 797 1530 869 spiritalis.
1579 800 1711 856 Fere
1760 799 1904 854 enim

309 881 464 953 paria
488 887 543 937 et
571 883 1036 950 consubstantiva,
1076 884 1133 938 in
1172 887 1488 944 alterutrum
1513 887 1694 943 valere
1734 888 1906 943 socie-

312 975 402 1024 tas
467 977 673 1024 naturae
739 971 977 1042 negavit.
1017 972 1095 1028 Eo
1135 972 1332 1040 animo,
1393 989 1562 1030 unum
1599 975 1646 1014 6³⁸
1685 975 1752 1030 ad
1783 974 1903 1030 ani-

309 1055 450 1110 male
492 1055 786 1124 convertit;
811 1059 1036 1127 prolatis
1073 1059 1276 1116 Soteris
1309 1059 1634 1133 disciplinis.
1686 1063 1748 1117 Et
1784 1061 1904 1134 pri-

310 1158 458 1198 mum
503 1143 672 1215 (quod
709 1160 830 1200 cum
879 1162 1078 1218 magno
1145 1149 1370 1205 horrore
1425 1149 1778 1222 blasphemiae
1854 1157 1907 1206 et

310 1232 794 1302 pronuntiandum,
852 1242 903 1290 et
958 1236 1242 1306 legendum
1312 1245 1393 1293 est
1439 1247 1492 1293 et
1556 1237 1906 1311 audiendum)

313 1319 486 1375 Deum
518 1321 674 1393 ﬁngit
723 1321 776 1360 68
829 1322 972 1378 hunc
1025 1330 1272 1380 nostrum
1311 1333 1364 1380 ct
1407 1325 1666 1395 omnium,
1711 1336 1902 1398 praeter

313 1408 708 1474 haereticorum,
745 1415 968 1479 patrem,
1019 1411 1146 1466 et59
1193 1411 1557 1484 Demiurgum,
1618 1421 1671 1468 et
1725 1429 1906 1484 regem

311 1495 690 1552 universorum
717 1514 840 1568 quae
871 1506 994 1569 post
1021 1500 1193 1554 illum.
1225 1500 1306 1554 Ab
1340 1501 1434 1556 illo
1457 1501 1602 1558 enim
1632 1505 1814 1558 omnia
1833 1504 1902 1571 ⁷ο,

311 1585 360 1639 si
389 1593 569 1640 tamen
596 1587 664 1640 ab
701 1587 814 1652 illo,
841 1596 894 1642 et
924 1603 1032 1642 non
1066 1587 1232 1644 573
1267 1591 1332 1644 ab
1362 1588 1478 1659 ipsa
1509 1589 1686 1660 potius
1733 1591 1907 1646 Acha-

313 1674 484 1737 moth,
518 1689 548 1726 a
591 1690 698 1743 qua
725 1675 934 1730 occulto
999 1675 1137 1731 nihil
1177 1677 1416 1732 sentiens
1461 1679 1578 1747 ejus
1603 1719 1618 1744 ,
1671 1690 1722 1734 et
1763 1679 1908 1735 velut

319 1760 577 1830 sigillario
605 1761 650 1799 ἠ
682 1764 1016 1819 extrinsecus
1045 1764 1210 1820 ductu
1237 1765 1372 1837 (10),
1429 1765 1484 1820 in
1519 1783 1732 1822 omnem
1773 1781 1904 1838 Ope-

327 1851 586 1904 rationem
625 1851 964 1907 movebatur.
998 1853 1248 1924 Denique
1314 1869 1376 1908 ex
1425 1855 1524 1910 hac
1555 1871 1899 1926 personarum

321 1938 384 1991 in
423 1939 674 2009 operibus
726 1940 1074 2013 ambiguitate
1108 1983 1121 2008 ,
1155 1957 1350 1998 nomen
1408 1942 1482 1997 illi
1528 1944 1902 2015 Metropatoris

315 2024 670 2092 miscuerunt,
721 2027 987 2082 distinctis
1045 2029 1504 2101 appellationibus
1543 2031 1752 2086 caeteris
1817 2047 1899 2085 se-

311 2112 552 2168 cundum
579 2121 747 2169 status
791 2122 844 2170 et
871 2115 1008 2171 situs
1037 2131 1262 2185 operum
1297 2133 1312 2171 :
1343 2127 1402 2174 ut
1428 2117 1739 2173 animalium
1770 2120 1896 2191 qui-

309 2200 438 2258 dem
463 2200 879 2258 substantiarum
907 2218 1041 2274 quas
1079 2205 1147 2260 ad
1185 2203 1462 2262 dexteram
1492 2208 1890 2274 commendant,

1480 302 1672 372 LIBER
1711 305 1864 364 ΜΝ.
1907 303 2446 372 VALENTINIANOS.

3486 319 3592 378 610

1940 445 1985 525 Α
2021 443 2222 503 patrem
2277 443 2633 506 nuncupant:
2685 437 3033 494 materialium
3063 438 3114 478 ⁷³
3157 457 3284 498 vero
3333 457 3468 512 quas
3526 444 3590 497 ad

2014 525 2206 581 laevam
2236 527 2508 597 delegant,
2541 527 2888 600 Demiurgum
2919 529 3197 585 nominent
3226 549 3238 587 :
3265 532 3466 604 Regem
3491 547 3594 588 au-

2014 621 2117 670 tem
2145 615 2504 672 communiter
2534 618 2586 672 in
2617 617 3020 674 universitatem
3068 619 3208 688 (11).

2587 758 2810 816 CAPUT
2847 759 3001 816 XIX.

2081 879 2188 937 Sed
2219 897 2318 938 nec
2371 879 2651 937 nominum
2709 880 3014 951 proprietas
3043 881 3304 953 competit
3351 887 3598 955 preprie-

2013 970 2108 1026 tati
2140 985 2386 1041 operum,
2417 969 2484 1024 de
2511 968 2710 1040 quibus
2739 970 2958 1025 nomina
2983 971 3184 1042 omnia,
3225 987 3348 1026 cum
3378 973 3599 1031 deberet

2012 1059 2104 1114 illa
2133 1060 2250 1114 haec
2274 1057 2458 1112 omnia
2489 1057 2732 1125 vocitari,
2779 1071 2812 1112 a
2845 1074 2952 1129 qua
2994 1075 3082 1114 res
3129 1059 3446 1131 agebantur,
3493 1060 3598 1116 nisi

2011 1146 2158 1219 quod
2183 1148 2294 1216 jam
2321 1159 2421 1199 nec
2448 1145 2515 1198 ab
2553 1143 2660 1198 illa.
2715 1143 2847 1200 Cum
2903 1144 3047 1200 enim
3089 1143 3268 1200 dicant
3298 1147 3597 1202 Achamoth

2011 1235 2070 1290 in
2091 1236 2348 1289 honorem
2377 1232 2605 1286 Eonum
2633 1231 2896 1304 imagines
2924 1239 3356 1304 commentatum,
3409 1250 3595 1290 rursus

2013 1325 2117 1379 hoc
2143 1323 2198 1376 in
2225 1321 2470 1376 Sotercm
2501 1331 2775 1376 auctorem
2805 1322 3146 1393 detorquent,
3193 1323 3285 1392 qui
3319 1338 3420 1392 per
3445 1323 3594 1378 illam

2013 1412 2082 1467 sit
2107 1417 2361 1482 operatus
2395 1426 2406 1465 :
2439 1419 2498 1464 ut
2523 1410 2697 1479 ipsam
2728 1409 2968 1480 quidem,
2999 1409 3286 1480 imaginem
3319 1412 3484 1480 patris
3505 1411 3592 1466 in-

2013 1501 2238 1558 visibilis
2269 1505 2323 1553 et
2384 1498 2646 1570 incogniti
2693 1499 2878 1570 daret;
2941 1498 3268 1570 incOgnitam
3310 1499 3511 1554 scilicet
3541 1505 3594 1555 et

2011 1588 2336 1644 invisibilem
2379 1587 2690 1658 Demiurgo,
2723 1587 2970 1642 eumdem
3015 1595 3191 1644 autem
3239 1589 3594 1660 Demiurgum

2015 1677 2132 1731 Nun
2179 1675 2344 1730 ﬁlium
2411 1672 2716 1744 efﬁngeret,
2769 1675 3085 1747 Archangcli
3141 1691 3265 1731 vero
3313 1675 3593 1748 Demiurgi

2011 1781 2170 1838 Opus,
2218 1763 2458 1835 reliquos
2505 1763 2702 1818 onnas
2757 1764 3135 1832 exprimerent.
3169 1764 3302 1818 Cum
3333 1764 3593 1834 imagines

2010 1854 2168 1909 audio
2195 1861 2370 1907 tantas
2391 1851 2573 1922 trium,
2603 1865 2808 1921 quaero,
2843 1865 2952 1903 non
2971 1849 3052 1905 vis
3070 1867 3215 1906 nunc
3245 1859 3300 1904 ut
3329 1851 3592 1924 imagines

2011 1942 2212 1998 rideam
2245 1939 2630 2012 perversissimi
2659 1936 2817 1993 574
2855 1938 3076 2008 pictoris
3121 1937 3332 1993 illorum
3352 1941 3380 1992 ε)
3409 1939 3589 1994 Femi-

2013 2047 2134 2085 nam
2191 2029 2508 2094 Achamoth,
2541 2027 2835 2099 imaginem
2863 2026 3030 2098 patris
3053 2025 3082 2080 ?
3107 2035 3159 2081 et
3191 2027 3438 2098 ignarum
3468 2042 3590 2082 ma-

2009 2120 2104 2176 tris
2133 2117 2501 2190 Demiurgum,
2533 2117 2702 2172 multo
2735 2116 2905 2190 magis
2961 2114 3128 2186 patris
3156 2113 3242 2168 73‘?
3289 2115 3590 2186 Imaginem

2005 2207 2120 2263 Nus
2139 2207 2435 2278 ignorantis
2463 2213 2670 2278 patrem
2685 2205 2713 2260 ?
2740 2212 2794 2260 et
2814 2204 3034 2276 angelos
3053 2202 3283 2260 famulos
3303 2201 3590 2260 simulacra

1678 2380 1867 2444 Varia:
1906 2385 2212 2446 lectiones.

379 2511 430 2550 6⁵
457 2513 796 2586 Legiposset
815 2511 1157 2586 exercitatior
1179 2511 1365 2586 Iuni6
1394 2511 1662 2586 Effingere
1689 2515 1810 2568 Lat.
1833 2515 1999 2586 idque
2027 2515 2233 2586 melius
2253 2511 2481 2586 videtur
2503 2514 2638 2586 Jun.
2657 2513 2706 2552 ⁵⁸³
2725 2513 2779 2570 Si
2798 2529 2968 2586 unum
2982 2510 3588 2586 _Bhe_n._$_eml._manum

305 2583 374 2637 ad
405 2581 634 2636 animale
667 2585 796 2638 Jun.
829 2581 878 2619 6³
907 2583 1077 2639 Deum
1105 2583 1234 2650 tingi
1263 2584 1456 2639 adhuc.
1493 2581 1664 2641 Rhen.
1705 2586 1873 2640 Seml.
1896 2581 1944 2623 69
1977 2589 2147 2640 Deum
2173 2585 2534 2654 demiurgum.
2571 2585 2742 2642 R-hen.
2779 2585 2945 2640 Seml.
2980 2584 3030 2621 το
3061 2584 3138 2638 Ab
3165 2583 3257 2637 illo
3287 2583 3430 2637 enim
3471 2581 3584 2638 si...

308 2654 480 2728 Seml.
513 2655 932 2728 omisitiptnnia,
955 2657 1154 2728 forsan
1189 2655 1350 2726 lapsu
1385 2655 1832 2728 thypographieo.
1865 2657 1910 2693 ἠ
1937 2656 2364 2727 SigillarioJun.
2387 2655 2437 2694 Ἷ²
2466 2655 2824 2713 Maternorum
2847 2655 3023 2713 Rhen.
3057 2655 3228 2712 Seml.
3242 2656 3392 2724 forte
3412 2663 3588 2709 mate-

305 2725 506 2781 riorum
539 2726 672 2782 Jun.
710 2725 756 2762 ⁷³
784 2725 948 2782 Multo
979 2726 1152 2799 magis
1176 2725 1348 2798 patris
1375 2725 1605 2784 uncinis
1635 2725 1886 2784 includit
1915 2725 2050 2784 Jun.

1721 2901 2214 2966 Commentarius.

305 3031 408 3083 καθ’
445 3032 634 3095 αὐτοὺς,
673 3035 763 3084 τοῦ⁹
789 3029 876 3099 μὲν
903 3029 954 3086 ἐκ
981 3036 1062 3086 τοῦ
1090 3033 1280 3092 πάθους·
1317 3033 1364 3092 ὃς
1387 3026 1442 3099 ἧν
1471 3032 1560 3099 ὕλη
1585 3051 1597 3065 ·
1629 3036 1711 3083 τοῦ
1750 3031 1802 3084 δὲ
1842 3030 1894 3084 ἐκ

301 3109 392 3170 τῆς
420 3106 705 3172 ἐπιστροφῆς
731 3105 754 3154 ὃ
789 3100 848 3170 ἧν
875 3105 926 3155 τὸ
955 3103 1152 3170 ψυχικόν
1177 3125 1190 3138 -
1225 3109 1304 3157 τοῦ
1334 3100 1389 3156 δε
1420 3105 1442 3153 ὃ
1479 3103 1736 3170 ἀπικὺησε,
1759 3105 1891 3156 τοῦτ’

305 3173 412 3226 ἔστι
435 3177 488 3226 τὸ
517 3175 854 3242 πνευματικὸν,
874 3175 1016 3233 αὔτως
1037 3175 1220 3244 ἐτράπη
1249 3173 1328 3226 ἐπὶ
1347 3173 1434 3240 τὴν
1457 3173 1700 3244 μόρφωσιν
1714 3175 1893 3231 αὐτῶν.

379 3245 786 3315 Interpretatio
819 3249 994 3300 vetus.
1026 3275 1097 3285 —
1125 3247 1252 3314 Cap.
1297 3247 1348 3312 lt,
1380 3246 1478 3315 §5.
1507 3247 1585 3298 lla
1599 3261 1668 3298 nc
1697 3248 1895 3300 autem

305 3315 617 3370 Aeha-moth
629 3319 800 3370 extra
809 3316 1120 3386 passionem
1134 3317 1348 3386 factam
1361 3316 1669 3386 concepisse
1680 3315 1744 3369 de
1764 3331 1896 3386 gra-

309 3387 600 3458 tulatione
619 3402 836 3454 eorum,
856 3403 978 3458 qua:
998 3403 1128 3442 cum
1148 3403 1208 3458 eo
1232 3391 1384 3450 sunt,
1403 3387 1689 3442 luminum
1719 3387 1891 3458 visio-

301 3471 460 3519 nem,
496 3456 552 3528 id
601 3467 683 3510 est
719 3456 1042 3528 Angelorum
1080 3457 1172 3528 qui
1211 3465 1508 3528 erantcum
1541 3472 1626 3520 eo,
1660 3463 1713 3510 et
1751 3457 1895 3511 dele-

303 3533 523 3600 ctatam;
538 3526 598 3600 in
619 3526 911 3600 conSpe'ctu
943 3526 1131 3600 eorum
1151 3529 1430 3600 peperisse
1456 3526 1660 3581 fructus
1681 3541 1893 3600 secun-

305 3597 448 3652 dum
481 3597 640 3652 illius
695 3598 1006 3669 imaginem
1055 3597 1276 3666 docent,
1323 3607 1528 3668 partum
1559 3597 1897 3669 spiritualem

305 3669 609 3723 secundum
651 3669 1052 3724 similitudinem
1087 3669 1284 3725 factum
1315 3669 1606 3724 satellitum
1646 3669 1895 3724 Salvato-

305 3739 406 3794 ris.
433 3769 518 3811 —-_
531 3739 668 3809 Cap.
691 3742 742 3806 5,
773 3739 800 3810 §
833 3743 856 3792 1
890 3756 902 3792 :
943 3740 1068 3795 Tria
1097 3739 1266 3811 igitur
1295 3741 1408 3794 haec
1432 3756 1556 3795 cum
1585 3739 1892 3806 subsistant,

305 3809 620 3865 secundum
647 3825 752 3882 eos,
776 3809 959 3865 unum
980 3809 1198 3880 quidem
1216 3813 1588 3882 expressione,
1613 3811 1753 3882 quod
1774 3813 1900 3868 erat

307 3881 575 3944 materia,
639 3880 885 3935 alterum
929 3895 1054 3936 vero
1097 3883 1161 3937 de
1191 3880 1740 3952 con"vci‘sione,'q_uod
1772 3885 1897 3938 erat

303 3952 609 4024 ani-male:
648 3952 895 4024 alterum
934 3967 1062 4008 vero
1099 3953 1240 4024 quod
1277 3953 1448 4009 enixa
1491 3955 1595 4016 est,
1633 3952 1776 4024 quod
1812 3956 1900 4008 est

305 4021 720 4146 ipiritualemic
735 4036 996 4079 conversa
1017 4021 1182 4078 estin
1201 4025 1604 4094 formationem
1625 4021 1894 4096 ipsorum.

333 4107 450 4146 inn.

333 4107 450 4146 Ξοὓο-

389 4161 467 4232 (9)
501 4163 692 4218 Trium
719 4163 934 4220 scilicet
958 4163 1278 4219 libero-rum.
1311 4164 1390 4217 De
1412 4164 1535 4231 jure
1565 4162 1724 4218 trium
1755 4162 1890 4218 libe-

315 4246 498 4304 rerum
540 4233 704 4288 multa
751 4241 878 4288 sunt
907 4236 1104 4304 passim
1131 4233 1186 4288 in
1225 4234 1698 4289 constitutionibus
1736 4240 1887 4304 vete-

308 4302 640 4375 rnmwimpp.
683 4304 850 4360 Vetus
870 4302 1157 4375 interpres,
1183 4306 1286 4359 hoc
1305 4311 1385 4360 est
1423 4304 1694 4374 expositor
1723 4303 1886 4359 Codi-

305 4372 386 4446 cis
433 4374 636 4446 Theotl.
695 4375 788 4446 qui
829 4372 1043 4446 mutilus
1083 4383 1297 4440 exstat,
1343 4391 1463 4444 cap.
1491 4372 1586 4446 ide
1626 4376 1890 4446 legitimis

307 4445 519 4500 hwred.
550 4443 648 4498 lib.
704 4443 758 4510 v,
815 4445 965 4500 docet
1019 4455 1243 4500 matrem
1276 4443 1584 4513 haberejus
1615 4443 1770 4498 trium
1821 4445 1891 4498 Ii-

303 4515 584 4579 berorum,
617 4515 664 4568 si
709 4517 944 4584 ingenua
981 4524 1090 4570 tres
1142 4523 1325 4584 partus
1353 4515 1604 4581 vivos,'et
1651 4514 1894 4569 libertina

303 4595 540 4656 quatuor
582 4585 826 4657 ediderit.
867 4589 982 4657 Hoc
1036 4586 1370 4657 privilegium
1431 4585 1584 4641 etiam
1648 4585 1752 4657 illis
1796 4584 1890 4654 qui

307 4659 490 4710 nullos
547 4656 870 4712 sustulerant
951 4656 1187 4724 liberos,
1237 4656 1516 4712 interdum
1591 4656 1892 4727 principum

309 4727 497 4780 favore
517 4727 928 4782 concedebatur.
961 4727 1058 4784 Jus
1106 4728 1264 4782 trium
1314 4729 1603 4784 liberorum
1641 4727 1894 4782 Suetonio

305 4796 624 4868 Tranquillo
655 4813 844 4866 parum
893 4797 1457 4868 felixrmatrimonium
1509 4804 1759 4868 experto,
1793 4798 1895 4851 tri-

309 4867 720 4936 buitTrajanus
765 4869 964 4936 Caesar,
1027 4867 1082 4922 id
1142 4869 1412 4924 rarissime
1467 4867 1640 4924 facere
1687 4867 1893 4934 solitus,

309 4953 412 4992 nec
467 4954 749 5011 numerum
791 4942 1074 5011 excedens,
1107 4955 1268 5010 quem
1325 4939 1898 5011 apudAamplissimum

307 5016 574 5075 senatum,
633 5009 738 5062 sibi
787 5009 1139 5066 suffecturum
1195 5009 1421 5066 dixerat.
1471 5009 1636 5064 Porro
1671 5010 1898 5064 multum

307 5082 526 5133 valebat
559 5081 650 5148 jus
699 5080 856 5136 trium
909 5081 1203 5138 liberorum
1232 5083 1300 5136 ad
1327 5081 1666 5136 haereditates
1692 5081 1900 5136 adeun-

309 5152 430 5204 das.
465 5153 642 5205 RHEN.

283 5247 290 5256 -
385 5223 500 5291 (10)
533 5222 860 5291 Singi’llario
890 5225 1240 5280 extrinsecus
1261 5223 1452 5279 ductu.
1480 5221 1570 5278 Sic
1589 5223 1786 5277 habent
1813 5237 1901 5277 ve-

313 5299 463 5364 teres
495 5293 715 5364 quidem
766 5293 908 5360 libri,
955 5295 1052 5348 Sf'tl
1099 5295 1253 5348 t'also.
1283 5293 1533 5364 Omnino
1583 5294 1894 5364 legendum,

307 5361 588 5436 sigillaria
631 5363 827 5436 ductu.
849 5365 936 5418 Sic
955 5365 1093 5418 libro
1113 5365 1187 5436 de
1211 5363 1404 5436 anima,
1429 5361 1712 5436 Sigillaria
1741 5369 1897 5420 motu

309 5434 668 5506 superﬁciem
687 5435 848 5489 intus
869 5437 1142 5506 agitante.
1161 5435 1366 5490 Glossa:
1380 5434 1894 5506 veteres,Sigillari,

307 5501 696 5577 Νεὺρόσπαστοι.
729 5501 936 5561 Marcus
967 5506 1288 5576 Antoninus,
1319 5504 1469 5564 initio
1494 5505 1592 5563 lib.
1621 5501 1720 5577 Vt},
1761 5505 1896 5564 dixit

307 5577 592 5648 σιγιλλάρια
608 5577 1109 5650 νευροσπαστοῦμενα.
1131 5577 1256 5633 RIG.
1679 5577 1682 5580 ’

1926 3055 1968 3132 c
2069 3032 2682 3114 (tilUniversitatem.
2717 3032 2774 3112 _In
2817 3031 2920 3086 hoc
2951 3032 3150 3112 capite,
3199 3038 3260 3086 ut
3290 3031 3345 3086 in
3381 3047 3585 3102 praece-

1999 3102 2144 3156 denti
2174 3105 2331 3156 Simul
2387 3109 2440 3156 et
2483 3111 2752 3156 sequenti.
2796 3103 3182 3156 Tertullianus.
3217 3105 3284 3156 ad
3327 3102 3585 3156 modera-

2069 3103 2144 3156 nti
2174 3103 2331 3157 simul
2387 3109 2440 3156 et
2483 3103 2752 3173 sequenti,
2796 3103 3182 3171 Tertullianus,
3217 3105 3284 3156 ad
3327 3102 3585 3159 modera-

2003 3181 2112 3228 tum
2153 3182 2206 3228 et
2233 3189 2393 3244 grave
2431 3189 2603 3242 genus
2633 3183 3008 3244 argumentum
3039 3189 3305 3242 reversus,
3336 3175 3584 3242 jOr'isque

2003 3243 2276 3314 paulisper
2321 3244 2655 3308 renuntiatis,
2688 3259 2793 3297 non
2846 3243 3021 3298 solum
3070 3244 3246 3298 datam
3285 3246 3352 3297 ab
3381 3245 3586 3298 Irenaeo

1999 3317 2227 3376 Γνώοεως
2253 3314 2670 3384 descriptionem
2703 3314 2864 3369 refert
2907 3316 3231 3369 adamussim
3261 3323 3311 3370 et
3341 3314 3398 3367 in
3428 3329 3584 3368 suam

1999 3385 2170 3458 ipsius
2229 3386 2515 3458 loquelam,
2578 3386 2966 3458 scribendique
3027 3385 3307 3458 propriam
3370 3384 3584 3458 institu-

2004 3456 2203 3512 tionem
2233 3454 2465 3528 refricat,
2498 3457 2592 3512 sed
2647 3464 2702 3512 et
2731 3454 2928 3516 evolvit
2956 3454 3252 3513 luculenter
3281 3464 3334 3512 et
3363 3454 3585 3511 uberius

2002 3537 2233 3584 enarrat.

2071 3601 2212 3654 Iren.
2270 3596 2776 3668 ad-versus‘IIgeres.
2817 3613 2936 3667 cap.
2973 3600 3048 3668 ,5,
3089 3597 3116 3668 §
3361 3595 3485 3668 me
3527 3595 3586 3668 εξ»

2001 3667 2086 3740 μὲν
2145 3669 2458 3740 πνευματικὸν
2503 3666 2568 3740 μὴ
2607 3662 2896 3736 δεδυνῆσθαί
2935 3662 3056 3740 αὐτῇ
3091 3662 3387 3740 impeditam,
3422 3662 3585 3734 ἐπειδὴ

2002 3737 2514 3810 ὗμοοὺσιονήὺπῆρχεῖ
2536 3741 2673 3810 αὐτῇ.
2701 3741 2970 3810 Τετράφθαι
3007 3737 3059 3792 δὲ
3092 3737 3176 3792 ἐπῖ
3202 3737 3294 3805 τὴν
3327 3739 3584 3810 μόρφωσιν

2001 3797 2089 3868 τίῆν
2102 3797 2455 3884 ’γινομένηνηξξ
2491 3815 2574 3884 τῆς
2622 3797 2906 3884 ἒῖιτιετρᾶφῖίς
2954 3810 3101 3884 αὐτῆς
3139 3797 3348 3884 collisi
3395 3797 3582 3872 ὸόσίας,

2003 3880 2259 3954 προϐὰλεῗν
2279 3901 2339 3970 ’τε
2365 3881 2427 3934 τὰ
2446 3881 2577 3970 nepa
2594 3887 2684 3970 τόῦ
2705 3880 2934 3970 Σωτῆρος
2957 3883 3234 3970 pueritia-fa.
3265 3881 3359 3970 I‘ia’t‘t
3387 3885 3583 3970 npt‘i'irpv

2001 3951 2380 4025 panopemxévai
2421 3951 2569 4025 αὐτὴν
2613 3951 2789 4021 ἕντῆς
2835 3951 3034 4024 ψυχικῆς
3059 3951 3231 4025 situla;
3275 3951 3584 4022 λέγουσιτὸν

2003 4023 2188 4095 πρὶτέρά
2233 4025 2312 4075 καὶ
2359 4023 2564 4088 βασιλέα
2600 4025 2791 4095 πάντων
2834 4023 2933 4076 τῶν
2961 4042 3012 4076 τε
3050 4023 3289 4095 ὀμουσίῳν
3325 4025 3581 4095 αὐτῷαη.

2001 4093 2276 4160 λεληθότων
2316 4095 2582 4163 κινεύμενον
2608 4094 2700 4145 ὕπὸ
2729 4099 2812 4162 τῆς
2845 4095 3036 4165 μητρὸς,
3070 4093 3168 4146 ὅθεν
3197 4094 3276 4145 καὶ
3313 4093 3582 4163 Mummi-

2003 4183 2237 4234 19965....
2260 4165 2343 4216 καὶ
2370 4165 2666 4234 Δημιουργὸν
2705 4166 2845 4234 odit-ev
2879 4166 2958 4216 καὶ
2987 4165 3181 4234 Πατέρα
3215 4165 3419 4234 καλοῦσι
3443 4185 3456 4196 ·
3488 4170 3584 4214 τῶν

2003 4184 2237 4233 τορα.....
2260 4184 2343 4216 και
2370 4184 2666 4234 Δημιουργον
2705 4184 2845 4217 αυτθν
2879 4184 2958 4216 και
2989 4184 3114 4216 ιιατε
3147 4184 3181 4214 α
3215 4184 3419 4214 amount
3443 4185 3456 4196 ·
3488 4184 3579 4214 των

1999 4233 2084 4304 μὲν
2116 4229 2290 4304 deﬁnit:
2311 4234 2498 4302 πατέρα.
2523 4234 2747 4304 λέγοντες
2769 4233 2933 4297 αὐτὸν,
2954 4236 3085 4285 τοῦτ’
3107 4184 3211 4285 ἔστι
3228 4239 3323 4285 τῶν
3345 4233 3579 4299 ψυχικῶν.

1995 4299 2101 4356 Τῶν
2116 4299 2170 4355 δὲ
2200 4299 2483 4374 ἀριστερῶῦῗ,
2506 4299 2638 4356 τοῦτ’
2668 4303 2770 4356 ἔστι
2790 4309 2886 4358 τῶν
2910 4305 3083 4356 ὓλικῶν
3103 4305 3427 4374 Any-muniit,
3460 4322 3582 4372 συμ-

1998 4375 2185 4428 πάντων
2215 4373 2269 4424 δὲ
2299 4373 2520 4443 βασιλέα..

2070 4442 2467 4518 Interpretatio
2498 4445 2674 4518 vetus.
2703 4473 2774 4482 —
2801 4443 2910 4518 §_i.
2943 4442 3046 4518 sed
3073 4442 3330 4518 spiritale
3359 4443 3584 4518 quidem

2001 4531 2116 4570 non
2137 4513 2380 4587 potuisse
2399 4531 2518 4570 eam
2533 4513 3312 4587 fo_rmare(docent)_quoniam
3334 4513 3582 4587 ejusdem

1995 4583 2334 4642 substantia:
2363 4587 2414 4642 ei
2443 4589 2565 4640 erat
2584 4585 2864 4656 (notemus
2892 4583 3037 4639 illud
3060 4583 3394 4656 uocabulum
3425 4584 3586 4652 enoct-

2000 4676 2106 4709 σιον
2123 4658 2268 4724 quod
2295 4657 2671 4712 Tertullianus
2688 4659 2890 4714 noveet
2905 4656 3134 4724 fortiter
3145 4655 3420 4724 expressit
3436 4656 3582 4709 seri-

2001 4723 2206 4783 bendo:
2246 4725 2722 4796 con—substantiva)
2749 4723 3056 4785 conversam
3087 4723 3347 4796 autemin
3376 4723 3582 4778 forma-

2003 4797 2212 4870 tionem
2243 4800 2380 4865 ejus,
2424 4813 2542 4870 quae
2586 4793 2724 4870 facta
2755 4805 2890 4870 erat
2934 4797 3000 4851 de
3041 4793 3390 4870 conversione
3438 4799 3580 4870 ejus,

2003 4869 2251 4941 animalis
2278 4865 2590 4937 substantia,
2613 4869 2853 4941 emisisse
2872 4883 3090 4941 quoque
3110 4884 3139 4920 a
3157 4865 3582 4941 Salvatoredoc:

2005 4939 2190 5012 trinas.
2225 4943 2294 4996 Et
2317 4941 2503 5012 primo
2533 4940 2756 5011 quidem
2791 4937 3063 5011 formasse
3099 4937 3314 5012 eamde
3343 4937 3583 4994 ani-mali

2005 5009 2334 5067 substantia
2364 5009 2563 5066 dicunt
2593 5015 2767 5066 Deum
2792 5009 3037 5067 Patrem
3065 5015 3121 5066 et
3148 5009 3492 5066 Salvatorem
3527 5012 3584 5064 et

2007 5083 2202 5152 Regem
2230 5089 2485 5138 omnium
2507 5083 2752 5152 ejusdem
2781 5083 3114 5138 substantia:
3330 5083 3408 5135 Ea
3429 5081 3582 5136 enim

1967 5159 1986 5180 ‘
2006 5169 2125 5223 qua:
2153 5159 2275 5224 post
2307 5170 2437 5209 eum
2467 5157 2620 5220 sunt,
2652 5169 2782 5208 eum
2803 5153 3002 5208 dicunt
3030 5157 3302 5222 formasse
3335 5153 3583 5208 latenter

2005 5229 2220 5298 motum
2249 5241 2284 5277 a
2321 5228 2505 5298 matre
2525 5240 2631 5279 sua
2651 5243 2668 5277 .-
2703 5225 2854 5280 unde
2889 5229 2944 5279 et
2976 5225 3482 5298 illletropatoremii.
3524 5226 3582 5276 et

2003 5297 2367 5367 Demiurgum
2396 5301 2452 5352 et
2481 5297 2710 5350 Patrem
2737 5294 3307 5351 vocant.Dextrorum
3335 5294 3576 5367 quidem,

2002 5365 2508 5422 Patre-indicentes
2539 5383 2685 5429 eum,
2729 5367 2788 5421 id
2817 5371 2916 5430 est,
2947 5368 3362 5439 psychicorum;
3399 5365 3576 5418 sinis-

2003 5441 2221 5494 trarum
2248 5455 2392 5502 vero,
2427 5439 2485 5492 id
2512 5441 2614 5503 est,
2651 5437 2983 5510 (aulicorum,
3016 5437 3414 5508 ’Demiurgum,
3449 5449 3574 5490 om—

1997 5510 2162 5564 nium
2188 5515 2384 5568 autem
2411 5524 2618 5580 regem.
2647 5509 2790 5564 Enn.
