4016 6188
247 209 354 270 625

792 405 1020 464 CAPUT
1056 407 1294 468 XXXII.

313 513 570 569 Humana
615 527 745 569 vero
800 528 945 586 gens
981 514 1037 569 in
1084 515 1186 572 hoc
1224 517 1271 556 ³⁷
1328 517 1507 575 exitus
1539 520 1652 593 (67)
1692 520 1839 594 ibit;

243 602 452 658 cboicaa
491 612 545 658 et
574 600 865 657 materialis
896 610 1055 670 notas,
1079 603 1139 659 in
1157 604 1207 643 28
1244 613 1415 662 totum
1443 607 1720 666 interitum
1749 612 1798 650 29
1829 630 1842 668 :

239 692 375 764 quia
407 691 586 748 omnis
625 706 751 747 caro
781 691 1014 762 foenum,
1057 701 1110 749 et
1137 694 1384 752 anima3°
1421 699 1660 754 mortalis
1699 701 1845 772 apud

239 780 386 843 illos.
446 778 555 834 nisi
603 795 724 850 quae
773 780 996 836 salutem
1040 779 1148 839 ﬁde
1212 783 1503 844 invenerit.
1567 789 1842 848 Justorum

237 866 461 932 animae,
493 867 550 922 id
579 878 659 922 est
687 878 906 935 nostrae,
941 870 1009 925 ad
1046 873 1404 944 Demiurgum
1429 876 1481 930 in
1537 878 1844 936 medietatis

236 957 582 1029 receptacula
622 957 1069 1015 transmittentur.
1144 961 1367 1033 Agimus
1430 966 1650 1037 gratias,
1709 984 1840 1026 con-

235 1045 371 1102 tenti
403 1045 616 1102 erimus
673 1061 796 1102 cum
826 1047 941 1104 Deo
971 1053 1158 1106 nostro
1186 1051 1453 1122 deputari,
1509 1071 1616 1125 quo
1661 1073 1848 1115 ascen-

232 1150 326 1190 sus
357 1133 601 1191 31.Nihil
623 1134 855 1192 animale
883 1135 939 1191 in
972 1137 1286 1196 Pleromatis
1343 1142 1598 1212 palatium
1646 1147 1840 1203 admit-

231 1221 365 1279 titur
393 1265 411 1294 ,
459 1221 565 1280 nisi
595 1223 836 1296 apiritale
873 1241 1102 1282 examen
1125 1227 1422 1286 Valentini.
1489 1233 1604 1288 Illic
1659 1234 1840 1307 itaque

229 1314 413 1386 primo
445 1313 816 1385 despoliantur
853 1315 1097 1374 homines
1147 1317 1274 1390 ipsi,
1316 1320 1371 1374 id
1399 1331 1480 1378 est
1532 1324 1834 1381 interiores.

228 1401 538 1475 Despoliari
567 1412 748 1458 autem
779 1414 860 1460 est
908 1405 1176 1478 deponere
1213 1408 1437 1476 animas,
1498 1411 1696 1482 quibus
1747 1412 1837 1468 in-

225 1491 344 1546 duti
403 1490 747 1563 videbantur,
800 1507 1006 1566 easque
1068 1495 1366 1568 Demiurgo
1417 1513 1518 1554 suo
1586 1500 1832 1572 reddent,

224 1595 363 1652 quis
393 1579 462 1634 ab
483 1595 550 1636 eo
579 1586 826 1638 avertant
854 1583 922 1638 ³³.
955 1582 1063 1654 Ipsi
1110 1592 1287 1639 autem
1318 1585 1536 1657 spiritus
1575 1586 1631 1644 in
1664 1596 1831 1646 toturn

1393 216 1587 279 mssa
1622 217 1779 280 ADV.
1818 190 2374 280 VALENTINIANOS.

1877 361 1924 440 Α
1957 353 2142 418 raptas
2155 346 2308 440 inter
2334 361 2394 402 se
2413 345 2481 402 de
2511 345 2866 404 matrimoniis
2898 347 3151 418 plaudent
3178 349 3250 406 ³³.
3280 348 3409 440 Haec
3437 351 3514 406 eri

3439 223 3545 285 626

1955 435 2287 508 Spiritalium
2342 451 2565 504 merces,
2618 437 2720 494 hoc
2768 437 3052 508 praemium
3109 439 3387 496 credendi.
3436 441 3540 496 Fa-

1952 524 2094 581 bulae
2137 525 2269 581 tales
2305 525 2481 592 utiles,
2533 532 2590 580 ut
2655 526 2882 593 Marcus,
2942 535 3033 582 aut
3089 527 3250 585 Caius
3293 529 3348 584 in
3398 531 3535 587 hanc

1952 630 2166 671 carnem
2193 615 2241 653 ³4
2271 616 2542 679 barbatus,
2585 623 2641 670 et
2669 615 2786 671 haec
2818 617 2998 671 omnia
3044 617 3092 654 35
3124 635 3138 688 ;
3172 633 3393 675 severus
3422 637 3537 676 ma-

1954 705 2105 773 ritus,
2135 713 2305 776 pater,
2338 721 2488 771 avus,
2527 719 2779 774 proavus,
2817 713 2959 760 certe
3011 706 3159 778 quod
3188 707 3387 764 sufﬁcit
3427 726 3538 765 ma-

1951 794 2150 864 sculus,
2191 794 2245 850 in
2293 795 2614 866 Nymphonc
2645 793 2694 831 35
2714 794 3031 850 Pleromatis
3078 798 3143 850 ab
3175 796 3392 869 angelo,
3449 810 3534 854 ta-

1949 884 2118 940 cendo
2142 885 2255 953 jam
2284 883 2391 938 dixi
2421 892 2473 939 et
2499 883 2716 939 forsitan
2741 883 2914 954 parias
2951 884 3186 956 aliquem
3217 884 3538 944 Onesimum

1948 972 2168 1028 Eonem
2196 974 2333 1043 (69).
2364 973 2456 1028 His
2477 973 2683 1042 nuptiis
2713 980 2854 1026 recte
2886 973 3212 1029 deducendis
3232 1016 3246 1039 ,
3291 990 3387 1044 pro
3411 975 3528 1033 face

1949 1070 2003 1118 et
2057 1062 2324 1128 ﬂammeo,
2369 1070 2493 1119 tunc
2546 1063 2710 1118 credo
2755 1061 2844 1118 ille
2897 1061 3041 1133 ignis
3070 1079 3297 1119 arcanus
3353 1081 3534 1121 erum-

1949 1160 2037 1222 pet
2093 1151 2226 1223 (70),
2283 1161 2334 1205 et
2378 1151 2686 1207 universam
2744 1151 3102 1207 substantiam
3152 1153 3534 1224 depopulatus;

1947 1240 2062 1310 ipse
2113 1255 2325 1312 quoque
2365 1239 2690 1294 decineratis
2729 1239 2980 1293 omnibus
3010 1239 3062 1293 in
3093 1239 3317 1296 nihilum
3373 1241 3533 1297 ﬁnie-

1947 1336 2030 1385 tur
2062 1337 2154 1397 ;et
2182 1328 2326 1384 nulla
2365 1328 2480 1397 jam
2511 1327 2697 1383 fabula
2723 1331 2859 1400 (71).
2910 1328 3016 1384 Sed
3045 1345 3129 1383 nae
3169 1345 3270 1401 ego
3301 1338 3532 1388 temera-

1947 1419 2077 1488 rius,
2145 1420 2238 1491 qui
2295 1427 2495 1475 tantum
2544 1426 2940 1474 sacramentum
3026 1418 3182 1474 etiam
3239 1420 3534 1479 inludendo

1945 1507 2296 1579 prodiderim.
2325 1506 2630 1564 Verendum
2659 1506 2786 1562 mihi
2811 1515 2913 1574 est,
2963 1523 3032 1563 ne
3059 1507 3379 1577 Achamoth,
3409 1527 3531 1581 quas

1942 1613 2002 1652 se
2057 1610 2158 1652 nec
2222 1595 2332 1650 ﬁlio
2378 1597 2613 1666 agnitam
2673 1595 2856 1665 voluit,
2943 1595 3216 1666 insaniat;
3275 1614 3341 1653 ne
3407 1599 3535 1653 Phi-

226 1665 363 1725 ﬁent
411 1667 822 1737 intellectuales,
864 1686 1040 1743 neque
1071 1673 1340 1744 detentui,
1383 1692 1556 1748 neque
1603 1694 1833 1750 conspe-
1865 1659 1908 1737 Β
1938 1684 2075 1741 letus
2127 1659 2524 1753 irascatur,"ne
2569 1683 2807 1739 Fortuna
2844 1659 3164 1740 'acerbetur.
3205 1659 3296 1740 'Et
3357 1697 3534 1744 tamen

225 1756 345 1812 ctui
393 1756 615 1812 obnoxii
659 1772 873 1831 :atque
925 1762 998 1816 ita
1061 1761 1405 1820 invisibiliter
1461 1766 1516 1819 in
1581 1767 1829 1824 Pleroma

232 1846 583 1914 recipientur.
615 1845 844 1919 Furtim,
876 1850 922 1906 si
951 1851 1024 1906 ita
1047 1860 1152 1919 est,
1184 1853 1316 1926 quid
1341 1853 1534 1909 deinde
1555 1856 1584 1909 ?
1609 1857 1833 1930 Angelis

233 1933 628 1990 distribuantur
653 1936 974 1994 satellitibus
1042 1941 1264 1998 Soteris.
1325 1944 1387 1998 In
1443 1942 1584 1999 ﬁlios
1621 1946 1830 2017 putas?

226 2023 377 2078 Non.
414 2022 519 2078 Sed
551 2025 605 2078 in
633 2028 968 2096 apparitores
997 2031 1024 2084 7
1053 2027 1220 2087 588
1280 2033 1360 2086 Ne
1417 2031 1562 2087 istud
1583 2033 1824 2105 quidem.

225 2109 336 2165 Sed
367 2109 424 2165 in
455 2112 720 2186 imagines
741 2116 770 2170 ?
803 2116 1016 2173 Utinam
1031 2121 1114 2176 vel
1137 2121 1238 2176 hoc
1259 2121 1374 2191 (68)
1399 2119 1411 2175 l
1436 2121 1494 2175 In
1514 2122 1644 2193 quid
1673 2138 1825 2194 ergo,

227 2197 272 2253 si
295 2215 408 2256 non
434 2201 608 2272 pudet
635 2202 818 2260 dicere
849 2205 878 2262 ?
908 2206 968 2262 In
1005 2223 1256 2279 sponsas.
1294 2210 1446 2267 Tunc
1474 2209 1550 2266 illi
1600 2210 1830 2268 Sabinas

1939 1775 2100 1830 homo
2127 1791 2245 1828 sum
2285 1772 2586 1843 Demiurgi,
2619 1772 2744 1826 illuc
2772 1773 2945 1826 habeo
2978 1773 3272 1841 devertere,
3297 1776 3386 1831 ubi
3411 1784 3535 1845 post

1941 1877 2222 1918 excessum
2270 1861 2488 1917 omnino
2518 1875 2625 1916 non
2673 1860 2961 1916 obnubitur
2989 1861 3036 1899 3"
3102 1860 3212 1932 (‘72)
3245 1879 3258 1918 :
3293 1864 3382 1918 ubi
3429 1880 3532 1922 su-

1939 1949 2184 2021 periudui
2229 1949 2405 2020 potius
2431 1950 2481 1988 33
2509 1965 2667 2022 quam
2696 1949 3020 2020 despoliari:
3056 1948 3148 2004 ubi
3186 1950 3284 2006 etsi
3326 1952 3534 2023 despo-

1937 2038 2036 2097 lior
2063 2040 2216 2095 sexui
2246 2054 2387 2108 meo,
2420 2039 2650 2107 deputor
2687 2037 2892 2110 angelis
2924 2057 2939 2105 ;
2972 2053 3079 2094 non
3137 2040 3383 2112 angelus,
3426 2057 3534 2096 non

1937 2125 2110 2184 589
2145 2127 2335 2200 angela
2355 2127 2489 2200 (73).
2521 2127 2692 2183 Nemo
2722 2126 2849 2182 mihi
2881 2126 3173 2198 quicquam
3203 2128 3364 2184 faciet
3393 2129 3528 2202 (74),

1938 2231 2104 2286 quem
2132 2223 2184 2272 et
2211 2224 2344 2273 tunc
2367 2215 2660 2273 masculum
2693 2214 2970 2272 invenient
2999 2215 3138 2288 (75).

1607 2308 1802 2372 Variae
1858 2315 2167 2378 lectiones.

295 2408 344 2482 η
375 2408 490 2463 Hos
523 2409 654 2465 Jun.
689 2408 740 2482 ³³
769 2409 826 2464 in
855 2410 1011 2468 abest
1040 2429 1074 2467 a
1119 2412 1296 2470 Rhen.
1347 2414 1514 2472 Seml.
1551 2415 1770 2473 Oberth.
1803 2419 1936 2474 Jun.
1983 2420 2032 2460 29
2060 2421 2407 2478 Interiturum
2435 2425 2570 2480 Jun.
2622 2420 2672 2461 30
2719 2421 2988 2478 Animalia
3026 2422 3208 2480 Venet.
3239 2423 3524 2482 mendose.

228 2479 426 2552 37‘rQua
473 2495 672 2535 census
702 2481 874 2537 Seml.
919 2483 1096 2540 Rhen.
1128 2486 1286 2542 Pam.
1332 2485 1551 2542 Oberth.
1595 2485 1643 2523 ³2
1683 2487 2000 2546 Averterant
2033 2493 2208 2549 Rhen.
2260 2479 2691 2551 Seml.70berth.
2745 2494 2794 2532 33
2841 2479 3082 2549 Laudent
3131 2479 3317 2550 Seml;
3347 2479 3525 2552 Rlien.

233 2550 454 2638 pberth.
498 2559 677 2638 raptas
718 2554 1487 2638 iure'matrimoniiﬁplaudent
1529 2560 1691 2638 Pam.
1739 2563 1907 2638 Eran.
1964 2561 2107 2638 Par._
2147 2565 2194 2602 ³³
2241 2565 2299 2619 In
2348 2566 2450 2638 hac
2483 2550 2649 2638 carne
2697 2566 2833 2622 Jun.
2881 2583 2986 2638 pro
3037 2566 3293 2638 barbatus
3330 2550 3532 2638 forsan

229 2622 494 2710 gatbarus
524 2623 693 2710 ξφι.
819 2624 1356 2710 Haecnani'manlihen.
1391 2628 1830 2710 Seml._Qbertli.
1878 2634 1978 2710 hac
2025 2634 2202 2710 anima
2222 2638 2363 2710 Jun.
2405 2635 2803 2710 36_Symphone
2845 2622 3018 2694 R‘hen.
3080 2637 3250 2694 Seml.
3307 2622 3530 2694 Oberth.

229 2692 273 2731 37
303 2694 429 2749 Non
457 2693 681 2749 nubitur
709 2695 884 2752 Rhen.
926 2695 1100 2752 Seml.
1144 2697 1362 2756 Oberth.
1392 2701 1552 2756 Pam.
1584 2700 1634 2739 33
1664 2703 1844 2757 Potuit
1874 2705 2047 2761 Ithen.
2084 2707 2255 2764 Seml.
2287 2706 2508 2766 Oberth.

1680 2790 2180 2858 Commentarius.

230 2861 431 2924 συζυγία
458 2862 661 2927 γενητὰ
690 2867 778 2914 τοῦ
807 2865 1051 2932 Σωτῆρος,
1071 2864 1159 2914 καὶ
1182 2871 1266 2927 τῆς
1285 2867 1460 2932 Σοφίας
1479 2875 1563 2929 τῆς
1585 2867 1832 2934 Ἀχαμώθ,

230 2935 310 2982 καὶ
343 2939 493 2985 τοῦτο
525 2934 650 2986 εἶναι
679 2936 883 3000 νυμφίον
926 2938 1012 2986 καὶ
1041 2939 1254 3002 νὺμφην,
1282 2945 1520 3004 νυμφῶνα
1565 2942 1619 2990 δὲ
1650 2942 1707 2991 τὸ
1734 2948 1831 2991 πᾶν

231 3005 506 3070 minutu-

283 3076 418 3146 Cap.
450 3080 504 3143 5,
536 3076 567 3148 ἓ
596 3078 648 3146 4,
681 3077 824 3135 circa
851 3077 1014 3134 ﬁnem
1047 3098 1060 3135 :
1091 3082 1190 3137 Τὸν
1217 3082 1525 3146 Δημιουργὸν
1557 3083 1610 3132 δὲ
1641 3081 1708 3140 εἰς
1740 3083 1826 3133 τὸν

213 3156 513 3220 ὑπουράνιον
541 3157 712 3219 τόπον,
741 3160 875 3208 τοῦτ’
904 3161 1037 3210 ἔστιν
1065 3162 1116 3210 ἐν
1147 3168 1207 3225 τῇ
1227 3163 1458 3226 ἑϐδομάδι
1489 3161 1616 3224 (scil.
1640 3164 1832 3224 οἰκειν)ο

280 3229 415 3298 Cap.
451 3229 512 3294 7,
542 3227 573 3300 ἓ
605 3233 626 3282 1
665 3247 678 3284 :
709 3232 808 3281 Τὸν
827 3231 883 3280 δὲ
898 3230 1207 3297 Δημιοὺργὸν
1223 3235 1490 3296 μεταϐῆναι
1501 3235 1586 3283 καὶ
1603 3235 1751 3284 αὐτὸν
1766 3237 1832 3293 εἰς

208 3299 294 3349 τὸν
336 3306 423 3358 τῆς
465 3299 646 3365 μητρὸς
673 3301 851 3364 Σοφίας
879 3303 1052 3361 τόπον,
1080 3307 1213 3354 τοῦτ’
1245 3305 1378 3354 ἔστιν
1407 3306 1456 3354 ἐν
1486 3312 1546 3369 τῇ
1577 3305 1829 3368 μεσότητι.

278 3371 691 3446 interpretatio
722 3377 921 3446 vetus.)
953 3401 1025 3414 —
1053 3373 1163 3440 Cap
1195 3375 1301 3446 ’1.§
1334 3379 1358 3428 1
1407 3393 1419 3428 :
1456 3375 1604 3432 Cum
1634 3382 1830 3432 autem

206 3443 546 3519 universum
576 3458 764 3519 semen
791 3445 1111 3519 perfectum
1139 3443 1678 3519 fuerit,Achamoth
1710 3449 1829 3519 qui-

203 3511 330 3569 dem
350 3519 600 3568 matrem
621 3511 872 3585 ipsorum
890 3511 1148 3573 transire
1170 3518 1236 3572 de
1254 3517 1580 3573 medietatis
1613 3511 1731 3573 loco
1748 3519 1830 3572 di-

201 3587 350 3638 cunt
410 3590 463 3639 et
491 3585 942 3660 intra_Plero-ma
984 3589 1222 3660 introire
1278 3594 1333 3644 et
1380 3590 1629 3659 recipere
1660 3606 1827 3660 spon-

199 3670 332 3730 sum
376 3671 551 3730 suum
576 3656 938 3730 salvatorem,
971 3659 1070 3729 qui
1098 3663 1184 3715 est
1209 3675 1280 3730 ea;
1307 3656 1563 3715 omnibus
1610 3656 1824 3730 factus,

203 3729 298 3802 uti
328 3729 561 3802 sysygia
586 3728 686 3802 ﬁat
717 3727 1030 3785 Saluatoris
1049 3733 1105 3784 et
1135 3729 1376 3800 Sophim,
1403 3747 1532 3802 quae
1589 3727 1671 3788 est
1718 3733 1826 3787 Ac-

202 3796 457 3873 hamoth,
513 3803 568 3854 et
599 3799 696 3855 hoc
716 3814 837 3873 esse
897 3816 1166 3871 sponsum
1202 3796 1268 3855 ἐἰ
1313 3796 1594 3873 sponsam,
1653 3819 1825 3873 nym-

201 3869 452 3940 phonem
470 3885 596 3926 vero
619 3869 946 3926 universum
974 3873 1255 3928 Pleroma.

273 3939 410 4009 Cap.
429 3941 495 4014 _5,
529 3940 556 4011 §
584 3941 636 3994 4.
653 3942 1018 4014 Demiurgu-m
1037 3945 1257 4014 ueram
1277 3959 1337 3999 eo
1353 3944 1449 4014 qui
1473 3944 1554 4000 sit
1582 3945 1643 3999 in
1691 3945 1825 4002 ccelo

204 4009 382 4084 Ipsus,
420 4009 631 4084 hoc—est
662 4013 724 4067 in
763 4009 1097 4070 hebdomade
1131 4009 1456 4084 (habitare).

200 4079 334 4147 Cap.
367 4084 425 4157 7,
463 4082 490 4152 §
525 4087 571 4136 1.
606 4083 975 4157 Demiurgum
1002 4079 1488 4157 vero‘transire'et
1537 4086 1723 4157 ipsum
1765 4086 1826 4140 in

202 4154 552 4276 Bmgérissuce
591 4155 812 4226 Sophia?
845 4154 1047 4218 locum,
1077 4156 1178 4212 hoc
1209 4161 1314 4224 est,
1347 4157 1409 4211 in
1432 4154 1820 4214 medietatem.

277 4293 535 4401 (622,11;
561 4295 1273 4401 I't‘q‘cmefiﬁui.m8iguliabet
1329 4305 1478 4353 vetus
1522 4297 1822 4369 exemplar,
1855 4323 1900 4401 υ

196 4365 308 4420 hoc
338 4373 444 4427 est,
476 4367 539 4421 in
568 4367 722 4424 hunc
751 4369 995 4425 exitum.
1029 4367 1153 4424 Βία.

273 4436 393 4506 (68)
427 4439 653 4495 Utinam
684 4439 769 4496 vel
799 4440 919 4495 hoc.
953 4439 1018 4494 Ut
1047 4440 1112 4494 iis
1158 4437 1359 4495 scilicet
1405 4437 1670 4508 imagines
1700 4446 1818 4494 tan-

201 4519 326 4581 tum,
355 4518 537 4581 essent
556 4511 809 4580 nequitiae
839 4525 949 4565 non
971 4511 1211 4581 nequitia
1240 4510 1373 4580 ipsa.
1397 4509 1520 4564 Βία.

278 4577 408 4653 (69)-
430 4581 502 4653 Εἰ
519 4577 768 4653 forsitan
795 4583 990 4652 parias
1020 4577 1278 4653 aliquem
1321 4581 1648 4653 Onesimum
1698 4581 1824 4653 Aio-

380 4649 587 4723 Alludit
615 4655 678 4704 ad
710 4649 1024 4708 Onesimum
1050 4649 1399 4723 Philemonis,
1433 4667 1593 4723 quem
1625 4651 1821 4707 Paulus

197 4719 252 4773 in
289 4719 525 4794 vinculis
573 4723 776 4794 genuit,
805 4732 883 4794 ut,
928 4723 1044 4794 ipse
1082 4722 1414 4794 anghilem.
1449 4719 1701 4794 scribit,
1729 4725 1820 4776 sed

195 4803 358 4867 partu
399 4791 817 4867 plane‘coelesti,
861 4791 1054 4867 factum
1105 4792 1306 4867 scihcet
1336 4795 1404 4849 dc
1449 4793 1824 4867 gentiliChri-

193 4862 561 4937 sg.i_anu_m,_de
590 4862 814 4937 fugitivo
871 4866 1120 4936 probum.
1175 4862 1600 4937 Exspectamus,
1649 4865 1822 4934 inquit

193 4932 435 4987 ridendo
469 4932 783 5010 septimius,
816 4932 885 4992 ut
913 4944 967 4992 tu
1008 4939 1096 5010 qui
1155 4932 1367 5010 Marcus
1407 4953 1486 5010 _es_
1511 4947 1604 5010 aut
1641 4932 1820 5003 Caius,

193 5013 353 5078 certe
389 5006 536 5078 quod
567 5007 763 5063 sufﬁcit
807 5006 1097 5075 masculus,
1159 5009 1214 5064 in
1242 5008 1360 5065 istis
1406 5007 1637 5062 infandis
1663 5023 1824 5078 ange-

196 5075 422 5150 lorum‘
468 5076 961 5150 Varlentinianorum
1016 5081 1248 5136 vinculis
1306 5079 1424 5134 sine
1487 5075 1823 5150 amplexibus

197 5148 429 5223 parias_;
461 5149 557 5223 sed
588 5151 714 5223 quid
755 5149 960 5223 ‘parias
988 5151 1038 5223 ?7
1064 5151 1298 5223 aliquem
1355 5151 1559 5207 scilicet
1581 5148 1594 5150 “
1622 5150 1822 5223 _Onesi-

195 5233 357 5297 mum
386 5219 667 5297 Paulinum
696 5221 724 5276 7
752 5219 860 5297 imo
889 5219 1259 5297 prodigiosum
1312 5223 1547 5297 aliquem
1613 5221 1822 5278 Satanas

195 5290 525 5367 maritimam.
569 5292 855 5367 Hocgenim
885 5290 996 5348 vult
1024 5290 1269 5367 intelligi.
1313 5290 1433 5351 Rld.

268 5360 549 5439 (70)Tun_c_
572 5364 731 5422 credo
760 5365 883 5439 ille_
915 5367 1062 5439 ignis
1090 5360 1346 5439 arcanus
1393 5369 1668 5439 erumpet.
1717 5366 1826 5439 Ire-

194 5447 355 5508 μεμε
386 5449 400 5490 :
428 5453 459 5508 ς
487 5433 584 5508 His
625 5446 804 5492 autem
859 5433 1014 5492 fac'tis
1065 5439 1158 5504 ita,
1189 5438 1280 5508 qui
1334 5437 1461 5493 latet
1513 5433 1567 5491 iri
1627 5437 1825 5493 mundo

195 5503 368 5575 ignis,
428 5503 715 5578 ιμφωλιῦον
788 5513 862 5581 τῷ
922 5510 1096 5582 κόσμῳ
1142 5503 1282 5580 πῡρε
1342 5509 1701 5565 exardescens
1770 5515 1828 5565 et

1941 2875 2405 2946 comprehendens
2457 2875 2768 2931 universam
2800 2874 3091 2946 materiam,
3129 2873 3421 2944 consumit,
3471 2886 3528 2933 et

1938 2944 2119 3026 ipsum
2125 2947 2305 3072 lisimul
2353 2955 2751 3020 consumptum,
2813 2947 2963 3002 abire
2993 2945 3052 3002 in
3080 2944 3134 3003 id
3165 2954 3221 3002 ut
3243 2947 3359 3017 jam
3415 2963 3525 3005 non

1938 3025 2025 3072 Sll.
2069 3039 2095 3067 ι
2175 3034 2248 3072 lG.

1936 3025 2426 3162 sn(7;)ﬂli§.nulla
2452 3089 2567 3158 iam
2594 3087 2812 3162 fabula.
2844 3089 3104 3162 Suprema
3143 3089 3287 3162 711830,
3337 3091 3530 3162 inquit,

1866 3156 1908 3234 ο
1936 3156 2119 3234 omnia
2147 3159 2273 3234 ﬁent
2299 3163 2364 3234 ad
2403 3156 2890 3234 verumiNoncrit
2910 3156 3107 3234 fabula.
3142 3161 3267 3234 Rlo.

2009 3231 2124 3302 (72)
2164 3233 2400 3288 Omnino
2430 3248 2544 3289 non
2572 3231 2898 3288 obnubitur.
2927 3231 3094 3286 Unico
3125 3231 3290 3287 verbo
3307 3240 3516 3302 utrum-

1937 3301 2041 3374 que
2123 3304 2440 3372 expressit:
2495 3302 2605 3356 οὔτε
2635 3308 2957 3374 ᾃγαμοῦσιν,
3029 3302 3140 3356 οὔτε
3199 3301 3526 3374 γαμίσκονται

1937 3373 2098 3428 Marci
2129 3389 2235 3441 xu,
2264 3380 2317 3428 et
2337 3374 2494 3429 Lucae
2524 3391 2613 3430 xx.
2634 3372 2760 3429 Rm;

2013 3445 2128 3513 (73)
2145 3447 2402 3528 Deprith
2429 3447 2645 3528 angelis
2673 3461 2831 3528 ;nqn
2867 3446 3122 3517 angelus,
3145 3459 3263 3527 non
3300 3445 3517 3516 angela.

1935 3515 2052 3570 Hoc
2081 3524 2182 3589 est,
2232 3515 2431 3589 similis
2464 3515 2565 3589 _fio
2619 3516 2850 3589 angelis,
2921 3515 3095 3587 neque
3145 3516 3254 3589 jam
3295 3515 3520 3570 censeor

1937 3587 2203 3659 masculus
2222 3602 2323 3642 nec
2352 3586 2570 3642 femina.
2616 3586 2920 3659 Resurgent
2976 3586 3173 3642 mortui
3221 3602 3347 3659 cum
3393 3602 3524 3659 sexu

1933 3657 2162 3728 quisque
2187 3673 2308 3722 suo,
2340 3659 2432 3712 sed
2464 3668 2622 3713 erunt
2667 3657 2845 3715 ofﬁcia
2899 3673 3128 3714 sexuum
3191 3658 3354 3729 nulla,
3403 3658 3528 3729 quia

1933 3744 2032 3784 nec
2069 3731 2298 3801 amplius
2353 3730 2472 3801 erit
2528 3731 2674 3785 nasci
2748 3745 2848 3785 nec
2893 3731 3056 3787 mori.
3076 3728 3432 3798 Augustinus,
3470 3728 3524 3782 in

1934 3801 2084 3856 Psal.
2105 3800 2268 3869 xivr,
2301 3800 2367 3854 ad
2399 3800 2531 3854 illud
2561 3802 2766 3858 Eccles.
2791 3803 3021 3858 Sustine
3038 3802 3364 3865 Dominum,
3387 3801 3526 3856 viri-

1937 3872 2073 3927 liter
2101 3889 2199 3942 age
2232 3891 2249 3928 :
2279 3889 2302 3923 ‹
2345 3872 2489 3940 Ergo
2520 3872 2609 3941 qui
2620 3873 2857 3943 perdidit
2895 3871 3292 3936 sustinentiam,
3321 3870 3525 3943 effemi-

1935 3951 2089 3997 natus
2112 3940 2193 3998 e‘st
2225 3987 2239 4014 ,
2275 3943 2505 4014 perdidit
2533 3940 2793 4014 sigorem.
2825 3945 2939 4014 Hoc
2996 3943 3114 4010 viri,
3167 3945 3267 3998 hoc
3313 3940 3528 4014 feminae

1935 4015 2183 4080 audeant,
2216 4013 2345 4083 quia
2390 4015 2441 4066 in
2466 4013 2597 4068 uno
2627 4013 2740 4069 viro
2785 4013 2867 4069 vir
2904 4021 2957 4069 et
2997 4016 3211 4069 femina.
3264 4013 3406 4068 Talis
3471 4014 3526 4067 in

1933 4083 2165 4146 Christo,
2199 4098 2298 4137 nec
2329 4083 2411 4137 vir
2438 4099 2538 4138 nec
2567 4084 2765 4140 femina
2795 4093 2896 4139 est.
2931 4104 2958 4134 υ
2985 4085 3104 4139 R16.

2005 4154 2121 4224 (74)
2142 4156 2321 4228 Nemo
2338 4155 2483 4209 mihi
2510 4156 2814 4228 quidquam
2854 4156 3052 4228 faciet.
3086 4155 3175 4209 Sic
3202 4153 3290 4228 ad
3323 4153 3529 4228 Scapu-

1933 4223 2036 4278 lam
2072 4241 2084 4278 :
2124 4244 2149 4274 α
2183 4223 2812 4295 Magistrum—neminem
2851 4223 3136 4289 habemus,
3193 4223 3294 4276 nisi
3354 4223 3525 4278 Deum

1933 4296 2130 4350 solum.
2161 4294 2258 4348 Hic
2283 4294 2411 4348 ante
2471 4303 2520 4347 tc
2562 4303 2665 4361 est,
2716 4310 2816 4348 nec
2861 4295 3119 4349 abscondi
3179 4301 3372 4364 potest,
3427 4295 3524 4349 sed

1932 4366 2018 4421 cui
2073 4365 2200 4420 nihil
2233 4365 2406 4420 facere
2455 4365 2684 4434 possis.»
2721 4365 2859 4420 Psal.
2901 4380 2993 4429 Lv,
3027 4368 3080 4428 5,
3111 4368 3171 4417 11
3211 4381 3224 4418 :
3259 4365 3380 4421 Non
3439 4369 3523 4422 ti-

1926 4435 2082 4493 mebo
2102 4436 2238 4508 quid
2265 4437 2442 4508 faciat
2473 4435 2612 4490 mihi
2643 4437 2821 4492 homo.
2871 4436 2992 4492 Non
3022 4434 3222 4491 timebo
3270 4435 3405 4507 quid
3432 4440 3525 4507 fa-

1929 4511 2045 4565 ciat
2065 4507 2210 4562 mihi
2239 4523 2387 4562 caro.
2420 4507 2544 4562 Βία.

2002 4582 2114 4649 (75)
2165 4579 2478 4634 Invenient.
2526 4580 2666 4633 lren.
2707 4581 2907 4634 contra
2935 4579 3141 4649 Haeres.
3166 4591 3288 4649 cap.
3321 4577 3516 4649 7,51;

1928 4677 1989 4687 -
2016 4653 2113 4707 Τὰς
2140 4652 2192 4700 δὲ
2221 4655 2320 4699 τῶν
2348 4651 2546 4699 δικαίων
2576 4652 2735 4715 ψυχὰς
2765 4648 3132 4697 ἀναπαύσεσθαι
3179 4648 3263 4695 καὶ
3295 4648 3444 4703 αὐτὰς
3473 4649 3524 4694 ἐν

1927 4722 1998 4784 τῷ
2027 4728 2110 4780 τῆς
2141 4722 2408 4783 μεσότητος
2434 4723 2589 4788 τόπῳ.
2611 4722 2774 4779 Μηδὲν
2803 4719 2897 4784 γὰρ
2926 4718 3132 4782 ψυχικὸν
3164 4718 3298 4773 ἐντὸς
3327 4719 3530 4780 Πληρώ-

1929 4810 2078 4855 ματος
2104 4796 2306 4856 χωρεῖν.
2338 4793 2539 4842 Τούτων
2569 4794 2622 4841 δὲ
2655 4791 2930 4855 γενομένων
2959 4791 3134 4850 οὕτως,
3162 4790 3220 4838 τὸ
3248 4789 3527 4852 ἐμφωλεῠον

1928 4867 1998 4928 τῷ
2024 4865 2197 4927 κόσμῳ
2226 4869 2322 4927 πῦρ
2354 4862 2631 4928 ἐκλάμψαν,
2659 4865 2743 4912 καὶ
2770 4864 2989 4926 ἐξαφθὲν,
3017 4862 3103 4910 καὶ
3147 4859 3526 4926 κατεργασάμε-

1926 4952 2009 4984 νον
2038 4941 2203 4984 πᾶσαν
2224 4936 2364 4994 ὕλην,
2394 4937 2886 4994 συναναλωθήσεσθαι
2917 4936 3061 4996 αὐτῇ.
3081 4934 3168 4982 καὶ
3190 4935 3255 4989 εἰς
3274 4934 3331 4983 τὸ
3357 4933 3529 4996 μηκέτι

1925 5006 2054 5056 εἶναι
2083 5007 2331 5071 χωρήσειν
2362 5007 2668 5056 διδάσκουσι.

2001 5078 2290 5151 Justorum
2313 5080 2778 5151 quoqueanimas
2815 5079 3154 5151 refrigerare
3193 5081 3250 5134 et
3290 5078 3436 5151 ipsas
3467 5079 3532 5132 in

1929 5149 2249 5206 medietatis
2282 5149 2604 5205 ιοοοζΝἰΙιὶι
2627 5152 2782 5208 enim
2804 5149 3318 5221 psychieumintra
3347 5149 3530 5206 Plero-

1930 5238 2024 5276 ma
2047 5221 2313 5278 transire.
2332 5223 2424 5276 llis
2436 5227 2632 5278 autem
2644 5220 2814 5290 factis
2835 5220 2940 5285 ita,
2957 5222 3004 5276 is
3016 5221 3111 5288 qui
3131 5220 3269 5276 latet
3285 5222 3348 5276 in
3369 5238 3531 5276 mun-

1930 5293 1996 5349 do
2026 5293 2173 5364 ignis
2203 5292 2569 5350 exardescens
2595 5300 2647 5350 et
2675 5293 3150 5365 comprehendens
3205 5294 3530 5365 universam

1929 5366 2235 5439 materiam
2251 5367 2537 5439 consumit
2553 5370 2606 5422 et
2617 5364 2806 5439 ipsum
2815 5365 2989 5439 simul
3005 5367 3404 5439 consumptum
3415 5364 3538 5417 abi-

1932 5453 1992 5494 re
2014 5440 2076 5493 in
2097 5437 2154 5492 id
2174 5442 2241 5493 ut
2261 5437 2390 5508 jam
2410 5453 2527 5493 non
2546 5435 2725 5492 sitI—
2747 5437 2870 5508 Hmc
2892 5436 3030 5490 haud
3055 5435 3282 5508 feliciter
3300 5449 3331 5487 a
3354 5439 3535 5488 vetere

1931 5508 2222 5578 interprete
2262 5503 2472 5563 reddita
2525 5519 2670 5564 sunt.
2723 5507 2900 5576 Quare
2953 5520 3076 5561 cum
3111 5503 3259 5559 Billio
3309 5509 3528 5559 verten-
