4016 6188
235 304 342 364 633

1515 311 1708 373 LIBER
1765 314 1925 375 ADV.
1965 317 2246 378 IUD/EOS.

3445 333 3550 392 634

240 432 3549 475 π

510 521 665 766 Q.
802 614 1267 749 SEPT.
1414 623 1908 754 FLOR.
2062 631 3274 767 TERTULLIANI.

1798 856 1984 911 LIBER

1163 1011 1833 1185 ADVERSUS

671 1376 840 1436 595
906 1378 1418 1439 ARGUMENTUM.

227 1469 628 1546 Disputatione
639 1468 831 1546 habita
845 1470 999 1546 inter
1013 1470 1400 1527 Christianum
1420 1477 1477 1529 et
1490 1473 1842 1546 Prosclytum

333 1541 566 1596 udreum
594 1540 689 1610 (de
720 1557 795 1608 se,
824 1544 1106 1617 quantum
1126 1547 1393 1617 gpparct,
1419 1545 1480 1600 in
1536 1540 1706 1617 ιενιίᾷ
1727 1563 1850 1617 per-

300 1629 440 1669 sona
459 1627 779 1689 sermonem
808 1613 1070 1689 faciens)
1123 1613 1529 1681 Tertullianus,
1552 1616 1699 1688 quod
1727 1613 1850 1689 ’ρον

300 1688 657 1757 εοηοεηιιιω
701 1683 1141 1757 obstrepentium
1189 1683 1577 1757 spectatorum
1649 1683 1845 1744 minus

298 1757 468 1830 plene
498 1753 1046 1830 potuitdiluciduri,
1077 1753 1229 1830 stylo'
1252 1760 1552 1830 retractat,
1583 1775 1845 1830 pugnans

305 1825 571 1883 adversus
601 1825 818 1882 Iudaeos
839 1825 1194 1883 solidissimis
1217 1825 1554 1893 rationibus,
1577 1825 1630 1886 et
1653 1825 1726 1885 ex
1752 1848 1843 1885 sa-

311 1914 423 1970 crae
439 1898 741 1970 Scriptura:
759 1898 1158 1970 fundamentis
1183 1917 1199 1952 :
1227 1899 1394 1969 idque
1411 1915 1550 1970 pace
1576 1901 1844 1958 Ecclesiae

317 1968 503 2024 adhuc
548 1968 780 2042 durante
815 1973 952 2042 ante
1005 1968 1239 2042 bellum
1289 1968 1717 2042 Britannicum,
1781 1989 1842 2030 eo

315 2044 564 2112 tempore
590 2056 686 2110 quo
725 2039 908 2095 Mauri
941 2056 976 2095 α
999 2040 1266 2096 Romanis
1297 2039 1719 2099 obsidebantur.

307 2199 348 2253 I.
401 2197 644 2253 Primum
696 2206 871 2252 autem
925 2198 1086 2253 etiam
1131 2198 1384 2272 gentibus
1441 2198 1670 2271 gratiam
1740 2200 1840 2255 Dei

231 2287 495 2353 vindicat,
554 2301 715 2358 posse
762 2301 854 2340 eas
906 2286 974 2340 ad
1023 2286 1122 2342 Dei
1176 2286 1356 2358 legem
1413 2287 1621 2343 admitti
1687 2303 1840 2344 com-

228 2377 490 2449 probans.

306 2466 375 2520 ll.
406 2463 624 2535 Quippe
668 2479 794 2520 cum
831 2463 917 2519 lex
957 2463 1320 2534 primordialis
1357 2463 1547 2520 matrix
1594 2463 1841 2521 omnium

231 2561 629 2626 praeceptorum
665 2551 797 2606 Adae
823 2558 876 2606 et
915 2551 1044 2606 Evae
1090 2552 1142 2606 in
1184 2551 1435 2623 paradiso
1485 2553 1607 2606 data
1630 2552 1733 2617 sit;
1779 2567 1844 2606 ac

231 2646 406 2714 legem
438 2641 610 2713 Moysi
649 2641 900 2714 scriptam
931 2640 1067 2714 legis
1097 2641 1354 2696 naturalis
1388 2640 1593 2710 justitia
1622 2641 1677 2694 in
1720 2641 1838 2696 Noe

230 2738 288 2786 et
323 2731 616 2800 Abraham,
651 2730 779 2802 quin
829 2735 884 2784 et
921 2729 1280 2785 sacerdotium
1331 2730 1386 2784 in
1430 2729 1844 2798 Melchisedech,

233 2819 596 2892 praecesserit.

306 2909 398 2964 III.
455 2909 554 2963 Et
585 2907 763 2961 datam
831 2907 1051 2977 quidem
1096 2908 1326 2963 Abrahae
1374 2904 1842 2962 circumcisionem

231 2997 509 3053 carnalem
556 2997 624 3052 ad
665 3007 895 3068 tempus,
934 2997 1030 3052 sed
1071 2998 1127 3050 in
1175 2996 1415 3066 signum,
1477 2996 1618 3050 unde
1674 2995 1842 3074 Israel

233 3086 288 3140 in
321 3084 618 3141 novissimo
656 3092 897 3155 tempore
942 3084 1336 3151 dinosceretur,
1377 3082 1593 3154 quando
1642 3096 1842 3138 secun-

231 3176 364 3230 dum
402 3191 498 3230 sua
537 3172 724 3229 merita
759 3174 813 3228 in
854 3182 1092 3230 sanctam
1133 3175 1406 3231 civitatem
1453 3172 1662 3248 ingredi
1706 3189 1839 3245 pro-

234 3264 516 3318 hiberetur
558 3281 570 3317 :
613 3279 758 3318 nunc
805 3279 932 3319 vero
955 3261 1246 3333 spiritalem
1291 3261 1756 3318 circumcisionem
1784 3263 1839 3316 in

229 3353 468 3407 salutem
506 3367 626 3406 esse
665 3351 870 3424 populo
906 3351 1198 3406 obedienti.

305 3442 395 3498 IV.
445 3439 664 3494 Sabbati
718 3454 933 3511 quoque
989 3438 1422 3494 observationem
1487 3442 1838 3510 temporalem

1987 1022 2433 1134 JUDZEO
2458 1027 2555 1135 S.

1957 1389 2290 1448 oblationum
2344 1393 2480 1448 Abel
2519 1401 2572 1448 et
2618 1393 2770 1463 Cain,
2820 1395 2876 1450 in
2935 1395 3168 1454 [.evnico
3216 1398 3548 1468 conscripta.

1954 1480 2271 1549 spiritalium
2319 1482 2702 1538 sacriﬁciorum
2751 1484 3006 1552 praedicta
3051 1485 3213 1542 fuisse
3260 1503 3326 1542 ex
3374 1487 3545 1542 Mala-

1956 1569 2074 1622 chia
2102 1577 2154 1624 et
2181 1570 2405 1626 Psalmis
2433 1573 2773 1627 manifestum
2804 1572 2911 1628 sit.

2026 1658 2112 1711 VI.
2187 1661 2362 1729 Atque
2416 1659 2552 1715 adeo
2598 1675 2664 1716 ex
2709 1661 2982 1731 praedictis
3026 1664 3307 1728 concludi,
3365 1663 3547 1738 legem

1951 1761 2143 1802 novam
2207 1756 2687 1817 superventuram;
2730 1747 2784 1802 id
2838 1749 3016 1822 itaque
3070 1753 3438 1821 quaerendum,
3481 1767 3554 1808 an

1950 1847 2287 1904 ex5pectctur
2328 1852 2482 1892 novae
2515 1836 2653 1909 legis
2684 1837 2840 1900 lator,
2884 1855 2950 1891 an
2997 1854 3126 1895 vero
3170 1840 3280 1908 jam
3322 1841 3548 1896 venerit.

2025 1926 2136 1980 VII.
2170 1925 2394 1980 Venissc
2421 1934 2627 1997 autem,
2687 1924 2917 1996 primum
2948 1942 3014 1981 ex
3054 1927 3356 1996 prOphetiis
3402 1942 3552 1984 com-

1950 2013 2238 2069 monstrari
2292 2015 2360 2070 de
2400 2029 2568 2086 regno
2630 2014 2750 2084 ejus
2789 2029 2951 2084 super
2988 2022 3214 2087 gentes,
3251 2030 3423 2087 eoque
3479 2030 3553 2071 ae-

1951 2111 2126 2157 terno.

2023 2188 2197 2247 596
2211 2189 2581 2247 VlII.Deinde
2612 2204 2677 2244 ex
2706 2191 3041 2261 temporibus
3074 2189 3366 2246 nativitatis
3396 2191 3554 2247 ducis

1949 2281 2166 2348 Christi,
2240 2292 2295 2335 et
2356 2280 2639 2349 passionis,
2689 2287 2744 2335 et
2816 2280 3120 2336 exterminii
3188 2280 3487 2336 Jerusalem
3522 2299 3553 2336 a

1951 2371 2174 2427 Daniele
2205 2371 2495 2442 praedictis.

2019 2463 2119 2516 1x.
2151 2459 2290 2528 Quin
2331 2460 2491 2515 etiam
2546 2457 2986 2527 praedictionibus
3021 2457 3214 2528 variis,
3275 2458 3472 2531 quibus
3524 2475 3556 2514 a

1948 2550 2223 2621 proiihetis
2253 2549 2494 2604 nuntiata
2521 2558 2599 2604 est
2629 2548 2826 2604 Christi
2846 2547 3116 2604 nativitas.

2021 2637 2095 2691 Χ.
2153 2637 2288 2690 Item
2318 2652 2385 2691 ex
2413 2636 2478 2691 iis
2506 2653 2627 2705 quae
2655 2637 2724 2692 de
2770 2637 3024 2708 passione
3061 2633 3258 2691 Christi
3300 2636 3357 2691 in
3403 2653 3557 2693 cruce

1955 2725 2207 2796 praedicta
2229 2736 2374 2792 sunt,
2404 2735 2456 2780 et
2485 2726 2672 2797 ﬁguris
2705 2725 2966 2795 ejusdem.
3008 2756 3010 2759 -

2023 2817 2121 2870 XI.
2155 2816 2384 2870 Rursum
2403 2832 2465 2869 ex
2497 2816 2665 2870 cladis
2691 2815 2994 2870 Jerusalem
3046 2813 3414 2884 praedictione,
3446 2828 3554 2867 non

1952 2905 2112 2959 modo
2149 2920 2245 2975 per
2300 2903 2609 2974 Danielem,
2660 2902 2755 2959 sed
2785 2912 2841 2960 et
2896 2918 2994 2974 per
3030 2901 3365 2958 Ezechielem
3423 2915 3554 2971 pro-

1951 2994 2186 3066 phetam.

2022 3082 2146 3136 XII.
2189 3081 2412 3151 Insuper
2465 3087 2518 3133 et
2575 3078 2898 3148 repetitione
2953 3077 3310 3150 quorumdam
3359 3076 3550 3148 Scrip-

1950 3179 2082 3224 turae
2114 3185 2279 3225 sacrae
2337 3168 2578 3224 locorum
2606 3168 2674 3223 de
2726 3168 2968 3237 gentium
2997 3167 3065 3222 ad
3111 3167 3384 3222 Christum
3416 3182 3553 3222 con-

1949 3259 2222 3314 versione.

2017 3349 2164 3403 XIII.
2229 3345 2472 3419 Denique
2527 3343 2934 3416 przescriptioue
2979 3344 3206 3400 aliarum
3253 3343 3555 3416 Scriptura-

1948 3453 2092 3502 rum,
2121 3453 2151 3492 e
2178 3437 2378 3508 quibus
2399 3437 2517 3506 jam
2546 3435 2758 3491 venisse
2797 3433 3168 3490 convincitur.

228 3527 426 3595 fuisse,
457 3527 676 3583 Sabbati
715 3527 898 3583 aeterni
937 3525 1165 3597 ﬁguram
1201 3545 1214 3582 ε
1247 3535 1431 3600 utpote
1479 3529 1624 3598 quod
1667 3543 1842 3601 neque
1874 3513 1917 3590 C
2015 3525 2157 3580 XIV.
2199 3527 2476 3582 Postremo
2513 3540 2580 3580 ex
2609 3523 2937 3579 abundantia
2989 3522 3190 3579 erroris
3238 3523 3550 3580 Iudaeorum

228 3635 260 3673 a
293 3617 570 3688 praedictis
623 3617 940 3687 patriarchis
1003 3625 1127 3672 ante
1181 3618 1354 3690 legem
1406 3617 1598 3690 Moysi,
1660 3634 1837 3690 neque

227 3717 358 3780 post
429 3704 675 3760 eamdem
721 3706 789 3759 ab
849 3706 1101 3761 omnibus
1155 3713 1417 3777 perpetuo
1474 3708 1833 3776 observatam,

229 3795 495 3866 exemplis
515 3801 724 3850 constet
749 3795 876 3849 Jesn
907 3795 1055 3848 Nave
1097 3803 1152 3848 et
1181 3796 1626 3851 Machabaeorum.

307 3884 372 3939 γ.
405 3882 615 3953 Quid.?
658 3883 800 3955 quod
831 3883 988 3937 etiam
1031 3884 1146 3954 ipsa
1201 3883 1456 3941 sacriﬁcia
1507 3894 1840 3941 terrenarum

1944 3615 2213 3679 convinci,
2263 3629 2335 3668 ex
2386 3612 2621 3668 secundo
2661 3611 2861 3668 Christi
2909 3611 3146 3667 adventu
3201 3611 3255 3666 in
3300 3613 3544 3668 sublimi-

1953 3713 2060 3759 tate
2098 3711 2218 3774 post
2271 3702 2506 3773 priorem
2547 3701 2694 3757 illum
2734 3702 2790 3756 in
2831 3701 3176 3771 humilitate;
3207 3703 3350 3759 circa
3394 3720 3551 3776 quem

1953 3792 2032 3847 illi
2084 3791 2293 3864 decepti
2353 3799 2496 3858 sunt,
2528 3793 2657 3862 quia
2686 3807 2798 3846 non
2845 3789 2899 3844 in
2929 3790 3256 3847 sublimitate
3322 3792 3541 3856 venerit,

1949 3882 2077 3938 dum
2107 3881 2357 3956 ignorant
2378 3881 2433 3936 in
2464 3880 2767 3937 humilitate
2805 3879 2969 3935 fuisse
2993 3889 3301 3936 venturum.

1634 4026 2134 4090 Commentarins.

229 4162 430 4236 Irenaei
486 4162 654 4220 libros
701 4167 904 4236 contra
936 4161 1167 4236 haeres,
1203 4180 1259 4236 p.
1300 4164 1404 4218 352
1449 4165 1507 4218 et
1536 4179 1702 4236 seqq.,
1755 4163 1838 4218 ed.

229 4237 310 4290 D.
340 4235 587 4299 Massuet,
637 4235 807 4300 Paris,
857 4235 1015 4289 1710.
1048 4265 1116 4274 -
1145 4234 1278 4303 Imo,
1328 4248 1429 4289 nec
1481 4234 1652 4290 etiam
1701 4249 1843 4290 nunc

235 4306 467 4360 omnino
503 4306 756 4360 amissum
784 4305 922 4362 foret
956 4305 1169 4375 insigne
1200 4306 1266 4361 de
1309 4305 1512 4374 Sophia
1553 4307 1836 4370 volumen,

232 4377 283 4431 si
343 4391 450 4446 qua
485 4376 617 4431 ﬁdes
652 4377 874 4445 Woide,
914 4376 1091 4502 Anglo
1132 4375 1301 4430 ultimi
1328 4375 1512 4430 saeculi
1543 4377 1836 4446 philologo,

232 4447 332 4502 aui
385 4447 523 4502 inter
579 4447 737 4502 codd.
788 4464 916 4502 mss.
949 4464 980 4502 a
1062 4493 1075 4502 .
1116 4447 1311 4502 Askew
1361 4445 1618 4502 collectos
1676 4463 1836 4501 unum

232 4447 332 4519 qui
385 4447 523 4502 inter
579 4447 737 4503 codd.
788 4464 916 4519 mss.
949 4447 1075 4506 aD.

235 4516 480 4590 reperit.
506 4517 1207 4590 membranispergamenis
1235 4518 1540 4581 cciiﬁatum,
1572 4516 1625 4570 in
1667 4517 1840 4590 forma

223 4591 406 4655 ἴῃς-4ο,
449 4589 636 4644 litteris
682 4589 888 4645 Graecis
949 4589 1242 4645 uncialibus
1301 4604 1523 4643 summm
1570 4589 1848 4643 vetustatis

234 4671 535 4723 exaratum,
577 4659 761 4732 lingua
808 4660 1102 4729 Captorum
1155 4661 1580 4732 Egyptiacaiab
1638 4659 1848 4732 integro

235 4731 624 4801 cOizscriptum,
665 4733 870 4786 nullum
907 4732 963 4785 in
1002 4733 1174 4787 fronte
1212 4731 1444 4794 titulum,
1477 4731 1592 4787 haec
1619 4731 1847 4786 vero’ad

236 4805 443 4858 calcem
498 4803 749 4859 secundae
803 4804 969 4872 partis
1002 4803 1340 4858 exhibentem
1385 4804 1595 4858 verba:
1653 4804 1849 4858 Tomus

236 4874 528 4933 secundus
555 4873 739 4942 ﬁdelis
771 4874 1008 4942 Sophim.
1041 4875 1192 4929 Hunc
1221 4891 1340 4929 esse
1361 4873 1623 4928 Valentini
1655 4874 1849 4928 librum

236 4947 330 5000 cui
381 4946 650 5000 interdum
706 4945 896 5000 alludit
951 4945 1316 5001 Tertullianus
1372 4945 1475 5000 sibi
1533 4961 1850 5010 persuasum

238 5017 447 5080 habuit,
501 5033 626 5072 cum
670 5015 726 5070 in
755 5032 821 5072 eo
850 5016 1036 5073 codice
1064 5016 1325 5072 contineri
1354 5017 1488 5071 vidit
1531 5016 1658 5071 XIII
1700 5018 1849 5071 Psal-

241 5104 362 5143 mos
390 5087 786 5156 pauitantiales
824 5087 1059 5157 Sophiae.
1093 5087 1221 5142 XIII
1251 5088 1496 5144 Canticos
1526 5089 1606 5143 ad-
1636 5087 1845 5142 laudem

240 5159 444 5214 Christi
516 5157 774 5230 Saphiam
827 5160 1160 5230 redimenﬁtis,
1219 5159 1478 5229 quasdam
1541 5160 1850 5214 contabula-

241 5233 425 5285 tioues
467 5229 663 5285 Christi
696 5246 820 5285 cum
851 5229 1132 5301 discipulis
1161 5237 1211 5284 et
1244 5229 1563 5301 mulieribus
1583 5231 1847 5301 _Ev;inge-

241 5301 386 5373 licis.
421 5301 655 5357 Porroin
685 5301 769 5373 his
788 5301 938 5373 ipsis
967 5298 1412 5373 adnotationibus
1431 5298 1631 5373 Woide
1658 5298 1846 5373 ansam

239 5372 397 5426 dedit
438 5372 720 5428 dubitandi
777 5371 986 5429 falsone
1036 5389 1104 5427 an
1162 5373 1354 5426 merito
1401 5371 1517 5426 hmo
1565 5371 1848 5427 Valentino
1894 5371 1901 5416 ῐ

241 5443 644 5508 tribuerentur;
695 5459 816 5498 nam
874 5443 1171 5499 verisimile
1226 5442 1444 5497 minime
1492 5453 1572 5500 est
1613 5443 1851 5498 Valenti-

240 5531 380 5570 num
437 5530 573 5596 opus
634 5532 791 5571 suum
851 5516 1144 5571 maximum
1198 5513 1273 5596 in
1308 5516 1490 5596 lingua
1515 5514 1850 5596 arEgyptiaca

239 5584 658 5657 conscripsisse,
712 5603 810 5642 nec
841 5602 1012 5656 pauca
1049 5601 1170 5657 quae
1198 5584 1408 5641 Woide
1427 5585 1566 5657 eruit
1593 5601 1654 5641 ac
1676 5584 1847 5657 inter-

241 5656 488 5730 pretatus
529 5665 608 5714 est
663 5658 906 5715 redolent
933 5656 1095 5727 hujus
1123 5657 1306 5726 cperis
1332 5656 1662 5715 versionem.
1701 5656 1844 5712 Nihil

1950 4161 2094 4216 enim
2125 4159 2238 4213 sive
2269 4158 2797 4230 Valcntinum,rsive
2853 4160 2971 4227 ejus
3030 4160 3305 4230 sequelam
3357 4169 3542 4228 aperte

1951 4232 2218 4300 designat,
2298 4231 2406 4284 imo
2459 4229 2668 4288 Woidii
2707 4230 2986 4300 sententiae
3042 4229 3241 4285 obsunt
3292 4233 3544 4300 quaedam
3591 4285 3594 4288 .

1950 4299 2236 4359 Valentino
2267 4316 2487 4370 prorsus
2506 4301 2697 4363 aliena,
2732 4299 2987 4356 videlicet
3013 4300 3264 4363 Barbelo,
3321 4299 3547 4357 Jaldab-

1949 4373 2178 4431 baothar
2199 4372 2488 4428 duodecim
2509 4373 2817 4427 salvatores
2859 4381 2910 4424 et
2929 4370 3032 4424 alia
3061 4371 3127 4428 do
3154 4371 3549 4441 Apostolorum

1116 4447 1311 4526 Askew
1344 4439 1618 4526 collectos
1671 4439 1836 4526 unum
1873 4451 1917 4526 Ι]
1946 4445 2242 4526 dignitate,
2277 4442 2696 4526 decumanum
2734 4442 2972 4526 origine.
3011 4439 3275 4526 Braetere‘a
3313 4439 3450 4526 libro
3481 4440 3550 4497 de

1957 4511 2160 4587 sophia
2190 4511 2469 4587 perperam
2509 4511 2880 4587 tribuerentur
2939 4511 3128 4587 psalmi
3167 4511 3251 4564 vel
3307 4512 3512 4587 cantici;

1957 4580 2154 4658 quanto
2190 4580 2204 4587 ’
2240 4580 2415 4658 magis
2496 4584 2694 4658 Christi
2772 4580 3271 4658 sermocinationcs,
3331 4584 3548 4658 __quibus

1959 4651 2202 4728 apertius
2251 4651 2550 4712 declaratur
2616 4656 2729 4710 haec
2773 4651 2980 4728 desumi
3011 4651 3402 4728 ab_E_vapgelio
3466 4671 3551 4710 εθ-

1959 4721 2191 4802 cundum
2220 4728 2504 4802 1Egyptios
2527 4727 2866 4802 apocrypha.
2899 4723 3013 4779 Nec
3052 4724 3105 4802 id
3126 4721 3455 4802 _iuﬁrh_1atur
3485 4741 3550 4780 ex

1963 4800 2117 4872 titulo
2149 4793 2374 4872 Sophic'e'
2410 4793 2612 4872 ﬁdelis,
2658 4793 2798 4872 unde
2829 4802 3032 4872 tantum
3064 4793 3260 4872 infer_re
3309 4793 3436 4872 licet
3488 4809 3552 4850 eo

1960 4873 2014 4926 in
2035 4871 2174 4926 libro
2196 4865 2283 4942 a'gi
2313 4871 2382 4926 de
2410 4865 2468 4942 re
2497 4869 2848 4942 Gnosticaif
2864 4867 2963 4942 _C_ui
3003 4866 3080 4942 rei
3127 4865 3447 4942 referendus
3471 4875 3552 4921 est

1961 4941 2207 4997 similiter
2232 4937 2375 4997 alter
2413 4941 2479 4995 ab
2519 4941 2710 4996 eodem
2738 4939 2947 5010 Woide
2991 4937 3544 5010 dcsrriptusAcodcx,

1964 5013 2020 5068 in
2066 5011 2616 5094 eadem__xl_3g_vptiaca
2671 5009 2960 5094 lingua,_in
3017 5007 3246 5094 dialeéto
3303 5007 3552 5094 sahidico

1961 5086 2299 5152 exaratus,76
2334 5079 2475 5138 foliis
2503 5083 2557 5136 in
2588 5079 2943 5138 formam-4°
2969 5090 3304 5152 compactus,
3336 5079 3391 5152 in
3421 5080 3554 5135 duas

1961 5157 2164 5210 divisus
2216 5151 2417 5226 partes,
2470 5171 2700 5226 quarum
2763 5155 2903 5224 prior
2935 5151 3286 5226 inscribitur:
3319 5151 3554 5226 Γνώσιως

1961 5227 2139 5290 liber;
2175 5224 2238 5267 —'
2280 5224 2544 5296 posterior
2579 5241 2712 5298 ivero
2753 5244 2766 5282 :
2812 5227 2949 5284 liber
3005 5224 3178 5298 Magni
3230 5226 3393 5298 Aci-{oo
3427 5224 3556 5280 κατὰ

1959 5298 2258 5371 Μυστήριον.
2288 5299 2423 5353 Eum
2470 5298 2534 5351 ab
2563 5297 2782 5354 Oriente
2828 5299 2881 5354 in
2940 5298 3192 5371 Angliam
3249 5297 3431 5371 attulit
3461 5312 3554 5371 ce-

1977 5366 2156 5428 eberr.
2191 5369 2365 5427 viator
2396 5373 2652 5441 Brucius,
2696 5385 2792 5426 nec
2832 5366 3360 5442 parum'doctorum
3402 5366 3550 5422 desi-

1959 5443 2127 5517 deriis
2155 5443 2486 5517 satisfaceret
2519 5439 2846 5517 quicunque
2899 5443 3183 5517 vetustatis
3239 5439 3552 5517 expleratos

1957 5514 2048 5590 qui
2071 5514 2207 5569 hanc
2232 5515 2334 5590 sibi
2376 5506 2549 5590 daret:
2578 5506 2917 5590 provinciam
2954 5511 3004 5590 in
3048 5513 3234 5590 lucem
3289 5506 3438 5590 hunc

1959 5577 2112 5641 brum
2141 5585 2420 5640 emittendi
2467 5585 2550 5642 Cf.
2579 5577 2808 5640 'Matter.
2851 5584 2992 5639 Hist.
3025 5581 3101 5639 du
3134 5579 3375 5637 Gnostic.
3414 5592 3450 5634 ι.
3479 5577 3544 5646 Il,

1961 5659 2083 5723 106,
2118 5657 2238 5712 170.
2269 5657 2408 5712 Enn.
