3992 6174
476 303 583 365 635

1174 298 1612 360 TBRTULLIANI
1641 299 1908 362 OPERUM
1964 301 2126 361 PARS
2160 301 2230 362 ΙΙ.
2262 306 2336 345 --'
2371 301 2597 362 SERIES
2634 299 2674 373 l,
2716 300 3066 361 POLEMIGA.

3677 298 3776 359 636

546 430 832 493 Caeterum,
863 435 1239 499 praeterquam,
1268 428 1411 497 quod
1440 425 1578 483 libro
1625 426 1780 483 tertio
1809 427 2073 486 adversus
2105 444 2150 522 Α
2182 430 2327 503 quod
2369 428 2474 485 sibi
2512 428 2790 485 vindicare
2833 427 2911 501 (5)
2949 426 3045 483 Dei
3087 426 3266 500 legem
3297 426 3585 485 instituerit
3615 428 3773 484 homo

477 518 813 575 Marcionem
842 515 1031 572 iisdem
1072 532 1206 586 pene
1254 515 1435 572 verbis
1464 516 1662 586 repetit
1707 517 2073 573 Tertullianus

469 625 577 664 non
624 608 757 662 nihil
815 606 1013 673 fusius,
1044 622 1165 678 quae
1194 606 1281 661 hic
1318 606 1644 662 contractius
1674 613 1881 672 tractet,
1929 607 2072 662 unde

474 697 725 768 ejusdem
761 708 1050 769 utrumque
1079 695 1321 752 auctoris
1351 710 1508 750 nemo
1566 694 1810 751 dubitare
1846 696 2019 766 possit
2051 716 2065 765 ;

474 797 527 843 et
557 786 704 858 quod
738 787 796 840 Β.
847 786 1148 856 Cyprianus
1175 784 1324 839 libris
1352 784 1560 839 duobus
1597 784 1862 855 prioribus
1901 786 2071 842 Testi-

472 876 797 933 moniorum
826 875 891 929 ad
944 873 1227 942 Quirinum
1282 872 1543 927 adversus
1570 873 1953 943 Judaeos,hunc
1994 874 2069 929 ita

474 964 544 1019 sit
587 965 821 1018 imitatus
866 963 1085 1033 librum,
1117 970 1175 1017 ut
1215 964 1383 1017 multa
1412 962 1745 1032 decerpserit
1776 982 1790 1031 ;
1823 961 2069 1018 similiter

473 1053 716 1107 Julianus
756 1052 1041 1108 Pomerius
1072 1052 1165 1107 lib.
1203 1054 1372 1107 tribus
1400 1056 1601 1109 contra
1618 1053 1870 1120 Iudaeos;
1912 1063 2062 1108 certe

474 1140 742 1195 Eusebius
772 1142 823 1194 in
863 1140 1132 1198 Chronico
1163 1142 1478 1196 sententiam
1510 1142 1818 1196 Tertulliani
1850 1141 1917 1195 de
1966 1158 2065 1196 na-

477 1229 679 1285 tivitate
720 1229 915 1284 Christi
948 1245 1012 1284 ex
1052 1230 1153 1284 hoc
1190 1229 1331 1285 libro
1372 1230 1685 1285 nominatim
1719 1238 1977 1297 recenset,
2013 1240 2065 1284 et

476 1316 754 1372 Pomerius
784 1317 837 1370 in
870 1318 1066 1372 librum
1094 1334 1252 1372 suum
1283 1320 1537 1389 primum,
1590 1335 1652 1375 ac
1683 1320 1742 1374 B.
1802 1320 2066 1391 Hierony-

475 1420 598 1461 mus
625 1406 821 1460 bonam
846 1421 908 1461 ιχ
927 1405 1117 1476 capitis
1142 1415 1349 1477 partem
1381 1422 1478 1463 suo
1519 1410 1573 1463 in
1615 1408 1886 1465 Danielem
1917 1424 2065 1465 com-

474 1494 737 1551 mentario
840 1495 1314 1567 transrripserunt.
1383 1497 1616 1553 Disertis
1686 1498 1814 1553 item
1882 1498 2067 1554 verbis

474 1582 657 1653 scripti
714 1583 880 1655 hujus
932 1586 1286 1639 meminerunt
1341 1584 1655 1641 Vincentius
1725 1586 2013 1641 Lirinensis
2049 1630 2061 1653 ,

474 1671 642 1727 abbas
711 1672 1057 1741 Trithemius,
1118 1681 1172 1727 et
1198 1672 1508 1741 Politianus,
1577 1683 1864 1745 antequam
1905 1675 2061 1746 prelo

473 1761 900 1817 committeretur
945 1778 974 1816 a
1014 1761 1292 1816 Rhenano.
1325 1759 1427 1827 Qui
1468 1768 1523 1815 et
1569 1763 1861 1818 secundam
1896 1763 2063 1820 casti-
2098 1725 2141 1801 Β

475 1849 734 1921 gatiorem
767 1848 933 1904 edidit
960 1865 1025 1904 ex
1069 1848 1355 1904 Gorzienzi
1382 1848 1590 1917 codice,
1640 1852 1836 1907 additis
1866 1852 2070 1924 aliquot

477 1938 729 2006 scholiis;
771 1952 953 1992 verum
996 1937 1144 2008 quod
1210 1953 1328 1994 cum
1398 1938 1450 1992 in
1514 1939 1819 1996 Britannico
1883 1941 2068 1997 codice

475 2026 698 2083 Lelandi
742 2041 850 2081 non
908 2026 1222 2097 haberetur,
1280 2043 1311 2082 a
1358 2025 1584 2085 Gelenio
1641 2028 1810 2087 597
1866 2047 1972 2086 non
2001 2031 2069 2085 sit

476 2116 804 2189 recognitus,
866 2115 1104 2171 nondum
1152 2115 1433 2188 pristinam
1494 2118 1686 2173 faciem
1769 2127 2065 2191 receperat.

477 2203 656 2273 Quare
688 2209 742 2258 et
771 2204 931 2259 nobis
961 2205 1013 2259 in
1047 2221 1111 2262 eo
1159 2206 1457 2262 recurando
1522 2207 1882 2264 laborandum
1932 2208 2066 2278 fuit,

476 2293 546 2349 ad
596 2294 738 2364 quod
803 2293 1047 2349 subsidio
1101 2294 1316 2350 fuerunt
1372 2312 1472 2350 ms.
1530 2295 1846 2352 Vaticanum
1902 2314 2072 2354 unum

476 2382 600 2436 libri
629 2381 801 2448 istius,
844 2391 898 2437 et
950 2383 1057 2439 duo
1100 2383 1220 2439 libri
1264 2384 1405 2439 tertii
1445 2386 1702 2441 adversus
1746 2386 2070 2443 Marcionem

479 2470 838 2543 exemplaria,
896 2470 1022 2526 item
1060 2471 1235 2528 dictus
1260 2474 1322 2528 B.
1363 2474 1675 2544 Hieronymi
1738 2488 2070 2530 commenta-

479 2559 591 2615 rius
619 2569 672 2615 et
723 2560 830 2621 loci
875 2559 1081 2632 aliquot
1109 2576 1138 2613 a
1167 2559 1699 2633 Latinio-utrobique
1754 2563 2021 2621 observati
2056 2581 2069 2619 :

478 2649 554 2704 uti
578 2666 643 2706 ex
664 2649 863 2706 nostris
895 2649 1333 2705 adnotationibus
1357 2649 1545 2708 videre
1573 2661 1671 2707 est.
1688 2654 1848 2729 ΔΡΑΜ.

987 2792 1211 2850 CAPUT
1266 2792 1558 2850 PRIMUM.

2181 536 2245 574 ex
2297 518 2569 590 gentibus;
2631 533 2732 574 nec
2775 517 2841 571 de
2887 515 3136 589 prosapia
3184 517 3479 574 Israelitum
3533 518 3771 575 Iudaeus.

2176 607 2291 663 Hoc
2344 607 2489 663 enim
2531 612 2612 661 sat
2666 622 2786 661 esse
2824 606 2868 672 5,
2917 620 3079 677 posse
3112 613 3297 679 gentes
3331 605 3534 661 admitti
3570 606 3639 661 ad
3677 608 3777 664 Dei

2175 695 2367 765 legem,
2396 711 2466 751 ne
2496 694 2659 750 Israel
2680 695 2854 749 adhuc
2891 693 3186 765 superbiat,
3215 694 3365 765 quod
3401 700 3591 767 gentes
3622 696 3775 753 velut

2174 786 2536 843 stillicidium
2565 785 2775 849 situlaa,
2804 789 2909 840 aut
2938 785 3127 855 pulvis
3156 800 3228 839 ea:
3257 800 3392 841 area
3424 787 3778 858 deputentur

2172 879 2300 945 (Isa.
2342 892 2434 944 XL,
2496 877 2604 943 15).
2660 873 2979 945 Quanquam
3024 875 3318 929 habeamus
3372 875 3549 944 ipsum
3601 878 3775 932 Deum

2175 964 2426 1020 idoneum
2487 963 2893 1034 pollicitatorem
2933 969 2985 1018 et
3014 960 3229 1017 ﬁdelem
3286 978 3630 1034 sponsorem,
3682 967 3781 1035 qui

2172 1052 2403 1109 Abrahae
2454 1053 2771 1123 promiserat
2797 1050 2943 1121 quod
2991 1053 3057 1106 in
3089 1053 3303 1108 semine
3333 1052 3457 1122 ejus
3499 1053 3788 1112 benedice-

2172 1148 2372 1198 rentur
2408 1159 2600 1199 omnes
2640 1142 2901 1198 nationes
2954 1146 3122 1198 terra:
3165 1142 3322 1210 (Gen.
3366 1156 3514 1207 xm,
3564 1143 3679 1213 18),
3726 1151 3784 1199 et

2173 1232 2315 1302 quod
2357 1249 2430 1287 ex
2459 1234 2619 1286 utero
2663 1233 2911 1286 Rebecca:
2956 1229 3066 1285 duo
3113 1230 3314 1301 populi
3341 1235 3397 1286 et
3427 1231 3553 1287 dua:
3582 1236 3786 1304 gentes

2171 1325 2353 1378 essent
2374 1320 2891 1393 processurw(Gen.
2914 1334 3056 1386 xxv,
3082 1322 3172 1388 23)
3196 1336 3209 1373 :
3232 1318 3420 1390 utique
3439 1321 3782 1391 Iudaeorum,

2169 1406 2225 1463 id
2265 1417 2346 1463 est
2389 1407 2577 1476 Israel,
2620 1416 2674 1462 et
2711 1406 2987 1474 Gentium,
3046 1406 3101 1461 id
3155 1413 3237 1461 est
3290 1415 3496 1465 noster.
3540 1408 3790 1480 Uterque

2171 1511 2301 1570 ergo
2355 1504 2408 1552 et
2434 1497 2459 1535 δ
2488 1496 2721 1567 populus
2755 1501 2808 1549 et
2837 1510 2973 1567 gens
3015 1501 3097 1550 est
3125 1494 3448 1567 appellatus,
3480 1511 3547 1551 ne
3572 1496 3638 1552 de
3678 1511 3785 1552 no-

2172 1585 2329 1639 minis
2393 1584 2754 1655 appellatione
2818 1581 3163 1655 privilegium
3224 1584 3411 1656 gratiae
3477 1583 3582 1639 sibi
3652 1584 3786 1656 quis

2173 1677 2362 1730 audeat
2429 1672 2736 1729 defendere.
2792 1672 2945 1728 Duos
3005 1672 3203 1727 etenim
3247 1670 3480 1742 populos
3535 1679 3596 1729 et
3641 1673 3787 1728 duas

2175 1771 2366 1836 gentes
2421 1776 2768 1834 processuras
2817 1777 2884 1815 ex
2942 1759 3104 1816 unius
3158 1759 3372 1816 feminae
3420 1771 3572 1817 utero
3630 1762 3789 1819 Deus

2177 1851 2481 1918 destinavit,
2532 1867 2630 1906 nec
2665 1851 2917 1908 discrevit
2957 1850 3185 1922 gratiam
3235 1848 3315 1919 (6)
3358 1851 3413 1905 in
3451 1847 3615 1907 598
3678 1868 3789 1906 no-

2176 1940 2335 1996 minis
2379 1940 2755 2012 appellatione,
2807 1939 2903 1995 sed
2949 1938 3006 1995 in
3058 1945 3244 2009 partus
3287 1938 3558 2005 editione;
3600 1948 3662 1994 ut
3694 1940 3791 2013 qui

2179 2030 2322 2101 prior
2366 2038 2507 2084 esset
2555 2028 2624 2083 de
2660 2036 2814 2085 utero
2868 2043 3243 2099 processurus,
3287 2028 3484 2084 minori
3543 2030 3792 2098 subjice-

2177 2124 2341 2184 retur,
2370 2118 2422 2173 id
2453 2124 2535 2172 est
2584 2116 2887 2188 posteriori.
2930 2117 3019 2172 Sic
3064 2132 3292 2189 namque
3350 2117 3418 2172 ad
3476 2118 3790 2175 Rebeccam

2179 2206 2324 2262 Deus
2351 2205 2561 2262 locutus
2591 2215 2693 2277 est,
2725 2205 2947 2260 dicens:
2979 2207 3115 2262 Dum
3141 2209 3338 2277 gentes
3371 2208 3436 2261 in
3478 2209 3645 2262 utero
3693 2212 3793 2267 tuo

2178 2297 2331 2359 sunt,
2367 2298 2424 2351 et
2444 2294 2551 2349 duo
2564 2294 2765 2365 populi
2792 2293 2858 2350 de
2886 2296 3194 2351 ventretuo
3210 2292 3569 2363 dividentur,
3597 2298 3657 2350 et
3687 2312 3797 2368 po-

2175 2387 2347 2457 pulus
2382 2386 2663 2457 populum
2691 2385 2999 2457 superabit,
3031 2388 3089 2441 et
3114 2386 3299 2457 major
3338 2386 3546 2442 serviet
3586 2386 3795 2442 mino-

2179 2477 2234 2532 ri
2267 2473 2481 2546 (Ibid).
2531 2475 2715 2545 Itaque
2754 2489 2874 2529 cum
2915 2473 3150 2546 pepulus
3178 2490 3270 2530 seu
3302 2490 3440 2547 gens
3468 2473 3797 2530 Iudaeorum

2180 2564 2416 2621 anterior
2461 2563 2532 2618 sit
2569 2572 2830 2634 tempore,
2878 2570 2932 2619 et
2975 2565 3152 2634 major
3182 2579 3279 2634 per
3318 2564 3545 2636 gratiam
3594 2564 3801 2635 primm

2182 2653 2510 2727 dignationis
2542 2655 2594 2709 in
2625 2654 2770 2723 lege,
2819 2662 3002 2710 noster
3042 2669 3166 2710 vero
3216 2653 3392 2709 minor
3436 2660 3593 2710 relate
3639 2663 3801 2709 tem-

2184 2758 2377 2812 porum
2406 2743 2428 2782 ⁷
2468 2741 2811 2813 intelligatur,
2842 2750 3026 2812 utpote
3078 2741 3133 2795 in
3165 2742 3354 2796 ultimo
3386 2740 3573 2797 δῶσι]ιί
3601 2742 3795 2811 spatio

2182 2831 2408 2902 adeptus
2454 2831 2480 2869 ⁸
2547 2830 2788 2886 notitiam
2872 2830 3066 2884 divinae
3120 2829 3505 2896 miserationis,
3595 2829 3799 2901 procul

550 2917 802 2972 Proxime
854 2914 1048 2972 accidit
1076 2916 1155 2988 (l)
1187 2935 1201 2990 ς
1237 2917 1526 2988 disputatio
1573 2917 1754 2973 habita
1804 2926 1885 2974 est
1921 2918 2075 2975 Chri-
2109 2900 2152 2977 Β
2180 2900 2341 2976 dubio
2371 2919 2663 2975 secundum
2707 2918 2941 2974 edictum
2958 2920 3002 2983 9,
3038 2918 3244 2976 divinm
3289 2900 3607 2984 locutionis,
3643 2918 3803 2989 prior

480 3004 654 3059 stiano
686 3012 739 3059 et
769 3006 1038 3075 proselyto
1067 3005 1251 3060 Iudaeo
1281 3006 1381 3077 (2).
1412 3006 1649 3062 Alternis
1694 3007 1901 3063 vicibus
1955 3023 2080 3063 con-

480 3094 715 3148 tentioso
764 3092 889 3148 fune
941 3094 1021 3165 (3)
1054 3100 1277 3166 uterque
1307 3095 1452 3150 diem
1486 3095 1540 3150 in
1577 3111 1856 3167 vesperam
1896 3105 2080 3153 traxe-

480 3189 605 3237 runt
643 3200 656 3236 :
688 3181 1126 3253 obstrepentibus
1153 3184 1315 3238 etiam
1342 3185 1666 3256 quibusdam
1695 3201 1761 3240 ex
1792 3185 2031 3254 partibus
2062 3186 2079 3224 ι

479 3269 811 3341 singulorum
841 3270 881 3337 ²,
906 3270 1090 3326 nubilo
1138 3273 1369 3344 quodam
1406 3272 1602 3327 veritas
1635 3272 2076 3328 obumbrabatur.

479 3356 679 3415 Placuit
708 3374 840 3430 ergo
895 3360 974 3431 (4)
992 3360 1137 3431 quod
1187 3378 1280 3430 per
1333 3370 1650 3416 concentum
1698 3361 2079 3431 disputationis

478 3446 659 3503 minus
708 3449 865 3516 plene
913 3450 1083 3519 potuit
1120 3448 1426 3520 dilucidari,
1457 3448 1652 3521 inspici
1691 3449 1978 3521 curiosius,
2027 3458 2081 3506 ct

476 3535 722 3593 lectionis
768 3538 792 3576 3
837 3539 976 3609 style
1021 3539 1346 3610 quaestiones
1402 3548 1712 3595 retractatas
1766 3541 2074 3596 terminare.

475 3623 614 3680 Nam
668 3627 880 3683 occasio
952 3628 1175 3699 quidem
1230 3627 1555 3683 defendendi
1613 3627 1774 3683 etiam
1829 3628 2079 3700 gentibus

478 3715 583 3772 sibi
623 3718 648 3755 4
677 3717 911 3773 divinam
940 3719 1186 3792 gratiam,
1227 3719 1412 3774 habuit
1467 3719 1591 3774 hinc
1646 3719 2075 3791 praerogativam,

2187 3019 2242 3065 et
2270 3008 2318 3047 ¹⁰
2344 3010 2517 3077 major
2546 3008 2798 3080 populus,
2832 3008 2884 3061 id
2922 3017 3004 3062 est
3028 3007 3302 3077 Iudaicus,
3338 3007 3535 3064 serviat
3562 3022 3802 3062 necesse

2189 3102 2272 3151 est
2315 3095 2538 3165 minori;
2574 3104 2626 3151 et
2655 3095 2828 3151 minor
2873 3094 3131 3167 populus,
3178 3095 3234 3150 id
3274 3104 3355 3151 est
3412 3094 3797 3160 Christianus,

2187 3191 2408 3256 superet
2450 3186 2727 3252 majorem.
2769 3185 2907 3239 Nam
2946 3191 3000 3238 et
3046 3185 3350 3241 secundum
3392 3184 3797 3255 Scripturarum

2188 3271 2489 3328 divinarum
2523 3272 2566 3310 ιι
2596 3271 2880 3328 memorias
2911 3272 3144 3343 populus
3174 3271 3485 3329 Iudaeorum
3524 3271 3705 3342 major
3732 3270 3797 3337 ‘3,

2187 3357 2242 3413 id
2283 3366 2365 3415 est
2404 3360 2690 3432 antiquior,
2741 3360 2997 3417 derelicto
3045 3361 3184 3429 Deo,
3228 3361 3383 3416 idolis
3444 3360 3691 3428 servivit,
3744 3368 3802 3415 et

2187 3446 2468 3505 divinitate
2504 3447 2778 3519 abrelicta,
2829 3448 3134 3506 simulacris
3163 3449 3261 3505 fuit
3303 3449 3534 3515 deditus,
3582 3448 3803 3506 dicente

2184 3537 2388 3608 populo
2415 3538 2483 3593 ad
2511 3540 2691 3593 Aaron
2723 3555 2736 3593 :
2794 3540 2888 3610 fac
2916 3539 3074 3595 nobis
3117 3540 3244 3596 deos
3273 3540 3374 3613 qui
3402 3553 3504 3595 nos
3558 3541 3804 3595 antece-

2186 3630 2331 3685 dant
2408 3629 2600 3699 (Exod.
2659 3643 2847 3690 xxxu,
2895 3630 3007 3698 23).
3074 3627 3231 3698 Quod
3275 3643 3400 3682 cum
3452 3642 3516 3682 ex
3573 3627 3804 3682 monili-

2186 3721 2288 3775 bus
2332 3717 2653 3772 femiuarum
2681 3726 2736 3773 et
2779 3717 2992 3776 annulis
3056 3717 3298 3773 virorum
3354 3732 3544 3772 aurum
3600 3715 3650 3754 ³³
3721 3716 3805 3790 ('7)

1859 3818 2054 3882 Variae
2098 3820 2407 3881 lectiones.

557 3918 575 3956 1
605 3917 685 3973 Ex
715 3917 959 3985 partibus
988 3919 1143 3974 abest
1169 3937 1204 3975 a
1230 3921 1389 3976 Pam.
1429 3919 1653 3977 Oberth.
1707 3921 1876 3977 Seml.
1909 3921 1933 3958 ²

1972 3921 2305 3990 Quibusdam
2351 3918 2723 3992 spectantibus
2756 3918 2880 3992 (pro
2927 3919 3321 3992 spectatoribus
3360 3917 3563 3992 Rhea.)
3602 3918 3803 3975 sibilo-

483 4004 608 4062 tjurn
646 3988 829 4062 nubilo
861 3991 1094 4059 quodam
1119 3990 1426 4062 jurgiorum
1456 3993 1577 4048 Lat.
1612 3993 1635 4030 3
1662 3988 2009 4048 Lectionibus
2040 3992 2267 4050 Oberth.
2303 3988 2473 4049 Seml.
2514 3993 2536 4030 ἰ
2567 3990 2681 4046 Sibi
2721 3988 2872 4048 abest
2910 3988 3107 4047 a‘Jun.
3141 3991 3165 4028 5
3221 3991 3316 4046 Est
3355 3990 3581 4047 Oberth.
3620 3992 3800 4047 Seml.

481 4060 627 4136 §_Et_
649 4059 805 4116 abest
832 4078 877 4136 ag
912 4063 1073 4136 Pam.
1125 4059 1188 4117 et
1218 4059 1366 4119 'Par.
1399 4062 1419 4099 ⁷
1470 4064 1797 4134 Temporum
1845 4065 1935 4136 (de
1966 4065 2227 4131 Rebecca,
2285 4064 2355 4118 de
2408 4063 2622 4118 duobus
2669 4062 2904 4136 pOpulis)
2949 4062 3281 4133 intelligitur.
3317 4064 3538 4136 Hancce
3574 4064 3804 4120 Parem

484 4130 685 4188 thesim
716 4134 879 4207 quasi
908 4134 943 4188 ἀ
960 4134 1291 4207 glossemate
1320 4130 1631 4207 profectam
1667 4130 1947 4207 expurigit
1977 4139 2098 4192 Lat.
2130 4130 2249 4207 Rig.
2282 4137 2419 4191 Jun.
2465 4130 3019 4207 autem'arbitratur
3048 4149 3078 4189 e
3106 4130 3463 4206 sequentibus
3483 4133 3621 4207 __huc
3683 4149 3805 4207 esse

484 4205 891 4278 transpositam
918 4224 937 4273 ;
964 4204 1157 4262 ’Seml.
1184 4204 1390 4278 nempe
1406 4211 1532 4278 post
1554 4206 1701 4277 prior
1737 4204 1789 4262 et
1817 4204 2005 4276 major.
2042 4204 2222 4264 Obert'.
2253 4207 2580 4278 Teniporum
2608 4208 2676 4261 de
2696 4207 2961 4271 Rebecca,
2986 4206 3056 4260 de
3085 4204 3311 4278 duobus
3334 4204 3565 4278 pepulis,
3598 4206 3805 4278 intelli-

523 4277 628 4351 itur
678 4276 757 4351 id_
782 4292 966 4351 posse._
990 4276 1343 4351 (typerbatou
1371 4276 1634 4351 est‘locus
1664 4280 1771 4351 iste
1810 4285 1909 4336 aut
1937 4282 2260 4351 corruptus,
2295 4276 2403 4351 cui;
2436 4296 2515 4351 ea:
2543 4279 2649 4335 MS.
2691 4279 2904 4351 mederi
2930 4293 3048 4333 non
3080 4276 3266 4351 licuit.
3300 4277 3439 4351 Plut.
3473 4276 3497 4309 ⁸
3542 4276 3798 4351 Adeptos

529 4348 669 4419 lien.
698 4346 916 4404 Oberth.
947 4349 972 4387 9
1000 4346 1212 4403 Dictum
1240 4349 1416 4406 Rhen.
1459 4348 1507 4387 ιο
1534 4351 1600 4405 Ει
1628 4349 1777 4406 abest
1805 4366 1841 4406 a
1862 4353 2019 4407 Pam.
2054 4346 2268 4407 06erth.
2304 4349 2348 4387 11
2384 4350 2696 4406 Divinarum
2722 4349 3127 4419 Scripturarum
3154 4348 3308 4405 abest
3336 4349 3563 4419 arPam.
3594 4347 3785 4419 Rhen.

488 4417 706 4495 Qberth.
763 4420 1047 4479 Memorias
1086 4425 1328 4493 usurpat
1351 4436 1454 4493 pro
1492 4421 1802 4495 Scripturis
1831 4425 2003 4479 sacris
2043 4422 2202 4477 Pam.
2242 4420 2288 4458 1²
2318 4422 2487 4491 Major
2516 4422 2669 4480 abest
2700 4438 2736 4477 α
2771 4417 2932 4477 Pam.
2966 4424 3024 4476 et
3051 4420 3229 4478 Rhea.
3278 4419 3324 4459 13
3368 4418 3577 4476 Aurum
3630 4418 3791 4476 delet

483 4489 616 4545 Jun.

1885 4564 2387 4628 Commentarius.

555 4666 635 4738 (1)
663 4667 772 4724 Sed
818 4668 913 4725 ubi
949 4678 1004 4725 et
1061 4669 1329 4742 quando?
1382 4671 1504 4744 quis
1558 4671 1647 4727 ille
1698 4671 2028 4728 Christianus
2055 4673 2083 4728 ‘I
2115 4686 2160 4763 υ
2191 4678 2309 4741 est;
2357 4685 2480 4724 nam
2517 4676 2572 4763 e‘t
2610 4666 3070 4763 vindicaremquod
3111 4682 3142 4722 a
3187 4664 3442 4763 vindiciis
3496 4665 3801 4734 derivatur,

482 4739 656 4797 Sinin.

557 4811 648 4883 (2)
689 4814 761 4868 Et
783 4812 1064 4884 proselyto
1101 4812 1313 4871 Iudaeo.
1347 4813 1472 4870 Hac
1525 4830 1627 4872 vox
1695 4814 1748 4869 in
1805 4812 2081 4884 Scriptura

486 4890 717 4956 oceurrit
750 4899 932 4955 saepe;
965 4884 1234 4956 significat
1264 4892 1440 4941 autem
1487 4887 1628 4954 apud
1659 4887 1873 4941 Judteos
1913 4886 2084 4940 homi-

485 4970 611 5028 nem
644 4953 900 5028 advenam
932 4953 1039 5010 seu'
1055 4956 1426 5026 adventitium,
1460 4953 1553 5028 qui
1589 4973 1714 5012 cum
1755 4973 1861 5012 non
1899 4958 2078 5011 sitJu-

485 5024 655 5149 ditauit,
696 5024 762 5149 ald
792 5040 980 5082 eorum
1013 5034 1188 5081 tamen
1222 5024 1501 5101 legem‘eit
1554 5028 1845 5102 gentilibus
1901 5043 2088 5084 acces-

486 5112 575 5149 81.
647 5113 681 5149 Ε
755 5113 808 5149 Β.
1752 5144 1759 5149 .

486 5107 575 5152 ειι.
610 5107 681 5151 LE
713 5107 808 5151 ΡΒ.
1752 5144 1759 5149 .

563 5167 639 5241 (3)
665 5168 1015 5226 Contentioso
1036 5172 1197 5241 fune.
1240 5170 1655 5228 Proverbialiter
1682 5169 1838 5235 dixit,
1869 5171 2089 5227 alternis

489 5238 697 5295 vicibus
720 5238 1057 5313 contentiosa
1088 5242 1211 5297 fune
1256 5252 1481 5313 uterque
1518 5244 1659 5296 diem
1700 5243 1752 5296 in
1810 5258 2087 5312 veSperam

494 5318 789 5367 traxerunt.
834 5312 923 5367 Sic
973 5314 1023 5367 in
1066 5314 1207 5370 libro
1254 5314 1320 5371 de
1374 5312 1800 5372 Resurrectione
1853 5315 2087 5369 carnis:

569 5401 593 5435 ι
635 5383 797 5457 Modo
846 5400 1009 5457 nunc,
1046 5384 1238 5457 inquit,
1274 5385 1610 5441 contentiosa
1640 5385 1766 5457 fune
1798 5384 2085 5457 dedpcere,

489 5456 591 5513 hac
617 5471 687 5511 an
723 5454 843 5529 illac
872 5454 1153 5529 hominem,
1192 5457 1423 5528 perditio
1478 5455 1798 5529 depostulet.
1825 5477 1850 5504 ιο
1900 5454 2085 5512 RnuN.

593 5530 624 5583 4
691 5526 906 5583 Scilicet
944 5529 1098 5584 mihi.
1130 5526 1308 5584 Sinin.

561 5528 645 5669 isi
667 5598 783 5657 Sibi
797 5597 1289 5659 vindicare.Vatic.

585 5596 641 5669 5)
667 5598 783 5657 Sibi
797 5597 1289 5659 vindicare.Vatic.
1317 5598 1487 5658 codex
1516 5598 1835 5671 vindicare;
1864 5596 2089 5673 perinde

2190 4753 2273 4797 est
2300 4738 2412 4796 rem
2435 4748 2835 4794 controversam
2862 4738 2964 4794 sibi
2994 4740 3260 4794 adserere.
3294 4739 3433 4793 Pan.

2259 4813 2338 4883 (6)
2386 4813 2492 4867 Nec
2525 4811 2789 4883 discrevit
2818 4813 3086 4883 gratiam.
3136 4810 3316 4883 C0d8§
3356 4806 3662 4875 Fuldensis,
3687 4808 3797 4865 Nec

2195 4880 2465 4940 discrevit
2495 4885 2702 4954 gratia.
2735 4880 2890 4949 Quod
2921 4882 3119 4954 rectius
3144 4889 3244 4954 est.
3278 4880 3400 4954 me:

2265 4954 2342 5026 (7)
2381 4958 2452 5010 Et
2492 4949 2723 5010 annalis
2758 4954 3030 5011 virorum.
3071 4952 3325 5008 Similiter
3367 4952 3427 5026 Β,
3471 4949 3798 5026 Ambrosius

2195 5021 2353 5099 epist.
2406 5029 2505 5099 56,Δ
2554 5026 2627 5081 ad
2680 5026 3036 5099 Romulum:
3071 5045 3094 5076 α
3155 5026 3385 5099 Coactus
3411 5021 3578 5096 igitur
3608 5022 3794 5099 Aaron

2195 5095 2324 5169 petit
2349 5097 2576 5153 annulos
2622 5107 2913 5169 corum_et
2948 5095 3511 5169 inauresumulieru’m.
3574 5113 3598 5143 ι
3665 5095 3792 5149 Cum

2195 5167 2339 5224 utem
2395 5169 2537 5224 istud
2586 5183 2763 5240 neque
2817 5167 3002 5240 Graece
3069 5167 3230 5240 hodie
3295 5167 3534 5240 legatur,
3618 5180 3792 5237 neque

2197 5241 2383 5295 Latine
2440 5242 2490 5294 in
2537 5237 2769 5295 editione
2815 5239 2875 5294 B.
2909 5238 3222 5306 Hieronymi
3268 5237 3581 5307 reperiatur,
3612 5251 3791 5307 Opor-

2197 5319 2268 5368 tet
2323 5310 2590 5366 diversam
2640 5310 2808 5383 giuisse
2847 5310 3187 5383 septuaginta
3229 5306 3463 5366 virerum
3503 5306 3799 5383 editiOnem

2194 5383 2509 5452 quibusdam
2540 5385 2592 5438 in
2638 5382 2772 5438 locis
2827 5380 3003 5438 ab‘ea
3041 5380 3168 5452 quae
3201 5396 3343 5436 nunc
3389 5386 3592 5452 exstat,
3650 5380 3792 5451 quod

2195 5450 2549 5581 gonﬁrmatur
2576 5471 2642 5511 ex
2669 5453 2851 5514 verbis
2879 5470 3003 5528 quae
3034 5450 3156 5511 mox
3176 5452 3245 5508 ab
3268 5454 3499 5509 Auctore
3536 5450 3792 5507 citantur.

2237 5541 2334 5581 AM.

2237 5541 2334 5583 AM.
