4016 6188
294 327 402 387 637

294 454 491 511 fuisset
509 452 639 529 igne
666 453 975 520 conﬂatum,
1025 463 1078 512 et
1114 457 1472 527 processisset
1498 457 1579 513 eis
1630 457 1887 512 bubulum

292 554 475 618 caput,
523 543 651 598 buid
682 543 936 614 ﬁgmento
964 545 1249 601 universus
1279 547 1459 613 Israel,
1516 547 1702 604 relicto
1751 547 1888 614 Deo,

291 635 561 690 honorem
590 632 880 700 dederunt,
920 634 1162 690 dicentes
1194 654 1207 690 :
1264 639 1334 694 Ili
1388 641 1527 695 sunt
1588 637 1678 694 dei
1708 638 1753 675 1"
1793 638 1893 709 qui

291 740 393 780 nos
411 724 707 795 ejecerunt
735 722 803 780 de
836 728 991 780 terra
1021 727 1265 798 Egypti.
1318 726 1407 783 Sic
1436 741 1669 797 namque
1708 736 1889 798 poste-

291 811 531 868 rioribus
587 813 938 882 temporibus,
992 815 1189 884 quibus
1226 831 1388 887 reges
1414 815 1492 870 eis
1540 815 1891 885 imperabant,

293 909 349 957 et
382 917 508 957 cum
540 901 863 956 Hieroboam
915 918 1107 958 vaccas
1134 918 1326 959 aureas
1355 904 1434 976 (8)
1488 914 1539 960 et
1571 903 1718 959 lucos
1746 906 1893 959 cote-

293 992 445 1056 bant,
488 999 543 1045 et
570 990 755 1045 Bahali
810 1006 868 1046 se
905 993 1278 1064 mancipabant
1312 1010 1327 1061 ;
1364 993 1503 1048 unde
1554 993 1814 1063 probatur
1846 993 1892 1031 1⁵

290 1097 389 1138 eos
446 1096 665 1152 semper
704 1080 1021 1138 idololatriae
1051 1081 1272 1137 crimine
1308 1098 1435 1138 reos
1468 1085 1780 1159 designatos
1828 1099 1894 1139 ex

293 1172 657 1227 instrumento
686 1172 990 1228 divinarum
1018 1171 1438 1244 Scripturarum.
1516 1175 1712 1230 Noster
1764 1189 1894 1231 vero

294 1260 535 1331 p0pu|us
600 1258 795 1325 minor,
827 1258 881 1313 id
912 1268 991 1315 est
1020 1260 1306 1330 posterior,
1338 1261 1539 1317 relictis
1570 1260 1732 1317 idolis
1773 1263 1896 1334 qui-

294 1349 399 1404 bus
428 1357 557 1404 ante
601 1347 956 1416 deserviebat,
1017 1350 1084 1404 ad
1135 1349 1385 1404 eumdem
1435 1351 1602 1406 Deum
1663 1365 1893 1407 conver-

293 1454 388 1494 sus
465 1445 552 1493 est
600 1454 632 1492 a
688 1453 797 1511 quo
856 1438 1041 1508 Israel,
1098 1446 1159 1494 ut
1218 1455 1384 1511 supra
1449 1440 1891 1506 memoravimus,

294 1528 667 1583 abscesserat.
730 1526 821 1584 Sic
875 1543 1110 1599 namque
1149 1528 1386 1601 p0pulus
1433 1528 1631 1597 minor,
1695 1529 1751 1585 id
1811 1538 1893 1586 est

292 1615 580 1688 posterior,
612 1615 868 1688 populum
918 1616 1183 1686 majorem
1215 1618 1512 1688 superavit,
1572 1619 1701 1674 dum
1757 1635 1889 1691 gra-

289 1704 419 1759 tiam
498 1703 696 1760 divinae
742 1703 1069 1778 dignationis
1112 1706 1478 1778 consequitur,
1511 1723 1542 1762 a
1569 1723 1673 1779 qua
1723 1709 1889 1765 Israel

290 1800 377 1848 est
414 1793 755 1864 repudiatus.

834 1931 1009 1990 599
1038 1934 1261 1992 CAPUT
1302 1934 1369 1991 II.

379 2062 558 2134 Igitur
571 2063 791 2133 gradum
837 2060 1196 2127 conferamus,
1228 2069 1283 2117 et
1311 2076 1583 2117 summam
1640 2063 1900 2133 quaestio-

294 2150 384 2206 nis
405 2149 579 2221 ipsius
608 2150 765 2207 certis
789 2150 946 2206 lineis
972 2150 1396 2205 determinemus
1432 2151 1478 2188 15
1544 2151 1651 2207 Cur
1703 2153 1899 2208 etenim

291 2241 464 2312 Deus,
508 2240 875 2296 universitatis
912 2240 1179 2310 conditor,
1219 2238 1406 2295 mundi
1436 2239 1597 2296 totius
1643 2242 1904 2314 guberna—

291 2336 400 2399 tor,
448 2329 686 2385 hominis
710 2331 1028 2401 plasmator,
1079 2328 1453 2385 universarum
1489 2329 1729 2400 gentium
1759 2338 1903 2388 sator

291 2419 480 2492 legem
531 2434 625 2488 per
654 2420 877 2489 Moysen
916 2418 1007 2475 uni
1048 2419 1252 2492 pepulo
1274 2419 1488 2474 dedisse
1531 2418 1797 2488 credatur,
1849 2427 1903 2476 et

291 2523 406 2563 non
439 2507 698 2563 omnibus
726 2508 980 2580 gentibus
1005 2507 1312 2563 attribuisse
1332 2507 1539 2563 dicatur
1556 2508 1584 2563 ‘l
1609 2507 1727 2563 Nisi
1756 2509 1903 2565 enim

293 2597 557 2654 omnibus
594 2613 713 2653 eam
770 2597 1001 2654 dedisset
1036 2595 1188 2654 nullo
1244 2605 1401 2669 pacto
1444 2597 1511 2651 ad
1569 2613 1691 2654 eam
1742 2598 1903 2653 etiam

297 2686 610 2756 proselytos
645 2701 711 2740 ex
747 2686 997 2758 gentibus
1043 2701 1315 2741 accessum
1376 2686 1577 2742 habere
1616 2688 1902 2758 permitte-

299 2784 381 2831 ret
418 2793 433 2830 :
489 2774 611 2846 sed,
661 2782 719 2831 ut
759 2777 1010 2849 congruit
1053 2775 1280 2832 bonitati
1308 2776 1408 2830 Dei
1466 2781 1520 2832 et
1549 2776 1789 2848 aequitati
1821 2777 1904 2849 ip-

300 2864 431 2930 sius,
463 2872 656 2937 utpote
678 2866 1021 2936 plasmatoris
1049 2865 1264 2937 generis
1310 2867 1554 2936 humani,
1613 2867 1895 2923 omnibus

304 2954 558 3025 gentibus
595 2954 1032 3027 eamdemlegem
1058 2953 1210 3009 dedit
1242 2969 1436 3025 :quam
1472 2954 1631 3009 certis
1694 2963 1747 3009 et
1796 2960 1903 3010 sta-

1579 329 1767 390 LIBER
1808 329 1962 389 ADV.
2019 329 2304 391 JUDA'IOS.

3484 332 3593 396 638

1919 470 1966 550 A
1991 458 2183 526 (Leuit.
2218 476 2340 529 Xix,
2387 460 2498 533 I8);
2531 468 2602 527 et,
2646 463 2765 519 Non
2795 462 3027 533 occides,
3060 479 3172 519 non
3204 461 3594 528 mcechaberis,

1997 564 2112 604 non
2130 549 2432 619 furaberis,
2453 552 2670 622 falsum
2684 552 3076 607 testimonium
3097 568 3211 607 non
3232 551 3403 609 dices.
3419 554 3595 607 Hono-

1998 652 2065 691 ra
2073 642 2297 708 patrem
2321 644 2485 694 tuum
2499 643 2555 695 et
2575 644 2816 695 matrem
2832 639 3027 708 (Exod.
3049 655 3146 702 xx,
3172 642 3238 693 1-2
3260 671 3329 680 —
3349 643 3435 705 17)
3460 658 3473 694 :
3515 650 3589 707 et,

2000 727 2264 783 Atienum
2281 744 2394 783 non
2424 718 2784 801 coricupisccs
2803 728 2986 798 (Deut.
3020 742 3075 794 ν,
3111 728 3321 796 16-21).
3355 727 3595 783 Primor-
3624 708 3643 723 ’

2001 815 2155 869 dialis
2186 815 2271 870 lex
2301 824 2382 871 est
2421 818 2566 872 enim
2598 819 2719 872 data
2776 817 2908 871 Adae
2937 822 2988 869 et
3016 816 3138 870 Evaa
3196 814 3253 869 in
3314 816 3594 885 paradiso,

1998 904 2150 975 quasi
2194 903 2383 960 matrix
2432 905 2669 960 omnium
2707 912 3103 977 praceptorum
3159 903 3277 960 Dei.
3332 903 3591 974 Denique,

1997 995 2041 1051 si
2089 997 2381 1052 Dominum
2433 998 2607 1052 Deum
2645 1013 2803 1051 suum
2833 995 3168 1060 dilexissem,
3219 1002 3410 1049 contra
3454 1009 3598 1065 prae-

2002 1093 2216 1156 ceptum
2253 1087 2374 1155 ejus
2394 1102 2502 1140 non
2532 1085 2784 1141 fecissent
2817 1103 2829 1151 ;
2863 1084 2909 1140 si
2938 1085 3246 1155 proximum
3283 1082 3597 1155 diligerent,

2000 1176 2055 1231 id
2099 1183 2180 1230 est
2208 1177 2545 1247 semetipsos,
2579 1174 2915 1246 persuasioni
2957 1172 3225 1245 serpentis
3262 1189 3369 1230 non
3424 1171 3598 1228 credi-

2001 1266 2220 1331 dissent,
2277 1272 2437 1337 atque
2499 1265 2573 1319 ita
2611 1265 2667 1318 in
2724 1262 3044 1335 semetipsos
3093 1262 3438 1318 homicidium
3492 1277 3603 1317 non

2001 1355 2415 1421 commisissent,
2460 1354 2753 1410 excidendo
2802 1354 2869 1409 de
2913 1352 3341 1421 immortalitate,
3394 1350 3600 1406 facien-

2003 1443 2072 1499 do
2103 1451 2284 1500 contra
2341 1443 2438 1499 Dei
2501 1450 2863 1515 praeceptum;
2908 1459 2938 1498 a
2987 1442 3130 1497 furto
3187 1456 3401 1513 quoque
3438 1438 3604 1495 absti-

2002 1533 2269 1598 nuissent,
2308 1532 2439 1587 side
2491 1532 2667 1588 fructu
2720 1531 2929 1587 arboris
2977 1531 3117 1586 clam
3161 1545 3268 1585 non
3314 1530 3604 1602 degustas-

1999 1629 2122 1679 sent
2150 1622 2311 1693 (Gen.
2343 1636 2426 1690 III,
2485 1620 2558 1692 6),
2596 1636 2694 1677 nec
2723 1637 2752 1674 a
2781 1629 3073 1690 conspectu
3120 1618 3334 1674 Domini
3372 1619 3471 1673 Dei
3518 1617 3602 1673 sui

2011 1714 2111 1769 sub
2169 1714 2359 1768 arbore
2415 1711 2733 1767 delitescere
2798 1711 3087 1782 gestissent
3148 1709 3309 1779 (Ibid.
3343 1710 3435 1779 8):
3505 1723 3605 1763 nec

2014 1802 2209 1858 falsum
2266 1801 2588 1855 asseveranti
2646 1798 2860 1854 diabolo
2918 1798 3204 1869 participes
3240 1796 3603 1864 efﬁcerentur,

1939 1867 1981 1943 Β
2011 1890 2282 1948 credendo
2331 1889 2381 1943 ei
2410 1889 2557 1961 quod
2604 1886 2803 1942 similes
2849 1886 2949 1940 Dei
2978 1867 3160 1941 essent
3210 1882 3388 1941 600
3435 1883 3605 1940 futuri

2005 1980 2166 2055 (Ibid.
2201 1981 2281 2052 8);
2321 1988 2481 2050 atque
2528 1978 2599 2032 ita
2634 1990 2735 2031 nec
2766 1975 2939 2030 Deum
2974 1973 3359 2041 offendissent,
3402 1981 3461 2028 ut
3504 1989 3608 2043 pa-

2008 2078 2165 2134 trem,
2196 2067 2288 2137 qui
2319 2081 2411 2122 eos
2439 2066 2508 2120 de
2554 2064 2683 2120 limo
2733 2073 2889 2119 terrae
2918 2062 3074 2134 quasi
3123 2078 3190 2117 ex
3242 2068 3394 2117 utero
3424 2069 3609 2117 matris

2008 2154 2351 2227 ﬁguraverat;
2376 2154 2422 2209 si
2435 2152 2671 2209 alienum
2694 2167 2802 2207 non
2825 2153 3217 2223 concupissent
3239 2150 3306 2215 18,
3339 2149 3407 2204 de
3437 2148 3612 2204 fructu

2009 2244 2201 2299 illicito
2257 2259 2367 2298 non
2422 2250 2750 2316 gustassent.
2813 2241 2978 2314 Igitur
3024 2242 3079 2294 in
3126 2239 3225 2294 hac
3262 2237 3504 2311 generali
3558 2244 3615 2293 et

2011 2333 2342 2407 primordiali
2423 2334 2522 2389 Dei
2594 2333 2740 2403 lege,
2813 2347 2975 2404 quam
3041 2329 3099 2385 in
3155 2327 3365 2384 arboris
3432 2327 3610 2384 fructu

2011 2422 2295 2479 observari
2363 2422 2513 2478 Deus
2576 2431 2851 2486 sanxerat,
2909 2418 3092 2475 omnia
3141 2425 3409 2489 prmcepta
3463 2415 3604 2489 legis

2014 2510 2325 2585 posterioris
2354 2511 2662 2582 specialiter
2682 2510 2851 2565 indita
2879 2510 3047 2565 fuisse
3075 2506 3469 2580 cognoscimus,
3490 2522 3611 2578 quae

2013 2602 2130 2659 suis
2202 2602 2532 2672 temporibus
2597 2601 2739 2657 edita
2809 2599 3270 2675 germinaverunt.
3351 2594 3611 2666 Ejusdem

2014 2699 2097 2747 est
2160 2691 2302 2746 enim
2353 2700 2542 2762 postea
2590 2690 2886 2746 subdocere
2932 2689 3129 2763 legem,
3158 2683 3253 2758 qui
3305 2694 3426 2740 ante
3466 2699 3611 2753 prae-

2013 2780 2229 2834 miserat
2279 2787 2625 2851 prteceptum,
2666 2778 2921 2849 quoniam
2960 2783 3013 2831 et
3067 2775 3238 2845 ipsius
3273 2781 3357 2827 est
3400 2771 3613 2828 erudire

2014 2875 2203 2938 postea
2239 2867 2330 2940 qui
2377 2877 2500 2922 ante
2548 2868 2725 2938 justos
2782 2866 3017 2921 formare
3072 2864 3394 2919 instituerat.
3464 2858 3612 2927 Quid

2014 2956 2157 3013 enim
2207 2958 2424 3025 mirum,
2482 2957 2529 3012 si
2585 2957 2632 3012 is
2695 2965 2858 3027 auget
2909 2953 3251 3026 disciplinam
3301 2949 3395 3023 qui
3449 2947 3608 3004 insti-

307 3043 432 3098 tutis
460 3043 798 3113 temporibus
825 3043 1094 3099 observari
1122 3043 1398 3114 praecepit,
1432 3042 1651 3114 quando
1712 3044 1903 3110 voluit,
1937 3043 1979 3120 ε
2014 3045 2111 3101 tuit
2142 3046 2287 3117 (10)?
2317 3046 2361 3100 si
2391 3045 2437 3100 is
2485 3044 2708 3115 perfecit
2735 3046 2782 3083 19
2810 3044 2901 3114 qui
2945 3042 3137 3111 coepit?
3194 3039 3437 3110 Denique
3491 3042 3615 3092 ante

303 3139 355 3189 et
386 3148 482 3205 per
534 3147 672 3201 quos
726 3133 913 3198 voluit,
979 3140 1034 3189 et
1085 3132 1226 3188 sicut
1300 3132 1493 3190 voluit.
1551 3132 1797 3204 Namque
1847 3135 1901 3189 in

302 3222 568 3294 principio
599 3222 785 3277 mundi
812 3221 919 3291 ipsi
951 3220 1086 3276 Adae
1115 3231 1169 3276 et
1213 3222 1345 3277 Eva:
1393 3222 1564 3292 legem
1610 3220 1777 3291 dedit,
1837 3237 1906 3277 ne

304 3311 372 3368 de
420 3312 599 3368 fructu
628 3310 837 3367 arboris
889 3311 1135 3381 plantatas
1182 3309 1243 3365 in‘
1284 3311 1462 3365 medio
1501 3309 1732 3380 paradisi
1778 3310 1906 3365 ede-

304 3408 426 3457 rent
457 3398 645 3471 ;quod
702 3397 749 3455 si
786 3408 971 3455 contra
1030 3398 1300 3468 fecissent,
1338 3406 1532 3455 .morte
1577 3407 1910 3456 morerentur

305 3491 469 3561 (Gen.
503 3505 564 3555 ιι,
584 3489 663 3560 ’7);
696 3504 821 3559 quae
844 3487 931 3543 lex
958 3488 1036 3543 eis
1062 3488 1360 3558 sufficeret,
1405 3488 1450 3543 si
1480 3496 1626 3544 esset
1671 3488 1910 3546 custodi-

304 3587 378 3635 ta.
411 3580 470 3634 ln
501 3580 603 3635 hac
627 3578 771 3635 enim
798 3577 917 3649 lege
947 3576 1077 3634 Adae
1105 3577 1224 3632 data
1252 3576 1432 3632 omnia
1462 3585 1726 3648 praecepta
1771 3592 1910 3632 con-

305 3668 417 3723 dita
468 3667 911 3741 reCOgnoscimus
952 3681 1073 3738 quae
1104 3675 1291 3737 postea
1339 3665 1739 3756 pullulaverunt
1795 3665 1919 3720 data

306 3772 405 3829 per
435 3756 678 3829 Moysen,
702 3756 756 3811 id
788 3765 886 3821 est,
953 3756 1161 3828 Diliges
1196 3755 1504 3813 Dominum
1542 3756 1719 3812 Deum
1756 3759 1918 3811 tuum

304 3845 372 3901 de
413 3850 528 3902 toto
556 3846 720 3902 corde
753 3848 867 3912 tuo,
898 3849 955 3903 et
992 3862 1065 3903 ea:
1094 3848 1212 3901 tota
1235 3846 1434 3900 anima
1465 3847 1569 3900 tua
1615 3844 1799 3917 (Deut.
1840 3859 1914 3914 vr,

305 3936 397 4003 5);
440 3946 514 4001 et,
562 3936 773 4007 Diliges
827 3936 1155 4008 proximum
1206 3935 1309 3992 tibi
1364 3934 1408 3972 17
1457 3934 1814 4006 (9)tanquam
1863 3938 1917 3991 te

2013 3133 2193 3204 legem
2220 3134 2392 3205 Moysi
2420 3133 2673 3204 scriptam
2705 3133 2817 3202 (11)
2837 3133 2891 3187 in
2920 3130 3113 3186 tabulis
3169 3128 3399 3201 lapideis
3428 3126 3608 3195 legem

2012 3223 2177 3278 fuisse
2206 3221 2475 3279 contendo
2503 3236 2610 3277 non
2639 3222 2914 3291 scriptam,
2947 3234 3069 3290 quae
3096 3217 3415 3272 naturaliter
3443 3212 3614 3270 intel-

2014 3311 2304 3382 ligebatur,
2347 3320 2402 3367 et
2439 3327 2471 3366 a
2526 3311 2771 3383 patribus
2821 3308 3244 3366 custodiebatur.
3292 3307 3427 3361 Nam
3475 3304 3619 3358 unde

2018 3402 2127 3459 Noe
2146 3403 2340 3473 justus
2362 3404 2630 3458 inventus
2650 3399 2813 3471 (Gen.
2842 3402 2961 3465 v1,9
2994 3416 3006 3453 :
3043 3396 3209 3455 Eccli.
3232 3411 3391 3460 XLIV,
3432 3393 3542 3464 t7),
3572 3393 3617 3448 si

2018 3506 2127 3545 non
2157 3491 2309 3545 illum
2341 3490 2596 3547 naturalis
2644 3490 2785 3559 legis
2822 3488 3031 3559 justitia
3060 3483 3443 3557 praecedebat?
3467 3482 3612 3538 unde

2017 3580 2299 3638 Abraham
2318 3580 2534 3637 amicus
2554 3580 2653 3635 Dei
2672 3579 2979 3652 deputatus
3009 3576 3272 3648 (Isa.xu.
3303 3578 3334 3628 8
3367 3590 3383 3641 ;
3414 3573 3533 3629 Jac.
3554 3585 3620 3635 II,

2030 3669 2141 3740 23),
2175 3670 2219 3723 si
2249 3685 2358 3724 non
2388 3670 2455 3724 de
2485 3668 2732 3740 aequitate
2783 3675 2835 3721 et
2861 3664 3080 3735 justitiae
3127 3663 3266 3735 legis
3304 3652 3564 3715 naturalis
3595 3658 3624 3712 ‘?

2028 3757 2172 3813 unde
2202 3757 2591 3816 Melchisedech
2642 3756 2896 3813 sacerdos
2942 3757 3040 3811 Dei
3066 3751 3276 3809 summi
3307 3750 3465 3821 (Gen.
3499 3761 3624 3816 XIV,

2026 3847 2116 3919 18)
2146 3857 2506 3919 nuncupatus,
2540 3846 2587 3901 si
2632 3862 2740 3901 non
2779 3853 2905 3901 ante
2949 3842 3200 3902 Leviticte
3248 3838 3388 3912 legis
3444 3852 3625 3892 sacer-

2025 3936 2229 3992 dotium
2268 3938 2463 3996 Levitaa
2520 3936 2754 4002 fuerunt,
2803 3933 2895 4008 qui
2941 3930 3202 3990 sacriﬁcia
3251 3929 3369 3985 Deo
3424 3925 3624 3983 offere-

379 4114 429 4152 ιθ·
491 4111 576 4167 Dii
619 4112 840 4171 Oberth.
900 4112 1070 4170 Seml.
1131 4112 1179 4150 15
1220 4113 1511 4167 Putabatur
1541 4030 2210 4168 alii.vﬁin$er!:i(iiilgml§:.
2248 4115 2378 4171 Jun.
2423 4131 2489 4171 ex
2537 4113 2644 4171 MS.
2696 4115 2860 4169 Pam.
2913 4111 2957 4150 1"
3013 4111 3191 4167 Tuum
3250 4106 3373 4166 Mss.
3453 4107 3620 4161 Pam.

308 4184 361 4224 1⁸
394 4185 856 4256 Concupiscerent
885 4185 1080 4242 Seml..
1115 4182 1161 4222 19
1188 4183 1401 4240 Perﬁcit
1432 4186 1590 4240 Pam.
1626 4182 1835 4253 proﬁcit
1865 4183 2038 4240 Rhen.
2076 4184 2294 4241 Oberth.

1759 4282 2260 4344 Commentarios.

388 4361 466 4434 (8)
486 4364 557 4454 Di
582 4379 716 4444 cum
737 4363 1027 4454 Jerobgam
1047 4377 1487 4454 vaccasaureas,
1514 4369 1616 4415 etc.
1640 4358 1921 4454 Iudaicam
1955 4378 2000 4454 η

315 4430 760 4506 superstitionem
776 4441 834 4506 et
865 4433 1562 4506 idololatriaminsectatur,
1594 4430 1681 4485 cui
1715 4431 1920 4506 procli-

316 4502 436 4563 viér
463 4506 565 4561 fuit
592 4522 724 4578 gens
771 4504 879 4560 illa.
928 4504 1278 4578 Notaturhic
1330 4502 1595 4573 praecipue
1650 4518 1744 4557 rex
1799 4502 1923 4557 Hie-

319 4580 544 4633 roboam
602 4577 831 4648 primus;
885 4578 995 4649 qui,
1023 4592 1145 4632 cum
1175 4577 1231 4631 in
1282 4591 1465 4649 regem
1495 4584 1707 4631 creatus
1756 4582 1918 4649 esset,

320 4649 528 4705 veritus
562 4645 648 4720 ne,
680 4650 727 4704 si
747 4645 1002 4704 Israelita:
1031 4645 1458 4717 Hierosolymam
1488 4653 1790 4720 remearent
1852 4645 1922 4699 ad

321 4737 494 4784 sacra,
525 4716 649 4776 illos
680 4721 897 4776 taederet
941 4719 1156 4776 divortii
1205 4716 1347 4790 quad
1403 4728 1514 4790 tum
1553 4716 1805 4781 fecerant,
1865 4724 1924 4771 ut

323 4793 591 4849 haberent
651 4793 794 4859 apud
843 4806 902 4845 se
966 4790 1109 4862 quod
1147 4793 1401 4856 colerent,
1460 4789 1663 4845 vitulos
1727 4802 1922 4862 aureos

325 4864 519 4927 erexit,
557 4865 612 4917 in
650 4863 766 4917 Dan
796 4859 998 4929 unum,
1018 4871 1073 4918 et
1098 4864 1321 4917 alterum
1368 4863 1423 4917 in
1461 4862 1665 4930 Bethcl,
1722 4859 1920 4930 quibus

327 4934 659 4991 sacriﬁculos
720 4934 947 5001 addidit,
986 4935 1261 5004 vetuitque
1293 4950 1360 4989 ne
1420 4933 1670 4988 Israelita
1723 4932 1918 4986 Hiero-

327 5011 591 5077 solymam
670 5004 928 5076 deinceps
980 5015 1402 5077 icommearent.
1462 5005 1695 5059 Hadetur
1749 5004 1921 5057 histo-

325 5076 518 5134 ria’IIl
546 5079 673 5148 Reg.
716 5091 811 5131 xu.
857 5083 932 5132 La
976 5076 1070 5133 Pa.

401 5152 483 5221 (9)
503 5147 728 5221 Diliges,
759 5150 1065 5221 Dominum
1094 5149 1269 5221 Deam
1294 5151 1478 5221 tuum,
1502 5155 1606 5203 etc.
1653 5150 1710 5201 et
1727 5147 1921 5221 proxi-

321 5218 487 5278 mam
517 5218 661 5277 tibi.
685 5220 1070 5275 Hellenismum
1107 5219 1342 5273 imitatur
1369 5231 1420 5276 et
1450 5219 1695 5275 Graecam
1749 5218 1916 5287 phra-

323 5312 407 5350 ειη
437 5291 641 5361 πλησίον
681 5310 769 5344 σου
795 5309 808 5346 :
840 5291 987 5362 quod
1032 5290 1136 5360 ipsi
1168 5291 1402 5344 solemne
1432 5289 1485 5344 in
1515 5289 1731 5345 citanda
1774 5288 1917 5344 Scri-

368 5377 502 5422 tura.
538 5365 621 5417 LE
650 5364 748 5417 Pa.

326 5383 502 5438 plura.
538 5383 621 5417 ms
650 5383 748 5417 rit.

397 5438 514 5507 (10)
552 5435 644 5490 Sic
682 5434 924 5507 ,Irenaaus
955 5440 1007 5507 et
1035 5431 1125 5487 alii
1179 5432 1355 5507 solent
1390 5430 1702 5507 informare.
1744 5430 1913 5507 Satin.

393 5500 795 5586 (tt)_De1_tiqu_e
823 5509 962 5586 alite
979 5506 1154 5577 legem
1175 5504 1351 5586 ilbi/si
1377 5504 1670 5586 scriptam,
1703 5511 1806 5586 e‘tc,
1830 5500 1919 5558 Sic

317 5573 467 5636 idem
490 5573 560 5634 'in
592 5573 715 5634 lib.'
739 5578 806 5632 de
848 5573 1061 5635 Corona
1101 5573 1336 5632 militis.
1374 5573 1558 5645 capiti
1592 5592 1605 5628 :
1654 5594 1677 5625 α
1701 5573 1923 5645 Quaeres

318 5652 491 5723 igitur
518 5650 623 5707 Dei
669 5650 866 5722 legem,
912 5649 1127 5705 habens
1170 5660 1507 5705 communem
1546 5644 1703 5702 istam
1733 5644 1788 5698 in
1830 5660 1929 5714 pu-

2038 4361 2178 4417 blico
2232 4357 2443 4423 mundi,
2497 4358 2550 4412 in
2607 4356 2937 4412 naturalibus
2982 4353 3211 4420 tabulis,
3250 4351 3337 4423 ad
3376 4365 3510 4422 quas
3565 4357 3620 4406 et

2035 4432 2327 4503 Apostolus
2343 4422 2854 4503 soletprovocare?
2888 4450 2915 4503 ι.
2944 4426 3015 4480 At
3043 4427 3095 4479 id
3123 4422 3401 4503 pertinere.
3426 4429 3621 4492 potest,

2033 4494 2178 4574 quod
2209 4505 2366 4574 habet
2393 4494 2621 4574 Tullius
2647 4499 2704 4552 in
2734 4497 3052 4574 Miloniana:
3106 4514 3133 4547 α
3186 4495 3280 4548 Est
3317 4494 3468 4574 enim
3512 4508 3625 4547 non

2034 4565 2251 4645 scripta,
2308 4573 2500 4645 inquit,
2531 4569 2627 4626 sed
2674 4576 2797 4623 nata
2822 4569 2922 4634 lex,
2957 4583 3118 4638 quam
3171 4579 3281 4645 non
3308 4565 3622 4645 didicimus,

2030 4635 2352 4716 accepimus,
2385 4635 2632 4715 legimus,
2682 4656 2867 4716 verum
2907 4635 3190 4716 ex'natura
3210 4636 3330 4707 ipsa
3383 4635 3626 4716 arripui-

2032 4705 2171 4784 mus,
2203 4705 2500 4780 liausimtfs,
2532 4705 2932 4787 expressimus;
2973 4705 3246 4787 adquam
3276 4722 3387 4787 non
3457 4705 3626 4772 docti,

2030 4779 2167 4844 sed.
2214 4787 2358 4853 facti,
2432 4802 2540 4842 non
2604 4779 2879 4847 'instituti,
2922 4779 3061 4855 sed
3119 4779 3312 4833 imbuti
3353 4790 3620 4855 sumusln

2029 4860 2186 4936 Legis
2217 4847 2495 4936 praecepta
2530 4857 2760 4936 Adamq
2779 4856 2901 4936 data
2931 4861 2986 4936 et
3013 4852 3134 4936 ejus
3164 4848 3366 4936 pectori
3392 4847 3619 4936 inscii:

2029 4921 2136 5006 ptd'
2147 4921 2370 4987 testatur
2391 4921 2538 4985 Rob.
2581 4927 2799 4984 Cedalia
2843 4925 2898 4979 in
2954 4921 3355 4980 Schalscheleth
3388 4934 3401 4973 :
3434 4925 3617 5006 wpvpn

2030 4999 2168 5082 55³.
2209 5026 2246 5075 Α
2298 5033 2404 5092 quo
2454 5033 2560 5072 non
2598 5015 2709 5070 abit
2752 5013 3013 5085 Origenes
3040 5012 3095 5067 in
3142 4999 3471 5092 Philocalia,
3532 4999 3632 5092 his

2028 5100 2203 5158 verbis
2234 5117 2247 5156 :
2282 5088 2428 5165 Παρὰ
2467 5099 2521 5147 δὲ
2563 5103 2722 5146 ταῦτα
2764 5097 2956 5159 λέγεται
2993 5094 3141 5158 νόμος
3184 5091 3315 5165 κατξὰ
3343 5090 3431 5165 τᾲς
3448 5088 3628 5165 fama;

2027 5174 2213 5230 ἐννοίας
2240 5160 2599 5235 ἐνεσίέταρμένος
2625 5174 2692 5231 πῇ
2722 5170 2873 5231 ψυχῇ,
2902 5167 2985 5217 καὶ
3015 5169 3080 5222 ὡς
3131 5164 3357 5228 ὀνομάζει
3386 5162 3416 5220 ἡ
3434 5160 3630 5235 νΓραφή,

2026 5234 2437 5310 ἐγγεγραμμένα(
2461 5248 2522 5307 τῇ
2568 5241 2745 5305 καρδίᾳ
2788 5239 2949 5302 λόγος,
2989 5236 3349 5310 προστακτικὸς
3396 5234 3485 5310 μὲν
3528 5235 3626 5310 τῶν

2022 5305 2286 5376 ποὶηὲέωγς
2316 5305 2702 5379 ἀπαγορευτικὸς
2735 5311 2788 5361 δὲ
2815 5315 2913 5359 τῶν
2945 5310 3002 5360 οὐ
3037 5308 3299 5368 ποιητέων.
3359 5322 3382 5356 ι
3436 5305 3632 5358 Praete-

2026 5406 2116 5446 rea
2170 5390 2256 5445 lex
2303 5386 2561 5442 naturalis
2608 5385 2799 5439 animae
2842 5381 3002 5437 insita
3052 5379 3267 5455 dicitur,
3310 5383 3490 5455 et,.ut
3528 5387 3631 5455 ap-

2024 5444 2207 5534 pellati
2235 5459 2533 5534 Scriptura,
2567 5456 2823 5534 inscripta
2869 5455 2940 5534 in.
2972 5449 3358 5534 cordi_bus_lex,
3386 5444 3634 5499 facienda

2027 5520 2244 5605 jubens,
2263 5539 2316 5588 et
2344 5520 2457 5588 non
2487 5520 2749 5586 iacienda'
2769 5524 3082 5599 prohibens.
3117 5522 3194 5576 Ln
3224 5520 3319 5575 Pa.
