  <div class='ocr_page' id='page_1' title='image "/cluster/home/n/w/nwhite01/storage/ocr_20150623/2/hvd.32044096580329/325.png"; bbox 0 0 3992 6174; ppageno 0'>
   <div class='ocr_carea' id='block_1_1' title="bbox 449 264 560 323">
    <p class='ocr_par' dir='ltr' id='par_1_1' title="bbox 449 264 560 323">
     <span class='ocr_line' id='line_1_1' title="bbox 449 264 560 323; baseline -0.018 0"><span class='ocrx_word' id='word_1_1' title='bbox 449 264 560 323; x_wconf 88' lang='lat'>639</span> 
     </span>
    </p>
   </div>
   <div class='ocr_carea' id='block_1_2' title="bbox 464 388 2065 465">
    <p class='ocr_par' dir='ltr' id='par_1_2' title="bbox 464 388 2065 465">
     <span class='ocr_line' id='line_1_2' title="bbox 464 388 2065 465; baseline 0.007 -22"><span class='ocrx_word' id='word_1_2' title='bbox 464 389 596 444; x_wconf 89' lang='lat' dir='ltr'>bant</span> <span class='ocrx_word' id='word_1_3' title='bbox 621 390 649 444; x_wconf 71' lang='lat'><strong>7</strong></span> <span class='ocrx_word' id='word_1_4' title='bbox 679 388 768 444; x_wconf 90' lang='lat' dir='ltr'>Sic</span> <span class='ocrx_word' id='word_1_5' title='bbox 797 388 941 444; x_wconf 92' lang='lat' dir='ltr'>enim</span> <span class='ocrx_word' id='word_1_6' title='bbox 963 400 1085 461; x_wconf 92' lang='lat' dir='ltr'>post</span> <span class='ocrx_word' id='word_1_7' title='bbox 1116 406 1277 461; x_wconf 86' lang='lat' dir='ltr'>supra</span> <span class='ocrx_word' id='word_1_8' title='bbox 1321 392 1553 463; x_wconf 87' lang='lat' dir='ltr'>scriptos</span> <span class='ocrx_word' id='word_1_9' title='bbox 1584 395 1915 465; x_wconf 80' lang='lat' dir='ltr'>patriarchas</span> <span class='ocrx_word' id='word_1_10' title='bbox 1947 400 2065 455; x_wconf 90' lang='lat' dir='ltr'>data</span> 
     </span>
    </p>
   </div>
   <div class='ocr_carea' id='block_1_3' title="bbox 461 476 2078 561">
    <p class='ocr_par' dir='ltr' id='par_1_3' title="bbox 461 476 2078 561">
     <span class='ocr_line' id='line_1_3' title="bbox 461 476 2078 561; baseline 0.01 -31"><span class='ocrx_word' id='word_1_11' title='bbox 461 476 545 532; x_wconf 88' lang='lat' dir='ltr'>lex</span> <span class='ocrx_word' id='word_1_12' title='bbox 584 485 666 534; x_wconf 89' lang='lat' dir='ltr'>est</span> <span class='ocrx_word' id='word_1_13' title='bbox 692 478 863 549; x_wconf 89' lang='lat' dir='ltr'>Moysi</span> <span class='ocrx_word' id='word_1_14' title='bbox 918 494 984 535; x_wconf 94' lang='lat' dir='ltr'>eo</span> <span class='ocrx_word' id='word_1_15' title='bbox 1040 487 1277 550; x_wconf 88' lang='lat' dir='ltr'>tempore</span> <span class='ocrx_word' id='word_1_16' title='bbox 1315 490 1659 555; x_wconf 79' lang='lat' dir='ltr'>posteaquam</span> <span class='ocrx_word' id='word_1_17' title='bbox 1711 488 1777 542; x_wconf 89' lang='lat' dir='ltr'>ab</span> <span class='ocrx_word' id='word_1_18' title='bbox 1840 487 2078 561; x_wconf 40' lang='lat' dir='ltr'>[Egypt0</span> 
     </span>
    </p>
   </div>
   <div class='ocr_carea' id='block_1_4' title="bbox 457 566 2079 647">
    <p class='ocr_par' dir='ltr' id='par_1_4' title="bbox 457 566 2079 647">
     <span class='ocr_line' id='line_1_4' title="bbox 457 566 2079 647; baseline 0.008 -28"><span class='ocrx_word' id='word_1_19' title='bbox 457 574 825 636; x_wconf 88' lang='lat' dir='ltr'>excesserunt,</span> <span class='ocrx_word' id='word_1_20' title='bbox 853 578 972 636; x_wconf 91' lang='lat' dir='ltr'>post</span> <span class='ocrx_word' id='word_1_21' title='bbox 1030 566 1370 623; x_wconf 80' lang='lat' dir='ltr'>intervallum</span> <span class='ocrx_word' id='word_1_22' title='bbox 1427 572 1719 628; x_wconf 90' lang='lat' dir='ltr'>multorum</span> <span class='ocrx_word' id='word_1_23' title='bbox 1782 582 2079 647; x_wconf 80' lang='lat' dir='ltr'>temporum</span> 
     </span>
    </p>
   </div>
   <div class='ocr_carea' id='block_1_5' title="bbox 462 654 2081 737">
    <p class='ocr_par' dir='ltr' id='par_1_5' title="bbox 462 654 2081 737">
     <span class='ocr_line' id='line_1_5' title="bbox 462 654 2081 737; baseline 0.006 -26"><span class='ocrx_word' id='word_1_24' title='bbox 462 665 515 711; x_wconf 91' lang='lat' dir='ltr'>et</span> <span class='ocrx_word' id='word_1_25' title='bbox 541 654 731 725; x_wconf 81' lang='lat' dir='ltr'>Spatia.</span> <span class='ocrx_word' id='word_1_26' title='bbox 764 654 1035 725; x_wconf 88' lang='lat' dir='ltr'>Denique,</span> <span class='ocrx_word' id='word_1_27' title='bbox 1088 667 1212 726; x_wconf 92' lang='lat' dir='ltr'>post</span> <span class='ocrx_word' id='word_1_28' title='bbox 1270 660 1693 731; x_wconf 64' lang='lat' dir='ltr'>quadringentos</span> <span class='ocrx_word' id='word_1_29' title='bbox 1745 672 1798 718; x_wconf 90' lang='lat' dir='ltr'>et</span> <span class='ocrx_word' id='word_1_30' title='bbox 1867 664 2081 737; x_wconf 69' lang='lat' dir='ltr'>triginta</span> 
     </span>
    </p>
   </div>
   <div class='ocr_carea' id='block_1_6' title="bbox 460 744 2079 824">
    <p class='ocr_par' dir='ltr' id='par_1_6' title="bbox 460 744 2079 824">
     <span class='ocr_line' id='line_1_6' title="bbox 460 744 2079 824; baseline 0.009 -28"><span class='ocrx_word' id='word_1_31' title='bbox 460 759 631 799; x_wconf 90' lang='lat' dir='ltr'>annos</span> <span class='ocrx_word' id='word_1_32' title='bbox 658 744 887 799; x_wconf 82' lang='lat' dir='ltr'>Abrahae</span> <span class='ocrx_word' id='word_1_33' title='bbox 922 744 1048 799; x_wconf 89' lang='lat' dir='ltr'>data</span> <span class='ocrx_word' id='word_1_34' title='bbox 1076 756 1156 799; x_wconf 88' lang='lat' dir='ltr'>est</span> <span class='ocrx_word' id='word_1_35' title='bbox 1192 744 1278 799; x_wconf 87' lang='lat' dir='ltr'>lex</span> <span class='ocrx_word' id='word_1_36' title='bbox 1331 748 1466 817; x_wconf 79' lang='lat' dir='ltr'>(t2).</span> <span class='ocrx_word' id='word_1_37' title='bbox 1518 749 1673 805; x_wconf 90' lang='lat' dir='ltr'>Unde</span> <span class='ocrx_word' id='word_1_38' title='bbox 1730 753 2079 824; x_wconf 73' lang='lat' dir='ltr'>intelligimus</span> 
     </span>
    </p>
   </div>
   <div class='ocr_carea' id='block_1_7' title="bbox 463 833 2073 918">
    <p class='ocr_par' dir='ltr' id='par_1_7' title="bbox 463 833 2073 918">
     <span class='ocr_line' id='line_1_7' title="bbox 463 833 2073 918; baseline 0.007 -31"><span class='ocrx_word' id='word_1_39' title='bbox 463 833 561 890; x_wconf 91' lang='lat' dir='ltr'>Dei</span> <span class='ocrx_word' id='word_1_40' title='bbox 578 835 750 907; x_wconf 89' lang='lat' dir='ltr'>legem</span> <span class='ocrx_word' id='word_1_41' title='bbox 797 834 958 889; x_wconf 91' lang='lat' dir='ltr'>etiam</span> <span class='ocrx_word' id='word_1_42' title='bbox 987 844 1106 889; x_wconf 90' lang='lat' dir='ltr'>ante</span> <span class='ocrx_word' id='word_1_43' title='bbox 1136 836 1379 909; x_wconf 85' lang='lat' dir='ltr'>Moysen,</span> <span class='ocrx_word' id='word_1_44' title='bbox 1410 854 1511 894; x_wconf 90' lang='lat' dir='ltr'>nec</span> <span class='ocrx_word' id='word_1_45' title='bbox 1543 839 1598 894; x_wconf 94' lang='lat' dir='ltr'>in</span> <span class='ocrx_word' id='word_1_46' title='bbox 1636 841 1814 897; x_wconf 85' lang='lat' dir='ltr'>Horeb</span> <span class='ocrx_word' id='word_1_47' title='bbox 1848 852 2073 918; x_wconf 80' lang='lat' dir='ltr'>tantum,</span> 
     </span>
    </p>
   </div>
   <div class='ocr_carea' id='block_1_8' title="bbox 462 922 2076 1003">
    <p class='ocr_par' dir='ltr' id='par_1_8' title="bbox 462 922 2076 1003">
     <span class='ocr_line' id='line_1_8' title="bbox 462 922 2076 1003; baseline 0.007 -27"><span class='ocrx_word' id='word_1_48' title='bbox 462 931 552 977; x_wconf 89' lang='lat' dir='ltr'>aut</span> <span class='ocrx_word' id='word_1_49' title='bbox 591 924 643 976; x_wconf 91' lang='lat' dir='ltr'>in</span> <span class='ocrx_word' id='word_1_50' title='bbox 678 922 807 978; x_wconf 90' lang='lat' dir='ltr'>Sina</span> <span class='ocrx_word' id='word_1_51' title='bbox 827 930 880 977; x_wconf 92' lang='lat' dir='ltr'>et</span> <span class='ocrx_word' id='word_1_52' title='bbox 908 925 960 977; x_wconf 90' lang='lat' dir='ltr'>in</span> <span class='ocrx_word' id='word_1_53' title='bbox 991 940 1191 993; x_wconf 87' lang='lat' dir='ltr'>eremo,</span> <span class='ocrx_word' id='word_1_54' title='bbox 1226 926 1318 981; x_wconf 91' lang='lat' dir='ltr'>sed</span> <span class='ocrx_word' id='word_1_55' title='bbox 1345 926 1707 997; x_wconf 77' lang='lat' dir='ltr'>antiquiorem</span> <span class='ocrx_word' id='word_1_56' title='bbox 1748 931 1797 969; x_wconf 82' lang='grc' dir='ltr'>2ο</span> <span class='ocrx_word' id='word_1_57' title='bbox 1846 932 2076 1003; x_wconf 92' lang='lat' dir='ltr'>primum</span> 
     </span>
    </p>
   </div>
   <div class='ocr_carea' id='block_1_9' title="bbox 463 1010 2127 1088">
    <p class='ocr_par' dir='ltr' id='par_1_9' title="bbox 463 1010 2127 1088">
     <span class='ocr_line' id='line_1_9' title="bbox 463 1010 2127 1088; baseline 0.008 -24"><span class='ocrx_word' id='word_1_58' title='bbox 463 1010 516 1064; x_wconf 92' lang='lat' dir='ltr'>in</span> <span class='ocrx_word' id='word_1_59' title='bbox 581 1012 849 1082; x_wconf 84' lang='lat' dir='ltr'>paradiso,</span> <span class='ocrx_word' id='word_1_60' title='bbox 884 1021 1003 1081; x_wconf 87' lang='lat' dir='ltr'>post</span> <span class='ocrx_word' id='word_1_61' title='bbox 1048 1014 1382 1085; x_wconf 89' lang='lat' dir='ltr'>patriarchis,</span> <span class='ocrx_word' id='word_1_62' title='bbox 1437 1028 1594 1088; x_wconf 91' lang='lat' dir='ltr'>atque</span> <span class='ocrx_word' id='word_1_63' title='bbox 1655 1018 1733 1073; x_wconf 91' lang='lat' dir='ltr'>ita</span> <span class='ocrx_word' id='word_1_64' title='bbox 1788 1028 1841 1075; x_wconf 91' lang='lat' dir='ltr'>et</span> <span class='ocrx_word' id='word_1_65' title='bbox 1877 1022 2076 1076; x_wconf 63' lang='lat' dir='ltr'>Iudaeis</span> <span class='ocrx_word' id='word_1_66' title='bbox 2126 1038 2127 1041; x_wconf 77' lang='lat'>‘</span> 
     </span>
    </p>
   </div>
   <div class='ocr_carea' id='block_1_10' title="bbox 458 1100 2075 1179">
    <p class='ocr_par' dir='ltr' id='par_1_10' title="bbox 458 1100 2075 1179">
     <span class='ocr_line' id='line_1_10' title="bbox 458 1100 2075 1179; baseline 0.006 -24"><span class='ocrx_word' id='word_1_67' title='bbox 458 1100 621 1155; x_wconf 86' lang='lat' dir='ltr'>certis</span> <span class='ocrx_word' id='word_1_68' title='bbox 685 1100 1020 1169; x_wconf 88' lang='lat' dir='ltr'>temporibus</span> <span class='ocrx_word' id='word_1_69' title='bbox 1110 1101 1485 1176; x_wconf 86' lang='lat' dir='ltr'>reformatam;</span> <span class='ocrx_word' id='word_1_70' title='bbox 1558 1114 1615 1161; x_wconf 92' lang='lat' dir='ltr'>ut</span> <span class='ocrx_word' id='word_1_71' title='bbox 1672 1124 1780 1163; x_wconf 93' lang='lat' dir='ltr'>non</span> <span class='ocrx_word' id='word_1_72' title='bbox 1832 1111 1944 1179; x_wconf 84' lang='lat' dir='ltr'>jam</span> <span class='ocrx_word' id='word_1_73' title='bbox 2008 1110 2075 1164; x_wconf 91' lang='lat' dir='ltr'>ad</span> 
     </span>
    </p>
   </div>
   <div class='ocr_carea' id='block_1_11' title="bbox 460 1187 2073 1267">
    <p class='ocr_par' dir='ltr' id='par_1_11' title="bbox 460 1187 2073 1267">
     <span class='ocr_line' id='line_1_11' title="bbox 460 1187 2073 1267; baseline 0.006 -24"><span class='ocrx_word' id='word_1_74' title='bbox 460 1187 633 1267; x_wconf 76' lang='lat' dir='ltr'>Moysi</span> <span class='ocrx_word' id='word_1_75' title='bbox 679 1188 852 1261; x_wconf 84' lang='lat' dir='ltr'>legem</span> <span class='ocrx_word' id='word_1_76' title='bbox 884 1189 955 1244; x_wconf 89' lang='lat' dir='ltr'>ita</span> <span class='ocrx_word' id='word_1_77' title='bbox 1009 1192 1364 1260; x_wconf 88' lang='lat' dir='ltr'>attendamus,</span> <span class='ocrx_word' id='word_1_78' title='bbox 1412 1195 1563 1264; x_wconf 90' lang='lat' dir='ltr'>quasi</span> <span class='ocrx_word' id='word_1_79' title='bbox 1603 1197 1669 1251; x_wconf 91' lang='lat' dir='ltr'>ad</span> <span class='ocrx_word' id='word_1_80' title='bbox 1721 1198 2073 1267; x_wconf 78' lang='lat' dir='ltr'>principalem</span> 
     </span>
    </p>
   </div>
   <div class='ocr_carea' id='block_1_12' title="bbox 460 1259 2071 1359">
    <p class='ocr_par' dir='ltr' id='par_1_12' title="bbox 460 1259 2071 1359">
     <span class='ocr_line' id='line_1_12' title="bbox 460 1259 2071 1359; baseline 0.009 -29"><span class='ocrx_word' id='word_1_81' title='bbox 460 1259 657 1347; x_wconf 79' lang='lat' dir='ltr'>legem,</span> <span class='ocrx_word' id='word_1_82' title='bbox 689 1259 782 1333; x_wconf 77' lang='lat' dir='ltr'>sed</span> <span class='ocrx_word' id='word_1_83' title='bbox 828 1277 896 1332; x_wconf 91' lang='lat' dir='ltr'>ad</span> <span class='ocrx_word' id='word_1_84' title='bbox 926 1259 1386 1352; x_wconf 85' lang='lat' dir='ltr'>subsequentem,</span> <span class='ocrx_word' id='word_1_85' title='bbox 1414 1259 1575 1353; x_wconf 82' lang='lat' dir='ltr'>quam</span> <span class='ocrx_word' id='word_1_86' title='bbox 1632 1259 1780 1342; x_wconf 43' lang='lat' dir='ltr'>cer-to</span> <span class='ocrx_word' id='word_1_87' title='bbox 1824 1259 2071 1359; x_wconf 82' lang='lat' dir='ltr'>tempore</span> 
     </span>
    </p>
   </div>
   <div class='ocr_carea' id='block_1_13' title="bbox 1169 264 3066 352">
    <p class='ocr_par' dir='ltr' id='par_1_13' title="bbox 1169 264 3066 352">
     <span class='ocr_line' id='line_1_13' title="bbox 1169 264 3066 352; baseline 0.008 -29"><span class='ocrx_word' id='word_1_88' title='bbox 1169 264 1607 328; x_wconf 82' lang='lat' dir='ltr'>TERTULLIANI</span> <span class='ocrx_word' id='word_1_89' title='bbox 1644 269 1912 332; x_wconf 79' lang='lat' dir='ltr'>OPERUM</span> <span class='ocrx_word' id='word_1_90' title='bbox 1951 273 2119 337; x_wconf 81' lang='lat' dir='ltr'>PARS</span> <span class='ocrx_word' id='word_1_91' title='bbox 2154 274 2221 337; x_wconf 93' lang='lat' dir='ltr'>Il.</span> <span class='ocrx_word' id='word_1_92' title='bbox 2264 310 2335 321; x_wconf 96' lang='lat'><strong><em>—</em></strong></span> <span class='ocrx_word' id='word_1_93' title='bbox 2370 280 2599 341; x_wconf 84' lang='lat' dir='ltr'>SEBIES</span> <span class='ocrx_word' id='word_1_94' title='bbox 2636 283 2678 352; x_wconf 93' lang='lat'>1,</span> <span class='ocrx_word' id='word_1_95' title='bbox 2720 282 3066 345; x_wconf 84' lang='lat' dir='ltr'>POLEMIGA.</span> 
     </span>
    </p>
   </div>
   <div class='ocr_carea' id='block_1_14' title="bbox 3669 281 3774 341">
    <p class='ocr_par' dir='ltr' id='par_1_14' title="bbox 3669 281 3774 341">
     <span class='ocr_line' id='line_1_14' title="bbox 3669 281 3774 341; baseline 0.019 -2"><span class='ocrx_word' id='word_1_96' title='bbox 3669 281 3774 341; x_wconf 73' lang='grc'>640</span> 
     </span>
    </p>
   </div>
   <div class='ocr_carea' id='block_1_15' title="bbox 2175 404 3776 479">
    <p class='ocr_par' dir='ltr' id='par_1_15' title="bbox 2175 404 3776 479">
     <span class='ocr_line' id='line_1_15' title="bbox 2175 404 3776 479; baseline 0.001 -22"><span class='ocrx_word' id='word_1_97' title='bbox 2175 404 2346 458; x_wconf 88' lang='lat' dir='ltr'>Adam</span> <span class='ocrx_word' id='word_1_98' title='bbox 2402 406 2731 477; x_wconf 86' lang='lat' dir='ltr'>instituerit,</span> <span class='ocrx_word' id='word_1_99' title='bbox 2786 413 3169 479; x_wconf 89' lang='lat' dir='ltr'>consequenter</span> <span class='ocrx_word' id='word_1_100' title='bbox 3243 420 3460 478; x_wconf 88' lang='lat' dir='ltr'>quoque</span> <span class='ocrx_word' id='word_1_101' title='bbox 3533 404 3776 461; x_wconf 84' lang='lat' dir='ltr'>sobolem</span> 
     </span>
    </p>
   </div>
   <div class='ocr_carea' id='block_1_16' title="bbox 2189 495 3774 564">
    <p class='ocr_par' dir='ltr' id='par_1_16' title="bbox 2189 495 3774 564">
     <span class='ocr_line' id='line_1_16' title="bbox 2189 495 3774 564; baseline 0.001 -16"><span class='ocrx_word' id='word_1_102' title='bbox 2189 495 2307 563; x_wconf 86' lang='lat' dir='ltr'>ejus</span> <span class='ocrx_word' id='word_1_103' title='bbox 2334 496 2471 551; x_wconf 86' lang='lat' dir='ltr'>Abel</span> <span class='ocrx_word' id='word_1_104' title='bbox 2509 496 2830 555; x_wconf 82' lang='lat' dir='ltr'>offerentem</span> <span class='ocrx_word' id='word_1_105' title='bbox 2888 497 2989 553; x_wconf 91' lang='lat' dir='ltr'>sibi</span> <span class='ocrx_word' id='word_1_106' title='bbox 3030 496 3308 564; x_wconf 82' lang='lat' dir='ltr'>sacriﬁcia,</span> <span class='ocrx_word' id='word_1_107' title='bbox 3340 495 3774 553; x_wconf 88' lang='lat' dir='ltr'>incircumcisum</span> 
     </span>
    </p>
   </div>
   <div class='ocr_carea' id='block_1_17' title="bbox 2187 584 3777 656">
    <p class='ocr_par' dir='ltr' id='par_1_17' title="bbox 2187 584 3777 656">
     <span class='ocr_line' id='line_1_17' title="bbox 2187 584 3777 656; baseline 0.001 -18"><span class='ocrx_word' id='word_1_108' title='bbox 2187 599 2287 639; x_wconf 87' lang='lat' dir='ltr'>nec</span> <span class='ocrx_word' id='word_1_109' title='bbox 2367 586 2783 642; x_wconf 88' lang='lat' dir='ltr'>sabbatizantem</span> <span class='ocrx_word' id='word_1_110' title='bbox 2847 586 3101 655; x_wconf 86' lang='lat' dir='ltr'>laudavit,</span> <span class='ocrx_word' id='word_1_111' title='bbox 3154 594 3371 656; x_wconf 87' lang='lat' dir='ltr'>accepta</span> <span class='ocrx_word' id='word_1_112' title='bbox 3434 584 3611 639; x_wconf 85' lang='lat' dir='ltr'>ferens</span> <span class='ocrx_word' id='word_1_113' title='bbox 3657 600 3777 655; x_wconf 63' lang='lat' dir='ltr'>quae</span> 
     </span>
    </p>
   </div>
   <div class='ocr_carea' id='block_1_18' title="bbox 2184 672 3776 748">
    <p class='ocr_par' dir='ltr' id='par_1_18' title="bbox 2184 672 3776 748">
     <span class='ocr_line' id='line_1_18' title="bbox 2184 672 3776 748; baseline -0.001 -20"><span class='ocrx_word' id='word_1_114' title='bbox 2184 672 2451 729; x_wconf 87' lang='lat' dir='ltr'>offerebat</span> <span class='ocrx_word' id='word_1_115' title='bbox 2495 675 2549 729; x_wconf 92' lang='lat' dir='ltr'>in</span> <span class='ocrx_word' id='word_1_116' title='bbox 2601 676 2941 748; x_wconf 87' lang='lat' dir='ltr'>simplicitate</span> <span class='ocrx_word' id='word_1_117' title='bbox 2970 676 3169 739; x_wconf 89' lang='lat' dir='ltr'>cordis,</span> <span class='ocrx_word' id='word_1_118' title='bbox 3200 683 3252 729; x_wconf 90' lang='lat' dir='ltr'>et</span> <span class='ocrx_word' id='word_1_119' title='bbox 3284 675 3579 740; x_wconf 91' lang='lat' dir='ltr'>reprobans</span> <span class='ocrx_word' id='word_1_120' title='bbox 3613 674 3776 728; x_wconf 89' lang='lat' dir='ltr'>sacri-</span> 
     </span>
    </p>
   </div>
   <div class='ocr_carea' id='block_1_19' title="bbox 2185 761 3780 835">
    <p class='ocr_par' dir='ltr' id='par_1_19' title="bbox 2185 761 3780 835">
     <span class='ocr_line' id='line_1_19' title="bbox 2185 761 3780 835; baseline 0.001 -20"><span class='ocrx_word' id='word_1_121' title='bbox 2185 762 2364 817; x_wconf 81' lang='lat' dir='ltr'>ﬁcium</span> <span class='ocrx_word' id='word_1_122' title='bbox 2396 763 2572 818; x_wconf 82' lang='lat' dir='ltr'>fratris</span> <span class='ocrx_word' id='word_1_123' title='bbox 2599 766 2717 833; x_wconf 89' lang='lat' dir='ltr'>ejus</span> <span class='ocrx_word' id='word_1_124' title='bbox 2743 767 2790 803; x_wconf 65' lang='lat'>33</span> <span class='ocrx_word' id='word_1_125' title='bbox 2820 764 2976 832; x_wconf 91' lang='lat' dir='ltr'>Cain,</span> <span class='ocrx_word' id='word_1_126' title='bbox 3027 765 3118 835; x_wconf 89' lang='lat' dir='ltr'>qui</span> <span class='ocrx_word' id='word_1_127' title='bbox 3172 778 3281 818; x_wconf 91' lang='lat' dir='ltr'>non</span> <span class='ocrx_word' id='word_1_128' title='bbox 3320 761 3603 828; x_wconf 84' lang='lat' dir='ltr'>offerebat,</span> <span class='ocrx_word' id='word_1_129' title='bbox 3673 778 3780 817; x_wconf 88' lang='lat' dir='ltr'>non</span> 
     </span>
    </p>
   </div>
   <div class='ocr_carea' id='block_1_20' title="bbox 2185 850 3784 925">
    <p class='ocr_par' dir='ltr' id='par_1_20' title="bbox 2185 850 3784 925">
     <span class='ocr_line' id='line_1_20' title="bbox 2185 850 3784 925; baseline 0.001 -22"><span class='ocrx_word' id='word_1_130' title='bbox 2185 859 2328 905; x_wconf 89' lang='lat' dir='ltr'>recte</span> <span class='ocrx_word' id='word_1_131' title='bbox 2364 852 2633 909; x_wconf 90' lang='lat' dir='ltr'>dividebat</span> <span class='ocrx_word' id='word_1_132' title='bbox 2689 854 2851 923; x_wconf 88' lang='lat' dir='ltr'>(Gen.</span> <span class='ocrx_word' id='word_1_133' title='bbox 2902 856 3002 925; x_wconf 86' lang='lat' dir='ltr'>tv).</span> <span class='ocrx_word' id='word_1_134' title='bbox 3051 854 3167 909; x_wconf 91' lang='lat' dir='ltr'>Noe</span> <span class='ocrx_word' id='word_1_135' title='bbox 3220 866 3439 923; x_wconf 88' lang='lat' dir='ltr'>quoque</span> <span class='ocrx_word' id='word_1_136' title='bbox 3497 850 3784 905; x_wconf 85' lang='lat' dir='ltr'>incircum-</span> 
     </span>
    </p>
   </div>
   <div class='ocr_carea' id='block_1_21' title="bbox 2184 938 3781 1007">
    <p class='ocr_par' dir='ltr' id='par_1_21' title="bbox 2184 938 3781 1007">
     <span class='ocr_line' id='line_1_21' title="bbox 2184 938 3781 1007; baseline 0 -12"><span class='ocrx_word' id='word_1_137' title='bbox 2184 940 2355 995; x_wconf 90' lang='lat' dir='ltr'>cisum</span> <span class='ocrx_word' id='word_1_138' title='bbox 2384 940 2549 1006; x_wconf 83' lang='lat' dir='ltr'>Deus,</span> <span class='ocrx_word' id='word_1_139' title='bbox 2587 942 2681 996; x_wconf 92' lang='lat' dir='ltr'>sed</span> <span class='ocrx_word' id='word_1_140' title='bbox 2728 952 2779 997; x_wconf 91' lang='lat' dir='ltr'>et</span> <span class='ocrx_word' id='word_1_141' title='bbox 2823 957 2931 998; x_wconf 93' lang='lat' dir='ltr'>non</span> <span class='ocrx_word' id='word_1_142' title='bbox 2985 941 3421 1007; x_wconf 88' lang='lat' dir='ltr'>sabbatizantem,</span> <span class='ocrx_word' id='word_1_143' title='bbox 3453 938 3523 994; x_wconf 92' lang='lat' dir='ltr'>de</span> <span class='ocrx_word' id='word_1_144' title='bbox 3565 938 3781 995; x_wconf 87' lang='lat' dir='ltr'>diluvio</span> 
     </span>
    </p>
   </div>
   <div class='ocr_carea' id='block_1_22' title="bbox 2185 1026 3783 1104">
    <p class='ocr_par' dir='ltr' id='par_1_22' title="bbox 2185 1026 3783 1104">
     <span class='ocr_line' id='line_1_22' title="bbox 2185 1026 3783 1104; baseline -0.001 -22"><span class='ocrx_word' id='word_1_145' title='bbox 2185 1029 2425 1085; x_wconf 85' lang='lat' dir='ltr'>liberavit</span> <span class='ocrx_word' id='word_1_146' title='bbox 2470 1030 2632 1101; x_wconf 87' lang='lat' dir='ltr'>(Gen.</span> <span class='ocrx_word' id='word_1_147' title='bbox 2679 1046 2737 1087; x_wconf 81' lang='lat' dir='ltr'>v1</span> <span class='ocrx_word' id='word_1_148' title='bbox 2777 1033 2976 1104; x_wconf 88' lang='lat' dir='ltr'>seqq.).</span> <span class='ocrx_word' id='word_1_149' title='bbox 3008 1031 3148 1085; x_wconf 91' lang='lat' dir='ltr'>Nam</span> <span class='ocrx_word' id='word_1_150' title='bbox 3196 1036 3251 1085; x_wconf 92' lang='lat' dir='ltr'>et</span> <span class='ocrx_word' id='word_1_151' title='bbox 3296 1027 3482 1083; x_wconf 86' lang='lat' dir='ltr'>Enoch</span> <span class='ocrx_word' id='word_1_152' title='bbox 3536 1026 3783 1097; x_wconf 90' lang='lat' dir='ltr'>justissi-</span> 
     </span>
    </p>
   </div>
   <div class='ocr_carea' id='block_1_23' title="bbox 2183 1118 3785 1187">
    <p class='ocr_par' dir='ltr' id='par_1_23' title="bbox 2183 1118 3785 1187">
     <span class='ocr_line' id='line_1_23' title="bbox 2183 1118 3785 1187; baseline 0 -13"><span class='ocrx_word' id='word_1_153' title='bbox 2183 1136 2331 1174; x_wconf 90' lang='lat' dir='ltr'>mum</span> <span class='ocrx_word' id='word_1_154' title='bbox 2375 1136 2486 1177; x_wconf 89' lang='lat' dir='ltr'>non</span> <span class='ocrx_word' id='word_1_155' title='bbox 2514 1121 2910 1187; x_wconf 89' lang='lat' dir='ltr'>circumcisum,</span> <span class='ocrx_word' id='word_1_156' title='bbox 2964 1137 3061 1176; x_wconf 90' lang='lat' dir='ltr'>nec</span> <span class='ocrx_word' id='word_1_157' title='bbox 3099 1121 3535 1183; x_wconf 89' lang='lat' dir='ltr'>sabbatizantem,</span> <span class='ocrx_word' id='word_1_158' title='bbox 3564 1119 3635 1173; x_wconf 89' lang='lat' dir='ltr'>de</span> <span class='ocrx_word' id='word_1_159' title='bbox 3675 1118 3785 1174; x_wconf 89' lang='lat' dir='ltr'>hoc</span> 
     </span>
    </p>
   </div>
   <div class='ocr_carea' id='block_1_24' title="bbox 2184 1209 3784 1280">
    <p class='ocr_par' dir='ltr' id='par_1_24' title="bbox 2184 1209 3784 1280">
     <span class='ocr_line' id='line_1_24' title="bbox 2184 1209 3784 1280; baseline -0.003 -17"><span class='ocrx_word' id='word_1_160' title='bbox 2184 1211 2381 1265; x_wconf 92' lang='lat' dir='ltr'>mundo</span> <span class='ocrx_word' id='word_1_161' title='bbox 2433 1210 2704 1266; x_wconf 86' lang='lat' dir='ltr'>transtulit</span> <span class='ocrx_word' id='word_1_162' title='bbox 2753 1211 2914 1277; x_wconf 93' lang='lat' dir='ltr'>(Gen.</span> <span class='ocrx_word' id='word_1_163' title='bbox 2953 1226 3006 1275; x_wconf 92' lang='lat' dir='ltr'>v,</span> <span class='ocrx_word' id='word_1_164' title='bbox 3039 1212 3164 1280; x_wconf 86' lang='lat'><strong>22);</strong></span> <span class='ocrx_word' id='word_1_165' title='bbox 3197 1209 3286 1279; x_wconf 92' lang='lat' dir='ltr'>qui</span> <span class='ocrx_word' id='word_1_166' title='bbox 3333 1209 3564 1264; x_wconf 89' lang='lat' dir='ltr'>necdum</span> <span class='ocrx_word' id='word_1_167' title='bbox 3631 1220 3784 1261; x_wconf 89' lang='lat' dir='ltr'>mor-</span> 
     </span>
    </p>
   </div>
   <div class='ocr_carea' id='block_1_25' title="bbox 2183 1293 3785 1370">
    <p class='ocr_par' dir='ltr' id='par_1_25' title="bbox 2183 1293 3785 1370">
     <span class='ocr_line' id='line_1_25' title="bbox 2183 1293 3785 1370; baseline -0.001 -19"><span class='ocrx_word' id='word_1_168' title='bbox 2183 1305 2286 1352; x_wconf 91' lang='lat' dir='ltr'>tem</span> <span class='ocrx_word' id='word_1_169' title='bbox 2335 1299 2588 1370; x_wconf 78' lang='lat' dir='ltr'>gustavit,</span> <span class='ocrx_word' id='word_1_170' title='bbox 2620 1309 2679 1353; x_wconf 91' lang='lat' dir='ltr'>ut</span> <span class='ocrx_word' id='word_1_171' title='bbox 2706 1298 3026 1353; x_wconf 60' lang='lat' dir='ltr'>aeternitatis</span> <span class='ocrx_word' id='word_1_172' title='bbox 3066 1298 3398 1361; x_wconf 89' lang='lat' dir='ltr'>candidatus,</span> <span class='ocrx_word' id='word_1_173' title='bbox 3447 1293 3623 1352; x_wconf 71' lang='grc' dir='ltr'>(ἰθὲ</span> <span class='ocrx_word' id='word_1_174' title='bbox 3664 1295 3785 1363; x_wconf 85' lang='lat' dir='ltr'>jam</span> 
     </span>
    </p>
   </div>
   <div class='ocr_carea' id='block_1_26' title="bbox 461 1365 2061 1459">
    <p class='ocr_par' dir='ltr' id='par_1_26' title="bbox 461 1365 2061 1447">
     <span class='ocr_line' id='line_1_26' title="bbox 461 1365 2061 1447; baseline 0.008 -28"><span class='ocrx_word' id='word_1_175' title='bbox 461 1365 610 1419; x_wconf 92' lang='lat' dir='ltr'>Deus</span> <span class='ocrx_word' id='word_1_176' title='bbox 637 1376 688 1420; x_wconf 91' lang='lat' dir='ltr'>et</span> <span class='ocrx_word' id='word_1_177' title='bbox 717 1368 966 1437; x_wconf 81' lang='lat' dir='ltr'>gentibus</span> <span class='ocrx_word' id='word_1_178' title='bbox 997 1369 1267 1435; x_wconf 86' lang='lat' dir='ltr'>exhibuit,</span> <span class='ocrx_word' id='word_1_179' title='bbox 1301 1381 1355 1425; x_wconf 91' lang='lat' dir='ltr'>et</span> <span class='ocrx_word' id='word_1_180' title='bbox 1394 1374 1774 1442; x_wconf 90' lang='lat' dir='ltr'>repromissam</span> <span class='ocrx_word' id='word_1_181' title='bbox 1812 1393 1908 1447; x_wconf 88' lang='lat' dir='ltr'>per</span> <span class='ocrx_word' id='word_1_182' title='bbox 1940 1394 2061 1446; x_wconf 84' lang='lat' dir='ltr'>pro-</span> 
     </span>
    </p>
   </div>
   <div class='ocr_carea' id='block_1_27' title="bbox 2173 1365 3787 1459">
    <p class='ocr_par' dir='ltr' id='par_1_27' title="bbox 2176 1365 3787 1459">
     <span class='ocr_line' id='line_1_27' title="bbox 2176 1365 3787 1459; baseline -0.002 -19"><span class='ocrx_word' id='word_1_183' title='bbox 2176 1365 2671 1442; x_wconf 34' lang='lat' dir='ltr'>nobisiostenderet</span> <span class='ocrx_word' id='word_1_184' title='bbox 2708 1402 2810 1442; x_wconf 92' lang='lat' dir='ltr'>nos</span> <span class='ocrx_word' id='word_1_185' title='bbox 2838 1402 3073 1458; x_wconf 90' lang='lat' dir='ltr'>quoque,</span> <span class='ocrx_word' id='word_1_186' title='bbox 3103 1386 3217 1441; x_wconf 91' lang='lat' dir='ltr'>sine</span> <span class='ocrx_word' id='word_1_187' title='bbox 3248 1385 3385 1459; x_wconf 85' lang='lat' dir='ltr'>legis</span> <span class='ocrx_word' id='word_1_188' title='bbox 3414 1399 3576 1440; x_wconf 89' lang='lat' dir='ltr'>onere</span> <span class='ocrx_word' id='word_1_189' title='bbox 3628 1384 3787 1452; x_wconf 86' lang='lat' dir='ltr'>Moy-</span> 
     </span>
    </p>
   </div>
   <div class='ocr_carea' id='block_1_28' title="bbox 463 1454 2075 1534">
    <p class='ocr_par' dir='ltr' id='par_1_28' title="bbox 463 1454 2075 1534">
     <span class='ocr_line' id='line_1_28' title="bbox 463 1454 2075 1534; baseline 0.009 -26"><span class='ocrx_word' id='word_1_190' title='bbox 463 1454 647 1524; x_wconf 89' lang='lat' dir='ltr'>phetas</span> <span class='ocrx_word' id='word_1_191' title='bbox 717 1455 771 1510; x_wconf 91' lang='lat' dir='ltr'>in</span> <span class='ocrx_word' id='word_1_192' title='bbox 828 1457 1018 1512; x_wconf 84' lang='lat' dir='ltr'>melius</span> <span class='ocrx_word' id='word_1_193' title='bbox 1067 1458 1391 1525; x_wconf 85' lang='lat' dir='ltr'>reformavit,</span> <span class='ocrx_word' id='word_1_194' title='bbox 1442 1470 1495 1516; x_wconf 93' lang='lat' dir='ltr'>et</span> <span class='ocrx_word' id='word_1_195' title='bbox 1558 1465 1879 1534; x_wconf 72' lang='lat' dir='ltr'>prmtnonuit</span> <span class='ocrx_word' id='word_1_196' title='bbox 1935 1466 2075 1523; x_wconf 85' lang='lat' dir='ltr'>futu-</span> 
     </span>
    </p>
   </div>
   <div class='ocr_carea' id='block_1_29' title="bbox 462 1543 2068 1623">
    <p class='ocr_par' dir='ltr' id='par_1_29' title="bbox 462 1543 2068 1623">
     <span class='ocr_line' id='line_1_29' title="bbox 462 1543 2068 1623; baseline 0.006 -27"><span class='ocrx_word' id='word_1_197' title='bbox 462 1558 577 1596; x_wconf 90' lang='lat' dir='ltr'>rum</span> <span class='ocrx_word' id='word_1_198' title='bbox 610 1544 764 1609; x_wconf 73' lang='lat' dir='ltr'>21ut,</span> <span class='ocrx_word' id='word_1_199' title='bbox 798 1543 955 1599; x_wconf 91' lang='lat' dir='ltr'>sicuti</span> <span class='ocrx_word' id='word_1_200' title='bbox 1014 1555 1157 1602; x_wconf 91' lang='lat' dir='ltr'>certo</span> <span class='ocrx_word' id='word_1_201' title='bbox 1210 1558 1449 1617; x_wconf 90' lang='lat' dir='ltr'>tempore</span> <span class='ocrx_word' id='word_1_202' title='bbox 1505 1553 1627 1606; x_wconf 89' lang='lat' dir='ltr'>data</span> <span class='ocrx_word' id='word_1_203' title='bbox 1682 1564 1761 1606; x_wconf 87' lang='lat' dir='ltr'>est</span> <span class='ocrx_word' id='word_1_204' title='bbox 1818 1553 1903 1608; x_wconf 86' lang='lat' dir='ltr'>lex</span> <span class='ocrx_word' id='word_1_205' title='bbox 1975 1571 2068 1623; x_wconf 88' lang='lat' dir='ltr'>per</span> 
     </span>
    </p>
   </div>
   <div class='ocr_carea' id='block_1_30' title="bbox 458 1631 2070 1706">
    <p class='ocr_par' dir='ltr' id='par_1_30' title="bbox 458 1631 2070 1706">
     <span class='ocr_line' id='line_1_30' title="bbox 458 1631 2070 1706; baseline 0.006 -19"><span class='ocrx_word' id='word_1_206' title='bbox 458 1631 695 1701; x_wconf 81' lang='lat' dir='ltr'>Moysen,</span> <span class='ocrx_word' id='word_1_207' title='bbox 771 1633 843 1688; x_wconf 86' lang='lat' dir='ltr'>ita</span> <span class='ocrx_word' id='word_1_208' title='bbox 913 1637 1279 1706; x_wconf 89' lang='lat' dir='ltr'>temporaliter</span> <span class='ocrx_word' id='word_1_209' title='bbox 1357 1642 1634 1695; x_wconf 87' lang='lat' dir='ltr'>observata</span> <span class='ocrx_word' id='word_1_210' title='bbox 1688 1650 1742 1695; x_wconf 90' lang='lat' dir='ltr'>et</span> <span class='ocrx_word' id='word_1_211' title='bbox 1804 1642 2070 1697; x_wconf 90' lang='lat' dir='ltr'>custodita</span> 
     </span>
    </p>
   </div>
   <div class='ocr_carea' id='block_1_31' title="bbox 460 1721 2069 1801">
    <p class='ocr_par' dir='ltr' id='par_1_31' title="bbox 460 1721 2069 1801">
     <span class='ocr_line' id='line_1_31' title="bbox 460 1721 2069 1801; baseline 0.007 -26"><span class='ocrx_word' id='word_1_212' title='bbox 460 1721 738 1791; x_wconf 58' lang='lat' dir='ltr'>credatur;</span> <span class='ocrx_word' id='word_1_213' title='bbox 790 1739 891 1778; x_wconf 89' lang='lat' dir='ltr'>nec</span> <span class='ocrx_word' id='word_1_214' title='bbox 926 1724 1227 1779; x_wconf 88' lang='lat' dir='ltr'>adimamus</span> <span class='ocrx_word' id='word_1_215' title='bbox 1270 1727 1407 1782; x_wconf 90' lang='lat' dir='ltr'>hanc</span> <span class='ocrx_word' id='word_1_216' title='bbox 1449 1727 1547 1782; x_wconf 94' lang='lat' dir='ltr'>Dei</span> <span class='ocrx_word' id='word_1_217' title='bbox 1577 1738 1912 1800; x_wconf 85' lang='lat' dir='ltr'>potestatem,</span> <span class='ocrx_word' id='word_1_218' title='bbox 1976 1747 2069 1801; x_wconf 89' lang='lat' dir='ltr'>pro</span> 
     </span>
    </p>
   </div>
   <div class='ocr_carea' id='block_1_32' title="bbox 462 1811 2069 1886">
    <p class='ocr_par' dir='ltr' id='par_1_32' title="bbox 462 1811 2069 1886">
     <span class='ocr_line' id='line_1_32' title="bbox 462 1811 2069 1886; baseline 0.007 -22"><span class='ocrx_word' id='word_1_219' title='bbox 462 1816 761 1879; x_wconf 82' lang='lat' dir='ltr'>temporum</span> <span class='ocrx_word' id='word_1_220' title='bbox 830 1811 1134 1867; x_wconf 88' lang='lat' dir='ltr'>conditione</span> <span class='ocrx_word' id='word_1_221' title='bbox 1189 1812 1323 1881; x_wconf 86' lang='lat' dir='ltr'>legis</span> <span class='ocrx_word' id='word_1_222' title='bbox 1413 1825 1679 1886; x_wconf 66' lang='lat' dir='ltr'>praecepta</span> <span class='ocrx_word' id='word_1_223' title='bbox 1760 1818 2069 1874; x_wconf 90' lang='lat' dir='ltr'>reforman-</span> 
     </span>
    </p>
   </div>
   <div class='ocr_carea' id='block_1_33' title="bbox 461 1892 2071 1978">
    <p class='ocr_par' dir='ltr' id='par_1_33' title="bbox 461 1892 2071 1978">
     <span class='ocr_line' id='line_1_33' title="bbox 461 1892 2071 1978; baseline 0.007 -25"><span class='ocrx_word' id='word_1_224' title='bbox 461 1906 567 1953; x_wconf 90' lang='lat' dir='ltr'>tem</span> <span class='ocrx_word' id='word_1_225' title='bbox 595 1897 766 1953; x_wconf 76' lang='lat'>60]</span> <span class='ocrx_word' id='word_1_226' title='bbox 806 1898 858 1951; x_wconf 91' lang='lat' dir='ltr'>in</span> <span class='ocrx_word' id='word_1_227' title='bbox 890 1899 1126 1955; x_wconf 91' lang='lat' dir='ltr'>hominis</span> <span class='ocrx_word' id='word_1_228' title='bbox 1155 1901 1383 1957; x_wconf 88' lang='lat' dir='ltr'>salutem</span> <span class='ocrx_word' id='word_1_229' title='bbox 1414 1903 1480 1957; x_wconf 71' lang='grc'>³2.</span> <span class='ocrx_word' id='word_1_230' title='bbox 1517 1905 1761 1977; x_wconf 88' lang='lat' dir='ltr'>Denique</span> <span class='ocrx_word' id='word_1_231' title='bbox 1785 1908 1897 1978; x_wconf 92' lang='lat' dir='ltr'>,qui</span> <span class='ocrx_word' id='word_1_232' title='bbox 1932 1892 2071 1964; x_wconf 83' lang='lat' dir='ltr'>con-</span> 
     </span>
    </p>
   </div>
   <div class='ocr_carea' id='block_1_34' title="bbox 459 1985 2069 2068">
    <p class='ocr_par' dir='ltr' id='par_1_34' title="bbox 459 1985 2069 2068">
     <span class='ocr_line' id='line_1_34' title="bbox 459 1985 2069 2068; baseline 0.007 -28"><span class='ocrx_word' id='word_1_233' title='bbox 459 1985 637 2068; x_wconf 60' lang='lat' dir='ltr'>tendit</span> <span class='ocrx_word' id='word_1_234' title='bbox 662 1993 716 2040; x_wconf 94' lang='lat' dir='ltr'>et</span> <span class='ocrx_word' id='word_1_235' title='bbox 768 1986 1059 2041; x_wconf 88' lang='lat' dir='ltr'>Sabbatum</span> <span class='ocrx_word' id='word_1_236' title='bbox 1106 1988 1281 2044; x_wconf 89' lang='lat' dir='ltr'>adhuc</span> <span class='ocrx_word' id='word_1_237' title='bbox 1322 1993 1720 2049; x_wconf 90' lang='lat' dir='ltr'>observandum</span> <span class='ocrx_word' id='word_1_238' title='bbox 1778 1996 1931 2068; x_wconf 90' lang='lat' dir='ltr'>quasi</span> <span class='ocrx_word' id='word_1_239' title='bbox 1973 2014 2069 2051; x_wconf 91' lang='lat' dir='ltr'>sa-</span> 
     </span>
    </p>
   </div>
   <div class='ocr_carea' id='block_1_35' title="bbox 459 2052 2070 2156">
    <p class='ocr_par' dir='ltr' id='par_1_35' title="bbox 459 2052 2070 2156">
     <span class='ocr_line' id='line_1_35' title="bbox 459 2052 2070 2156; baseline 0.009 -28"><span class='ocrx_word' id='word_1_240' title='bbox 459 2052 585 2128; x_wconf 85' lang='lat' dir='ltr'>lutis</span> <span class='ocrx_word' id='word_1_241' title='bbox 611 2073 895 2144; x_wconf 84' lang='lat' dir='ltr'>medelam,</span> <span class='ocrx_word' id='word_1_242' title='bbox 957 2074 1426 2133; x_wconf 90' lang='lat' dir='ltr'>circumcisionem</span> <span class='ocrx_word' id='word_1_243' title='bbox 1461 2083 1634 2137; x_wconf 90' lang='lat' dir='ltr'>octavi</span> <span class='ocrx_word' id='word_1_244' title='bbox 1685 2052 1813 2138; x_wconf 33' lang='lat' dir='ltr'>diei;</span> <span class='ocrx_word' id='word_1_245' title='bbox 1846 2099 2070 2156; x_wconf 86' lang='lat' dir='ltr'>propter</span> 
     </span>
    </p>
   </div>
   <div class='ocr_carea' id='block_1_36' title="bbox 458 2162 2071 2243">
    <p class='ocr_par' dir='ltr' id='par_1_36' title="bbox 458 2162 2071 2243">
     <span class='ocr_line' id='line_1_36' title="bbox 458 2162 2071 2243; baseline 0.011 -30"><span class='ocrx_word' id='word_1_246' title='bbox 458 2162 645 2216; x_wconf 87' lang='lat' dir='ltr'>mortis</span> <span class='ocrx_word' id='word_1_247' title='bbox 675 2163 1160 2232; x_wconf 87' lang='lat' dir='ltr'>comminationem,</span> <span class='ocrx_word' id='word_1_248' title='bbox 1219 2166 1407 2222; x_wconf 78' lang='lat' dir='ltr'>doceat</span> <span class='ocrx_word' id='word_1_249' title='bbox 1436 2169 1488 2223; x_wconf 92' lang='lat' dir='ltr'>in</span> <span class='ocrx_word' id='word_1_250' title='bbox 1511 2170 1838 2239; x_wconf 87' lang='lat' dir='ltr'>praeteritum</span> <span class='ocrx_word' id='word_1_251' title='bbox 1889 2175 2071 2243; x_wconf 87' lang='lat' dir='ltr'>justos</span> 
     </span>
    </p>
   </div>
   <div class='ocr_carea' id='block_1_37' title="bbox 461 2248 2070 2325">
    <p class='ocr_par' dir='ltr' id='par_1_37' title="bbox 461 2248 2070 2325">
     <span class='ocr_line' id='line_1_37' title="bbox 461 2248 2070 2325; baseline 0.009 -23"><span class='ocrx_word' id='word_1_252' title='bbox 461 2248 819 2305; x_wconf 88' lang='lat' dir='ltr'>sabbatizasse</span> <span class='ocrx_word' id='word_1_253' title='bbox 866 2262 955 2305; x_wconf 89' lang='lat' dir='ltr'>aut</span> <span class='ocrx_word' id='word_1_254' title='bbox 1002 2254 1425 2325; x_wconf 88' lang='lat' dir='ltr'>circumcidisse,</span> <span class='ocrx_word' id='word_1_255' title='bbox 1467 2266 1519 2315; x_wconf 90' lang='lat' dir='ltr'>et</span> <span class='ocrx_word' id='word_1_256' title='bbox 1568 2259 1647 2315; x_wconf 87' lang='lat' dir='ltr'>sic</span> <span class='ocrx_word' id='word_1_257' title='bbox 1695 2263 1901 2316; x_wconf 90' lang='lat' dir='ltr'>amicos</span> <span class='ocrx_word' id='word_1_258' title='bbox 1968 2261 2070 2316; x_wconf 89' lang='lat' dir='ltr'>Dei</span> 
     </span>
    </p>
   </div>
   <div class='ocr_carea' id='block_1_38' title="bbox 460 2335 2067 2421">
    <p class='ocr_par' dir='ltr' id='par_1_38' title="bbox 460 2335 2067 2421">
     <span class='ocr_line' id='line_1_38' title="bbox 460 2335 2067 2421; baseline 0.012 -31"><span class='ocrx_word' id='word_1_259' title='bbox 460 2335 702 2394; x_wconf 84' lang='lat' dir='ltr'>effectos.</span> <span class='ocrx_word' id='word_1_260' title='bbox 761 2342 917 2409; x_wconf 83' lang='lat' dir='ltr'>Nam,</span> <span class='ocrx_word' id='word_1_261' title='bbox 1007 2342 1052 2396; x_wconf 87' lang='lat' dir='ltr'>si</span> <span class='ocrx_word' id='word_1_262' title='bbox 1108 2344 1443 2401; x_wconf 88' lang='lat' dir='ltr'>circumcisio</span> <span class='ocrx_word' id='word_1_263' title='bbox 1502 2357 1698 2421; x_wconf 85' lang='lat' dir='ltr'>purgat</span> <span class='ocrx_word' id='word_1_264' title='bbox 1771 2348 2067 2409; x_wconf 67' lang='lat' dir='ltr'>hominem,</span> 
     </span>
    </p>
   </div>
   <div class='ocr_carea' id='block_1_39' title="bbox 458 2427 2071 2503">
    <p class='ocr_par' dir='ltr' id='par_1_39' title="bbox 458 2427 2071 2503">
     <span class='ocr_line' id='line_1_39' title="bbox 458 2427 2071 2503; baseline 0.008 -22"><span class='ocrx_word' id='word_1_265' title='bbox 458 2427 605 2484; x_wconf 89' lang='lat' dir='ltr'>Deus</span> <span class='ocrx_word' id='word_1_266' title='bbox 623 2428 791 2483; x_wconf 88' lang='lat' dir='ltr'>Adam</span> <span class='ocrx_word' id='word_1_267' title='bbox 846 2430 1279 2488; x_wconf 74' lang='lat' dir='ltr'>incircumcisum</span> <span class='ocrx_word' id='word_1_268' title='bbox 1336 2450 1455 2491; x_wconf 90' lang='lat' dir='ltr'>cum</span> <span class='ocrx_word' id='word_1_269' title='bbox 1506 2436 1726 2503; x_wconf 85' lang='lat' dir='ltr'>faceret,</span> <span class='ocrx_word' id='word_1_270' title='bbox 1783 2454 1878 2493; x_wconf 91' lang='lat' dir='ltr'>cur</span> <span class='ocrx_word' id='word_1_271' title='bbox 1944 2455 2071 2494; x_wconf 91' lang='lat' dir='ltr'>eum</span> 
     </span>
    </p>
   </div>
   <div class='ocr_carea' id='block_1_40' title="bbox 458 2516 2053 2603">
    <p class='ocr_par' dir='ltr' id='par_1_40' title="bbox 458 2516 2053 2603">
     <span class='ocr_line' id='line_1_40' title="bbox 458 2516 2053 2603; baseline 0.009 -35"><span class='ocrx_word' id='word_1_272' title='bbox 458 2530 564 2569; x_wconf 91' lang='lat' dir='ltr'>non</span> <span class='ocrx_word' id='word_1_273' title='bbox 611 2516 963 2585; x_wconf 89' lang='lat' dir='ltr'>circumcidit,</span> <span class='ocrx_word' id='word_1_274' title='bbox 996 2520 1083 2577; x_wconf 88' lang='lat' dir='ltr'>vel</span> <span class='ocrx_word' id='word_1_275' title='bbox 1116 2530 1468 2595; x_wconf 87' lang='lat' dir='ltr'>posteaquam</span> <span class='ocrx_word' id='word_1_276' title='bbox 1500 2525 1745 2597; x_wconf 89' lang='lat' dir='ltr'>deliquit,</span> <span class='ocrx_word' id='word_1_277' title='bbox 1778 2526 1822 2582; x_wconf 91' lang='lat' dir='ltr'>si</span> <span class='ocrx_word' id='word_1_278' title='bbox 1855 2536 2053 2603; x_wconf 84' lang='lat' dir='ltr'>purgat</span> 
     </span>
    </p>
   </div>
   <div class='ocr_carea' id='block_1_41' title="bbox 455 2605 2052 2680">
    <p class='ocr_par' dir='ltr' id='par_1_41' title="bbox 455 2605 2052 2680">
     <span class='ocr_line' id='line_1_41' title="bbox 455 2605 2052 2680; baseline 0.006 -21"><span class='ocrx_word' id='word_1_279' title='bbox 455 2605 792 2661; x_wconf 87' lang='lat' dir='ltr'>circumcisio</span> <span class='ocrx_word' id='word_1_280' title='bbox 813 2607 840 2662; x_wconf 82' lang='lat'><strong>?</strong></span> <span class='ocrx_word' id='word_1_281' title='bbox 870 2608 1026 2664; x_wconf 92' lang='lat' dir='ltr'>Certe</span> <span class='ocrx_word' id='word_1_282' title='bbox 1047 2610 1100 2663; x_wconf 92' lang='lat' dir='ltr'>in</span> <span class='ocrx_word' id='word_1_283' title='bbox 1144 2612 1392 2680; x_wconf 86' lang='lat' dir='ltr'>paradiso</span> <span class='ocrx_word' id='word_1_284' title='bbox 1422 2613 1754 2669; x_wconf 90' lang='lat' dir='ltr'>constituens</span> <span class='ocrx_word' id='word_1_285' title='bbox 1788 2632 1915 2671; x_wconf 89' lang='lat' dir='ltr'>eum</span> <span class='ocrx_word' id='word_1_286' title='bbox 1968 2617 2052 2671; x_wconf 87' lang='lat' dir='ltr'>in-</span> 
     </span>
    </p>
   </div>
   <div class='ocr_carea' id='block_1_42' title="bbox 457 2691 2052 2778">
    <p class='ocr_par' dir='ltr' id='par_1_42' title="bbox 457 2691 2052 2778">
     <span class='ocr_line' id='line_1_42' title="bbox 457 2691 2052 2778; baseline 0.008 -30"><span class='ocrx_word' id='word_1_287' title='bbox 457 2691 853 2763; x_wconf 88' lang='lat' dir='ltr'>circumcisum,</span> <span class='ocrx_word' id='word_1_288' title='bbox 908 2698 1156 2753; x_wconf 91' lang='lat' dir='ltr'>colonum</span> <span class='ocrx_word' id='word_1_289' title='bbox 1215 2700 1446 2770; x_wconf 88' lang='lat' dir='ltr'>paradisi</span> <span class='ocrx_word' id='word_1_290' title='bbox 1505 2700 1769 2773; x_wconf 67' lang='lat' dir='ltr'>praefecit.</span> <span class='ocrx_word' id='word_1_291' title='bbox 1865 2704 2052 2778; x_wconf 81' lang='lat' dir='ltr'>Igitur,</span> 
     </span>
    </p>
   </div>
   <div class='ocr_carea' id='block_1_43' title="bbox 457 2786 2059 2861">
    <p class='ocr_par' dir='ltr' id='par_1_43' title="bbox 457 2786 2059 2861">
     <span class='ocr_line' id='line_1_43' title="bbox 457 2786 2059 2861; baseline 0.01 -25"><span class='ocrx_word' id='word_1_292' title='bbox 457 2796 576 2837; x_wconf 92' lang='lat' dir='ltr'>cum</span> <span class='ocrx_word' id='word_1_293' title='bbox 608 2798 784 2855; x_wconf 91' lang='lat' dir='ltr'>neque</span> <span class='ocrx_word' id='word_1_294' title='bbox 814 2786 1191 2843; x_wconf 72' lang='lat' dir='ltr'>circumcisum</span> <span class='ocrx_word' id='word_1_295' title='bbox 1223 2805 1399 2861; x_wconf 89' lang='lat' dir='ltr'>neque</span> <span class='ocrx_word' id='word_1_296' title='bbox 1446 2789 1866 2849; x_wconf 89' lang='lat' dir='ltr'>sabbatizantem</span> <span class='ocrx_word' id='word_1_297' title='bbox 1911 2794 2059 2853; x_wconf 91' lang='lat' dir='ltr'>Deus</span> 
     </span>
    </p>
   </div>
   <div class='ocr_carea' id='block_1_44' title="bbox 2178 1472 3785 1546">
    <p class='ocr_par' dir='ltr' id='par_1_44' title="bbox 2178 1472 3785 1546">
     <span class='ocr_line' id='line_1_44' title="bbox 2178 1472 3785 1546; baseline -0.004 -16"><span class='ocrx_word' id='word_1_298' title='bbox 2178 1475 2242 1540; x_wconf 92' lang='lat' dir='ltr'>si,</span> <span class='ocrx_word' id='word_1_299' title='bbox 2274 1476 2386 1530; x_wconf 88' lang='lat' dir='ltr'>Deo</span> <span class='ocrx_word' id='word_1_300' title='bbox 2421 1490 2579 1546; x_wconf 90' lang='lat' dir='ltr'>posse</span> <span class='ocrx_word' id='word_1_301' title='bbox 2600 1476 2827 1545; x_wconf 91' lang='lat' dir='ltr'>placere.</span> <span class='ocrx_word' id='word_1_302' title='bbox 2861 1476 3254 1530; x_wconf 85' lang='lat' dir='ltr'>Melchisedech</span> <span class='ocrx_word' id='word_1_303' title='bbox 3284 1489 3501 1545; x_wconf 87' lang='lat' dir='ltr'>quoque</span> <span class='ocrx_word' id='word_1_304' title='bbox 3559 1472 3785 1528; x_wconf 85' lang='lat' dir='ltr'>summi</span> 
     </span>
    </p>
   </div>
   <div class='ocr_carea' id='block_1_45' title="bbox 2178 1563 3782 1635">
    <p class='ocr_par' dir='ltr' id='par_1_45' title="bbox 2178 1563 3782 1635">
     <span class='ocr_line' id='line_1_45' title="bbox 2178 1563 3782 1635; baseline -0.004 -15"><span class='ocrx_word' id='word_1_305' title='bbox 2178 1566 2279 1620; x_wconf 87' lang='lat' dir='ltr'>Dei</span> <span class='ocrx_word' id='word_1_306' title='bbox 2303 1564 2556 1621; x_wconf 79' lang='lat' dir='ltr'>sacerdos</span> <span class='ocrx_word' id='word_1_307' title='bbox 2586 1564 2747 1635; x_wconf 91' lang='lat' dir='ltr'>(Gen.</span> <span class='ocrx_word' id='word_1_308' title='bbox 2800 1580 2919 1633; x_wconf 70' lang='lat' dir='ltr'>xxv,</span> <span class='ocrx_word' id='word_1_309' title='bbox 2974 1566 3055 1634; x_wconf 75' lang='grc'>18)</span> <span class='ocrx_word' id='word_1_310' title='bbox 3088 1563 3503 1619; x_wconf 87' lang='lat' dir='ltr'>incircumcisus</span> <span class='ocrx_word' id='word_1_311' title='bbox 3554 1568 3609 1617; x_wconf 85' lang='lat' dir='ltr'>et</span> <span class='ocrx_word' id='word_1_312' title='bbox 3667 1576 3782 1616; x_wconf 90' lang='lat' dir='ltr'>non</span> 
     </span>
    </p>
   </div>
   <div class='ocr_carea' id='block_1_46' title="bbox 2178 1651 3787 1724">
    <p class='ocr_par' dir='ltr' id='par_1_46' title="bbox 2178 1651 3787 1724">
     <span class='ocr_line' id='line_1_46' title="bbox 2178 1651 3787 1724; baseline -0.001 -16"><span class='ocrx_word' id='word_1_313' title='bbox 2178 1653 2534 1724; x_wconf 86' lang='lat' dir='ltr'>sabbatizans,</span> <span class='ocrx_word' id='word_1_314' title='bbox 2566 1654 2631 1708; x_wconf 91' lang='lat' dir='ltr'>ad</span> <span class='ocrx_word' id='word_1_315' title='bbox 2662 1652 3021 1710; x_wconf 90' lang='lat' dir='ltr'>sacerdotium</span> <span class='ocrx_word' id='word_1_316' title='bbox 3068 1652 3165 1707; x_wconf 92' lang='lat' dir='ltr'>Dei</span> <span class='ocrx_word' id='word_1_317' title='bbox 3198 1653 3427 1708; x_wconf 90' lang='lat' dir='ltr'>allectus</span> <span class='ocrx_word' id='word_1_318' title='bbox 3484 1657 3585 1706; x_wconf 87' lang='lat' dir='ltr'>est.</span> <span class='ocrx_word' id='word_1_319' title='bbox 3649 1651 3787 1706; x_wconf 87' lang='lat' dir='ltr'>Pro-</span> 
     </span>
    </p>
   </div>
   <div class='ocr_carea' id='block_1_47' title="bbox 2177 1738 3785 1814">
    <p class='ocr_par' dir='ltr' id='par_1_47' title="bbox 2177 1738 3785 1814">
     <span class='ocr_line' id='line_1_47' title="bbox 2177 1738 3785 1814; baseline -0.003 -17"><span class='ocrx_word' id='word_1_320' title='bbox 2177 1745 2269 1797; x_wconf 90' lang='lat' dir='ltr'>bat</span> <span class='ocrx_word' id='word_1_321' title='bbox 2325 1742 2371 1781; x_wconf 72' lang='grc' dir='ltr'>²¹ι</span> <span class='ocrx_word' id='word_1_322' title='bbox 2427 1750 2480 1797; x_wconf 93' lang='lat' dir='ltr'>et</span> <span class='ocrx_word' id='word_1_323' title='bbox 2524 1744 2658 1798; x_wconf 91' lang='lat' dir='ltr'>Loth</span> <span class='ocrx_word' id='word_1_324' title='bbox 2718 1742 2880 1797; x_wconf 90' lang='lat' dir='ltr'>frater</span> <span class='ocrx_word' id='word_1_325' title='bbox 2929 1742 3176 1806; x_wconf 63' lang='lat' dir='ltr'>Abrahae,</span> <span class='ocrx_word' id='word_1_326' title='bbox 3217 1744 3363 1814; x_wconf 89' lang='lat' dir='ltr'>quod</span> <span class='ocrx_word' id='word_1_327' title='bbox 3422 1755 3518 1810; x_wconf 86' lang='lat' dir='ltr'>pro</span> <span class='ocrx_word' id='word_1_328' title='bbox 3566 1738 3785 1794; x_wconf 89' lang='lat' dir='ltr'>meritis</span> 
     </span>
    </p>
   </div>
   <div class='ocr_carea' id='block_1_48' title="bbox 2173 1827 3784 1903">
    <p class='ocr_par' dir='ltr' id='par_1_48' title="bbox 2173 1827 3784 1903">
     <span class='ocr_line' id='line_1_48' title="bbox 2173 1827 3784 1903; baseline -0.002 -18"><span class='ocrx_word' id='word_1_329' title='bbox 2173 1830 2390 1901; x_wconf 80' lang='lat' dir='ltr'>justitiae</span> <span class='ocrx_word' id='word_1_330' title='bbox 2420 1846 2533 1885; x_wconf 76' lang='lat' dir='ltr'>suae</span> <span class='ocrx_word' id='word_1_331' title='bbox 2589 1830 2638 1867; x_wconf 75' lang='grc'>2⁵</span> <span class='ocrx_word' id='word_1_332' title='bbox 2667 1828 2783 1884; x_wconf 87' lang='lat' dir='ltr'>sine</span> <span class='ocrx_word' id='word_1_333' title='bbox 2828 1830 2968 1903; x_wconf 83' lang='lat' dir='ltr'>legis</span> <span class='ocrx_word' id='word_1_334' title='bbox 3010 1829 3385 1885; x_wconf 84' lang='lat' dir='ltr'>observatione</span> <span class='ocrx_word' id='word_1_335' title='bbox 3414 1828 3479 1883; x_wconf 92' lang='lat' dir='ltr'>de</span> <span class='ocrx_word' id='word_1_336' title='bbox 3525 1827 3784 1883; x_wconf 90' lang='lat' dir='ltr'>Sodomi-</span> 
     </span>
    </p>
   </div>
   <div class='ocr_carea' id='block_1_49' title="bbox 2179 1917 3046 1975">
    <p class='ocr_par' dir='ltr' id='par_1_49' title="bbox 2179 1917 3046 1975">
     <span class='ocr_line' id='line_1_49' title="bbox 2179 1917 3046 1975; baseline -0.002 0"><span class='ocrx_word' id='word_1_337' title='bbox 2179 1930 2351 1975; x_wconf 90' lang='lat' dir='ltr'>tarum</span> <span class='ocrx_word' id='word_1_338' title='bbox 2381 1917 2630 1974; x_wconf 80' lang='lat' dir='ltr'>incendio</span> <span class='ocrx_word' id='word_1_339' title='bbox 2662 1918 2732 1973; x_wconf 91' lang='lat' dir='ltr'>sit</span> <span class='ocrx_word' id='word_1_340' title='bbox 2762 1917 3046 1973; x_wconf 88' lang='lat' dir='ltr'>liberatus.</span> 
     </span>
    </p>
   </div>
   <div class='ocr_carea' id='block_1_50' title="bbox 2799 2051 3165 2110">
    <p class='ocr_par' dir='ltr' id='par_1_50' title="bbox 2799 2051 3165 2110">
     <span class='ocr_line' id='line_1_50' title="bbox 2799 2051 3165 2110; baseline -0.003 -2"><span class='ocrx_word' id='word_1_341' title='bbox 2799 2051 3026 2110; x_wconf 83' lang='lat' dir='ltr'><strong>CAPUT</strong></span> <span class='ocrx_word' id='word_1_342' title='bbox 3072 2052 3165 2107; x_wconf 89' lang='lat' dir='ltr'>IlI.</span> 
     </span>
    </p>
   </div>
   <div class='ocr_carea' id='block_1_51' title="bbox 2248 2164 3789 2239">
    <p class='ocr_par' dir='ltr' id='par_1_51' title="bbox 2248 2164 3789 2239">
     <span class='ocr_line' id='line_1_51' title="bbox 2248 2164 3789 2239; baseline -0.003 -15"><span class='ocrx_word' id='word_1_343' title='bbox 2248 2169 2357 2224; x_wconf 93' lang='lat' dir='ltr'>Sed</span> <span class='ocrx_word' id='word_1_344' title='bbox 2411 2168 2700 2236; x_wconf 82' lang='lat' dir='ltr'>Abraham,</span> <span class='ocrx_word' id='word_1_345' title='bbox 2769 2166 2941 2239; x_wconf 90' lang='lat' dir='ltr'>inquit</span> <span class='ocrx_word' id='word_1_346' title='bbox 2987 2166 3055 2233; x_wconf 82' lang='grc'>26,</span> <span class='ocrx_word' id='word_1_347' title='bbox 3129 2164 3477 2222; x_wconf 89' lang='lat' dir='ltr'>circumcisus</span> <span class='ocrx_word' id='word_1_348' title='bbox 3516 2173 3620 2222; x_wconf 89' lang='lat' dir='ltr'>est.</span> <span class='ocrx_word' id='word_1_349' title='bbox 3675 2165 3789 2221; x_wconf 87' lang='lat' dir='ltr'>Sed</span> 
     </span>
    </p>
   </div>
   <div class='ocr_carea' id='block_1_52' title="bbox 2178 2251 3788 2327">
    <p class='ocr_par' dir='ltr' id='par_1_52' title="bbox 2178 2251 3788 2327">
     <span class='ocr_line' id='line_1_52' title="bbox 2178 2251 3788 2327; baseline -0.005 -13"><span class='ocrx_word' id='word_1_350' title='bbox 2178 2267 2298 2314; x_wconf 86' lang='lat' dir='ltr'>ante</span> <span class='ocrx_word' id='word_1_351' title='bbox 2329 2259 2443 2313; x_wconf 93' lang='lat' dir='ltr'>Deo</span> <span class='ocrx_word' id='word_1_352' title='bbox 2474 2256 2670 2327; x_wconf 91' lang='lat' dir='ltr'>placuit</span> <span class='ocrx_word' id='word_1_353' title='bbox 2688 2270 2851 2324; x_wconf 87' lang='lat' dir='ltr'>quam</span> <span class='ocrx_word' id='word_1_354' title='bbox 2897 2251 3390 2318; x_wconf 89' lang='lat' dir='ltr'>circumcideretur,</span> <span class='ocrx_word' id='word_1_355' title='bbox 3438 2268 3541 2308; x_wconf 92' lang='lat' dir='ltr'>nec</span> <span class='ocrx_word' id='word_1_356' title='bbox 3597 2262 3788 2308; x_wconf 90' lang='lat' dir='ltr'>tamen</span> 
     </span>
    </p>
   </div>
   <div class='ocr_carea' id='block_1_53' title="bbox 2177 2341 3789 2415">
    <p class='ocr_par' dir='ltr' id='par_1_53' title="bbox 2177 2341 3789 2415">
     <span class='ocr_line' id='line_1_53' title="bbox 2177 2341 3789 2415; baseline -0.005 -11"><span class='ocrx_word' id='word_1_357' title='bbox 2177 2345 2545 2404; x_wconf 86' lang='lat' dir='ltr'>sabbatizavit.</span> <span class='ocrx_word' id='word_1_358' title='bbox 2578 2346 2875 2415; x_wconf 86' lang='lat' dir='ltr'>Acceperat</span> <span class='ocrx_word' id='word_1_359' title='bbox 2931 2343 3075 2399; x_wconf 91' lang='lat' dir='ltr'>enim</span> <span class='ocrx_word' id='word_1_360' title='bbox 3130 2341 3620 2411; x_wconf 88' lang='lat' dir='ltr'>circumcisionem,</span> <span class='ocrx_word' id='word_1_361' title='bbox 3680 2342 3789 2397; x_wconf 88' lang='lat' dir='ltr'>sed</span> 
     </span>
    </p>
   </div>
   <div class='ocr_carea' id='block_1_54' title="bbox 2175 2430 3793 2509">
    <p class='ocr_par' dir='ltr' id='par_1_54' title="bbox 2175 2430 3793 2509">
     <span class='ocr_line' id='line_1_54' title="bbox 2175 2430 3793 2509; baseline -0.004 -17"><span class='ocrx_word' id='word_1_362' title='bbox 2175 2455 2295 2509; x_wconf 81' lang='lat' dir='ltr'>quae</span> <span class='ocrx_word' id='word_1_363' title='bbox 2326 2444 2473 2491; x_wconf 91' lang='lat' dir='ltr'>esset</span> <span class='ocrx_word' id='word_1_364' title='bbox 2504 2435 2559 2489; x_wconf 91' lang='lat' dir='ltr'>in</span> <span class='ocrx_word' id='word_1_365' title='bbox 2591 2432 2807 2506; x_wconf 84' lang='lat' dir='ltr'>signum</span> <span class='ocrx_word' id='word_1_366' title='bbox 2847 2431 3106 2502; x_wconf 87' lang='lat' dir='ltr'>temporis</span> <span class='ocrx_word' id='word_1_367' title='bbox 3135 2432 3303 2499; x_wconf 91' lang='lat' dir='ltr'>illius,</span> <span class='ocrx_word' id='word_1_368' title='bbox 3346 2445 3453 2487; x_wconf 93' lang='lat' dir='ltr'>non</span> <span class='ocrx_word' id='word_1_369' title='bbox 3482 2430 3538 2485; x_wconf 91' lang='lat' dir='ltr'>in</span> <span class='ocrx_word' id='word_1_370' title='bbox 3588 2430 3793 2486; x_wconf 83' lang='lat' dir='ltr'>salutis</span> 
     </span>
    </p>
   </div>
   <div class='ocr_carea' id='block_1_55' title="bbox 2162 2519 3791 2600">
    <p class='ocr_par' dir='ltr' id='par_1_55' title="bbox 2162 2519 3791 2600">
     <span class='ocr_line' id='line_1_55' title="bbox 2162 2519 3791 2600; baseline -0.008 -15"><span class='ocrx_word' id='word_1_371' title='bbox 2162 2524 2595 2600; x_wconf 79' lang='lat' dir='ltr'>praerogativam.</span> <span class='ocrx_word' id='word_1_372' title='bbox 2630 2521 2873 2593; x_wconf 89' lang='lat' dir='ltr'>Denique</span> <span class='ocrx_word' id='word_1_373' title='bbox 2913 2529 3203 2592; x_wconf 88' lang='lat' dir='ltr'>sequentes</span> <span class='ocrx_word' id='word_1_374' title='bbox 3241 2519 3564 2576; x_wconf 70' lang='lat' dir='ltr'>Patriarchte</span> <span class='ocrx_word' id='word_1_375' title='bbox 3608 2520 3791 2595; x_wconf 86' lang='lat' dir='ltr'>incir-</span> 
     </span>
    </p>
   </div>
   <div class='ocr_carea' id='block_1_56' title="bbox 2162 2609 3793 2683">
    <p class='ocr_par' dir='ltr' id='par_1_56' title="bbox 2162 2609 3793 2683">
     <span class='ocr_line' id='line_1_56' title="bbox 2162 2609 3793 2683; baseline -0.005 -10"><span class='ocrx_word' id='word_1_376' title='bbox 2162 2615 2383 2683; x_wconf 82' lang='lat' dir='ltr'>cumcisi</span> <span class='ocrx_word' id='word_1_377' title='bbox 2417 2613 2650 2676; x_wconf 88' lang='lat' dir='ltr'>fuerunt,</span> <span class='ocrx_word' id='word_1_378' title='bbox 2678 2620 2733 2666; x_wconf 91' lang='lat' dir='ltr'>ut</span> <span class='ocrx_word' id='word_1_379' title='bbox 2778 2610 3189 2676; x_wconf 88' lang='lat' dir='ltr'>Melchisedech,</span> <span class='ocrx_word' id='word_1_380' title='bbox 3242 2609 3335 2681; x_wconf 91' lang='lat' dir='ltr'>qui</span> <span class='ocrx_word' id='word_1_381' title='bbox 3384 2609 3483 2680; x_wconf 87' lang='lat' dir='ltr'>ipsi</span> <span class='ocrx_word' id='word_1_382' title='bbox 3538 2609 3793 2665; x_wconf 66' lang='lat' dir='ltr'>Abrahae</span> 
     </span>
    </p>
   </div>
   <div class='ocr_carea' id='block_1_57' title="bbox 2159 2698 3790 2777">
    <p class='ocr_par' dir='ltr' id='par_1_57' title="bbox 2159 2698 3790 2777">
     <span class='ocr_line' id='line_1_57' title="bbox 2159 2698 3790 2777; baseline -0.005 -15"><span class='ocrx_word' id='word_1_383' title='bbox 2159 2709 2273 2777; x_wconf 88' lang='lat' dir='ltr'>jam</span> <span class='ocrx_word' id='word_1_384' title='bbox 2301 2702 2615 2760; x_wconf 87' lang='lat' dir='ltr'>circumciso</span> <span class='ocrx_word' id='word_1_385' title='bbox 2645 2700 2714 2769; x_wconf 72' lang='grc' dir='ltr'>τι,</span> <span class='ocrx_word' id='word_1_386' title='bbox 2745 2698 3031 2756; x_wconf 86' lang='lat' dir='ltr'>revertenti</span> <span class='ocrx_word' id='word_1_387' title='bbox 3070 2698 3137 2753; x_wconf 92' lang='lat' dir='ltr'>de</span> <span class='ocrx_word' id='word_1_388' title='bbox 3187 2698 3391 2769; x_wconf 84' lang='lat' dir='ltr'>praelio,</span> <span class='ocrx_word' id='word_1_389' title='bbox 3451 2715 3665 2773; x_wconf 84' lang='lat' dir='ltr'>panem</span> <span class='ocrx_word' id='word_1_390' title='bbox 3728 2705 3790 2755; x_wconf 84' lang='lat' dir='ltr'>et</span> 
     </span>
    </p>
   </div>
   <div class='ocr_carea' id='block_1_58' title="bbox 2164 2786 3790 2860">
    <p class='ocr_par' dir='ltr' id='par_1_58' title="bbox 2164 2786 3790 2860">
     <span class='ocr_line' id='line_1_58' title="bbox 2164 2786 3790 2860; baseline -0.007 -6"><span class='ocrx_word' id='word_1_391' title='bbox 2164 2799 2367 2855; x_wconf 86' lang='lat' dir='ltr'>vinum</span> <span class='ocrx_word' id='word_1_392' title='bbox 2395 2793 2598 2851; x_wconf 80' lang='lat' dir='ltr'>obtulit</span> <span class='ocrx_word' id='word_1_393' title='bbox 2637 2789 2753 2860; x_wconf 85' lang='grc'>(13)</span> <span class='ocrx_word' id='word_1_394' title='bbox 2792 2788 2977 2860; x_wconf 86' lang='lat' dir='ltr'>(Ibid.)</span> <span class='ocrx_word' id='word_1_395' title='bbox 3007 2787 3429 2843; x_wconf 88' lang='lat' dir='ltr'>incircumcisus.</span> <span class='ocrx_word' id='word_1_396' title='bbox 3469 2788 3578 2845; x_wconf 85' lang='lat' dir='ltr'>Sed</span> <span class='ocrx_word' id='word_1_397' title='bbox 3636 2796 3695 2843; x_wconf 92' lang='lat' dir='ltr'>et</span> <span class='ocrx_word' id='word_1_398' title='bbox 3723 2786 3790 2843; x_wconf 83' lang='lat' dir='ltr'>fi-</span> 
     </span>
    </p>
   </div>
   <div class='ocr_carea' id='block_1_59' title="bbox 532 2889 3781 3041">
    <p class='ocr_par' dir='ltr' id='par_1_59' title="bbox 532 2889 3781 3041">
     <span class='ocr_line' id='line_1_59' title="bbox 532 2889 3781 3041; baseline 0 -20"><span class='ocrx_word' id='word_1_399' title='bbox 532 2968 581 3005; x_wconf 85' lang='grc' dir='ltr'>²ο</span> <span class='ocrx_word' id='word_1_400' title='bbox 608 2963 973 3041; x_wconf 56' lang='lat' dir='ltr'>Antiquiorjem</span> <span class='ocrx_word' id='word_1_401' title='bbox 1005 2986 1017 3033; x_wconf 92' lang='lat'><strong>;</strong></span> <span class='ocrx_word' id='word_1_402' title='bbox 1044 2962 1290 3041; x_wconf 67' lang='lat' dir='ltr'>Primum</span> <span class='ocrx_word' id='word_1_403' title='bbox 1315 2966 1535 3041; x_wconf 60' lang='grc' dir='ltr'>Ορϐνιὴ.</span> <span class='ocrx_word' id='word_1_404' title='bbox 1571 2889 2293 3041; x_wconf 39' lang='grc' dir='ltr'>δστηὶῩῗ-ιωΡιξὶῗιξιξὶἓῖιθεῖο</span> <span class='ocrx_word' id='word_1_405' title='bbox 2333 2967 2713 3041; x_wconf 63' lang='lat' dir='ltr'>antiquiorem</span> <span class='ocrx_word' id='word_1_406' title='bbox 2734 2964 2886 3021; x_wconf 87' lang='lat' dir='ltr'>abest</span> <span class='ocrx_word' id='word_1_407' title='bbox 2933 2982 2968 3020; x_wconf 88' lang='lat' dir='ltr'>a</span> <span class='ocrx_word' id='word_1_408' title='bbox 2995 2967 3154 3041; x_wconf 84' lang='lat' dir='ltr'>Pam.</span> <span class='ocrx_word' id='word_1_409' title='bbox 3206 2964 3254 3003; x_wconf 77' lang='grc'>²¹</span> <span class='ocrx_word' id='word_1_410' title='bbox 3301 2964 3557 3041; x_wconf 65' lang='lat' dir='ltr'>Futuram</span> <span class='ocrx_word' id='word_1_411' title='bbox 3583 2964 3781 3041; x_wconf 45' lang='lat' dir='ltr'>{the}.</span> 
     </span>
    </p>
   </div>
   <div class='ocr_carea' id='block_1_60' title="bbox 465 3034 2840 3111">
    <p class='ocr_par' dir='ltr' id='par_1_60' title="bbox 465 3034 2840 3111">
     <span class='ocr_line' id='line_1_60' title="bbox 465 3034 2840 3111; baseline 0.001 -22"><span class='ocrx_word' id='word_1_412' title='bbox 465 3038 645 3111; x_wconf 84' lang='lat' dir='ltr'>Obert.</span> <span class='ocrx_word' id='word_1_413' title='bbox 694 3034 991 3111; x_wconf 34' lang='lat' dir='ltr'>39’_Sa_lute</span> <span class='ocrx_word' id='word_1_414' title='bbox 1032 3036 1214 3111; x_wconf 59' lang='lat' dir='ltr'>Seml.</span> <span class='ocrx_word' id='word_1_415' title='bbox 1247 3038 1295 3076; x_wconf 79' lang='grc'><strong>2³</strong></span> <span class='ocrx_word' id='word_1_416' title='bbox 1348 3038 1480 3107; x_wconf 75' lang='lat' dir='ltr'>Ejus</span> <span class='ocrx_word' id='word_1_417' title='bbox 1534 3039 1687 3097; x_wconf 84' lang='lat' dir='ltr'>abest</span> <span class='ocrx_word' id='word_1_418' title='bbox 1757 3058 1793 3097; x_wconf 81' lang='grc' dir='ltr'><em>α</em></span> <span class='ocrx_word' id='word_1_419' title='bbox 1852 3042 2021 3099; x_wconf 89' lang='lat' dir='ltr'>Seml.</span> <span class='ocrx_word' id='word_1_420' title='bbox 2081 3034 2401 3103; x_wconf 44' lang='lat' dir='ltr'>et&#39;Oberth.</span> <span class='ocrx_word' id='word_1_421' title='bbox 2461 3034 2640 3111; x_wconf 12' lang='lat' dir='ltr'>apud,</span> <span class='ocrx_word' id='word_1_422' title='bbox 2680 3039 2840 3111; x_wconf 71' lang='lat' dir='ltr'>Pam.</span> 
     </span>
    </p>
   </div>
   <div class='ocr_carea' id='block_1_61' title="bbox 500 3105 2885 3183">
    <p class='ocr_par' dir='ltr' id='par_1_61' title="bbox 500 3105 2885 3183">
     <span class='ocr_line' id='line_1_61' title="bbox 500 3105 2885 3183; baseline 0.001 -21"><span class='ocrx_word' id='word_1_423' title='bbox 500 3110 715 3183; x_wconf 74' lang='lat' dir='ltr'>rebatus</span> <span class='ocrx_word' id='word_1_424' title='bbox 769 3105 901 3183; x_wconf 76' lang='lat' dir='ltr'>Loth</span> <span class='ocrx_word' id='word_1_425' title='bbox 956 3109 1117 3183; x_wconf 79' lang='lat' dir='ltr'>Pam.</span> <span class='ocrx_word' id='word_1_426' title='bbox 1153 3108 1324 3166; x_wconf 81' lang='lat' dir='ltr'>Rhen.</span> <span class='ocrx_word' id='word_1_427' title='bbox 1389 3105 1605 3169; x_wconf 82' lang='lat' dir='ltr'>Oberth.</span> <span class='ocrx_word' id='word_1_428' title='bbox 1640 3112 1689 3150; x_wconf 75' lang='grc'>2⁵</span> <span class='ocrx_word' id='word_1_429' title='bbox 1740 3111 1862 3168; x_wconf 76' lang='lat' dir='ltr'>Suae</span> <span class='ocrx_word' id='word_1_430' title='bbox 1901 3115 2056 3172; x_wconf 84' lang='lat' dir='ltr'>abest</span> <span class='ocrx_word' id='word_1_431' title='bbox 2093 3134 2128 3172; x_wconf 88' lang='lat' dir='ltr'>a</span> <span class='ocrx_word' id='word_1_432' title='bbox 2157 3118 2313 3172; x_wconf 87' lang='lat' dir='ltr'>Pam.</span> <span class='ocrx_word' id='word_1_433' title='bbox 2358 3105 2529 3169; x_wconf 75' lang='lat' dir='ltr'>Fran.</span> <span class='ocrx_word' id='word_1_434' title='bbox 2575 3110 2695 3183; x_wconf 84' lang='lat' dir='ltr'>Rig.</span> <span class='ocrx_word' id='word_1_435' title='bbox 2748 3110 2885 3165; x_wconf 87' lang='lat' dir='ltr'>Vene</span> 
     </span>
    </p>
   </div>
   <div class='ocr_carea' id='block_1_62' title="bbox 486 3176 1079 3235">
    <p class='ocr_par' dir='ltr' id='par_1_62' title="bbox 486 3176 1079 3235">
     <span class='ocr_line' id='line_1_62' title="bbox 486 3176 1079 3235; baseline -0.003 -1"><span class='ocrx_word' id='word_1_436' title='bbox 486 3179 507 3215; x_wconf 77' lang='lat'><strong>7</strong></span> <span class='ocrx_word' id='word_1_437' title='bbox 538 3176 918 3235; x_wconf 90' lang='lat' dir='ltr'>Incircumciso</span> <span class='ocrx_word' id='word_1_438' title='bbox 946 3180 1079 3235; x_wconf 83' lang='lat' dir='ltr'>Jun.</span> 
     </span>
    </p>
   </div>
   <div class='ocr_carea' id='block_1_63' title="bbox 2890 3035 3771 3163">
    <p class='ocr_par' dir='ltr' id='par_1_63' title="bbox 2890 3035 3771 3163">
     <span class='ocr_line' id='line_1_63' title="bbox 2890 3035 3771 3163; baseline -0.001 -71"><span class='ocrx_word' id='word_1_439' title='bbox 2890 3039 3129 3163; x_wconf 53' lang='grc' dir='ltr'>ἕιοέἓὶιιαν·</span> <span class='ocrx_word' id='word_1_440' title='bbox 3186 3035 3535 3163; x_wconf 52' lang='grc' dir='ltr'>ροδῦὺὲξὶῗι.</span> <span class='ocrx_word' id='word_1_441' title='bbox 3575 3036 3657 3163; x_wconf 56' lang='grc' dir='ltr'>ἔιὴ</span> <span class='ocrx_word' id='word_1_442' title='bbox 3695 3038 3771 3091; x_wconf 87' lang='lat' dir='ltr'>Et</span> 
     </span>
     <span class='ocr_line' id='line_1_64' title="bbox 2920 3123 3763 3163; baseline 0 -2"><span class='ocrx_word' id='word_1_443' title='bbox 2920 3149 2931 3161; x_wconf 96' lang='lat'>.</span> <span class='ocrx_word' id='word_1_444' title='bbox 3074 3123 3233 3163; x_wconf 83' lang='lat' dir='ltr'>nouis</span> <span class='ocrx_word' id='word_1_445' title='bbox 3393 3124 3421 3161; x_wconf 90' lang='lat' dir='ltr'>r</span> <span class='ocrx_word' id='word_1_446' title='bbox 3492 3147 3507 3161; x_wconf 92' lang='lat'>.</span> <span class='ocrx_word' id='word_1_447' title='bbox 3656 3125 3763 3163; x_wconf 82' lang='lat' dir='ltr'>en.</span> 
     </span>
    </p>
   </div>
   <div class='ocr_carea' id='block_1_64' title="bbox 2920 3106 3763 3180">
    <p class='ocr_par' dir='ltr' id='par_1_64' title="bbox 2920 3106 3763 3180">
     <span class='ocr_line' id='line_1_65' title="bbox 2920 3106 3763 3180; baseline 0 -19"><span class='ocrx_word' id='word_1_448' title='bbox 2920 3108 3011 3161; x_wconf 76' lang='grc'>,26</span> <span class='ocrx_word' id='word_1_449' title='bbox 3048 3106 3233 3180; x_wconf 89' lang='lat' dir='ltr'>Inquis</span> <span class='ocrx_word' id='word_1_450' title='bbox 3285 3106 3507 3163; x_wconf 87' lang='lat' dir='ltr'>Oberth.</span> <span class='ocrx_word' id='word_1_451' title='bbox 3575 3108 3763 3165; x_wconf 85' lang='lat' dir='ltr'>Rhen.</span> 
     </span>
    </p>
   </div>
   <div class='ocr_carea' id='block_1_65' title="bbox 1844 3255 2350 3323">
    <p class='ocr_par' dir='ltr' id='par_1_65' title="bbox 1844 3255 2350 3323">
     <span class='ocr_line' id='line_1_66' title="bbox 1844 3255 2350 3323; baseline -0.004 -5"><span class='ocrx_word' id='word_1_452' title='bbox 1844 3255 2187 3323; x_wconf 88' lang='lat' dir='ltr'>Commenta</span> <span class='ocrx_word' id='word_1_453' title='bbox 2199 3261 2350 3319; x_wconf 91' lang='lat' dir='ltr'>rius.</span> 
     </span>
    </p>
   </div>
   <div class='ocr_carea' id='block_1_66' title="bbox 521 3328 3752 3432">
    <p class='ocr_par' dir='ltr' id='par_1_66' title="bbox 521 3328 3752 3432">
     <span class='ocr_line' id='line_1_67' title="bbox 521 3328 3752 3432; baseline -0.001 -45"><span class='ocrx_word' id='word_1_454' title='bbox 521 3332 637 3414; x_wconf 79' lang='lat' dir='ltr'>(t2)</span> <span class='ocrx_word' id='word_1_455' title='bbox 668 3333 816 3394; x_wconf 84' lang='lat' dir='ltr'>Post,</span> <span class='ocrx_word' id='word_1_456' title='bbox 849 3331 953 3385; x_wconf 79' lang='grc'>430</span> <span class='ocrx_word' id='word_1_457' title='bbox 996 3347 1176 3432; x_wconf 60' lang='lat' dir='ltr'>annps</span> <span class='ocrx_word' id='word_1_458' title='bbox 1205 3332 1440 3413; x_wconf 65' lang='lat' dir='ltr'>Abrahae</span> <span class='ocrx_word' id='word_1_459' title='bbox 1478 3333 1615 3432; x_wconf 34' lang='lat' dir='ltr'>datin</span> <span class='ocrx_word' id='word_1_460' title='bbox 1642 3339 1725 3389; x_wconf 86' lang='lat' dir='ltr'>est</span> <span class='ocrx_word' id='word_1_461' title='bbox 1771 3338 1883 3432; x_wconf 38' lang='lat' dir='ltr'>uix;</span> <span class='ocrx_word' id='word_1_462' title='bbox 1916 3336 2043 3432; x_wconf 54' lang='grc' dir='ltr'>[λιοοὶ</span> <span class='ocrx_word' id='word_1_463' title='bbox 2077 3355 2120 3432; x_wconf 75' lang='lat' dir='ltr'><strong>c</strong></span> <span class='ocrx_word' id='word_1_464' title='bbox 2150 3349 2367 3432; x_wconf 70' lang='lat' dir='ltr'>quoque</span> <span class='ocrx_word' id='word_1_465' title='bbox 2415 3332 2581 3432; x_wconf 64' lang='lat' dir='ltr'>regiae</span> <span class='ocrx_word' id='word_1_466' title='bbox 2618 3328 3031 3432; x_wconf 56' lang='lat' dir='ltr'>magniﬁcentiae</span> <span class='ocrx_word' id='word_1_467' title='bbox 3058 3328 3390 3432; x_wconf 45' lang='lat' dir='ltr'>kremrfeei&#39;t,</span> <span class='ocrx_word' id='word_1_468' title='bbox 3421 3329 3515 3400; x_wconf 88' lang='lat' dir='ltr'>qui</span> <span class='ocrx_word' id='word_1_469' title='bbox 3563 3328 3752 3432; x_wconf 54' lang='lat' dir='ltr'>Abra-</span> 
     </span>
    </p>
   </div>
   <div class='ocr_carea' id='block_1_67' title="bbox 452 3400 3766 3473">
    <p class='ocr_par' dir='ltr' id='par_1_67' title="bbox 452 3400 3766 3473">
     <span class='ocr_line' id='line_1_68' title="bbox 452 3400 3766 3473; baseline 0 -16"><span class='ocrx_word' id='word_1_470' title='bbox 452 3400 624 3473; x_wconf 87' lang='lat' dir='ltr'>hujus</span> <span class='ocrx_word' id='word_1_471' title='bbox 640 3418 834 3458; x_wconf 90' lang='lat' dir='ltr'>sensus</span> <span class='ocrx_word' id='word_1_472' title='bbox 864 3417 973 3456; x_wconf 89' lang='lat' dir='ltr'>non</span> <span class='ocrx_word' id='word_1_473' title='bbox 1008 3411 1088 3456; x_wconf 93' lang='lat' dir='ltr'>est</span> <span class='ocrx_word' id='word_1_474' title='bbox 1119 3404 1288 3473; x_wconf 86' lang='lat' dir='ltr'>legem</span> <span class='ocrx_word' id='word_1_475' title='bbox 1350 3408 1505 3458; x_wconf 88' lang='lat' dir='ltr'>istam</span> <span class='ocrx_word' id='word_1_476' title='bbox 1560 3408 1736 3459; x_wconf 89' lang='lat' dir='ltr'>datam</span> <span class='ocrx_word' id='word_1_477' title='bbox 1797 3408 2035 3462; x_wconf 78' lang='lat' dir='ltr'>Abrahae</span> <span class='ocrx_word' id='word_1_478' title='bbox 2078 3400 2120 3432; x_wconf 77' lang='grc' dir='ltr'><strong>υ</strong></span> <span class='ocrx_word' id='word_1_479' title='bbox 2149 3400 2309 3462; x_wconf 76' lang='lat' dir='ltr'>liamo</span> <span class='ocrx_word' id='word_1_480' title='bbox 2332 3400 2630 3459; x_wconf 68' lang='lat' dir='ltr'>exercitum</span> <span class='ocrx_word' id='word_1_481' title='bbox 2667 3400 2737 3473; x_wconf 65' lang='lat' dir='ltr'>de</span> <span class='ocrx_word' id='word_1_482' title='bbox 2778 3401 2960 3473; x_wconf 63' lang='lat' dir='ltr'>praelio</span> <span class='ocrx_word' id='word_1_483' title='bbox 2998 3401 3160 3455; x_wconf 90' lang='lat' dir='ltr'>rebus</span> <span class='ocrx_word' id='word_1_484' title='bbox 3208 3400 3416 3473; x_wconf 88' lang='lat' dir='ltr'>fortiter</span> <span class='ocrx_word' id='word_1_485' title='bbox 3455 3416 3519 3457; x_wconf 91' lang='lat' dir='ltr'>ac</span> <span class='ocrx_word' id='word_1_486' title='bbox 3574 3400 3766 3457; x_wconf 84' lang='lat' dir='ltr'>felici-</span> 
     </span>
    </p>
   </div>
   <div class='ocr_carea' id='block_1_68' title="bbox 450 3472 3759 3553">
    <p class='ocr_par' dir='ltr' id='par_1_68' title="bbox 450 3472 3759 3553">
     <span class='ocr_line' id='line_1_69' title="bbox 450 3472 3759 3553; baseline -0 -24"><span class='ocrx_word' id='word_1_487' title='bbox 450 3472 613 3529; x_wconf 76' lang='lat' dir='ltr'>fuisse</span> <span class='ocrx_word' id='word_1_488' title='bbox 647 3492 661 3541; x_wconf 89' lang='lat'><strong>;</strong></span> <span class='ocrx_word' id='word_1_489' title='bbox 703 3490 935 3553; x_wconf 61' lang='lat' dir='ltr'>namque</span> <span class='ocrx_word' id='word_1_490' title='bbox 976 3515 989 3542; x_wconf 95' lang='lat'>,</span> <span class='ocrx_word' id='word_1_491' title='bbox 1022 3473 1065 3553; x_wconf 88' lang='lat' dir='ltr'>si</span> <span class='ocrx_word' id='word_1_492' title='bbox 1098 3472 1774 3553; x_wconf 66' lang='lat' dir='ltr'>delegecircutncisionis</span> <span class='ocrx_word' id='word_1_493' title='bbox 1804 3477 1886 3553; x_wconf 67' lang='lat' dir='ltr'>hic</span> <span class='ocrx_word' id='word_1_494' title='bbox 1916 3494 2037 3534; x_wconf 90' lang='lat' dir='ltr'>esse</span> <span class='ocrx_word' id='word_1_495' title='bbox 2146 3488 2226 3553; x_wconf 86' lang='lat' dir='ltr'>ter</span> <span class='ocrx_word' id='word_1_496' title='bbox 2254 3478 2417 3553; x_wconf 82' lang='lat' dir='ltr'>gestis</span> <span class='ocrx_word' id='word_1_497' title='bbox 2431 3472 2712 3553; x_wconf 88' lang='lat' dir='ltr'>_reducenti</span> <span class='ocrx_word' id='word_1_498' title='bbox 2741 3472 2953 3553; x_wconf 79' lang='lat' dir='ltr'>obviam</span> <span class='ocrx_word' id='word_1_499' title='bbox 2995 3486 3288 3553; x_wconf 79' lang='lat' dir='ltr'>egressus,_</span> <span class='ocrx_word' id='word_1_500' title='bbox 3326 3472 3508 3553; x_wconf 84' lang='lat' dir='ltr'>ipsum</span> <span class='ocrx_word' id='word_1_501' title='bbox 3544 3481 3601 3527; x_wconf 90' lang='lat' dir='ltr'>et</span> <span class='ocrx_word' id='word_1_502' title='bbox 3660 3489 3759 3553; x_wconf 79' lang='lat' dir='ltr'>co-</span> 
     </span>
    </p>
   </div>
   <div class='ocr_carea' id='block_1_69' title="bbox 450 3543 3761 3621">
    <p class='ocr_par' dir='ltr' id='par_1_69' title="bbox 450 3543 3761 3621">
     <span class='ocr_line' id='line_1_70' title="bbox 450 3543 3761 3621; baseline 0.001 -24"><span class='ocrx_word' id='word_1_503' title='bbox 450 3560 753 3621; x_wconf 77' lang='lat' dir='ltr'>sermonem</span> <span class='ocrx_word' id='word_1_504' title='bbox 781 3543 901 3615; x_wconf 88' lang='lat' dir='ltr'>quis</span> <span class='ocrx_word' id='word_1_505' title='bbox 929 3543 1647 3621; x_wconf 50' lang='lat' dir='ltr'>contendatfchronologiaf</span> <span class='ocrx_word' id='word_1_506' title='bbox 1694 3549 1914 3621; x_wconf 84' lang='lat' dir='ltr'>omnino</span> <span class='ocrx_word' id='word_1_507' title='bbox 1956 3566 2040 3604; x_wconf 87' lang='lat' dir='ltr'>re-</span> <span class='ocrx_word' id='word_1_508' title='bbox 2149 3543 2540 3621; x_wconf 58' lang='lat' dir='ltr'>pias&#39;victrices</span> <span class='ocrx_word' id='word_1_509' title='bbox 2578 3560 2715 3615; x_wconf 91' lang='lat' dir='ltr'>pane</span> <span class='ocrx_word' id='word_1_510' title='bbox 2762 3543 2966 3621; x_wconf 82' lang='lat' dir='ltr'>et_vi_no</span> <span class='ocrx_word' id='word_1_511' title='bbox 3002 3543 3231 3621; x_wconf 57' lang='lat' dir='ltr'>excepit,</span> <span class='ocrx_word' id='word_1_512' title='bbox 3276 3544 3384 3621; x_wconf 81' lang='lat' dir='ltr'>hoc</span> <span class='ocrx_word' id='word_1_513' title='bbox 3434 3550 3517 3599; x_wconf 90' lang='lat' dir='ltr'>est</span> <span class='ocrx_word' id='word_1_514' title='bbox 3546 3545 3761 3599; x_wconf 80' lang='lat' dir='ltr'>cunctis</span> 
     </span>
    </p>
   </div>
   <div class='ocr_carea' id='block_1_70' title="bbox 450 3614 3758 3686">
    <p class='ocr_par' dir='ltr' id='par_1_70' title="bbox 450 3614 3758 3686">
     <span class='ocr_line' id='line_1_71' title="bbox 450 3614 3758 3686; baseline 0 -17"><span class='ocrx_word' id='word_1_515' title='bbox 450 3616 701 3685; x_wconf 78' lang='lat' dir='ltr'>luctatur,</span> <span class='ocrx_word' id='word_1_516' title='bbox 750 3614 873 3686; x_wconf 65' lang='lat' dir='ltr'>quae</span> <span class='ocrx_word' id='word_1_517' title='bbox 916 3630 946 3667; x_wconf 86' lang='lat' dir='ltr'>a</span> <span class='ocrx_word' id='word_1_518' title='bbox 984 3616 1183 3672; x_wconf 89' lang='lat' dir='ltr'>diluvio</span> <span class='ocrx_word' id='word_1_519' title='bbox 1232 3620 1295 3671; x_wconf 89' lang='lat' dir='ltr'>ad</span> <span class='ocrx_word' id='word_1_520' title='bbox 1350 3614 1772 3672; x_wconf 80' lang='lat' dir='ltr'>circumcisionis</span> <span class='ocrx_word' id='word_1_521' title='bbox 1818 3619 2038 3675; x_wconf 86' lang='lat' dir='ltr'>institu-</span> <span class='ocrx_word' id='word_1_522' title='bbox 2146 3614 2212 3675; x_wconf 83' lang='lat' dir='ltr'>ad</span> <span class='ocrx_word' id='word_1_523' title='bbox 2262 3619 2503 3676; x_wconf 87' lang='lat' dir='ltr'>curanda</span> <span class='ocrx_word' id='word_1_524' title='bbox 2548 3614 2793 3684; x_wconf 85' lang='lat' dir='ltr'>corpora,</span> <span class='ocrx_word' id='word_1_525' title='bbox 2827 3615 2966 3669; x_wconf 90' lang='lat' dir='ltr'>bello</span> <span class='ocrx_word' id='word_1_526' title='bbox 3008 3614 3257 3669; x_wconf 76' lang='lat' dir='ltr'>videlicet</span> <span class='ocrx_word' id='word_1_527' title='bbox 3295 3614 3530 3686; x_wconf 82' lang='lat' dir='ltr'>fatigata,</span> <span class='ocrx_word' id='word_1_528' title='bbox 3566 3631 3758 3670; x_wconf 85' lang='lat' dir='ltr'>neces-</span> 
     </span>
    </p>
   </div>
   <div class='ocr_carea' id='block_1_71' title="bbox 451 3685 3753 3759">
    <p class='ocr_par' dir='ltr' id='par_1_71' title="bbox 451 3685 3753 3759">
     <span class='ocr_line' id='line_1_72' title="bbox 451 3685 3753 3759; baseline 0.001 -20"><span class='ocrx_word' id='word_1_529' title='bbox 451 3686 652 3742; x_wconf 82' lang='lat' dir='ltr'>tionem</span> <span class='ocrx_word' id='word_1_530' title='bbox 700 3685 796 3741; x_wconf 22' lang='lat' dir='ltr'>397i</span> <span class='ocrx_word' id='word_1_531' title='bbox 837 3702 1010 3741; x_wconf 89' lang='lat' dir='ltr'>annos</span> <span class='ocrx_word' id='word_1_532' title='bbox 1075 3697 1282 3743; x_wconf 90' lang='lat' dir='ltr'>tantum</span> <span class='ocrx_word' id='word_1_533' title='bbox 1330 3689 1676 3753; x_wconf 89' lang='lat' dir='ltr'>numerat;si</span> <span class='ocrx_word' id='word_1_534' title='bbox 1735 3698 1912 3745; x_wconf 89' lang='lat' dir='ltr'>autem</span> <span class='ocrx_word' id='word_1_535' title='bbox 1970 3694 2040 3747; x_wconf 90' lang='lat' dir='ltr'>de</span> <span class='ocrx_word' id='word_1_536' title='bbox 2146 3692 2320 3747; x_wconf 89' lang='lat' dir='ltr'>sariis.</span> <span class='ocrx_word' id='word_1_537' title='bbox 2368 3691 2545 3759; x_wconf 85' lang='lat' dir='ltr'>Atque</span> <span class='ocrx_word' id='word_1_538' title='bbox 2585 3688 2726 3742; x_wconf 89' lang='lat' dir='ltr'>hunc</span> <span class='ocrx_word' id='word_1_539' title='bbox 2781 3700 2910 3759; x_wconf 84' lang='lat' dir='ltr'>sane</span> <span class='ocrx_word' id='word_1_540' title='bbox 2962 3701 3179 3759; x_wconf 70' lang='lat' dir='ltr'>sensum</span> <span class='ocrx_word' id='word_1_541' title='bbox 3237 3685 3550 3759; x_wconf 84' lang='lat' dir='ltr'>contradicit</span> <span class='ocrx_word' id='word_1_542' title='bbox 3607 3686 3753 3756; x_wconf 89' lang='lat' dir='ltr'>Sep-</span> 
     </span>
    </p>
   </div>
   <div class='ocr_carea' id='block_1_72' title="bbox 450 3755 3760 3834">
    <p class='ocr_par' dir='ltr' id='par_1_72' title="bbox 450 3755 3760 3834">
     <span class='ocr_line' id='line_1_73' title="bbox 450 3755 3760 3834; baseline -0.002 -21"><span class='ocrx_word' id='word_1_543' title='bbox 450 3759 724 3834; x_wconf 78' lang='lat' dir='ltr'>vocatione</span> <span class='ocrx_word' id='word_1_544' title='bbox 752 3759 1205 3834; x_wconf 62' lang='lat' dir='ltr'>Abralia:,_ma_gis</span> <span class='ocrx_word' id='word_1_545' title='bbox 1240 3760 1413 3814; x_wconf 89' lang='lat' dir='ltr'>adhuc</span> <span class='ocrx_word' id='word_1_546' title='bbox 1468 3776 1495 3811; x_wconf 88' lang='lat' dir='ltr'>a</span> <span class='ocrx_word' id='word_1_547' title='bbox 1527 3775 1658 3834; x_wconf 76' lang='lat' dir='ltr'>vero</span> <span class='ocrx_word' id='word_1_548' title='bbox 1699 3771 1782 3834; x_wconf 83' lang='lat' dir='ltr'>est</span> <span class='ocrx_word' id='word_1_549' title='bbox 1812 3760 2038 3828; x_wconf 84' lang='lat' dir='ltr'>alienus,</span> <span class='ocrx_word' id='word_1_550' title='bbox 2150 3763 2383 3834; x_wconf 89' lang='lat' dir='ltr'>tuaginta</span> <span class='ocrx_word' id='word_1_551' title='bbox 2440 3755 2711 3814; x_wconf 79' lang='lat' dir='ltr'>seniorum</span> <span class='ocrx_word' id='word_1_552' title='bbox 2766 3755 2936 3812; x_wconf 87' lang='lat' dir='ltr'>versio</span> <span class='ocrx_word' id='word_1_553' title='bbox 2991 3756 3183 3812; x_wconf 67' lang='lat' dir='ltr'>Graeca</span> <span class='ocrx_word' id='word_1_554' title='bbox 3233 3771 3245 3811; x_wconf 94' lang='lat'>:</span> <span class='ocrx_word' id='word_1_555' title='bbox 3295 3758 3394 3806; x_wconf 82' lang='grc' dir='ltr'>Καὶ</span> <span class='ocrx_word' id='word_1_556' title='bbox 3440 3755 3760 3821; x_wconf 69' lang='grc' dir='ltr'>Μελχισεδὲκ.</span> 
     </span>
    </p>
   </div>
   <div class='ocr_carea' id='block_1_73' title="bbox 2150 3835 3763 3906">
    <p class='ocr_par' dir='ltr' id='par_1_73' title="bbox 2150 3835 3763 3906">
     <span class='ocr_line' id='line_1_74' title="bbox 2150 3835 3763 3906; baseline -0.003 -14"><span class='ocrx_word' id='word_1_557' title='bbox 2150 3842 2373 3906; x_wconf 79' lang='grc' dir='ltr'>βασιλεύς</span> <span class='ocrx_word' id='word_1_558' title='bbox 2422 3840 2592 3903; x_wconf 84' lang='grc' dir='ltr'>Σάλημ.</span> <span class='ocrx_word' id='word_1_559' title='bbox 2644 3837 2869 3899; x_wconf 78' lang='grc' dir='ltr'>ἐξήνεγκε</span> <span class='ocrx_word' id='word_1_560' title='bbox 2924 3835 3073 3902; x_wconf 81' lang='grc' dir='ltr'>ἄρτον</span> <span class='ocrx_word' id='word_1_561' title='bbox 3121 3836 3204 3885; x_wconf 77' lang='grc' dir='ltr'>καὶ</span> <span class='ocrx_word' id='word_1_562' title='bbox 3261 3836 3415 3886; x_wconf 84' lang='grc' dir='ltr'>οἶνον·</span> <span class='ocrx_word' id='word_1_563' title='bbox 3472 3836 3531 3897; x_wconf 84' lang='grc' dir='ltr'>ἦν</span> <span class='ocrx_word' id='word_1_564' title='bbox 3579 3839 3633 3888; x_wconf 79' lang='grc' dir='ltr'>δὲ</span> <span class='ocrx_word' id='word_1_565' title='bbox 3690 3838 3763 3887; x_wconf 75' lang='grc' dir='ltr'>ἰε-</span> 
     </span>
    </p>
   </div>
   <div class='ocr_carea' id='block_1_74' title="bbox 2148 3908 3759 3979">
    <p class='ocr_par' dir='ltr' id='par_1_74' title="bbox 2148 3908 3759 3979">
     <span class='ocr_line' id='line_1_75' title="bbox 2148 3908 3759 3979; baseline -0.009 -16"><span class='ocrx_word' id='word_1_566' title='bbox 2148 3915 2256 3979; x_wconf 81' lang='grc' dir='ltr'>ρεὺς</span> <span class='ocrx_word' id='word_1_567' title='bbox 2304 3917 2393 3962; x_wconf 81' lang='grc' dir='ltr'>τοῦ</span> <span class='ocrx_word' id='word_1_568' title='bbox 2426 3914 2553 3960; x_wconf 79' lang='grc' dir='ltr'>Θεοῦ</span> <span class='ocrx_word' id='word_1_569' title='bbox 2602 3914 2688 3959; x_wconf 79' lang='grc' dir='ltr'>τοῦ</span> <span class='ocrx_word' id='word_1_570' title='bbox 2731 3909 2957 3979; x_wconf 79' lang='grc' dir='ltr'>ὑψίστου·</span> <span class='ocrx_word' id='word_1_571' title='bbox 3015 3909 3098 3957; x_wconf 76' lang='grc' dir='ltr'>καὶ</span> <span class='ocrx_word' id='word_1_572' title='bbox 3145 3908 3401 3971; x_wconf 77' lang='grc' dir='ltr'>εὐλόγησε,</span> <span class='ocrx_word' id='word_1_573' title='bbox 3450 3917 3554 3963; x_wconf 75' lang='lat' dir='ltr'>etc.</span> <span class='ocrx_word' id='word_1_574' title='bbox 3608 3910 3759 3962; x_wconf 70' lang='grc' dir='ltr'>Ρι-εε..</span> 
     </span>
    </p>
   </div>
   <div class='ocr_carea' id='block_1_75' title="bbox 2148 3977 3763 4050">
    <p class='ocr_par' dir='ltr' id='par_1_75' title="bbox 2148 3977 3763 4050">
     <span class='ocr_line' id='line_1_76' title="bbox 2148 3977 3763 4050; baseline -0.006 -12"><span class='ocrx_word' id='word_1_575' title='bbox 2148 3977 2289 4040; x_wconf 89' lang='lat' dir='ltr'>clare</span> <span class='ocrx_word' id='word_1_576' title='bbox 2317 3990 2494 4037; x_wconf 89' lang='lat' dir='ltr'>autem</span> <span class='ocrx_word' id='word_1_577' title='bbox 2522 3980 2837 4050; x_wconf 83' lang='lat' dir='ltr'>Josephus:</span> <span class='ocrx_word' id='word_1_578' title='bbox 2878 3977 3185 4043; x_wconf 82' lang='grc' dir='ltr'>Ἐχορήγησε</span> <span class='ocrx_word' id='word_1_579' title='bbox 3238 3980 3291 4029; x_wconf 83' lang='grc' dir='ltr'>δὲ</span> <span class='ocrx_word' id='word_1_580' title='bbox 3341 3979 3488 4036; x_wconf 80' lang='grc' dir='ltr'>οὗτος</span> <span class='ocrx_word' id='word_1_581' title='bbox 3538 3981 3567 4028; x_wconf 80' lang='grc' dir='ltr'><strong><em>ὁ</em></strong></span> <span class='ocrx_word' id='word_1_582' title='bbox 3627 3982 3763 4029; x_wconf 83' lang='grc' dir='ltr'>Μελ-</span> 
     </span>
    </p>
   </div>
   <div class='ocr_carea' id='block_1_76' title="bbox 2145 4058 3766 4127">
    <p class='ocr_par' dir='ltr' id='par_1_76' title="bbox 2145 4058 3766 4127">
     <span class='ocr_line' id='line_1_77' title="bbox 2145 4058 3766 4127; baseline -0.004 -15"><span class='ocrx_word' id='word_1_583' title='bbox 2145 4064 2398 4127; x_wconf 79' lang='grc' dir='ltr'>χισεδέκης</span> <span class='ocrx_word' id='word_1_584' title='bbox 2456 4062 2527 4125; x_wconf 79' lang='grc' dir='ltr'>τῷ</span> <span class='ocrx_word' id='word_1_585' title='bbox 2592 4058 2877 4125; x_wconf 78' lang='grc' dir='ltr'>’Δϐραάμου</span> <span class='ocrx_word' id='word_1_586' title='bbox 2937 4060 3135 4124; x_wconf 85' lang='grc' dir='ltr'>στρατῷ</span> <span class='ocrx_word' id='word_1_587' title='bbox 3196 4061 3328 4116; x_wconf 80' lang='grc' dir='ltr'>ξένια</span> <span class='ocrx_word' id='word_1_588' title='bbox 3352 4095 3364 4116; x_wconf 86' lang='grc'><em>,</em></span> <span class='ocrx_word' id='word_1_589' title='bbox 3424 4059 3509 4107; x_wconf 77' lang='grc' dir='ltr'>καὶ</span> <span class='ocrx_word' id='word_1_590' title='bbox 3579 4061 3766 4117; x_wconf 77' lang='grc' dir='ltr'>πολλὴν</span> 
     </span>
    </p>
   </div>
   <div class='ocr_carea' id='block_1_77' title="bbox 2148 4131 3762 4199">
    <p class='ocr_par' dir='ltr' id='par_1_77' title="bbox 2148 4131 3762 4199">
     <span class='ocr_line' id='line_1_78' title="bbox 2148 4131 3762 4199; baseline -0.009 -14"><span class='ocrx_word' id='word_1_591' title='bbox 2148 4136 2376 4199; x_wconf 71' lang='grc' dir='ltr'>ἀφθονίαν</span> <span class='ocrx_word' id='word_1_592' title='bbox 2432 4138 2530 4181; x_wconf 85' lang='grc' dir='ltr'>τῶν</span> <span class='ocrx_word' id='word_1_593' title='bbox 2593 4131 2878 4190; x_wconf 82' lang='grc' dir='ltr'>ἐπιτηδείων</span> <span class='ocrx_word' id='word_1_594' title='bbox 2939 4132 3180 4196; x_wconf 81' lang='grc' dir='ltr'>παρέσχε.</span> <span class='ocrx_word' id='word_1_595' title='bbox 3242 4132 3308 4185; x_wconf 82' lang='lat' dir='ltr'>Et</span> <span class='ocrx_word' id='word_1_596' title='bbox 3393 4138 3570 4184; x_wconf 76' lang='lat' dir='ltr'>tamen</span> <span class='ocrx_word' id='word_1_597' title='bbox 3634 4131 3762 4185; x_wconf 86' lang='grc' dir='ltr'>Ιοη-</span> 
     </span>
    </p>
   </div>
   <div class='ocr_carea' id='block_1_78' title="bbox 2148 4201 3761 4279">
    <p class='ocr_par' dir='ltr' id='par_1_78' title="bbox 2148 4201 3761 4279">
     <span class='ocr_line' id='line_1_79' title="bbox 2148 4201 3761 4279; baseline -0.002 -20"><span class='ocrx_word' id='word_1_598' title='bbox 2148 4222 2233 4279; x_wconf 60' lang='grc' dir='ltr'>ει)Δ</span> <span class='ocrx_word' id='word_1_599' title='bbox 2298 4204 2459 4279; x_wconf 80' lang='lat' dir='ltr'>alium</span> <span class='ocrx_word' id='word_1_600' title='bbox 2492 4205 2685 4279; x_wconf 74' lang='lat' dir='ltr'>‘hujus</span> <span class='ocrx_word' id='word_1_601' title='bbox 2727 4202 2961 4279; x_wconf 48' lang='lat' dir='ltr'>historia;</span> <span class='ocrx_word' id='word_1_602' title='bbox 3017 4217 3233 4256; x_wconf 89' lang='lat' dir='ltr'>sensum</span> <span class='ocrx_word' id='word_1_603' title='bbox 3287 4201 3562 4279; x_wconf 64' lang='lat' dir='ltr'>tradidere</span> <span class='ocrx_word' id='word_1_604' title='bbox 3604 4204 3761 4279; x_wconf 74' lang='lat' dir='ltr'>anti-</span> 
     </span>
    </p>
   </div>
   <div class='ocr_carea' id='block_1_79' title="bbox 2185 4272 3760 4344">
    <p class='ocr_par' dir='ltr' id='par_1_79' title="bbox 2185 4272 3760 4344">
     <span class='ocr_line' id='line_1_80' title="bbox 2185 4272 3760 4344; baseline -0.003 -14"><span class='ocrx_word' id='word_1_605' title='bbox 2185 4276 2390 4331; x_wconf 91' lang='lat' dir='ltr'>uissimi</span> <span class='ocrx_word' id='word_1_606' title='bbox 2446 4274 2875 4344; x_wconf 89' lang='lat' dir='ltr'>sanctissimique</span> <span class='ocrx_word' id='word_1_607' title='bbox 2929 4274 3153 4344; x_wconf 83' lang='lat' dir='ltr'>Patres;</span> <span class='ocrx_word' id='word_1_608' title='bbox 3190 4288 3409 4344; x_wconf 81' lang='lat' dir='ltr'>nempe,</span> <span class='ocrx_word' id='word_1_609' title='bbox 3458 4272 3760 4327; x_wconf 86' lang='lat' dir='ltr'>Melchise-</span> 
     </span>
    </p>
   </div>
   <div class='ocr_carea' id='block_1_80' title="bbox 2147 4295 3758 4415">
    <p class='ocr_par' dir='ltr' id='par_1_80' title="bbox 2147 4295 3758 4415">
     <span class='ocr_line' id='line_1_81' title="bbox 2185 4295 3758 4344; baseline -0.003 -14"><span class='ocrx_word' id='word_1_610' title='bbox 2185 4295 2390 4331; x_wconf 77' lang='lat' dir='ltr'>mSSIml</span> <span class='ocrx_word' id='word_1_611' title='bbox 2446 4295 2875 4344; x_wconf 81' lang='lat' dir='ltr'>sancussnntquc</span> <span class='ocrx_word' id='word_1_612' title='bbox 2931 4295 3153 4337; x_wconf 76' lang='lat' dir='ltr'>rutres;</span> <span class='ocrx_word' id='word_1_613' title='bbox 3190 4295 3409 4342; x_wconf 71' lang='grc' dir='ltr'>ιιεωρυ,</span> <span class='ocrx_word' id='word_1_614' title='bbox 3458 4295 3758 4327; x_wconf 61' lang='grc'>3101611158·-</span> 
     </span>
     <span class='ocr_line' id='line_1_82' title="bbox 2147 4295 3758 4415; baseline -0.004 -13"><span class='ocrx_word' id='word_1_615' title='bbox 2147 4295 2379 4403; x_wconf 58' lang='grc' dir='ltr'>ἓθοὴυῐη</span> <span class='ocrx_word' id='word_1_616' title='bbox 2415 4344 2677 4401; x_wconf 79' lang='lat' dir='ltr'>sacrificio</span> <span class='ocrx_word' id='word_1_617' title='bbox 2734 4346 2888 4415; x_wconf 89' lang='lat' dir='ltr'>panis</span> <span class='ocrx_word' id='word_1_618' title='bbox 2943 4352 2996 4397; x_wconf 90' lang='lat' dir='ltr'>et</span> <span class='ocrx_word' id='word_1_619' title='bbox 3027 4343 3134 4397; x_wconf 74' lang='lat' dir='ltr'>vini</span> <span class='ocrx_word' id='word_1_620' title='bbox 3187 4342 3509 4414; x_wconf 85' lang='lat' dir='ltr'>mysterium</span> <span class='ocrx_word' id='word_1_621' title='bbox 3561 4345 3758 4398; x_wconf 86' lang='lat' dir='ltr'>Domi-</span> 
     </span>
    </p>
   </div>
   <div class='ocr_carea' id='block_1_81' title="bbox 2149 4415 3755 4488">
    <p class='ocr_par' dir='ltr' id='par_1_81' title="bbox 2149 4415 3755 4488">
     <span class='ocr_line' id='line_1_83' title="bbox 2149 4415 3755 4488; baseline -0.001 -15"><span class='ocrx_word' id='word_1_622' title='bbox 2149 4419 2255 4473; x_wconf 90' lang='lat' dir='ltr'>nici</span> <span class='ocrx_word' id='word_1_623' title='bbox 2326 4419 2567 4487; x_wconf 85' lang='lat' dir='ltr'>corporis</span> <span class='ocrx_word' id='word_1_624' title='bbox 2630 4424 2682 4470; x_wconf 91' lang='lat' dir='ltr'>et</span> <span class='ocrx_word' id='word_1_625' title='bbox 2721 4415 2999 4488; x_wconf 82' lang='lat' dir='ltr'>sanguinis</span> <span class='ocrx_word' id='word_1_626' title='bbox 3054 4416 3409 4487; x_wconf 87' lang='lat' dir='ltr'>expressisse,</span> <span class='ocrx_word' id='word_1_627' title='bbox 3457 4430 3520 4471; x_wconf 91' lang='lat' dir='ltr'>ac</span> <span class='ocrx_word' id='word_1_628' title='bbox 3577 4417 3755 4471; x_wconf 88' lang='lat' dir='ltr'>multo</span> 
     </span>
    </p>
   </div>
   <div class='ocr_carea' id='block_1_82' title="bbox 2188 4485 3756 4556">
    <p class='ocr_par' dir='ltr' id='par_1_82' title="bbox 2188 4485 3756 4556">
     <span class='ocr_line' id='line_1_84' title="bbox 2188 4485 3756 4556; baseline -0.003 -11"><span class='ocrx_word' id='word_1_629' title='bbox 2188 4499 2271 4545; x_wconf 87' lang='lat' dir='ltr'>ost</span> <span class='ocrx_word' id='word_1_630' title='bbox 2298 4485 2536 4546; x_wconf 82' lang='lat' dir='ltr'>futurum</span> <span class='ocrx_word' id='word_1_631' title='bbox 2576 4485 2795 4543; x_wconf 90' lang='lat' dir='ltr'>Domini</span> <span class='ocrx_word' id='word_1_632' title='bbox 2824 4485 3248 4542; x_wconf 61' lang='lat' dir='ltr'>&#39;sacramen&#39;tum</span> <span class='ocrx_word' id='word_1_633' title='bbox 3303 4493 3422 4540; x_wconf 88' lang='lat' dir='ltr'>ante</span> <span class='ocrx_word' id='word_1_634' title='bbox 3479 4488 3756 4556; x_wconf 83' lang='lat' dir='ltr'>signasse.</span> 
     </span>
    </p>
   </div>
   <div class='ocr_carea' id='block_1_83' title="bbox 2194 4556 3767 4630">
    <p class='ocr_par' dir='ltr' id='par_1_83' title="bbox 2194 4556 3767 4630">
     <span class='ocr_line' id='line_1_85' title="bbox 2194 4556 3767 4630; baseline -0.001 -17"><span class='ocrx_word' id='word_1_635' title='bbox 2194 4562 2323 4615; x_wconf 90' lang='lat' dir='ltr'>erba</span> <span class='ocrx_word' id='word_1_636' title='bbox 2350 4568 2477 4616; x_wconf 90' lang='lat' dir='ltr'>sunt</span> <span class='ocrx_word' id='word_1_637' title='bbox 2506 4556 2810 4630; x_wconf 85' lang='lat' dir='ltr'>Hieronymi</span> <span class='ocrx_word' id='word_1_638' title='bbox 2868 4559 3036 4630; x_wconf 74' lang='lat' dir='ltr'>Epist.</span> <span class='ocrx_word' id='word_1_639' title='bbox 3086 4558 3159 4612; x_wconf 89' lang='lat' dir='ltr'>ad</span> <span class='ocrx_word' id='word_1_640' title='bbox 3213 4556 3645 4630; x_wconf 73' lang='lat' dir='ltr'>Demetriadem,</span> <span class='ocrx_word' id='word_1_641' title='bbox 3711 4568 3767 4612; x_wconf 89' lang='lat' dir='ltr'>et</span> 
     </span>
    </p>
   </div>
   <div class='ocr_carea' id='block_1_84' title="bbox 523 4626 3759 4703">
    <p class='ocr_par' dir='ltr' id='par_1_84' title="bbox 523 4626 3759 4703">
     <span class='ocr_line' id='line_1_86' title="bbox 523 4626 3759 4703; baseline 0.001 -23"><span class='ocrx_word' id='word_1_642' title='bbox 523 4628 633 4695; x_wconf 84' lang='grc'>(13)</span> <span class='ocrx_word' id='word_1_643' title='bbox 666 4626 1055 4703; x_wconf 81' lang='lat' dir='ltr'>Melchisedech</span> <span class='ocrx_word' id='word_1_644' title='bbox 1084 4626 1197 4703; x_wconf 80' lang='lat' dir='ltr'>ipsi</span> <span class='ocrx_word' id='word_1_645' title='bbox 1222 4627 1447 4703; x_wconf 62' lang='lat' dir='ltr'>abrahge</span> <span class='ocrx_word' id='word_1_646' title='bbox 1462 4632 1770 4703; x_wconf 75' lang='lat' dir='ltr'>revertenti</span> <span class='ocrx_word' id='word_1_647' title='bbox 1797 4630 1863 4687; x_wconf 88' lang='lat' dir='ltr'>de</span> <span class='ocrx_word' id='word_1_648' title='bbox 1886 4647 2037 4703; x_wconf 71' lang='lat' dir='ltr'>prw-</span> <span class='ocrx_word' id='word_1_649' title='bbox 2144 4640 2502 4687; x_wconf 83' lang='lat' dir='ltr'>consentanea</span> <span class='ocrx_word' id='word_1_650' title='bbox 2552 4626 2817 4703; x_wconf 77' lang='lat' dir='ltr'>scripsere</span> <span class='ocrx_word' id='word_1_651' title='bbox 2864 4626 3320 4703; x_wconf 67' lang='lat' dir='ltr'>Chrysostomusf,</span> <span class='ocrx_word' id='word_1_652' title='bbox 3393 4628 3759 4703; x_wconf 77' lang='lat' dir='ltr'>Augustinus,</span> 
     </span>
    </p>
   </div>
   <div class='ocr_carea' id='block_1_85' title="bbox 454 4697 3759 4773">
    <p class='ocr_par' dir='ltr' id='par_1_85' title="bbox 454 4697 3759 4773">
     <span class='ocr_line' id='line_1_87' title="bbox 454 4697 3759 4773; baseline 0 -21"><span class='ocrx_word' id='word_1_653' title='bbox 454 4697 548 4773; x_wconf 71' lang='lat' dir='ltr'>lio,</span> <span class='ocrx_word' id='word_1_654' title='bbox 581 4714 787 4770; x_wconf 87' lang='lat' dir='ltr'>panem</span> <span class='ocrx_word' id='word_1_655' title='bbox 831 4702 892 4773; x_wconf 87' lang='lat' dir='ltr'>et</span> <span class='ocrx_word' id='word_1_656' title='bbox 920 4697 1119 4773; x_wconf 67' lang='lat' dir='ltr'>mmini</span> <span class='ocrx_word' id='word_1_657' title='bbox 1148 4700 1369 4773; x_wconf 81' lang='lat' dir='ltr'>obtulit.</span> <span class='ocrx_word' id='word_1_658' title='bbox 1402 4700 1577 4773; x_wconf 83' lang='lat' dir='ltr'>Locus</span> <span class='ocrx_word' id='word_1_659' title='bbox 1619 4709 1699 4756; x_wconf 92' lang='lat' dir='ltr'>est</span> <span class='ocrx_word' id='word_1_660' title='bbox 1738 4697 2029 4773; x_wconf 53' lang='lat' dir='ltr'>Geanw,</span> <span class='ocrx_word' id='word_1_661' title='bbox 2069 4748 2111 4773; x_wconf 65' lang='grc' dir='ltr'>η</span> <span class='ocrx_word' id='word_1_662' title='bbox 2148 4702 2363 4773; x_wconf 89' lang='lat' dir='ltr'>aliique.</span> <span class='ocrx_word' id='word_1_663' title='bbox 2402 4704 2599 4773; x_wconf 71' lang='lat' dir='ltr'>RIG.—</span> <span class='ocrx_word' id='word_1_664' title='bbox 2630 4697 2823 4773; x_wconf 56' lang='lat' dir='ltr'>Nescio</span> <span class='ocrx_word' id='word_1_665' title='bbox 2858 4697 3005 4773; x_wconf 68' lang='lat' dir='ltr'>quid</span> <span class='ocrx_word' id='word_1_666' title='bbox 3062 4698 3146 4773; x_wconf 85' lang='lat' dir='ltr'>hic</span> <span class='ocrx_word' id='word_1_667' title='bbox 3176 4697 3619 4773; x_wconf 78' lang='lat' dir='ltr'>tamintricatum</span> <span class='ocrx_word' id='word_1_668' title='bbox 3663 4717 3759 4773; x_wconf 79' lang='lat' dir='ltr'>re-</span> 
     </span>
    </p>
   </div>
   <div class='ocr_carea' id='block_1_86' title="bbox 455 4748 3765 4844">
    <p class='ocr_par' dir='ltr' id='par_1_86' title="bbox 455 4748 3765 4844">
     <span class='ocr_line' id='line_1_88' title="bbox 455 4748 3765 4844; baseline 0 -21"><span class='ocrx_word' id='word_1_669' title='bbox 455 4748 2033 4844; x_wconf 39' lang='lat' dir='ltr'>vitia;iéisidné&#39;iéiihé&#39;ihiiiéaﬁs&#39;siauéfbaﬁis&#39;ét&#39;iiai</span> <span class='ocrx_word' id='word_1_670' title='bbox 2068 4748 2112 4824; x_wconf 77' lang='grc' dir='ltr'>Π</span> <span class='ocrx_word' id='word_1_671' title='bbox 2147 4748 2637 4844; x_wconf 52' lang='lat' dir='ltr'>perialvliigaltius.</span> <span class='ocrx_word' id='word_1_672' title='bbox 2690 4748 2800 4825; x_wconf 75' lang='lat' dir='ltr'>Deo</span> <span class='ocrx_word' id='word_1_673' title='bbox 2850 4748 3042 4844; x_wconf 52' lang='lat' dir='ltr'>falctam</span> <span class='ocrx_word' id='word_1_674' title='bbox 3092 4748 3227 4824; x_wconf 81' lang='lat' dir='ltr'>hanc</span> <span class='ocrx_word' id='word_1_675' title='bbox 3281 4771 3765 4844; x_wconf 15' lang='lat' dir='ltr'>oblationemialii</span> 
     </span>
    </p>
   </div>
   <div class='ocr_carea' id='block_1_87' title="bbox 452 4839 3766 4966">
    <p class='ocr_par' dir='ltr' id='par_1_87' title="bbox 452 4839 3766 4966">
     <span class='ocr_line' id='line_1_89' title="bbox 452 4839 3766 4966; baseline 0.001 -73"><span class='ocrx_word' id='word_1_676' title='bbox 452 4839 722 4895; x_wconf 71' lang='lat' dir='ltr'>oblaticiie</span> <span class='ocrx_word' id='word_1_677' title='bbox 752 4841 806 4895; x_wconf 90' lang='lat' dir='ltr'>in</span> <span class='ocrx_word' id='word_1_678' title='bbox 839 4840 1093 4920; x_wconf 76' lang='lat' dir='ltr'>ambiguo</span> <span class='ocrx_word' id='word_1_679' title='bbox 1113 4843 1331 4966; x_wconf 38' lang='lat' dir='ltr'>posita,</span> <span class='ocrx_word' id='word_1_680' title='bbox 1363 4844 1476 4898; x_wconf 92' lang='lat' dir='ltr'>Deo</span> <span class='ocrx_word' id='word_1_681' title='bbox 1506 4861 1573 4897; x_wconf 87' lang='lat' dir='ltr'>an</span> <span class='ocrx_word' id='word_1_682' title='bbox 1629 4839 1878 4899; x_wconf 67' lang='lat' dir='ltr'>Ahrahm.</span> <span class='ocrx_word' id='word_1_683' title='bbox 1944 4845 2038 4900; x_wconf 92' lang='lat' dir='ltr'>llic</span> <span class='ocrx_word' id='word_1_684' title='bbox 2147 4839 2450 4909; x_wconf 44' lang='lat' dir='ltr'>asserunt:</span> <span class='ocrx_word' id='word_1_685' title='bbox 2475 4843 2616 4922; x_wconf 78' lang='lat' dir='ltr'>inter</span> <span class='ocrx_word' id='word_1_686' title='bbox 2664 4856 2803 4913; x_wconf 91' lang='lat' dir='ltr'>quos</span> <span class='ocrx_word' id='word_1_687' title='bbox 2832 4843 2892 4897; x_wconf 92' lang='lat' dir='ltr'>B.</span> <span class='ocrx_word' id='word_1_688' title='bbox 2930 4842 3306 4925; x_wconf 77' lang='lat' dir='ltr'>llieronymus,</span> <span class='ocrx_word' id='word_1_689' title='bbox 3356 4841 3525 4924; x_wconf 58' lang='lat' dir='ltr'>epist.</span> <span class='ocrx_word' id='word_1_690' title='bbox 3590 4843 3655 4895; x_wconf 79' lang='lat' dir='ltr'>l7</span> <span class='ocrx_word' id='word_1_691' title='bbox 3690 4842 3766 4897; x_wconf 83' lang='lat' dir='ltr'>ad</span> 
     </span>
     <span class='ocr_line' id='line_1_90' title="bbox 453 4912 3759 4966; baseline 0.001 -2"><span class='ocrx_word' id='word_1_692' title='bbox 453 4919 631 4965; x_wconf 91' lang='lat' dir='ltr'>autem</span> <span class='ocrx_word' id='word_1_693' title='bbox 714 4921 1048 4966; x_wconf 64' lang='lat' dir='ltr'>anerttsmme</span> <span class='ocrx_word' id='word_1_694' title='bbox 1159 4916 1490 4966; x_wconf 85' lang='lat' dir='ltr'>ertulhanus.</span> <span class='ocrx_word' id='word_1_695' title='bbox 1553 4916 2042 4966; x_wconf 78' lang='lat' dir='ltr'>Melchisedechum</span> <span class='ocrx_word' id='word_1_696' title='bbox 2160 4916 2497 4966; x_wconf 77' lang='lat' dir='ltr'>Marcellam.</span> <span class='ocrx_word' id='word_1_697' title='bbox 2532 4916 2619 4966; x_wconf 85' lang='lat' dir='ltr'>ubi</span> <span class='ocrx_word' id='word_1_698' title='bbox 2677 4912 2863 4966; x_wconf 86' lang='lat' dir='ltr'>saltem</span> <span class='ocrx_word' id='word_1_699' title='bbox 2918 4924 2995 4966; x_wconf 82' lang='lat' dir='ltr'>ait</span> <span class='ocrx_word' id='word_1_700' title='bbox 3050 4928 3233 4966; x_wconf 69' lang='lat' dir='ltr'>regem</span> <span class='ocrx_word' id='word_1_701' title='bbox 3287 4913 3464 4966; x_wconf 91' lang='lat' dir='ltr'>Salem</span> <span class='ocrx_word' id='word_1_702' title='bbox 3513 4928 3567 4966; x_wconf 82' lang='lat' dir='ltr'>in</span> <span class='ocrx_word' id='word_1_703' title='bbox 3628 4920 3759 4966; x_wconf 86' lang='lat' dir='ltr'>tvno</span> 
     </span>
    </p>
   </div>
   <div class='ocr_carea' id='block_1_88' title="bbox 453 4911 3759 4984">
    <p class='ocr_par' dir='ltr' id='par_1_88' title="bbox 453 4911 3759 4984">
     <span class='ocr_line' id='line_1_91' title="bbox 453 4911 3759 4984; baseline 0.001 -20"><span class='ocrx_word' id='word_1_704' title='bbox 453 4919 631 4984; x_wconf 82' lang='lat' dir='ltr'>autem</span> <span class='ocrx_word' id='word_1_705' title='bbox 714 4911 1048 4983; x_wconf 87' lang='lat' dir='ltr'>apertissime</span> <span class='ocrx_word' id='word_1_706' title='bbox 1105 4911 1490 4984; x_wconf 17' lang='lat' dir='ltr'>ATertullianus,</span> <span class='ocrx_word' id='word_1_707' title='bbox 1553 4916 2042 4971; x_wconf 77' lang='lat' dir='ltr'>Melchisedechum</span> <span class='ocrx_word' id='word_1_708' title='bbox 2159 4916 2497 4979; x_wconf 78' lang='lat' dir='ltr'>Marcellam,</span> <span class='ocrx_word' id='word_1_709' title='bbox 2532 4914 2619 4969; x_wconf 93' lang='lat' dir='ltr'>ubi</span> <span class='ocrx_word' id='word_1_710' title='bbox 2677 4911 2863 4969; x_wconf 81' lang='lat' dir='ltr'>saltem</span> <span class='ocrx_word' id='word_1_711' title='bbox 2918 4914 2995 4969; x_wconf 89' lang='lat' dir='ltr'>ait</span> <span class='ocrx_word' id='word_1_712' title='bbox 3050 4928 3233 4984; x_wconf 90' lang='lat' dir='ltr'>regem</span> <span class='ocrx_word' id='word_1_713' title='bbox 3287 4911 3464 4967; x_wconf 91' lang='lat' dir='ltr'>Salem</span> <span class='ocrx_word' id='word_1_714' title='bbox 3513 4913 3567 4967; x_wconf 93' lang='lat' dir='ltr'>in</span> <span class='ocrx_word' id='word_1_715' title='bbox 3628 4920 3759 4981; x_wconf 83' lang='lat' dir='ltr'>typo</span> 
     </span>
    </p>
   </div>
   <div class='ocr_carea' id='block_1_89' title="bbox 452 4982 3758 5059">
    <p class='ocr_par' dir='ltr' id='par_1_89' title="bbox 452 4982 3758 5059">
     <span class='ocr_line' id='line_1_92' title="bbox 452 4982 3758 5059; baseline 0.001 -23"><span class='ocrx_word' id='word_1_716' title='bbox 452 4982 956 5059; x_wconf 32' lang='lat' dir='ltr'>obtulisse_’panem</span> <span class='ocrx_word' id='word_1_717' title='bbox 984 4991 1037 5038; x_wconf 90' lang='lat' dir='ltr'>et</span> <span class='ocrx_word' id='word_1_718' title='bbox 1065 4982 1247 5038; x_wconf 90' lang='lat' dir='ltr'>vinum</span> <span class='ocrx_word' id='word_1_719' title='bbox 1292 4986 1599 5059; x_wconf 74' lang='lat' dir='ltr'>Abrahamo</span> <span class='ocrx_word' id='word_1_720' title='bbox 1634 4988 1928 5059; x_wconf 82' lang='lat' dir='ltr'>revertenti</span> <span class='ocrx_word' id='word_1_721' title='bbox 1980 4990 2047 5041; x_wconf 88' lang='lat' dir='ltr'>de</span> <span class='ocrx_word' id='word_1_722' title='bbox 2157 4987 2349 5059; x_wconf 90' lang='lat' dir='ltr'>Christi</span> <span class='ocrx_word' id='word_1_723' title='bbox 2408 5002 2600 5059; x_wconf 91' lang='lat' dir='ltr'>panem</span> <span class='ocrx_word' id='word_1_724' title='bbox 2640 4994 2717 5059; x_wconf 72' lang='lat' dir='ltr'>et</span> <span class='ocrx_word' id='word_1_725' title='bbox 2748 4987 2931 5059; x_wconf 84' lang='lat' dir='ltr'>vinum</span> <span class='ocrx_word' id='word_1_726' title='bbox 2996 4982 3272 5059; x_wconf 70' lang='lat' dir='ltr'>obtulisse,</span> <span class='ocrx_word' id='word_1_727' title='bbox 3325 4992 3379 5039; x_wconf 94' lang='lat' dir='ltr'>et</span> <span class='ocrx_word' id='word_1_728' title='bbox 3434 4984 3758 5059; x_wconf 79' lang='lat' dir='ltr'>mysterium</span> 
     </span>
    </p>
   </div>
   <div class='ocr_carea' id='block_1_90' title="bbox 454 5052 3758 5127">
    <p class='ocr_par' dir='ltr' id='par_1_90' title="bbox 454 5052 3758 5127">
     <span class='ocr_line' id='line_1_93' title="bbox 454 5052 3758 5127; baseline 0.001 -21"><span class='ocrx_word' id='word_1_729' title='bbox 454 5052 660 5127; x_wconf 59' lang='lat' dir='ltr'>petelio.</span> <span class='ocrx_word' id='word_1_730' title='bbox 698 5054 847 5109; x_wconf 92' lang='lat' dir='ltr'>Unde</span> <span class='ocrx_word' id='word_1_731' title='bbox 877 5062 1191 5127; x_wconf 80' lang='lat' dir='ltr'>sequeretur</span> <span class='ocrx_word' id='word_1_732' title='bbox 1227 5057 1510 5127; x_wconf 83' lang='lat' dir='ltr'>afferendi</span> <span class='ocrx_word' id='word_1_733' title='bbox 1541 5061 1756 5113; x_wconf 78' lang='lat' dir='ltr'>verbum</span> <span class='ocrx_word' id='word_1_734' title='bbox 1791 5060 1890 5113; x_wconf 88' lang='lat' dir='ltr'>hoc</span> <span class='ocrx_word' id='word_1_735' title='bbox 1916 5057 2035 5113; x_wconf 94' lang='lat' dir='ltr'>loco</span> <span class='ocrx_word' id='word_1_736' title='bbox 2146 5052 2500 5113; x_wconf 76' lang='lat' dir='ltr'>Christianum</span> <span class='ocrx_word' id='word_1_737' title='bbox 2530 5058 2585 5113; x_wconf 91' lang='lat' dir='ltr'>in</span> <span class='ocrx_word' id='word_1_738' title='bbox 2631 5055 2925 5114; x_wconf 74' lang='lat' dir='ltr'>Salvatoris</span> <span class='ocrx_word' id='word_1_739' title='bbox 2972 5056 3232 5126; x_wconf 82' lang='lat' dir='ltr'>sanguine</span> <span class='ocrx_word' id='word_1_740' title='bbox 3276 5064 3329 5109; x_wconf 89' lang='lat' dir='ltr'>et</span> <span class='ocrx_word' id='word_1_741' title='bbox 3385 5052 3616 5127; x_wconf 74' lang='lat' dir='ltr'>corpore</span> <span class='ocrx_word' id='word_1_742' title='bbox 3658 5056 3758 5108; x_wconf 87' lang='lat' dir='ltr'>de-</span> 
     </span>
    </p>
   </div>
   <div class='ocr_carea' id='block_1_91' title="bbox 454 5124 3753 5198">
    <p class='ocr_par' dir='ltr' id='par_1_91' title="bbox 454 5124 3753 5198">
     <span class='ocr_line' id='line_1_94' title="bbox 454 5124 3753 5198; baseline 0.002 -23"><span class='ocrx_word' id='word_1_743' title='bbox 454 5124 675 5198; x_wconf 77' lang='lat' dir='ltr'>minime</span> <span class='ocrx_word' id='word_1_744' title='bbox 696 5127 761 5178; x_wconf 87' lang='lat' dir='ltr'>ad</span> <span class='ocrx_word' id='word_1_745' title='bbox 802 5124 1120 5181; x_wconf 77' lang='lat' dir='ltr'>sacrificium</span> <span class='ocrx_word' id='word_1_746' title='bbox 1153 5124 1443 5198; x_wconf 78' lang='lat' dir='ltr'>pertinere.</span> <span class='ocrx_word' id='word_1_747' title='bbox 1499 5127 1634 5196; x_wconf 93' lang='lat' dir='ltr'>Quis</span> <span class='ocrx_word' id='word_1_748' title='bbox 1663 5128 1807 5183; x_wconf 90' lang='lat' dir='ltr'>enim</span> <span class='ocrx_word' id='word_1_749' title='bbox 1875 5128 2040 5184; x_wconf 88' lang='lat' dir='ltr'>ferret</span> <span class='ocrx_word' id='word_1_750' title='bbox 2149 5129 2379 5186; x_wconf 82' lang='lat' dir='ltr'>dicasse.</span> <span class='ocrx_word' id='word_1_751' title='bbox 2412 5129 2519 5183; x_wconf 88' lang='lat' dir='ltr'>Alii</span> <span class='ocrx_word' id='word_1_752' title='bbox 2557 5129 2807 5192; x_wconf 66' lang='lat' dir='ltr'>Abrahae,</span> <span class='ocrx_word' id='word_1_753' title='bbox 2839 5127 2978 5184; x_wconf 90' lang='lat' dir='ltr'>inter</span> <span class='ocrx_word' id='word_1_754' title='bbox 3007 5124 3143 5198; x_wconf 76' lang='lat' dir='ltr'>ques</span> <span class='ocrx_word' id='word_1_755' title='bbox 3187 5127 3350 5183; x_wconf 90' lang='lat' dir='ltr'>etiam</span> <span class='ocrx_word' id='word_1_756' title='bbox 3398 5124 3639 5182; x_wconf 74' lang='lat' dir='ltr'>occurrit</span> <span class='ocrx_word' id='word_1_757' title='bbox 3691 5127 3753 5181; x_wconf 88' lang='grc' dir='ltr'>Β.</span> 
     </span>
    </p>
   </div>
   <div class='ocr_carea' id='block_1_92' title="bbox 452 5195 3762 5273">
    <p class='ocr_par' dir='ltr' id='par_1_92' title="bbox 452 5195 3762 5273">
     <span class='ocr_line' id='line_1_95' title="bbox 452 5195 3762 5273; baseline 0.001 -23"><span class='ocrx_word' id='word_1_758' title='bbox 452 5195 953 5273; x_wconf 66' lang='lat' dir='ltr'>Melchisedechum,</span> <span class='ocrx_word' id='word_1_759' title='bbox 994 5195 1349 5273; x_wconf 80' lang='lat' dir='ltr'>sacerdotem</span> <span class='ocrx_word' id='word_1_760' title='bbox 1405 5195 1685 5266; x_wconf 76' lang='lat' dir='ltr'>Altissimi,</span> <span class='ocrx_word' id='word_1_761' title='bbox 1736 5200 2039 5273; x_wconf 10' lang='lat' dir='ltr'>sacrriticau-</span> <span class='ocrx_word' id='word_1_762' title='bbox 2150 5200 2529 5273; x_wconf 79' lang='lat' dir='ltr'>Hieronymus,</span> <span class='ocrx_word' id='word_1_763' title='bbox 2578 5200 2733 5273; x_wconf 82' lang='lat' dir='ltr'>epist.</span> <span class='ocrx_word' id='word_1_764' title='bbox 2787 5202 2908 5273; x_wconf 69' lang='lat'>126,</span> <span class='ocrx_word' id='word_1_765' title='bbox 2968 5195 3039 5273; x_wconf 77' lang='lat' dir='ltr'>ad</span> <span class='ocrx_word' id='word_1_766' title='bbox 3074 5198 3382 5271; x_wconf 81' lang='lat' dir='ltr'>Evagrium,</span> <span class='ocrx_word' id='word_1_767' title='bbox 3415 5200 3487 5273; x_wconf 88' lang='lat' dir='ltr'>in_</span> <span class='ocrx_word' id='word_1_768' title='bbox 3511 5212 3620 5267; x_wconf 90' lang='lat' dir='ltr'>qua</span> <span class='ocrx_word' id='word_1_769' title='bbox 3684 5210 3762 5253; x_wconf 89' lang='lat' dir='ltr'>to-</span> 
     </span>
    </p>
   </div>
   <div class='ocr_carea' id='block_1_93' title="bbox 456 5269 3760 5341">
    <p class='ocr_par' dir='ltr' id='par_1_93' title="bbox 456 5269 3760 5341">
     <span class='ocr_line' id='line_1_96' title="bbox 456 5269 3760 5341; baseline 0.001 -20"><span class='ocrx_word' id='word_1_770' title='bbox 456 5276 562 5321; x_wconf 87' lang='lat' dir='ltr'>tetn</span> <span class='ocrx_word' id='word_1_771' title='bbox 592 5269 899 5324; x_wconf 82' lang='lat' dir='ltr'>Abraliamo</span> <span class='ocrx_word' id='word_1_772' title='bbox 929 5270 957 5324; x_wconf 70' lang='grc' dir='ltr'>τ</span> <span class='ocrx_word' id='word_1_773' title='bbox 978 5271 1085 5325; x_wconf 87' lang='lat' dir='ltr'>Sed</span> <span class='ocrx_word' id='word_1_774' title='bbox 1109 5282 1162 5326; x_wconf 91' lang='lat' dir='ltr'>et</span> <span class='ocrx_word' id='word_1_775' title='bbox 1205 5271 1496 5341; x_wconf 51' lang='lat' dir='ltr'>Septimius</span> <span class='ocrx_word' id='word_1_776' title='bbox 1553 5282 1752 5337; x_wconf 89' lang='lat' dir='ltr'>noster,</span> <span class='ocrx_word' id='word_1_777' title='bbox 1814 5272 1903 5325; x_wconf 90' lang='lat' dir='ltr'>lib.</span> <span class='ocrx_word' id='word_1_778' title='bbox 1941 5272 2043 5327; x_wconf 84' lang='lat' dir='ltr'>ad-</span> <span class='ocrx_word' id='word_1_779' title='bbox 2154 5281 2262 5326; x_wconf 90' lang='lat' dir='ltr'>tam</span> <span class='ocrx_word' id='word_1_780' title='bbox 2291 5269 2435 5326; x_wconf 80' lang='lat' dir='ltr'>illam</span> <span class='ocrx_word' id='word_1_781' title='bbox 2464 5272 2741 5327; x_wconf 90' lang='lat' dir='ltr'>historiam</span> <span class='ocrx_word' id='word_1_782' title='bbox 2763 5270 2945 5341; x_wconf 79' lang='lat' dir='ltr'>refert.</span> <span class='ocrx_word' id='word_1_783' title='bbox 2979 5271 3038 5324; x_wconf 89' lang='lat' dir='ltr'>In</span> <span class='ocrx_word' id='word_1_784' title='bbox 3082 5286 3146 5325; x_wconf 88' lang='lat' dir='ltr'>ea</span> <span class='ocrx_word' id='word_1_785' title='bbox 3180 5269 3362 5323; x_wconf 80' lang='lat' dir='ltr'>autem</span> <span class='ocrx_word' id='word_1_786' title='bbox 3403 5269 3760 5323; x_wconf 67' lang='lat' dir='ltr'>animadvt-r-</span> 
     </span>
    </p>
   </div>
   <div class='ocr_carea' id='block_1_94' title="bbox 455 5340 3757 5412">
    <p class='ocr_par' dir='ltr' id='par_1_94' title="bbox 455 5340 3757 5412">
     <span class='ocr_line' id='line_1_97' title="bbox 455 5340 3757 5412; baseline 0 -16"><span class='ocrx_word' id='word_1_787' title='bbox 455 5341 1016 5412; x_wconf 72' lang='lat' dir='ltr'>uersuslllarcionem</span> <span class='ocrx_word' id='word_1_788' title='bbox 1049 5358 1101 5412; x_wconf 91' lang='lat' dir='ltr'>v,</span> <span class='ocrx_word' id='word_1_789' title='bbox 1133 5340 1617 5396; x_wconf 54' lang='lat' dir='ltr'>Melchisedccltum</span> <span class='ocrx_word' id='word_1_790' title='bbox 1650 5358 1760 5396; x_wconf 89' lang='lat' dir='ltr'>rem</span> <span class='ocrx_word' id='word_1_791' title='bbox 1789 5346 2045 5396; x_wconf 72' lang='lat' dir='ltr'>sacerdo-</span> <span class='ocrx_word' id='word_1_792' title='bbox 2156 5344 2378 5398; x_wconf 90' lang='lat' dir='ltr'>tendum</span> <span class='ocrx_word' id='word_1_793' title='bbox 2426 5342 2587 5399; x_wconf 90' lang='lat' dir='ltr'>scribi</span> <span class='ocrx_word' id='word_1_794' title='bbox 2618 5342 2674 5397; x_wconf 90' lang='lat' dir='ltr'>in</span> <span class='ocrx_word' id='word_1_795' title='bbox 2702 5340 2900 5398; x_wconf 89' lang='lat' dir='ltr'>Genesi</span> <span class='ocrx_word' id='word_1_796' title='bbox 2947 5356 3142 5412; x_wconf 88' lang='lat' dir='ltr'>regem</span> <span class='ocrx_word' id='word_1_797' title='bbox 3176 5341 3329 5396; x_wconf 88' lang='lat' dir='ltr'>illum</span> <span class='ocrx_word' id='word_1_798' title='bbox 3355 5341 3613 5397; x_wconf 84' lang='lat' dir='ltr'>obtulisse</span> <span class='ocrx_word' id='word_1_799' title='bbox 3652 5341 3757 5397; x_wconf 87' lang='lat' dir='ltr'>de-</span> 
     </span>
    </p>
   </div>
   <div class='ocr_carea' id='block_1_95' title="bbox 456 5410 3754 5479">
    <p class='ocr_par' dir='ltr' id='par_1_95' title="bbox 456 5410 3754 5479">
     <span class='ocr_line' id='line_1_98' title="bbox 456 5410 3754 5479; baseline 0.001 -16"><span class='ocrx_word' id='word_1_800' title='bbox 456 5411 523 5465; x_wconf 91' lang='lat' dir='ltr'>tis</span> <span class='ocrx_word' id='word_1_801' title='bbox 565 5410 761 5467; x_wconf 83' lang='lat' dir='ltr'>fecisse</span> <span class='ocrx_word' id='word_1_802' title='bbox 808 5414 1039 5467; x_wconf 77' lang='lat' dir='ltr'>Ostendit</span> <span class='ocrx_word' id='word_1_803' title='bbox 1090 5410 1213 5467; x_wconf 71' lang='lat' dir='ltr'>Cum</span> <span class='ocrx_word' id='word_1_804' title='bbox 1254 5414 1557 5467; x_wconf 77' lang='lat' dir='ltr'>Abrahamo</span> <span class='ocrx_word' id='word_1_805' title='bbox 1598 5412 1892 5475; x_wconf 86' lang='lat' dir='ltr'>benedixit,</span> <span class='ocrx_word' id='word_1_806' title='bbox 1926 5430 2049 5467; x_wconf 91' lang='lat' dir='ltr'>cum</span> <span class='ocrx_word' id='word_1_807' title='bbox 2155 5414 2321 5470; x_wconf 86' lang='lat' dir='ltr'>cimas</span> <span class='ocrx_word' id='word_1_808' title='bbox 2393 5414 2628 5469; x_wconf 77' lang='lat' dir='ltr'>Abrahae</span> <span class='ocrx_word' id='word_1_809' title='bbox 2683 5429 2747 5468; x_wconf 90' lang='lat' dir='ltr'>ex</span> <span class='ocrx_word' id='word_1_810' title='bbox 2811 5410 3063 5468; x_wconf 70' lang='lat' dir='ltr'>omnibus</span> <span class='ocrx_word' id='word_1_811' title='bbox 3115 5414 3326 5479; x_wconf 85' lang='lat' dir='ltr'>rebus;</span> <span class='ocrx_word' id='word_1_812' title='bbox 3371 5428 3495 5469; x_wconf 89' lang='lat' dir='ltr'>cum</span> <span class='ocrx_word' id='word_1_813' title='bbox 3571 5419 3754 5468; x_wconf 88' lang='lat' dir='ltr'>tamen</span> 
     </span>
    </p>
   </div>
   <div class='ocr_carea' id='block_1_96' title="bbox 457 5482 3751 5556">
    <p class='ocr_par' dir='ltr' id='par_1_96' title="bbox 457 5482 3751 5556">
     <span class='ocr_line' id='line_1_99' title="bbox 457 5482 3751 5556; baseline 0.001 -22"><span class='ocrx_word' id='word_1_814' title='bbox 457 5482 526 5556; x_wconf 81' lang='lat' dir='ltr'>ab</span> <span class='ocrx_word' id='word_1_815' title='bbox 554 5498 620 5538; x_wconf 88' lang='lat' dir='ltr'>eo</span> <span class='ocrx_word' id='word_1_816' title='bbox 650 5483 890 5541; x_wconf 88' lang='lat' dir='ltr'>decimas</span> <span class='ocrx_word' id='word_1_817' title='bbox 920 5484 1142 5556; x_wconf 85' lang='lat' dir='ltr'>accepit.</span> <span class='ocrx_word' id='word_1_818' title='bbox 1183 5484 1303 5556; x_wconf 74' lang='lat' dir='ltr'>Ipse</span> <span class='ocrx_word' id='word_1_819' title='bbox 1342 5491 1531 5556; x_wconf 81' lang='lat' dir='ltr'>autem</span> <span class='ocrx_word' id='word_1_820' title='bbox 1570 5484 1825 5556; x_wconf 79' lang='lat' dir='ltr'>sacerdos</span> <span class='ocrx_word' id='word_1_821' title='bbox 1846 5483 2050 5556; x_wconf 84' lang='lat' dir='ltr'>Altissi—</span> <span class='ocrx_word' id='word_1_822' title='bbox 2158 5485 2294 5540; x_wconf 91' lang='lat' dir='ltr'>idem</span> <span class='ocrx_word' id='word_1_823' title='bbox 2322 5485 2384 5540; x_wconf 91' lang='lat' dir='ltr'>B.</span> <span class='ocrx_word' id='word_1_824' title='bbox 2406 5486 2758 5556; x_wconf 85' lang='lat' dir='ltr'>Hieronymus</span> <span class='ocrx_word' id='word_1_825' title='bbox 2789 5483 3012 5555; x_wconf 77' lang='lat' dir='ltr'>praefato</span> <span class='ocrx_word' id='word_1_826' title='bbox 3042 5482 3161 5540; x_wconf 91' lang='lat' dir='ltr'>loco</span> <span class='ocrx_word' id='word_1_827' title='bbox 3189 5483 3256 5539; x_wconf 91' lang='lat' dir='ltr'>de</span> <span class='ocrx_word' id='word_1_828' title='bbox 3314 5483 3502 5556; x_wconf 60' lang='lat' dir='ltr'>spoliis</span> <span class='ocrx_word' id='word_1_829' title='bbox 3542 5491 3751 5537; x_wconf 86' lang='lat' dir='ltr'>tantum</span> 
     </span>
    </p>
   </div>
   <div class='ocr_carea' id='block_1_97' title="bbox 456 5551 3749 5621">
    <p class='ocr_par' dir='ltr' id='par_1_97' title="bbox 456 5551 3749 5621">
     <span class='ocr_line' id='line_1_100' title="bbox 456 5551 3749 5621; baseline 0.002 -15"><span class='ocrx_word' id='word_1_830' title='bbox 456 5551 555 5619; x_wconf 89' lang='lat' dir='ltr'>mi,</span> <span class='ocrx_word' id='word_1_831' title='bbox 603 5569 727 5611; x_wconf 88' lang='lat' dir='ltr'>cum</span> <span class='ocrx_word' id='word_1_832' title='bbox 759 5562 906 5612; x_wconf 84' lang='lat' dir='ltr'>esset</span> <span class='ocrx_word' id='word_1_833' title='bbox 936 5551 1095 5609; x_wconf 83' lang='lat' dir='ltr'>etiam</span> <span class='ocrx_word' id='word_1_834' title='bbox 1137 5551 1229 5609; x_wconf 77' lang='lat' dir='ltr'>rex</span> <span class='ocrx_word' id='word_1_835' title='bbox 1268 5554 1465 5621; x_wconf 89' lang='lat' dir='ltr'>Salem,</span> <span class='ocrx_word' id='word_1_836' title='bbox 1488 5553 2050 5613; x_wconf 89' lang='lat' dir='ltr'>convenientissimam</span> <span class='ocrx_word' id='word_1_837' title='bbox 2161 5557 2391 5614; x_wconf 89' lang='lat' dir='ltr'>hostium</span> <span class='ocrx_word' id='word_1_838' title='bbox 2474 5551 2710 5614; x_wconf 79' lang='lat' dir='ltr'>decimas</span> <span class='ocrx_word' id='word_1_839' title='bbox 2764 5551 3022 5613; x_wconf 83' lang='lat' dir='ltr'>obtulisse</span> <span class='ocrx_word' id='word_1_840' title='bbox 3070 5562 3296 5612; x_wconf 79' lang='lat' dir='ltr'>asserat.</span> <span class='ocrx_word' id='word_1_841' title='bbox 3353 5554 3573 5611; x_wconf 83' lang='lat' dir='ltr'>Factum</span> <span class='ocrx_word' id='word_1_842' title='bbox 3622 5569 3749 5613; x_wconf 87' lang='lat' dir='ltr'>vero</span> 
     </span>
    </p>
   </div>
   <div class='ocr_carea' id='block_1_98' title="bbox 451 3828 2041 3897">
    <p class='ocr_par' dir='ltr' id='par_1_98' title="bbox 451 3828 2041 3897">
     <span class='ocr_line' id='line_1_101' title="bbox 451 3828 2041 3897; baseline 0.003 -15"><span class='ocrx_word' id='word_1_843' title='bbox 451 3828 719 3897; x_wconf 90' lang='lat' dir='ltr'>siquidem</span> <span class='ocrx_word' id='word_1_844' title='bbox 781 3828 919 3883; x_wconf 88' lang='lat' dir='ltr'>inter</span> <span class='ocrx_word' id='word_1_845' title='bbox 963 3828 1219 3884; x_wconf 86' lang='lat' dir='ltr'>diluvium</span> <span class='ocrx_word' id='word_1_846' title='bbox 1272 3839 1326 3884; x_wconf 87' lang='lat' dir='ltr'>et</span> <span class='ocrx_word' id='word_1_847' title='bbox 1372 3829 1700 3886; x_wconf 86' lang='lat' dir='ltr'>vocationem</span> <span class='ocrx_word' id='word_1_848' title='bbox 1753 3832 1891 3886; x_wconf 89' lang='lat' dir='ltr'>hanc</span> <span class='ocrx_word' id='word_1_849' title='bbox 1936 3836 2041 3888; x_wconf 88' lang='lat'>367</span> 
     </span>
    </p>
   </div>
   <div class='ocr_carea' id='block_1_99' title="bbox 449 3897 2037 3969">
    <p class='ocr_par' dir='ltr' id='par_1_99' title="bbox 449 3897 2037 3969">
     <span class='ocr_line' id='line_1_102' title="bbox 449 3897 2037 3969; baseline 0.003 -14"><span class='ocrx_word' id='word_1_850' title='bbox 449 3899 627 3955; x_wconf 83' lang='lat' dir='ltr'>solum</span> <span class='ocrx_word' id='word_1_851' title='bbox 657 3897 919 3952; x_wconf 81' lang='lat' dir='ltr'>efﬂuxere</span> <span class='ocrx_word' id='word_1_852' title='bbox 951 3899 1095 3951; x_wconf 91' lang='lat' dir='ltr'>anni.</span> <span class='ocrx_word' id='word_1_853' title='bbox 1131 3899 1433 3969; x_wconf 84' lang='lat' dir='ltr'>Aliaigitur</span> <span class='ocrx_word' id='word_1_854' title='bbox 1472 3902 1553 3955; x_wconf 88' lang='lat' dir='ltr'>lex</span> <span class='ocrx_word' id='word_1_855' title='bbox 1594 3902 1697 3956; x_wconf 91' lang='lat' dir='ltr'>hoc</span> <span class='ocrx_word' id='word_1_856' title='bbox 1754 3903 1872 3958; x_wconf 92' lang='lat' dir='ltr'>loco</span> <span class='ocrx_word' id='word_1_857' title='bbox 1921 3920 2037 3959; x_wconf 89' lang='lat' dir='ltr'>me-</span> 
     </span>
    </p>
   </div>
   <div class='ocr_carea' id='block_1_100' title="bbox 451 3970 2040 4042">
    <p class='ocr_par' dir='ltr' id='par_1_100' title="bbox 451 3970 2040 4042">
     <span class='ocr_line' id='line_1_103' title="bbox 451 3970 2040 4042; baseline 0.006 -21"><span class='ocrx_word' id='word_1_858' title='bbox 451 3982 708 4042; x_wconf 86' lang='lat' dir='ltr'>moratur.</span> <span class='ocrx_word' id='word_1_859' title='bbox 752 3970 1233 4042; x_wconf 68' lang='lat' dir='ltr'>Qutenamautem</span> <span class='ocrx_word' id='word_1_860' title='bbox 1282 3971 1631 4042; x_wconf 82' lang='lat' dir='ltr'>intelligatur,</span> <span class='ocrx_word' id='word_1_861' title='bbox 1670 3974 1928 4029; x_wconf 91' lang='lat' dir='ltr'>docemur</span> <span class='ocrx_word' id='word_1_862' title='bbox 1976 3992 2040 4030; x_wconf 90' lang='lat' dir='ltr'>ex</span> 
     </span>
    </p>
   </div>
   <div class='ocr_carea' id='block_1_101' title="bbox 450 4039 2039 4113">
    <p class='ocr_par' dir='ltr' id='par_1_101' title="bbox 450 4039 2039 4113">
     <span class='ocr_line' id='line_1_104' title="bbox 450 4039 2039 4113; baseline 0.005 -20"><span class='ocrx_word' id='word_1_863' title='bbox 450 4041 614 4105; x_wconf 90' lang='lat' dir='ltr'>Gen.,</span> <span class='ocrx_word' id='word_1_864' title='bbox 647 4043 861 4113; x_wconf 76' lang='lat' dir='ltr'>xv,l3;</span> <span class='ocrx_word' id='word_1_865' title='bbox 894 4039 1067 4113; x_wconf 85' lang='lat' dir='ltr'>Exod.</span> <span class='ocrx_word' id='word_1_866' title='bbox 1098 4056 1197 4110; x_wconf 83' lang='lat' dir='ltr'>xu,</span> <span class='ocrx_word' id='word_1_867' title='bbox 1230 4042 1299 4095; x_wconf 80' lang='grc'>40</span> <span class='ocrx_word' id='word_1_868' title='bbox 1329 4060 1345 4109; x_wconf 85' lang='grc'>;</span> <span class='ocrx_word' id='word_1_869' title='bbox 1370 4039 1488 4097; x_wconf 69' lang='lat' dir='ltr'>Aet.</span> <span class='ocrx_word' id='word_1_870' title='bbox 1522 4058 1615 4100; x_wconf 84' lang='lat' dir='ltr'>vn.</span> <span class='ocrx_word' id='word_1_871' title='bbox 1649 4048 1713 4109; x_wconf 87' lang='lat'>6;</span> <span class='ocrx_word' id='word_1_872' title='bbox 1742 4046 1920 4101; x_wconf 85' lang='lat' dir='ltr'>Galat.</span> <span class='ocrx_word' id='word_1_873' title='bbox 1957 4062 2039 4113; x_wconf 84' lang='lat' dir='ltr'>Ill,</span> 
     </span>
    </p>
   </div>
   <div class='ocr_carea' id='block_1_102' title="bbox 451 4110 2040 4182">
    <p class='ocr_par' dir='ltr' id='par_1_102' title="bbox 451 4110 2040 4182">
     <span class='ocr_line' id='line_1_105' title="bbox 451 4110 2040 4182; baseline 0.004 -17"><span class='ocrx_word' id='word_1_874' title='bbox 451 4114 517 4167; x_wconf 80' lang='lat' dir='ltr'>l7</span> <span class='ocrx_word' id='word_1_875' title='bbox 545 4112 669 4178; x_wconf 85' lang='lat' dir='ltr'>;ubi</span> <span class='ocrx_word' id='word_1_876' title='bbox 700 4112 753 4165; x_wconf 90' lang='lat' dir='ltr'>hi</span> <span class='ocrx_word' id='word_1_877' title='bbox 782 4115 883 4165; x_wconf 67' lang='grc'>430</span> <span class='ocrx_word' id='word_1_878' title='bbox 915 4110 1039 4164; x_wconf 86' lang='lat' dir='ltr'>anni</span> <span class='ocrx_word' id='word_1_879' title='bbox 1094 4115 1486 4182; x_wconf 86' lang='lat' dir='ltr'>exprimuntur.</span> <span class='ocrx_word' id='word_1_880' title='bbox 1543 4116 1899 4171; x_wconf 89' lang='lat' dir='ltr'>Numerantur</span> <span class='ocrx_word' id='word_1_881' title='bbox 1947 4110 2040 4171; x_wconf 51' lang='lat' dir='ltr'>att?</span> 
     </span>
    </p>
   </div>
   <div class='ocr_carea' id='block_1_103' title="bbox 448 4183 2037 4257">
    <p class='ocr_par' dir='ltr' id='par_1_103' title="bbox 448 4183 2037 4257">
     <span class='ocr_line' id='line_1_106' title="bbox 448 4183 2037 4257; baseline 0.005 -25"><span class='ocrx_word' id='word_1_882' title='bbox 448 4192 555 4257; x_wconf 78' lang='lat' dir='ltr'>tem</span> <span class='ocrx_word' id='word_1_883' title='bbox 594 4199 633 4257; x_wconf 49' lang='grc' dir='ltr'>ἕ</span> <span class='ocrx_word' id='word_1_884' title='bbox 654 4198 824 4257; x_wconf 80' lang='lat' dir='ltr'>prima</span> <span class='ocrx_word' id='word_1_885' title='bbox 856 4183 1210 4257; x_wconf 84' lang='lat' dir='ltr'>promissione</span> <span class='ocrx_word' id='word_1_886' title='bbox 1253 4184 1407 4257; x_wconf 12' lang='lat' dir='ltr'>facta,</span> <span class='ocrx_word' id='word_1_887' title='bbox 1431 4185 1658 4239; x_wconf 58' lang='lat' dir='ltr'>Abrahae</span> <span class='ocrx_word' id='word_1_888' title='bbox 1720 4189 1883 4257; x_wconf 85' lang='lat' dir='ltr'>(Gen.</span> <span class='ocrx_word' id='word_1_889' title='bbox 1938 4204 2037 4252; x_wconf 81' lang='lat' dir='ltr'>xit,</span> 
     </span>
    </p>
   </div>
   <div class='ocr_carea' id='block_1_104' title="bbox 449 4252 2042 4325">
    <p class='ocr_par' dir='ltr' id='par_1_104' title="bbox 449 4252 2042 4325">
     <span class='ocr_line' id='line_1_107' title="bbox 449 4252 2042 4325; baseline 0.002 -16"><span class='ocrx_word' id='word_1_890' title='bbox 449 4254 526 4321; x_wconf 89' lang='lat'>3).</span> <span class='ocrx_word' id='word_1_891' title='bbox 589 4255 801 4309; x_wconf 90' lang='lat' dir='ltr'>Eodem</span> <span class='ocrx_word' id='word_1_892' title='bbox 847 4252 989 4325; x_wconf 87' lang='lat' dir='ltr'>enim</span> <span class='ocrx_word' id='word_1_893' title='bbox 1058 4269 1199 4307; x_wconf 84' lang='lat' dir='ltr'>anno</span> <span class='ocrx_word' id='word_1_894' title='bbox 1246 4272 1313 4309; x_wconf 85' lang='lat' dir='ltr'>ex</span> <span class='ocrx_word' id='word_1_895' title='bbox 1352 4256 1581 4325; x_wconf 65' lang='lat' dir='ltr'>zEgypto</span> <span class='ocrx_word' id='word_1_896' title='bbox 1640 4252 1739 4311; x_wconf 81' lang='lat' dir='ltr'>fuit</span> <span class='ocrx_word' id='word_1_897' title='bbox 1790 4260 2042 4314; x_wconf 84' lang='lat' dir='ltr'>liberatus</span> 
     </span>
    </p>
   </div>
   <div class='ocr_carea' id='block_1_105' title="bbox 452 4324 2041 4399">
    <p class='ocr_par' dir='ltr' id='par_1_105' title="bbox 452 4324 2041 4399">
     <span class='ocr_line' id='line_1_108' title="bbox 452 4324 2041 4399; baseline 0.003 -19"><span class='ocrx_word' id='word_1_898' title='bbox 452 4325 681 4399; x_wconf 69' lang='lat' dir='ltr'>populus</span> <span class='ocrx_word' id='word_1_899' title='bbox 746 4324 1097 4399; x_wconf 75' lang='lat' dir='ltr'>lsraelittcus,</span> <span class='ocrx_word' id='word_1_900' title='bbox 1142 4337 1267 4399; x_wconf 85' lang='lat' dir='ltr'>_et</span> <span class='ocrx_word' id='word_1_901' title='bbox 1316 4324 1493 4399; x_wconf 64' lang='lat' dir='ltr'>legem</span> <span class='ocrx_word' id='word_1_902' title='bbox 1556 4328 1782 4399; x_wconf 88' lang='lat' dir='ltr'>accepit.</span> <span class='ocrx_word' id='word_1_903' title='bbox 1844 4330 2041 4385; x_wconf 91' lang='lat' dir='ltr'>Confer</span> 
     </span>
    </p>
   </div>
   <div class='ocr_carea' id='block_1_106' title="bbox 450 4396 2035 4469">
    <p class='ocr_par' dir='ltr' id='par_1_106' title="bbox 450 4396 2035 4469">
     <span class='ocr_line' id='line_1_109' title="bbox 450 4396 2035 4469; baseline 0.003 -19"><span class='ocrx_word' id='word_1_904' title='bbox 450 4397 705 4469; x_wconf 58' lang='lat' dir='ltr'>EstiumL</span> <span class='ocrx_word' id='word_1_905' title='bbox 732 4396 1039 4469; x_wconf 86' lang='lat' dir='ltr'>Cornelium</span> <span class='ocrx_word' id='word_1_906' title='bbox 1084 4412 1114 4449; x_wconf 87' lang='lat' dir='ltr'>a</span> <span class='ocrx_word' id='word_1_907' title='bbox 1140 4396 1392 4466; x_wconf 50' lang='lat' dir='ltr'>Lapidef</span> <span class='ocrx_word' id='word_1_908' title='bbox 1412 4396 1801 4469; x_wconf 81' lang='lat' dir='ltr'>Fromondum,</span> <span class='ocrx_word' id='word_1_909' title='bbox 1843 4401 2035 4469; x_wconf 91' lang='lat' dir='ltr'>Script.</span> 
     </span>
    </p>
   </div>
   <div class='ocr_carea' id='block_1_107' title="bbox 451 4467 1916 4542">
    <p class='ocr_par' dir='ltr' id='par_1_107' title="bbox 451 4467 1916 4542">
     <span class='ocr_line' id='line_1_110' title="bbox 451 4467 1916 4542; baseline 0.003 -21"><span class='ocrx_word' id='word_1_910' title='bbox 451 4482 638 4542; x_wconf 56' lang='lat' dir='ltr'>gaertn.</span> <span class='ocrx_word' id='word_1_911' title='bbox 671 4467 827 4524; x_wconf 88' lang='lat' dir='ltr'>Curs.</span> <span class='ocrx_word' id='word_1_912' title='bbox 858 4468 1079 4542; x_wconf 76' lang='lat' dir='ltr'>co_mpl.,</span> <span class='ocrx_word' id='word_1_913' title='bbox 1105 4479 1158 4522; x_wconf 92' lang='lat' dir='ltr'>et</span> <span class='ocrx_word' id='word_1_914' title='bbox 1210 4475 1335 4522; x_wconf 88' lang='lat' dir='ltr'>ante</span> <span class='ocrx_word' id='word_1_915' title='bbox 1382 4484 1481 4523; x_wconf 93' lang='lat' dir='ltr'>eos</span> <span class='ocrx_word' id='word_1_916' title='bbox 1535 4467 1916 4542; x_wconf 82' lang='lat' dir='ltr'>Augustinum,</span> 
     </span>
    </p>
   </div>
   <div class='ocr_carea' id='block_1_108' title="bbox 452 4538 1041 4603">
    <p class='ocr_par' dir='ltr' id='par_1_108' title="bbox 452 4538 1041 4603">
     <span class='ocr_line' id='line_1_111' title="bbox 452 4538 1041 4603; baseline 0 -11"><span class='ocrx_word' id='word_1_917' title='bbox 452 4538 736 4603; x_wconf 85' lang='lat' dir='ltr'>Thomam,</span> <span class='ocrx_word' id='word_1_918' title='bbox 768 4547 870 4593; x_wconf 91' lang='lat' dir='ltr'>etc.</span> <span class='ocrx_word' id='word_1_919' title='bbox 902 4539 1041 4593; x_wconf 86' lang='lat' dir='ltr'>Enn.</span> 
     </span>
    </p>
   </div>
  </div>
