3992 6174
269 391 355 451 641

1543 384 1736 446 LIBER
1765 387 1920 448 ADV.
1984 389 2013 447 Ι
2019 389 2265 448 υῡιΕΟΞ.

3442 401 3548 460 642

266 517 376 607 lius,
433 515 628 607 inquit,
681 513 858 607 Mpysi
907 521 1023 570 tum
1069 512 1120 551 ³⁸
1290 511 1484 607 angelo
1533 510 1858 607 praefocatus
1886 529 1932 607 Α
1962 513 2075 582 ﬁlii
2103 515 2392 583 scelerati,
2427 515 2812 590 dereliquistis
2835 520 3035 586 Deum,
3058 527 3113 578 et
3134 525 3197 578 in
3219 523 3560 595 indignatio-

267 605 466 669 fuisset,
503 604 549 660 si
580 619 692 660 non
724 601 942 659 Seffora
970 610 1137 658 mater
1156 601 1276 670 ejus
1296 599 1505 657 calculo
1534 600 1852 672 praeputium

272 694 488 750 infantis
527 692 958 750 circumcidisset
1017 691 1214 763 (Exod.
1256 707 1333 757 tv,
1389 693 1480 756 24,
1521 691 1632 760 25).
1675 691 1852 758 Unde,

269 783 453 855 inquit,
507 780 875 838 maximum29
935 780 1235 852 periculum
1281 787 1384 843 est,
1452 778 1497 832 si
1530 779 1856 847 praeputium

271 870 436 928 carnis
501 870 623 941 quis
671 885 780 925 non
836 868 1252 925 circumciderit.
1285 868 1355 921 Et
1393 867 1518 922 ideo
1548 867 1598 906 ³ο
1625 867 1669 921 si
1707 868 1855 921 salu-

270 969 366 1016 tem
398 958 739 1014 circumcisio
782 959 899 1028 (14)
931 955 1114 1014 603
1153 955 1301 1012 omni
1330 957 1493 1012 modo
1522 955 1755 1011 adferret
1785 955 1853 1023 31,

270 1048 425 1104 etiam
456 1046 573 1116 ipse
617 1046 836 1117 Moyses
865 1047 919 1100 in
973 1044 1088 1100 ﬁlio
1143 1060 1244 1100 suo
1299 1058 1410 1099 non
1457 1043 1858 1111 intermisisset,

267 1133 556 1207 quominus
613 1143 801 1190 octava
857 1133 946 1187 die
987 1131 1402 1189 circumcideret
1443 1147 1587 1199 eum,
1645 1131 1859 1203 quando

266 1228 470 1280 constet
535 1221 800 1277 Sefforam
855 1229 1096 1277 coactam
1153 1221 1221 1274 ab
1250 1219 1441 1292 angelo
1473 1220 1524 1274 id
1573 1218 1766 1275 fecisse
1805 1219 1860 1274 in

267 1312 478 1374 itinere.
537 1310 956 1366 Consideremus
1013 1309 1194 1381 itaque
1248 1309 1392 1380 quod
1456 1323 1564 1364 non
1622 1308 1855 1380 potuerit

268 1404 428 1458 unius
489 1399 710 1457 infantis
790 1407 973 1457 coacta
1043 1398 1380 1454 circumcisio
1451 1399 1599 1454 omni
1659 1398 1860 1470 populo

268 1488 634 1564 praescribere,
665 1497 722 1545 et
751 1488 904 1561 quasi
933 1488 1114 1562 legem
1159 1487 1321 1558 hujus
1361 1488 1616 1558 praecepti
1658 1486 1860 1544 conde-

269 1596 346 1636 re.
397 1580 544 1636 Nam
597 1578 888 1650 providens
924 1578 1074 1633 Deus
1127 1577 1274 1647 quod
1324 1577 1462 1632 hanc
1490 1576 1860 1632 circumcisio-

268 1685 388 1725 nem
437 1669 492 1724 in
559 1667 793 1742 signum,
830 1681 940 1722 non
989 1665 1043 1722 in
1072 1665 1297 1721 salutem
1328 1673 1475 1720 esset
1503 1665 1728 1721 daturus
1758 1680 1859 1737 po-

273 1759 399 1831 pulo
433 1757 622 1822 Israel,
652 1757 854 1813 idcirco
883 1754 1050 1811 ﬁlium
1072 1755 1248 1826 Moysi
1275 1754 1426 1811 ducis
1447 1754 1612 1810 futuri
1633 1754 1858 1828 instigat

274 1847 605 1914 circumcidi,
659 1855 718 1903 ut
762 1861 884 1902 cum
929 1846 1185 1915 coepisset
1215 1860 1311 1914 per
1357 1847 1480 1899 eum
1508 1845 1708 1915 populo
1735 1844 1861 1898 dare

280 1949 601 2010 praeceptum
640 1934 1085 2001 circumcisionis,
1129 1949 1236 1990 non
1265 1942 1652 2003 aspernaretur
1679 1948 1860 2004 pepu-

282 2027 391 2092 lus,
447 2025 635 2082 videns
685 2026 990 2096 exemplum
1048 2023 1192 2080 istud
1243 2022 1298 2077 in
1356 2021 1510 2077 ducis
1536 2021 1648 2078 filio
1677 2022 1726 2060 ³2
1751 2024 1862 2091 jam

275 2114 624 2171 celebratum.
652 2114 779 2170 Dari
807 2114 949 2169 enim
1008 2112 1240 2168 habebat
1285 2110 1640 2177 circumcisio,
1672 2111 1771 2166 sed
1808 2109 1863 2165 in

272 2205 492 2274 signum
543 2221 556 2258 :
616 2202 762 2260 unde
804 2202 968 2257 Israel
1027 2202 1081 2255 in
1138 2199 1434 2257 novissimo
1483 2207 1726 2269 tempore
1774 2198 1863 2253 di-

277 2292 470 2364 gnosci
510 2293 748 2357 haberet,
800 2290 1014 2362 quando
1069 2288 1370 2345 secundum
1418 2305 1514 2343 sua
1567 2287 1754 2343 merita
1808 2287 1864 2342 in

275 2389 514 2438 sanctam
546 2380 814 2437 civitatem
873 2378 1084 2452 ingredi
1125 2379 1528 2450 prohiberetur,
1563 2393 1657 2446 per
1702 2377 1864 2433 verba

275 2473 661 2542 prophetarum
687 2469 979 2524 dicentium
1005 2489 1018 2523 :
1051 2470 1213 2526 Terra
1233 2472 1420 2524 vestra
1448 2467 1690 2530 deserta,
1724 2467 1862 2522 civi-

278 2564 420 2616 tates
441 2563 648 2618 vestra:
670 2559 792 2630 igni
807 2563 1047 2626 exustae,
1075 2559 1362 2629 regionem
1383 2560 1631 2612 vestram
1649 2556 1712 2610 in
1731 2570 1867 2610 con-

274 2654 470 2722 spectu
490 2653 675 2706 vestro
695 2648 872 2705 alieni
890 2646 1202 2712 comedent,
1218 2647 1270 2700 ei
1289 2646 1509 2703 deserta
1529 2648 1585 2701 et
1606 2643 1865 2700 subversa

277 2755 310 2794 a
329 2738 561 2811 populis
590 2737 902 2800 extraneis,
943 2735 1370 2805 derelinquetur
1403 2733 1526 2804 ﬁlia
1555 2734 1689 2789 Sion
1718 2732 1867 2788 sicut

279 2843 406 2883 casa
427 2830 490 2882 in
505 2827 694 2895 vinea,
712 2829 768 2881 et
786 2825 933 2880 sicut
954 2822 1365 2882 custodiarium
1377 2825 1440 2878 in
1453 2822 1864 2888 cucumerario,

280 2922 334 2973 et
383 2919 546 2990 quasi
574 2917 777 2973 civitas
805 2932 928 2987 quae
956 2917 1325 2985 expugnatur
1365 2913 1495 2980 (Isa.
1543 2925 1584 2974 ι,
1613 2913 1668 2983 7,
1701 2913 1770 2978 8).
1803 2909 1870 2964 Et

1962 618 2091 659 nem
2123 604 2363 660 misistis
2391 602 2436 640 ³⁴
2465 605 2739 662 Sanctum
2763 605 2933 664 Israel
2952 607 3113 676 (Ibid.
3136 610 3210 681 4).
3242 611 3368 668 Haec
3387 613 3550 686 igitur

1962 691 2059 746 Dei
2088 692 2426 765 providentia
2455 693 2554 751 fuit
2592 695 2751 750 dandi
2794 694 3254 754 circumcisionem
3287 701 3448 758 Israel
3499 703 3553 757 in

1963 780 2178 850 signum
2213 783 2352 837 unde
2386 782 2636 853 dignosci
2675 794 2871 854 posset,
2913 801 3035 841 cum
3093 788 3371 845 adveniret
3409 801 3550 846 tem-

1968 884 2069 938 pus
2098 886 2207 938 quo
2237 871 2438 926 meritis
2469 871 2582 927 suis
2611 888 2771 942 supra
2811 873 2966 928 dictis
3014 875 3067 928 in
3118 876 3414 932 Jerusalem
3454 880 3555 933 ad-

1967 957 2101 1012 mitti
2162 959 2545 1028 prohiberetur
2592 977 2606 1014 :
2665 962 2810 1031 quod
2867 970 2921 1018 et
2967 963 3095 1035 quia
3150 963 3388 1020 futurum
3421 977 3552 1032 erat,

1965 1048 2330 1114 nuntiabatur,
2389 1058 2443 1104 et
2498 1050 2623 1120 quia
2661 1049 2860 1105 factum
2910 1052 3175 1122 videmus,
3210 1056 3557 1127 reCOgnosci-

1967 1151 2108 1190 mus.
2143 1135 2292 1192 Sicut
2319 1154 2448 1210 ergo
2478 1138 2815 1194 circumcisio
2844 1140 3098 1211 carnalis,
3131 1157 3252 1212 qum
3285 1153 3558 1214 tempora-

1966 1223 2033 1276 lis
2061 1235 2194 1289 erat,
2228 1225 2424 1280 tributa
2451 1233 2531 1280 est
2562 1227 2613 1280 in
2645 1226 2858 1299 signum
2892 1229 3092 1298 pepulo
3131 1232 3454 1296 contumaci,
3488 1231 3562 1286 ita

1967 1313 2224 1383 spiritalis
2252 1314 2375 1370 data
2403 1314 2560 1370 estin
2592 1316 2824 1370 salutem
2853 1320 3059 1388 pepulo
3098 1320 3428 1385 obaudienti,
3475 1320 3556 1374 di-

1967 1411 2123 1459 cente
2143 1403 2402 1474 propheta
2422 1404 2678 1458 Ieremia:
2698 1406 2960 1462 Innovate
2989 1406 3135 1462 vobis
3157 1410 3475 1467 novitatem
3489 1408 3554 1478 ³⁵,

1967 1496 2022 1546 et
2047 1492 2224 1550 nolite
2251 1494 2533 1549 seminare
2553 1495 2616 1548 in
2638 1495 2833 1566 spinis.
2856 1495 3344 1554 Circumcidimini
3362 1501 3488 1563 Deo,
3508 1503 3563 1553 et

1967 1581 2360 1636 circumcidite
2379 1585 2725 1652 prceputium
2755 1583 2938 1640 cordis
2959 1586 3132 1640 vestri
3149 1585 3374 1655 (Jerem.
3397 1600 3477 1650 ιν,
3507 1591 3562 1652 3,

1968 1667 2044 1737 4).
2076 1668 2145 1722 Ει
2165 1667 2269 1722 alio
2301 1667 2421 1724 loco
2451 1668 2579 1723 dicit
2605 1684 2621 1726 :
2655 1673 2792 1726 Ecce
2820 1673 2975 1727 enim
3003 1672 3121 1729 dies
3140 1675 3398 1738 veniunt,
3423 1674 3565 1730 dicit

1967 1758 2258 1820 Dominus,
2299 1761 2354 1812 et
2377 1757 2670 1828 disponam
2699 1758 2893 1815 domui
2921 1761 3068 1816 Inda
3095 1766 3152 1817 et
3178 1761 3372 1819 domui
3401 1764 3563 1819 Jacob

1894 1814 1938 1891 Β
1973 1814 2379 1903 testamentum
2399 1814 2632 1914 novum,
2653 1844 2830 1902 604
2851 1814 2964 1905 non
2985 1814 3420 1921 tale'gua—le'iam

1971 1935 2226 2006 patribus
2256 1951 2447 1993 eorum
2467 1937 2531 1991 in
2561 1936 2652 1992 die
2679 1951 2783 2009 quo
2804 1953 2893 1994 eos
2915 1936 3090 1994 eduxi
3109 1938 3174 1994 de
3197 1941 3353 1994 terra
3375 1941 3569 2012 zEgyp-
3638 1949 3650 1953 ’

1974 2026 2037 2079 ti.
2091 2024 2240 2079 Unde
2304 2023 2659 2097 intelligimus
2708 2033 2764 2080 et
2810 2025 3048 2098 priorem
3102 2025 3568 2083 circumcisionem

1973 2121 2098 2169 tunc
2143 2115 2324 2168 datam
2390 2123 2737 2180 cessaturam,
2777 2123 2830 2171 et
2885 2131 3078 2173 novam
3113 2116 3308 2190 legem,
3339 2131 3447 2170 non
3476 2124 3560 2172 ta-

1971 2203 2073 2257 lem
2126 2205 2340 2274 qualem
2405 2203 2520 2272 jam
2587 2203 2806 2259 dederat
2863 2203 3102 2272 patribus
3169 2220 3563 2275 processuram,

1973 2291 2297 2360 annuntiari,
2328 2291 2464 2348 sicut
2510 2292 2676 2347 Isaias
2713 2291 3021 2361 praedicavit
3063 2292 3272 2360 dicens,
3326 2294 3475 2366 quod
3510 2295 3563 2348 in

1972 2383 2298 2440 novissimis
2336 2382 2527 2438 diebus
2562 2383 2909 2452 manifestus
2955 2386 3196 2453 futurus
3227 2387 3370 2440 esset
3401 2400 3564 2442 mons

1972 2475 2217 2537 Domini,
2257 2476 2314 2528 et
2342 2471 2542 2528 domus
2561 2472 2661 2526 Dei
2694 2487 2865 2542 super
2897 2473 3130 2527 vertices
3159 2474 3450 2529 montium
3472 2494 3491 2530 :
3512 2479 3567 2530 et

1974 2561 2344 2624 exaltabitur,
2367 2558 2556 2631 inquit,
2580 2575 2750 2630 super
2764 2560 2951 2623 colles,
2969 2560 3195 2616 venient
3217 2577 3385 2632 super
3400 2563 3568 2619 illum

1972 2665 2162 2704 omnes
2188 2653 2399 2720 gentes,
2431 2650 2488 2703 et
2517 2646 2895 2702 ambulabunt
2913 2647 3106 2714 multi,
3142 2655 3196 2704 et
3212 2649 3407 2705 dicent
3429 2669 3446 2704 :
3480 2653 3569 2709 Ve-

1975 2738 2116 2802 nite,
2150 2736 2519 2791 ascendamus
2539 2736 2604 2790 in
2630 2737 2885 2791 montem
2917 2737 3160 2800 Domini,
3184 2739 3320 2792 etin
3343 2738 3569 2796 domum

1977 2827 2074 2882 Dei
2101 2827 2264 2881 Jacob
2293 2826 2429 2894 (Isa.
2462 2840 2524 2891 ιι,
2556 2827 2610 2892 2,
2636 2823 2685 2891 3)
2709 2841 2721 2880 ε
2747 2838 2856 2878 non
2884 2821 2939 2877 in
2967 2823 3108 2878 Esau
3149 2825 3342 2892 prioris
3371 2825 3468 2880 lilii
3503 2828 3568 2891 36,

1977 2913 2071 2968 sed
2109 2913 2164 2967 in
2205 2913 2371 2968 Jacob
2405 2914 2700 2985 sequentis,
2734 2912 2789 2966 id
2833 2923 2916 2970 est
2971 2913 3153 2985 pepuli
3187 2913 3379 2985 nostri,
3413 2918 3572 2986 cujus

286 3008 408 3062 ideo
446 3005 776 3076 subsequens
805 3018 981 3059 sermo
1031 3003 1306 3074 prephetae
1343 3001 1633 3070 exprobrat
1669 2998 1750 3055 eis
1778 2999 1867 3053 di-
1903 3015 1946 3094 ε
1980 3017 2136 3057 mons
2172 3000 2416 3057 Christus
2445 3009 2530 3056 est
2558 3001 2679 3057 sine
2713 3001 2959 3056 manibus
2990 3002 3393 3061 concidentium
3427 3021 3572 3077 prae-

284 3111 450 3151 cens:
483 3095 652 3150 Filios
671 3093 935 3164 generavi
963 3096 1016 3147 et
1056 3090 1328 3155 exaltavi,
1356 3090 1466 3160 ipsi
1486 3091 1679 3145 autem
1707 3103 1869 3159 spre-

287 3187 500 3239 verunt
524 3199 612 3241 me
641 3181 687 3218 ³³
714 3181 872 3253 (Ibid.
896 3180 974 3251 2).
1007 3178 1072 3233 Et
1100 3178 1293 3234 iterum
1325 3196 1339 3235 :
1373 3180 1446 3234 Et
1475 3177 1525 3234 si
1553 3177 1876 3234 extenderi-

285 3275 364 3328 tis
417 3287 647 3339 manus,
681 3273 937 3328 avertam
972 3269 1182 3340 faciem
1212 3284 1398 3324 meam
1429 3284 1465 3323 a
1494 3267 1638 3325 vobis
1666 3284 1685 3321 :
1725 3269 1781 3324 et
1827 3267 1878 3322 si

283 3360 814 3434 multiplicaveritis
825 3373 1038 3431 preces,
1061 3374 1176 3414 non
1198 3357 1506 3415 exaudiam
1527 3366 1653 3418 vos:
1673 3372 1878 3412 manus

283 3453 443 3508 enim
472 3452 676 3507 vestrae
694 3447 966 3519 sanguine
982 3447 1169 3518 plenae
1197 3449 1334 3502 sunt
1363 3443 1516 3514 (Ibid.
1544 3447 1657 3514 15).
1684 3445 1750 3500 Ει
1776 3445 1878 3500 ite-

282 3556 404 3596 rum
448 3556 463 3595 :
498 3540 603 3609 Vw,
624 3554 757 3610 gens
783 3537 1096 3611 peccatrix,
1123 3537 1364 3609 papulas
1378 3536 1585 3608 plenus
1609 3536 1876 3606 peccatis,

1981 3089 2146 3155 cisus,
2179 3088 2412 3159 implens
2446 3104 2666 3144 omnem
2711 3095 2930 3154 terram,
2961 3089 3103 3160 apud
3159 3091 3436 3147 Danielem
3485 3108 3574 3148 os-

1983 3185 2167 3234 tensus
2225 3180 2389 3248 (Dan.
2447 3191 2508 3244 ιι,
2567 3179 2657 3243 34,
2690 3179 2807 3248 37).
2865 3177 3128 3250 Denique,
3161 3195 3228 3234 ex
3269 3183 3368 3237 hac
3414 3181 3576 3238 domo

1986 3267 2084 3322 Dei
2137 3268 2324 3340 Jacob,
2383 3266 2542 3322 etiam
2591 3266 2766 3336 legem
2822 3281 3014 3321 novam
3057 3281 3428 3337 processuram
3490 3285 3576 3324 se-

1987 3357 2274 3426 quentibus
2320 3355 2498 3413 verbis
2554 3353 2834 3409 annuntiat
2861 3353 3050 3410 Esaias
3078 3355 3394 3411 dicenszDe
3445 3358 3580 3414 Sion

1989 3447 2134 3501 enim
2164 3447 2318 3503 exiet
2336 3445 2383 3483 37
2407 3445 2521 3511 (ex,
2544 3448 2600 3502 et
2620 3443 2847 3501 verbum
2867 3445 3094 3502 Domini
3112 3459 3184 3500 ea:
3202 3446 3579 3514 Hierusalem,

1992 3540 2046 3591 et
2067 3534 2353 3606 judicabit
2379 3530 2536 3591 inter
2552 3537 2740 3607 gentes
2769 3534 2902 3606 (Isa.
2943 3549 3002 3601 ιι,
3036 3536 3107 3602 6),
3145 3533 3200 3589 id
3226 3543 3309 3591 est
3330 3533 3466 3592 inter
3487 3551 3586 3592 eos

1651 3657 1848 3721 Variae
1894 3656 2203 3722 lectiones.

359 3769 414 3807 2⁸
442 3768 576 3840 cum
600 3767 770 3840 Seml.
807 3766 858 3806 39
881 3764 1317 3840 Circumcisionis
1345 3764 1637 3840 maaimum
1671 3765 1828 3840 Pam.
1863 3765 2032 3822 Seml.
2065 3763 2116 3806 ³ο
2139 3766 2337 3840 Atquin
2368 3767 2486 3824 cod.
2528 3769 2690 3840 Fuld.
2737 3764 2933 3840 Rig._31
2964 3765 3151 3840 Adfert
3203 3769 3363 3824 Pam.
3404 3770 3580 3827 Rhen.

283 3841 338 3879 32
375 3838 608 3921 _de_icis
625 3838 858 3921 "filium"
896 3836 1484 3921 Bhen.'0berth.’33n
1510 3836 2245 3921 Ilepgpbaveruntmecod}
2303 3839 2582 3921 F_uld_._3f
2632 3840 2712 3921 ad
2769 3836 3190 3911 indignationem
3245 3842 3583 3915 provocastis

286 3911 393 3969 cod
414 3911 580 3968 Fuld.
624 3910 673 3950 35
701 3909 1008 3968 Novitatem
1051 3909 1203 3966 abest
1226 3925 1260 3964 a
1286 3908 1404 3967 cod.
1438 3907 1602 3964 Fuldi
1631 3907 1680 3947 35
1705 3907 1892 3978 Populi
1925 3909 2144 3968 Oberth.
2199 3911 2368 3969 Seml.
2401 3910 2448 3950 3"
2476 3912 2590 3967 Erit
2621 3914 2795 3967 Fran.

1674 4005 2172 4072 Commentarius.

282 4113 437 4170 istud
514 4111 904 4186 Eucharistiam
981 4109 1313 4186 significasse
1397 4109 1625 4186 t_ra_dunt_
1646 4182 1655 4186 _
1686 4111 1890 4186 antiqui

283 4201 514 4252 omnes;
565 4184 783 4256 quibus,
844 4182 1176 4256 praeteriens
1222 4199 1357 4253 quos
1406 4182 1886 4256 habetARigaltius,

288 4258 435 4311 addo
466 4253 803 4312 Clementem
834 4253 1125 4311 Alexandr.
1159 4257 1368 4311 Strom.
1408 4269 1485 4308 vr.
1525 4253 1736 4308 Dicitur
1767 4255 1891 4308 Mel-

290 4328 586 4384 chisedech
621 4344 711 4384 rex
742 4327 926 4392 fuisse,
959 4325 1086 4398 quia
1134 4326 1481 4398 apud_varias
1509 4335 1693 4398 gentes
1732 4340 1889 4398 reges

289 4400 400 4470 ipsi
455 4399 768 4455 sacerdotes
824 4395 993 4453 erant
1023 4406 1076 4454 et
1131 4395 1434 4470 sacrificuli.
1469 4395 1582 4470 _I)e
1613 4395 1890 4470 Immanis

287 4466 666 4598 grtissimutn
698 4470 804 4538 ;ad
847 4485 1008 4541 quem
1055 4483 1258 4524 morem
1290 4467 1586 4538 respiciens
1613 4466 1888 4537 Virgilius,

362 4558 538 4598 n.1u.
569 4551 681 4597 ait:

362 4561 428 4599 n.
450 4558 538 4610 ιιι,
569 4551 681 4597 ait:

355 4656 484 4730 Rex’
499 4664 683 4725 Anius,
714 4677 800 4715 rex
825 4662 962 4714 idem
993 4661 1275 4721 hominum,
1329 4659 1605 4726 Phoebique
1638 4657 1891 4709 sacerdos.

1547 4742 1618 4794 LE
1647 4741 1736 4791 Pa.

375 4840 494 4909 (14)
531 4839 598 4893 Et
625 4837 745 4893 ideo
776 4837 826 4892 si
852 4837 1099 4893 salutem
1128 4837 1501 4909 circumcisio.
1524 4835 1710 4909 Datam
1731 4831 1898 4887 fuisse

293 4907 776 4966 circumcisionem
827 4909 881 4962 in
947 4910 1162 4977 signum
1220 4907 1468 4977 baptismi
1512 4908 1898 4977 tuenturnon-

293 4983 473 5051 nulli;
537 4980 624 5034 hic
663 4994 810 5051 vero
867 4973 1077 5051 Auctor
1134 4978 1264 5032 illud
1291 4973 1461 5051 'cum_
1486 4978 1670 5051 aliquo
1707 4973 1898 5051 discri-

292 5047 470 5108 mine'
504 5049 720 5106 asserit.
791 5051 852 5104 In
907 5050 1319 5105 circumcisione
1375 5047 1587 5119 quidem
1657 5049 1900 5119 remitte-

294 5122 463 5179 batur
515 5121 748 5194 originis
792 5129 1093 5194 peccatum,
1129 5121 1227 5194 sed
1261 5135 1366 5174 non
1393 5116 1903 5194 percireumcisiof

295 5208 426 5248 nem
458 5201 519 5249 ut
551 5185 652 5265 per
711 5185 1231 5265 baptismum,fquia
1289 5185 1422 5265 time
1472 5189 1524 5244 id
1545 5187 1804 5265 flebatuex
1851 5185 1904 5241 vi

297 5266 448 5335 pacti
479 5282 512 5318 a
552 5258 686 5320 'Deo
733 5258 849 5318 initi
895 5279 1020 5318 cum
1059 5258 1276 5318 Judaeis.
1309 5262 1366 5314 ln
1405 5258 1904 5335 quo_Tertulli_anus

297 5331 550 5409 sequitur
585 5338 907 5409 Apostolum
965 5335 1032 5389 ad
1098 5335 1371 5409 Rom._tv.
1414 5333 1491 5409 In;
1523 5331 1618 5385 Pn.
1653 5361 1720 5409 —_-
1747 5331 1906 5384 Errat

301 5401 546 5464 fortasse
599 5401 669 5462 Le
719 5406 903 5461 Prieur
956 5421 1205 5461 asserens
1261 5403 1648 5457 Tertullianum
1697 5401 1749 5456 in
1805 5414 1906 5456 eo-

299 5493 427 5533 rum
477 5478 654 5535 l'uisse
710 5478 998 5542 sententia,
1061 5477 1169 5548 qui,
1210 5472 1602 5548 circumcisioni
1653 5470 1906 5548 baptismi

301 5551 559 5606 tribuunt
587 5549 818 5606 effectus
846 5543 1126 5614 salutares,
1160 5547 1288 5602 licet
1324 5562 1454 5602 cum
1484 5545 1670 5616 aliquo
1716 5543 1912 5616 discri-

299 5626 491 5685 mine,
529 5629 588 5675 ut
619 5621 744 5692 ipse
773 5620 865 5675 ait.
909 5613 1126 5677 Auente
1179 5613 1668 5692 enimcaputboc
1696 5613 1909 5692 tertium

303 5683 659 5765 perlegenti'
683 5694 881 5764 patebit
917 5697 1210 5748 Auctorem
1248 5683 1800 5761 petius'existimasse
1837 5683 1910 5738 ri-

2000 4120 2110 4168 tum
2148 4115 2292 4170 hunc
2328 4113 2610 4169 Iudaicum
2641 4111 2771 4168 nihil
2808 4112 2875 4169 ad
2907 4113 3132 4169 salutem
3179 4115 3445 4183 conferre,
3477 4118 3589 4175 cir-

1997 4185 2387 4240 cumcisionem
2407 4185 2658 4255 inquiens
2695 4185 2859 4257 aDeo
2885 4185 3067 4257 datam
3103 4187 3166 4240 in
3195 4189 3442 4257 signum,
3473 4205 3591 4246 non

1997 4257 2062 4311 in
2087 4257 2375 4328 salutem;
2435 4254 2609 4328 paulo,
2637 4254 2887 4325 superius
2941 4255 3184 4328 dixerat:
3234 4254 3261 4307 ἑ
3289 4254 3593 4328 Acceperat

2002 4327 2317 4398 (Abraham)
2363 4326 2843 4398 circumcisionem,
2895 4328 2966 4398 in,
3006 4326 3313 4398 signum...,
3381 4326 3487 4385 non
3536 4331 3592 4386 in

2003 4398 2191 4471 salutis
2255 4397 2687 4471 prmrogativam.
2732 4415 2762 4471 ag
2806 4397 3075 4471 Eamdem'
3118 4398 3430 4471 opinionem
3474 4417 3592 4456 am.

2002 4470 2197 4541 plexati
2224 4465 2372 4543 sunt
2411 4465 2608 4543 omnes
2652 4465 3003 4543 ecclesiastici
3030 4465 3318 4543 scriptores
3343 4473 3434 4543 qui
3464 4484 3592 4529 ante

2007 4537 2377 4614 "Augustinum
2399 4541 2650 4596 ﬂoruere.
2676 4538 2882 4614 Primus
2910 4538 3050 4614 enim
3081 4537 3224 4614 inter
3251 4537 3438 4614 omnes
3469 4544 3593 4612 Hip-

2005 4609 2262 4685 ponensis
2296 4613 2590 4685 epiSCOpus
2618 4627 2655 4685 a
2667 4609 3087 4685 circumcisione
3113 4610 3279 4663 deleri
3311 4609 3589 4685 peccatum

2005 4680 2234 4757 originis
2271 4680 2580 4741 afﬁrmavit.
2605 4681 2792 4757 rI_|_lum_
2825 4680 2882 4757 S_.
2913 4680 3200 4757 Doctorem
3240 4680 3406 4737 secuti
3467 4693 3592 4757 sunt

2005 4749 2305 4826 Grégorius
2333 4757 2558 4827 Magnus
2598 4753 2814 4827 (Morel.
2855 4752 2949 4827 in_
2966 4750 3081 4827 Job,
3111 4749 3210 4827 lib.
3250 4767 3327 4827 tv_,
3360 4768 3475 4822 cap.
3508 4755 3589 4827 _3),

2005 4828 2062 4883 S.
2113 4821 2446 4900 Fulgentius:
2504 4821 2837 4900 venerabilis
2899 4821 3115 4900 _Be(_la,_
3289 4821 3593 4900 Bernartius

2005 4893 2282 4970 (pass-ini),
2309 4896 2651 4970 Innocentius
2681 4896 2770 4963 lli,
2801 4903 2854 4949 et
2879 4893 3118 4970 theologi
3147 4893 3246 4970 vi_ri
3277 4911 3385 4970 n_on
3415 4894 3591 4970 pauci.

2007 4964 2064 5025 In
2123 4964 2428 5042 Oppositam
2493 4967 2740 5042 abierunt
2788 4964 3233 5042 sententiamﬁ.
3265 4967 3341 5042 _.l.
3389 4964 3596 5042 __Chry-

2010 5034 2285 5096 sostonius
2315 5041 2400 5110 (in
2435 5041 2568 5095 Gen.
2604 5040 2746 5110 hom.
2783 5039 2896 5107 39),
2929 5037 2985 5091 S.
3021 5034 3346 5110 Epiphanius
3378 5034 3591 5108 (haeres.

2010 5115 2120 5182 30),
2153 5112 2209 5166 S.
2264 5107 2624 5181 Hieronymus
2652 5109 2773 5182 (lib,
2804 5111 2917 5182 [Ain
2948 5109 3126 5182 Epist.
3163 5107 3248 5182 _ad
3279 5111 3501 5182 Galat.),
3533 5111 3592 5165 S.

2009 5177 2246 5238 Joannes
2291 5177 2672 5253 Damascenus‘
2699 5179 2786 5250 (de
2813 5179 2947 5253 ﬁde
2970 5177 3194 5237 Orthod.
3231 5181 3340 5253 lib.
3369 5196 3444 5253 tv,
3467 5177 3594 5253 cap.

2011 5254 2128 5327 25),
2163 5263 2320 5326 atque
2356 5252 2764 5327 aliiitheologia;
2793 5249 2973 5327 periti,
3007 5259 3145 5305 notae
3176 5266 3282 5305 non
3325 5249 3600 5327 inferioris

2012 5321 2122 5382 nec
2159 5321 2383 5381 numero
2434 5321 2969 5396 despiciendi.'_Addi
2996 5329 3172 5396 potest
3199 5323 3337 5396 quod
3349 5324 3450 5396 ,‘_s_i_
3467 5337 3600 5396 pec-

2013 5408 2192 5454 catum
2239 5397 2500 5469 originale
2538 5391 2745 5469 "deleret
2785 5391 3140 5469 circumcisio,
3171 5391 3260 5448 alii
3322 5391 3598 5469 nihilemi-

2015 5487 2118 5525 nus
2174 5461 2370 5541 praesto
2400 5477 2559 5541 erant
2580 5468 2714 5541 ritus
2755 5481 2920 5541 teque
2977 5462 3241 5528 efficaces,
3293 5479 3342 5519 v.
3373 5461 3601 5541 g._fides

2056 5533 2321 5609 arentum,
2392 5537 2679 5602 sacrificia;
2719 5533 2953 5606 alioquin
2983 5542 3176 5609 actum
3241 5533 3397 5609 esset
3426 5533 3494 5587 de
3521 5550 3606 5609 ea:

2056 5559 2321 5609 arentum,
2392 5559 2679 5602 sacrmcra;
2719 5559 2953 5606 auuqum
2998 5559 3176 5590 autum
3241 5559 3384 5587 esset.
3426 5559 3494 5587 uc
3521 5559 3606 5590 3a-

2019 5559 2129 5667 rute
2181 5611 2494 5666 feminarum
2523 5610 2786 5675 omnium,
2820 5622 2885 5660 ac
2924 5605 3083 5680 etiam
3130 5604 3488 5680 masculorum
3515 5608 3607 5680 qui

2025 5684 2094 5737 ad
2125 5682 2269 5737 diem
2288 5688 2536 5738 octavum
2565 5694 2673 5735 non
2709 5674 3110 5748 pervenissent.
3140 5674 3283 5729 Enn.
