4016 6188
418 388 523 446 643

1131 373 1571 436 TERTULLIANI
1607 370 1872 432 OPERUM
1908 368 2076 428 PARS
2138 368 2204 427 Il.
2243 401 2312 409 —-
2344 366 2573 426 SERIES
2609 368 2652 438 Ι,
2692 367 3036 429 POLEMICA.

3610 373 3716 432 644

419 511 511 582 qui
540 526 607 565 ex
636 507 889 581 gentibus
917 519 1102 560 sumus
1135 501 1314 559 vocati
1344 506 1435 560 :et
1466 499 1784 563 concident,
1814 496 2007 568 inquit,
2040 513 2088 592 Α
2117 493 2239 551 facti
2271 511 2458 592 sumus
2476 495 2710 567 populus
2736 497 2879 566 ejus,
2914 495 3228 592 accipiendo
3257 512 3452 554 novam
3473 499 3719 576 legem“3

418 598 627 671 gladios
647 612 773 653 suos
790 597 851 652 in
873 598 1094 661 aratra,
1121 598 1175 649 et
1209 594 1431 649 lanceas
1461 608 1591 647 suas
1621 591 1684 644 in
1726 587 1921 659 falces,
1953 588 2008 641 et

420 702 536 744 non
582 687 822 759 accipiet
867 700 1001 756 gens
1030 699 1200 755 super
1253 685 1474 754 gentem
1511 680 1785 753 gladium,
1810 680 1864 733 et
1894 679 2020 749 jam

421 793 533 836 non
588 777 809 833 discent
837 774 886 813 ³⁸
913 773 1173 847 ρνιεὶίανὶ
1201 772 1405 843 (Ibid).
1443 770 1611 842 igitur
1654 769 2022 841 intelliguntur

420 866 512 921 alii
555 882 716 938 quam
775 880 893 935 nos,
924 868 1036 936 qui,
1069 879 1209 918 nova
1237 862 1359 934 lege
1398 862 1595 926 edocti,
1628 859 1731 915 ista
1757 859 2020 914 observa-

423 972 564 1022 mus,
597 955 899 1010 oblitterata
927 953 1092 1010 veteri
1122 954 1262 1026 lege,
1301 950 1455 1020 cujus
1491 949 1839 1005 abolitionem
1871 946 2022 1001 futu—

424 1061 541 1100 ram
603 1051 755 1100 actus
811 1044 924 1112 ipse
980 1044 1314 1098 demonstrat
1341 1040 1408 1096 ³9.
1442 1041 1576 1095 Nam
1607 1047 1763 1096 vetus
1815 1038 1898 1091 lex
1945 1033 2025 1088 ul-

424 1135 569 1190 tione
607 1132 771 1206 gladii
816 1148 876 1188 se
933 1131 1278 1198 vindicabat,
1341 1136 1397 1186 et
1443 1129 1658 1183 oculum
1711 1143 1809 1198 pro
1866 1123 2023 1179 oculo

422 1228 645 1281 eruebat
709 1222 909 1294 (Exod.
950 1237 1077 1287 xxx,
1141 1223 1237 1290 25;
1272 1221 1446 1276 Leuit.
1504 1235 1665 1289 xxxv,
1709 1220 1808 1281 20;
1854 1216 2018 1270 Deut.

423 1330 548 1379 xxx,
582 1315 695 1383 2t),
754 1321 807 1367 et
858 1312 1145 1366 vindictam
1197 1307 1407 1379 injuriae
1461 1307 1837 1363 retribuebat:
1887 1319 2024 1359 nova

423 1410 601 1457 autem
641 1401 730 1457 lex
758 1401 809 1439 4ο
857 1399 1197 1456 clementiam
1256 1398 1597 1469 designabat,
1645 1404 1701 1451 et
1746 1393 1876 1450 belli
1908 1392 2024 1464 pri-

424 1493 566 1547 stina
592 1490 647 1545 in
672 1489 901 1546 aemulos
929 1487 1094 1560 legis,
1126 1495 1180 1542 et
1206 1487 1379 1543 hostis
1404 1487 1801 1542 exsecutionem
1827 1483 1875 1520 41
1910 1483 2024 1551 (15)

425 1593 481 1647 in
531 1577 785 1651 pacificos
812 1571 983 1632 actus
1028 1576 1079 1614 42
1109 1576 1324 1629 arandae
1364 1582 1416 1631 et
1459 1573 1696 1629 colendae
1746 1582 1907 1626 terrae
1938 1586 2027 1625 re-

426 1667 708 1726 formabat.
742 1666 930 1740 Igitur,
966 1666 1106 1722 sicut
1135 1680 1302 1735 supra
1349 1662 1706 1727 ostendimus,
1740 1660 1885 1731 quod
1933 1676 2029 1716 ve-

428 1770 511 1814 tus
550 1759 639 1814 lex
675 1762 728 1811 et
783 1752 1127 1812 circumcisio
1177 1751 1410 1808 carnalis
1448 1759 1720 1806 cessatura
1774 1764 2026 1821 pronun-

426 1848 553 1904 tiata
582 1857 686 1916 est,
726 1846 798 1900 ita
827 1851 883 1899 et
910 1857 1063 1899 novae
1109 1841 1246 1912 legis
1285 1847 1338 1895 et
1377 1836 1642 1911 Spiritalis
1667 1836 2032 1893 circumcisio;

427 1939 512 1994 nis
539 1933 898 1998 observantia,
934 1934 987 1987 in
1015 1930 1170 2004 pacis
1215 1928 1470 2002 obsequia
1508 1926 1679 1984 eluxit
1730 1944 1744 1982 :
1777 1928 2030 2000 Populus

428 2028 595 2089 enim,
625 2023 814 2095 inquit,
848 2038 1010 2095 quem
1057 2037 1170 2077 non
1212 2035 1482 2076 noveram
1510 2018 1741 2075 servivit
1769 2017 1939 2084 mihi,
1971 2018 2033 2073 in

431 2113 692 2172 obauditu
724 2112 886 2167 auris
914 2109 1203 2166 obaudivit
1231 2125 1321 2164 me
1354 2106 1529 2176 (Psal.
1563 2120 1699 2174 xvu,
1742 2105 1853 2176 29).
1896 2105 2032 2161 Pro-

434 2204 607 2272 phetas
649 2201 1110 2255 adnuutiaverunt.
1164 2196 1297 2265 Quis
1349 2204 1528 2251 autem
1557 2204 1640 2251 est
1680 2195 1912 2265 p0pulus
1942 2192 2034 2265 qui

433 2292 607 2346 Deum
665 2286 970 2359 ignorabat,
1003 2284 1110 2340 nisi
1164 2293 1372 2350 noster,
1403 2285 1494 2355 qui
1546 2292 1688 2338 retro
1735 2282 1908 2335 Deum
1938 2296 2032 2337 ne-

437 2378 739 2434 sciebamus
764 2375 792 2429 ?
818 2384 870 2432 et
898 2375 1023 2446 quis
1051 2374 1105 2430 in
1133 2374 1327 2429 auditu
1356 2373 1501 2428 auris
1534 2372 1723 2438 audiit,
1764 2371 1867 2426 nisi
1907 2386 2027 2437 nos,

434 2467 546 2541 qui,
596 2464 798 2521 relictis
838 2464 1016 2532 idolis,
1047 2464 1113 2517 ad
1142 2464 1315 2518 Deum
1345 2460 1593 2517 conversi
1624 2476 1813 2514 sumus
1842 2461 1869 2513 ‘2
1894 2460 2030 2514 Nam

433 2554 599 2609 Israel
663 2553 756 2627 qui
815 2555 926 2609 Deo
984 2553 1163 2608 fuerat
1208 2552 1482 2624 cognitus,
1523 2548 1725 2621 quique
1779 2548 1845 2602 ab
1875 2564 1941 2604 eo
1974 2548 2027 2603 in

433 2642 666 2716 Egypto
696 2643 961 2697 exaltatus
1017 2639 1208 2705 fuerat,
1251 2648 1304 2693 et
1360 2654 1455 2708 per
1492 2637 1833 2708 Erythrmum
1886 2636 2029 2706 pela-

432 2748 560 2805 gum
613 2733 726 2801 (16)
788 2740 1122 2797 transvectus
1176 2723 1357 2783 605
1394 2734 1477 2781 est
1506 2725 1702 2797 (Exod.
1737 2740 1858 2791 xxv,
1910 2728 2023 2796 22),

433 2822 633 2894 quique
680 2821 734 2874 in
780 2834 963 2875 eremo
1018 2834 1212 2874 manna
1268 2815 1478 2871 cibatus
1537 2815 1737 2887 (Ea‘od.
1798 2831 1915 2884 xvr,
1958 2819 2026 2871 13

432 2911 624 2984 seqq.),
658 2908 1007 2981 quadraginta
1052 2905 1207 2960 annis
1246 2905 1310 2958 ad
1363 2905 1531 2959 instar
1589 2903 1901 2959 mternitatis
1932 2919 2020 2958 re-

434 2998 642 3063 dactus,
683 3013 782 3050 nec
812 2995 1058 3048 humanis
1098 2991 1445 3066 passionibus
1488 2992 1901 3059 contaminatus,
1929 2999 2024 3048 aut

2126 602 2288 654 supra
2317 584 2537 652 dictam,
2589 594 2644 640 et
2689 601 2883 644 novam
2922 586 3389 645 circumcisionem
3428 597 3551 645 ante
3585 605 3722 659 prae-

2128 674 2348 732 dictam.

2734 888 2959 945 CAPUT
2989 888 3079 948 IV.

2204 1029 2457 1102 Sequitur
2485 1030 2684 1101 itaque,
2718 1039 2794 1098 ut,
2837 1038 3108 1104 quatenus
3139 1029 3566 1089 circumcisionis
3602 1049 3722 1090 car-

2132 1117 2269 1173 nalis
2297 1127 2349 1172 et
2379 1119 2516 1190 legis
2573 1119 2767 1178 veteris
2822 1119 3040 1176 abolitio
3076 1129 3344 1192 expuncta
3370 1122 3483 1177 suis
3526 1131 3725 1193 tempo-

2132 1206 2285 1265 ribus
2324 1207 2719 1265 demonstratur
2749 1210 2886 1281 (17),
2917 1209 2990 1264 ita
3027 1209 3235 1265 sabbati
3285 1226 3507 1284 quoque
3537 1213 3726 1268 obser-

2131 1297 2276 1354 vatio
2334 1298 2654 1367 temporaria
2706 1299 2756 1337 44
2828 1298 2995 1355 fuisse
3050 1298 3469 1355 demonstretur.
3529 1302 3725 1358 Dicunt

2133 1388 2276 1445 enim
2323 1389 2492 1444 Judaei
2545 1387 2689 1461 quod
2726 1404 2757 1443 a
2785 1387 3082 1460 primordio
3138 1387 3551 1446 sanctificaverit
3583 1391 3731 1448 Deus

2136 1478 2275 1532 diem
2333 1482 2640 1549 septimum,
2700 1478 3094 1549 requiescendo
3138 1478 3195 1532 in
3240 1492 3308 1533 eo
3361 1479 3431 1534 ab
3476 1480 3729 1537 omnibus

2136 1567 2392 1638 Operibus
2423 1567 2539 1623 suis
2583 1583 2704 1638 qua:
2751 1566 2893 1631 fecit,
2927 1572 2979 1622 et
3009 1565 3132 1622 inde
3162 1565 3324 1623 etiam
3376 1568 3596 1638 Moysen
3640 1571 3731 1625 di-

2135 1656 2277 1709 xisse
2316 1654 2383 1709 ad
2423 1654 2691 1727 populum
2734 1672 2749 1709 :
2790 1656 3121 1712 Mementote
3146 1654 3295 1711 diem
3323 1656 3731 1727 Sabbatorum;

2136 1745 2488 1815 sanctiﬁcate
2511 1760 2660 1802 eum.
2689 1744 2859 1801 Omne
2886 1761 3023 1817 Opus
3053 1745 3252 1801 servile
3269 1762 3386 1802 non
3412 1748 3644 1817 facietis
3664 1750 3731 1805 in

2139 1849 2197 1890 eo
2222 1832 2424 1903 (Exod.
2445 1849 2547 1904 xx,
2571 1836 2647 1905 8),
2661 1838 3050 1906 praeterquam
3069 1835 3212 1908 quod
3233 1836 3306 1892 ad
3324 1838 3578 1894 animam
3592 1855 3732 1911 per-

2066 1906 2109 1984 Β
2143 1924 2306 1980 tinet.
2351 1922 2505 1979 Unde
2530 1939 2629 1979 nos
2668 1922 3020 1993 intelligimus
3059 1906 3232 2000 magis
3270 1906 3611 1983 sabbatizare
3633 1942 3736 1983 nos
3768 1946 3779 1957 ν

2141 2012 2209 2066 ab
2265 2012 2410 2067 omni
2469 2027 2637 2084 opere
2679 2010 2855 2070 servili
2892 2026 3106 2082 semper
3135 2014 3357 2081 debere,
3389 2023 3441 2071 et
3469 2030 3573 2071 non
3610 2027 3735 2071 tan-

2142 2108 2255 2157 tum
2286 2101 2515 2173 septimo
2544 2117 2762 2175 quoque
2792 2102 2900 2167 die,
2932 2103 3027 2157 sed
3067 2118 3163 2173 per
3191 2119 3349 2160 omne
3380 2113 3615 2177 tempus.
3656 2107 3737 2161 Ac

2142 2207 2238 2261 per
2269 2192 2372 2246 hoc
2410 2192 2758 2263 quaerendum
2788 2191 2945 2245 nobis
2974 2190 3120 2262 quod
3150 2193 3435 2248 sabbatum
3461 2209 3560 2249 nos
3588 2194 3738 2251 Deus

2141 2280 2303 2339 vellet
2328 2282 2617 2338 cnstodire.
2647 2281 2784 2337 Nam
2812 2279 3104 2337 Sabbatum
3135 2290 3414 2349 aeternum,
3446 2294 3500 2338 et
3528 2283 3737 2339 Sabbu-

2138 2378 2253 2425 tum
2325 2372 2623 2441 temporale
2669 2369 2961 2440 Scriptura:
3022 2370 3327 2444 designant.
3376 2372 3524 2429 Dicit
3586 2373 3735 2429 enim

2137 2459 2301 2513 Isaias
2346 2460 2609 2532 prOpheta
2651 2458 2938 2516 :Sabbata
2965 2462 3149 2516 vestra
3196 2461 3314 2516 odit
3359 2463 3556 2516 anima
3604 2479 3738 2520 mea

2137 2549 2269 2619 (Isa.
2304 2564 2341 2614 ι,
2377 2550 2487 2620 14).
2515 2549 2580 2603 Et
2607 2548 2712 2603 alio
2741 2550 2858 2606 loco
2893 2548 3023 2605 dicit
3053 2567 3065 2603 :
3101 2548 3339 2607 Sabbata
3376 2567 3501 2607 mea
3540 2555 3739 2623 profa-

2138 2638 2321 2693 nastis
2348 2637 2570 2706 (Ezech.
2593 2652 2730 2705 χχιι,
2755 2639 2832 2709 8).
2861 2636 3015 2693 Unde
3054 2637 3422 2711 dignoscimus
3441 2641 3735 2695 Sabbatum

2136 2726 2431 2799 temporale
2480 2743 2601 2783 esse
2653 2728 2971 2793 humanum,
3014 2733 3068 2783 et
3111 2727 3408 2784 Sabbatum
3468 2740 3737 2785 Internum

2133 2815 2337 2872 censeri
2383 2814 2642 2883 divinum,
2676 2815 2742 2870 de
2771 2832 2877 2887 quo
2907 2831 3004 2887 per
3056 2817 3250 2873 Isaiam
3293 2818 3552 2890 praedicat
3588 2839 3610 2876 :
3663 2824 3741 2877 Et

2133 2907 2263 2970 erit,
2282 2904 2476 2975 inquit,
2498 2908 2705 2962 mensis
2726 2922 2798 2963 ex
2814 2923 3026 2974 mense,
3061 2910 3117 2963 et
3146 2906 3260 2963 dies
3289 2907 3354 2964 de
3373 2908 3482 2978 die,
3506 2911 3561 2965 et
3593 2910 3732 2966 Sab-

2133 2997 2328 3052 batum
2356 2995 2423 3052 de
2458 2994 2693 3052 Sabbato
2724 3000 2780 3052 et
2806 2998 2987 3052 veniet
3015 2998 3199 3052 omnis
3234 3012 3364 3055 caro
3396 2997 3637 3055 adorare
3666 3001 3733 3055 in

433 3085 613 3142 saeculi
643 3084 803 3152 hujus
846 3082 952 3137 cibi
1008 3092 1215 3153 pastus,
1265 3080 1361 3136 sed
1429 3083 1744 3155 angelorum
1798 3082 2030 3154 panibus
2060 3082 2102 3160 θ
2135 3084 2502 3156 Hierusalem,
2533 3084 2672 3141 dicit
2712 3085 2984 3142 Dominus
3027 3086 3159 3156 (lsa.
3197 3101 3346 3155 va1,
3404 3089 3521 3156 23).
3566 3085 3731 3155 Quod

429 3175 603 3245 (Psal.
660 3171 864 3243 Lxxvu)
919 3188 1111 3226 manna
1166 3171 1402 3241 cibatus,
1459 3171 1697 3241 satisque
1748 3170 2023 3227 beneﬁciis

429 3264 545 3319 Deo
572 3261 866 3334 obligatus,
898 3261 1116 3317 Domini
1155 3268 1207 3317 et
1237 3260 1337 3316 Dei
1368 3261 1449 3316 sui
1481 3260 1680 3317 oblitus
1712 3268 1812 3326 est,
1837 3262 2024 3317 dicens

430 3355 497 3409 ad
540 3352 722 3408 Aaron
768 3354 924 3408 :Fac
977 3352 1132 3408 nobis
1185 3351 1313 3408 deos
1367 3354 1464 3423 qui
1519 3369 1618 3408 nos
1651 3352 2025 3425 praecedant:

430 3441 641 3517 Moyses
688 3444 843 3498 enim
887 3444 1006 3513 ille,
1041 3444 1136 3515 qui
1172 3456 1274 3497 nos
1303 3443 1468 3513 ejecit
1495 3440 1559 3494 de
1600 3445 1754 3497 terra
1784 3443 2029 3513 zEgypti,

433 3532 728 3606 dereliquit
748 3548 870 3598 nos,
894 3535 949 3588 et
971 3531 1103 3605 quid
1124 3531 1216 3585 illi
1238 3530 1506 3586 acciderit
1524 3529 1806 3585 nescimus
1826 3530 2027 3601 (Exod.

432 3635 620 3692 xxxn,
664 3622 738 3691 1).
776 3621 848 3675 Ει
881 3620 1002 3676 ideo
1040 3634 1160 3688 nos,
1201 3619 1293 3691 qui
1323 3633 1431 3673 non
1462 3618 1696 3689 papulus
1734 3618 1834 3673 Dei
1864 3626 2030 3686 retro,

2132 3173 2479 3248 intelligimus
2533 3174 2882 3245 adimpletum
2934 3174 3269 3245 temporibus
3299 3174 3513 3240 Christi,
3557 3192 3733 3247 quan-

2135 3263 2204 3318 do
2252 3264 2425 3318 omnis
2470 3277 2618 3333 caro,
2650 3262 2704 3316 id
2731 3271 2811 3317 est
2846 3262 3022 3319 omnis
3050 3278 3207 3334 gens,
3239 3264 3460 3319 adorare
3490 3262 3545 3317 in
3573 3264 3731 3321 Jeru-

2136 3350 2301 3405 salem
2355 3351 2500 3407 venit
2551 3351 2722 3406 Deum
2765 3353 2998 3418 Patrem,
3062 3367 3159 3423 per
3213 3353 3396 3407 .lesum
3453 3352 3727 3408 Christum

2140 3440 2331 3495 Filium
2360 3441 2496 3510 ejus,
2529 3439 2666 3494 sicut
2696 3456 2793 3512 per
2823 3441 3138 3511 prophetam
3171 3442 3520 3511 praedicatum
3547 3439 3738 3499 606

2140 3540 2223 3586 est
2254 3547 2267 3584 :
2302 3532 2439 3587 Ecce
2461 3530 2732 3602 proselyti
2746 3546 2850 3602 per
2868 3547 2960 3587 me
2983 3529 3054 3585 ad
3078 3534 3132 3587 te
3160 3532 3323 3588 ibunt
3345 3534 3457 3601 (18)
3486 3533 3612 3600 (lsa.
3637 3547 3738 3601 ιιι,

2146 3617 2253 3689 13).
2289 3618 2378 3673 Sic
2404 3617 2564 3690 igitur
2592 3625 2714 3673 ante
2743 3618 2846 3674 hoc
2873 3617 3169 3676 Sabbatum
3214 3618 3505 3692 temporale
3540 3628 3659 3676 erat
3684 3625 3740 3675 et

1831 3759 2023 3824 Variae
2060 3765 2370 3824 lectiones.

507 3868 556 3907 38
584 3866 1095 3941 DicenturAOberth.
1155 3864 1324 3941 Scml.
1359 3864 1409 3903 ³2
1464 3867 1756 3941 Punctum
1786 3866 2139 3941 interrogem
2168 3868 2324 3925 abest
2365 3884 2401 3922 a
2431 3868 2598 3941 Sami.
2633 3872 2699 3941 et
2733 3867 2952 3941 Oberth.
2986 3868 3177 3941 “Lex
3222 3868 3373 3927 abest
3410 3886 3446 3926 a
3476 3870 3649 3928 Rhen.
3682 3873 3739 3927 et

444 3939 662 4012 Oberth.
699 3938 754 4012 ’ξίῄ
773 3938 988 4012 Belliet
1019 3936 1320 4012 pristinam,
1349 3944 1403 4012 et
1433 3938 1677 4012 aemulos,
1702 3945 1765 4012 et
1791 3936 2381 4012 hostem'exsecutione
2402 3939 2520 3997 cod.
2554 3939 2721 3996 Fuld.
2752 3940 2801 3977 42
2823 3940 2883 3994 In
2915 3939 3158 4012 pacificis
3186 3949 3336 3997 actus
3361 3941 3482 3999 cod.
3516 3943 3737 4002 Divion.

438 4011 574 4065 “Et
646 4010 807 4065 addit
853 4008 1030 4066 Rhen.
1093 4006 1313 4064 Oberth.
1354 4008 1402 4045 4|"
1434 4007 1765 4079 Temporalis
1795 4010 1970 4066 Rhen.
2019 4010 2240 4068 Oberth.

1834 4134 2336 4200 Commentarius.

511 4242 629 4313 (15)
654 4244 725 4298 Et
755 4241 933 4297 hostis
962 4242 1404 4313 exsecutionem.
1441 4261 1464 4291 ι
1499 4240 2039 4310 Exsecutionem,in-

440 4311 554 4385 quit
612 4311 919 4382 Rhenanus,
961 4327 1058 4382 pro
1091 4311 1620 4385 persecptionemr»
1681 4316 1819 4368 sicut
1859 4314 1954 4368 lib.
2022 4330 2041 4369 ι

441 4386 708 4441 adversus
758 4385 1087 4441 Marcionem
1128 4401 1146 4438 :

479 4470 611 4510 uam'
632 4454 826 4511 delicta
869 4472 975 4509 non
1039 4456 1313 4522 exsequi?
1351 4476 1371 4503 ιι
1410 4454 1463 4509 id
1509 4462 1588 4510 est
1608 4454 1723 4510 non
1768 4456 2039 4526 persequi.

442 4473 506 4581 ἓι
537 4525 760 4581 ibidem.
785 4529 943 4581 paulo
973 4534 1115 4581 ante.
1148 4527 1512 4581 exsecutione
1542 4528 1688 4581 mali
1710 4546 1729 4581 :
1751 4543 1815 4581 ac
1836 4538 2039 4581 postea.

490 4542 506 4579 t
537 4525 760 4593 ibidem,
785 4529 943 4598 paulo
973 4534 1119 4598 ante,
1148 4527 1512 4583 exsecutione
1542 4528 1688 4582 mali
1710 4546 1729 4583 :
1751 4543 1815 4583 ac
1836 4525 2039 4598 postea,

445 4597 1022 4663 exsecutore’delicti,
1070 4597 1125 4651 id
1156 4605 1238 4651 est
1262 4598 1466 4667 judice.
1502 4598 1639 4654 PAM.

515 4670 633 4743 (16)
682 4673 750 4727 Et
774 4687 879 4743 per
908 4671 1263 4741 Erythraeam
1292 4672 1572 4743 pelagum,
1615 4678 1718 4726 etc.
1761 4667 2042 4743 Disputant

446 4740 599 4812 multi
648 4757 715 4795 an
774 4740 929 4797 'marc
961 4740 1417 4812 Erythrmuin’seu
1455 4742 1694 4795 Rubrum
1723 4742 1901 4795 colore
1931 4740 2040 4795 dif-

441 4810 642 4867 ferata
700 4814 833 4868 mari
881 4810 1057 4867 vicino
1113 4821 1208 4865 aut
1250 4810 1358 4866 alio
1407 4811 1666 4883 quolibet.
1706 4812 1860 4881 Quod
1909 4828 2043 4867 non-

443 4883 583 4938 nulli
667 4890 871 4954 putant,
952 4898 1244 4955 causasque
1290 4899 1423 4954 quas
1468 4894 1693 4955 possunt
1762 4883 2041 4938 commini-

443 4962 688 5021 scuntur,
748 4962 967 5023 propter
1022 4954 1230 5010 scilicet
1285 4955 1469 5008 coralli
1542 4954 1927 5009 abundantiam
1982 4956 2036 5009 in

444 5024 615 5097 fundo
668 5025 1019 5090 adhaerentis,
1074 5032 1293 5097 propter
1325 5028 1692 5097 terraeiubraz
1716 5027 2038 5081 vicinitatem

446 5110 557 5165 qua
585 5094 764 5150 littora
812 5094 1189 5165 complentur,'
1220 5107 1271 5153 et
1324 5096 1612 5151 ﬂuentibus
1667 5100 1820 5168 aquis
1858 5100 2039 5153 sorbe-

445 5174 534 5221 tur
584 5182 793 5239 suoque
846 5170 1025 5222 colore
1074 5184 1239 5239 aquas
1294 5169 1412 5223 illas
1459 5169 1671 5239 inﬁcit;
1705 5170 1858 5223 mitto
1906 5168 2040 5222 alias

443 5252 639 5292 causas
665 5237 746 5307 [ut
794 5253 904 5293 non
946 5237 1139 5293 minus
1183 5239 1266 5293 his
1327 5237 1664 5309 probabiles,
1701 5252 1861 5309 atque
1910 5241 2040 5309 Ery-

441 5309 674 5363 thraeum
731 5325 878 5365 mare
929 5313 1173 5379 ejusdem
1203 5312 1399 5365 coloris
1429 5327 1549 5364 cum
1584 5310 1691 5364 alio
1722 5311 1853 5363 mari
1886 5319 2033 5377 puto,

438 5379 732 5453 locumque
789 5398 852 5436 ex
915 5382 984 5451 Q.
1052 5381 1235 5437 Curtio
1290 5381 1521 5444 adduco,
1578 5381 1804 5453 lib.vut
1839 5397 1863 5453 :7
1900 5382 2039 5453 {Ab

439 5451 674 5523 Erythro
723 5468 854 5525 rege
892 5453 1137 5525 inditum
1166 5460 1273 5525 gest
1325 5466 1542 5506 nomen.
1582 5471 1603 5500 ι)
1648 5452 1714 5504 de
1731 5452 1875 5525 mari
1900 5451 2035 5525 Ery-_

437 5521 611 5580 tbrmo
659 5539 762 5579 seu
788 5521 989 5578 'rubro
1032 5523 1359 5594 loquitur,_e
1426 5528 1648 5594 prepter
1684 5521 2034 5594 quodigna’ri

439 5595 642 5666 rubere
673 5599 840 5666 aquas
871 5591 1179 5666 creduntIJ»
1212 5595 1277 5647 Et
1304 5591 1401 5647 lib.
1429 5591 1487 5660 7x,
1531 5591 1718 5648 atatim‘
1747 5595 1815 5648 ab
1842 5591 2031 5651 initio:

441 5682 470 5715 α
508 5664 738 5719 Caetera
772 5665 965 5722 incolis
1015 5664 1361 5721 crediderant
1394 5680 1408 5736 ;
1436 5668 1577 5722 inter
1622 5682 1743 5738 quae
1797 5666 2033 5724 Rubrum

1209 4403 1231 4434 α
1264 4380 1421 4456 Quid,
1462 4369 1692 4456 denique
1737 4384 2042 4441 adulantius
2076 4369 2121 4446 Β

2151 4258 2317 4308 mare,
2368 4256 2475 4317 non
2525 4257 2563 4317 _a
2591 4242 2800 4317 Aeolore
2826 4242 3113 4308 undarum,
3165 4252 3220 4300 ut
3266 4244 3505 4317 plerique
3550 4244 3744 4301 crede-

2150 4323 2286 4388 rent,
2344 4314 2436 4370 sed
2492 4315 2559 4388 ab
2591 4314 2816 4388 Erythro
2869 4331 2995 4388 rege
3051 4314 3331 4388 appellari.
3374 4314 3507 4372 {La
3534 4318 3638 4371 Pa.
3668 4346 3741 4358 —

2150 4385 2401 4456 Plinium,
2460 4385 2536 4461 uti
2581 4384 2734 4452 solet,
2794 4384 3044 4461 imitatus,
3080 4384 3172 4461 qui
3203 4388 3559 4461 Erythraeam
3588 4403 3747 4461 mare

2151 4464 2427 4529 nuncupat
2463 4456 2577 4530 (lib.
2610 4474 2684 4525 v1,
2723 4473 2842 4530 cap.
2874 4460 2964 4530 23)
3003 4456 3144 4528 quod
3202 4456 3302 4514 nos
3326 4462 3571 4517 Rubrum
3602 4458 3745 4516 dici-

2151 4544 2294 4593 mus,
2327 4528 2484 4583 sicuti
2517 4528 2825 4599 Dionysius.
2859 4529 2924 4584 de
2954 4530 3079 4586 Situ
3100 4531 3261 4587 orbis.
3292 4532 3436 4585 Pam.

2225 4601 2335 4675 (17)
2367 4600 2517 4669 Legis
2546 4600 2747 4675 veteris
2777 4600 3001 4675 abolitio
3031 4606 3320 4675 egpuncta
3346 4604 3462 4659 suis
3476 4607 3747 4675 tempori-

2153 4671 2253 4727 bus
2291 4670 2742 4728 demonstratur.
2796 4670 3004 4742 Sequor
3057 4670 3297 4729 Rhenani
3351 4670 3748 4742 interpretatio-

2149 4758 2292 4810 nem,
2324 4742 2422 4817 qui_
2446 4742 2591 4817 idem
2627 4756 2748 4795 esse
2786 4753 2968 4797 censet
2996 4760 3058 4800 ac
3086 4744 3419 4817 adimpleta,
3467 4742 3748 4816 Expuncta

2150 4812 2351 4882 nempe
2400 4812 2503 4887 fuit
2546 4812 2629 4866 lex
2657 4822 2841 4887 _vetus,
2886 4831 3027 4869 nova
3061 4812 3499 4887 superveniente.
3532 4812 3628 4871 Est
3654 4832 3749 4870 au-

2150 4891 2252 4959 tem
2311 4882 2620 4959 metaphora
2643 4882 2832 4959 forsan
2889 4890 3046 4959 ducta
3075 4882 3145 4940 ali
3171 4888 3402 4959 antiquis
3448 4887 3745 4942 imperato-

2149 4955 2317 5019 ribus,
2351 4956 2442 5025 qui
2492 4955 2750 5011 dissoluta
2796 4957 3013 5012 nomina
3067 4958 3119 5013 in
3167 4955 3363 5014 tabulis
3395 4961 3589 5014 ceratis
3645 4974 3744 5015 seu

2150 5025 2337 5099 diariis
2368 5041 2524 5081 \erso
2555 5029 2688 5097 stylo
2719 5029 3116 5099 expungebant.
3140 5031 3217 5084 LE
3248 5031 3339 5085 Pa.

2220 5097 2493 5172 (18)_Ecce
2512 5097 2793 5170 proselyti
2807 5097 2911 5172 per
2925 5116 3015 5155 me
3043 5100 3116 5156 ad
3146 5106 3199 5158 te
3227 5101 3410 5157 ibunt.
3437 5101 3574 5156 Citat
3599 5116 3750 5157 eam-

2147 5166 2267 5243 dem
2315 5166 2832 5243 'Scripturainflib',
2877 5186 2936 5225 ιιι
2959 5172 3183 5229 Advers.
3219 5174 3405 5241 Mam,
3460 5182 3514 5229 et
3573 5173 3742 5243 paulo

2148 5239 2308 5294 latius
2365 5239 2611 5314 explicit,
2671 5243 2985 5296 nominatim
3036 5243 3184 5299 Isaiae
3232 5239 3529 5314 ascribens,
3577 5239 3744 5314 apud

2148 5326 2307 5379 quem
2343 5312 2581 5386 _reperiri
2630 5314 2784 5386 juxta
2835 5314 3182 5385 Septuaginta
3237 5312 3553 5386 interpretes
3595 5312 3742 5386 (cap.

2146 5387 2246 5451 ιιι)
2294 5382 2615 5455 adnotarunt
2657 5382 2920 5455 quidam,'
2947 5382 3051 5439 sed
3081 5386 3277 5442 ibidem
3317 5382 3573 5442 hactenus
3604 5382 3744 5444 'ndn

2145 5453 2341 5531 reperi.
2394 5453 2536 5531 Ρᾼιι.
2575 5453 3019 5531 Αέ-ίιιιιοηόθὺδι
3065 5456 3198 5514 forte
3225 5458 3585 5515 Tertullianus
3615 5475 3741 5531 cap.

2143 5539 2210 5582 LV
2239 5525 2343 5580 Isa.
2372 5541 2424 5603 v,
2458 5529 2490 5581 5
2517 5541 2530 5580 :
2558 5527 2756 5603 Gentes
2784 5543 2906 5603 quae
2936 5532 2990 5585 te
3018 5546 3131 5603 non
3159 5534 3553 5603 cOgnoverunt,
3585 5531 3663 5587 ad
3685 5525 3746 5591 te

2141 5601 2380 5654 current
2400 5602 2634 5671 propter
2659 5599 3001 5672 Dominum;
3028 5601 3111 5658 vel
3136 5599 3283 5671 sane,
3316 5618 3435 5674 cap.
3466 5603 3558 5657 60.
3598 5602 3744 5663 Enn.
