4016 6188
233 347 337 407 645

229 570 506 643 quomodo
554 577 611 625 et
657 576 780 623 ante
816 566 1283 624 circumcisionem
1332 568 1597 625 carnalem
1644 569 1745 624 fuit
1790 584 1844 635 οι

230 660 489 732 spiritalis
526 657 872 714 circumcisio
916 665 1267 729 praeostensa.
1306 658 1550 730 Denique
1587 658 1839 727 doceant,

229 749 386 806 sicuti
440 750 557 817 jam
624 746 903 820 praelocuti
957 763 1163 815 sumus,
1220 748 1396 803 Adam
1453 748 1838 817 sabbatizasse;

231 847 322 895 aut
365 838 508 893 Abel
554 836 786 893 hostiam
824 837 936 891 Deo
972 848 1211 893 sanctam
1248 836 1591 905 offerentem,
1635 836 1843 892 sabbati

158 960 167 973 ο
233 914 496 999 religione
537 924 836 999 placuisse;
887 932 982 980 aut
1028 925 1212 981 Enoch
1253 927 1574 982 translatum
1622 923 1842 981 Sabbati

234 1018 504 1073 cultorem
585 1016 780 1085 fuisse;
813 1021 903 1070 aut
955 1015 1073 1071 Noe
1129 1032 1267 1073 arcas
1312 1017 1683 1073 fabricatorem
1726 1030 1848 1088 pro-

234 1115 354 1180 pter
413 1104 677 1161 diluvium
734 1105 1073 1175 immensum,
1142 1105 1434 1161 Sabbatum
1502 1107 1839 1171 observasse;

232 1203 325 1250 aut
370 1194 650 1250 Abraham
679 1193 734 1248 in
773 1194 1151 1249 observatione
1195 1194 1415 1251 Sabbati
1468 1196 1621 1251 Isaac
1676 1193 1846 1249 ﬁlium

230 1298 389 1338 suum
427 1282 727 1351 obtulisse;
768 1290 862 1337 aut
905 1282 1291 1338 Melchisedech
1343 1283 1396 1338 in
1445 1298 1547 1339 suo
1589 1284 1845 1340 sacerdo-

231 1374 310 1430 tio
357 1375 539 1447 legem
587 1370 811 1426 Sabbati
857 1370 1145 1441 accepisse.
1198 1372 1304 1428 Sed
1352 1373 1546 1428 dicturi
1594 1382 1719 1429 sunt
1753 1373 1847 1428 Ju-

232 1461 360 1532 daei,
403 1477 470 1518 ex
498 1477 607 1532 quo
636 1461 745 1516 hoc
779 1468 1102 1532 praeceptum
1131 1460 1314 1517 datum
1346 1472 1431 1517 est
1468 1479 1566 1533 per
1601 1465 1845 1534 Moysen,

226 1552 430 1609 exinde
477 1549 875 1605 observandum
924 1549 1105 1609 fuisse.
1148 1550 1483 1608 Manifestum
1529 1561 1610 1608 est
1646 1553 1849 1626 itaque,

230 1656 340 1696 non
380 1647 663 1705 aeternum,
697 1654 799 1694 nec
843 1638 1105 1711 spiritale,
1163 1640 1260 1695 sed
1319 1641 1616 1710 temporale
1678 1641 1849 1696 fuisse

232 1735 596 1800 praeceptum,
667 1727 816 1800 quod
879 1727 1202 1801 quandoque
1280 1737 1532 1785 cessaret.
1607 1730 1851 1801 Denique

1542 344 1736 404 LIBER
1778 345 1930 404 ADV.
1999 345 2278 406 JUDIEOS.

232 473 524 533 Sabbatnm
604 477 899 527 aeternum.
930 477 1321 542 praeostensum
1387 478 1442 526 et
1494 469 1834 542 praedictum,
1866 488 1913 567 Α

3453 356 3560 429 616

2017 473 2105 529 Sic
2150 480 2201 530 et
2237 474 2498 531 sacriﬁcia
2536 483 2868 534 terrenarum
2915 481 3245 539 oblationum
3283 491 3337 539 et
3385 483 3555 554 spiri-

1948 562 2171 618 tualium
2199 564 2582 620 sacrificiorum
2632 567 2922 636 praedicata
2973 570 3019 607 ⁸η
3069 572 3419 629 ostendimus.
3483 573 3555 627 Et

1948 652 2171 722 quidem
2208 670 2239 708 a
2280 653 2570 724 primordio
2608 654 2828 725 majoris
2854 656 2971 723 ﬁlii,
3001 657 3056 712 id
3097 669 3177 715 est
3218 661 3398 729 Israel,
3444 670 3552 718 ter-

1947 758 2074 796 rena
2118 741 2287 797 fuisse
2316 743 2368 797 in
2416 743 2547 799 Cain
2579 755 2912 816 praeoslensa
2953 748 3255 817 sacrificia;
3291 759 3344 805 et
3374 752 3550 806 mino-

1948 829 2023 885 ris
2055 830 2146 884 filii
2179 831 2339 903 Abel,
2370 832 2423 886 id
2469 842 2553 888 est
2595 835 2775 903 populi
2821 835 3009 900 nostri,
3043 837 3308 892 sacriﬁcia
3336 839 3550 896 diversa
3634 863 3644 869 ·

1949 917 2333 975 demonstrata.
2384 921 2626 994 Namque
2658 925 2844 996 major
2879 928 3025 981 natu
3059 927 3198 983 Cain
3249 926 3316 984 de
3352 929 3551 999 fructu

1953 1019 2122 1074 terra:
2150 1018 2355 1075 obtulit
2374 1036 2620 1077 munera
2642 1024 2765 1086 Deo,
2789 1024 2979 1079 minor
3007 1039 3134 1081 vero
3149 1025 3309 1093 ﬁlius
3336 1025 3466 1082 Abel
3487 1026 3553 1082 de

1951 1109 2149 1178 fructu
2187 1110 2376 1164 ovium
2404 1126 2659 1166 suarum.
2684 1114 2950 1183 Respexit
2975 1115 3121 1170 Deus
3152 1114 3214 1168 in
3243 1114 3372 1170 Abel
3400 1116 3457 1172 et
3490 1117 3553 1171 in

1953 1211 2192 1252 munera
2215 1197 2359 1266 ejus,
2389 1199 2453 1253 in
2480 1200 2616 1255 Cain
2645 1203 2841 1257 autem
2860 1205 2915 1255 et
2940 1202 3001 1255 in
3028 1216 3273 1257 munera
3297 1202 3418 1273 ejus
3440 1218 3556 1259 non

1951 1285 2219 1355 respexit.
2260 1287 2331 1340 Et
2360 1285 2511 1342 dixit
2550 1290 2693 1344 Deus
2742 1287 2812 1343 ad
2861 1288 2999 1345 Cain
3023 1309 3040 1344 :
3078 1290 3263 1358 Quare
3307 1289 3558 1347 concidit

1954 1374 2145 1430 vultus
2168 1375 2333 1430 tuus?
2350 1390 2535 1431 nonne
2551 1377 2601 1431 si
2621 1379 2768 1432 recte
2783 1377 3001 1448 quidem
3021 1380 3253 1448 offeras,
3270 1394 3384 1434 non
3407 1381 3559 1435 recte

1957 1467 2151 1520 autem
2186 1464 2422 1529 dividas,
2449 1466 2738 1536 peccasti?
2777 1468 2997 1538 quiesce
3018 1486 3037 1523 :
3070 1465 3142 1522 ad
3173 1470 3227 1522 te
3245 1468 3398 1523 enim
3419 1483 3556 1523 con-

1958 1554 2136 1609 versio
2166 1555 2284 1617 tua,
2320 1559 2375 1607 et
2412 1555 2531 1624 ipse
2570 1557 2660 1610 tui
2687 1554 3091 1611 dominabitur.
3126 1558 3195 1611 Et
3237 1559 3376 1612 tunc
3407 1555 3560 1611 dixit

1962 1641 2098 1697 Cain
2148 1638 2220 1693 ad
2249 1642 2374 1697 Abel
2400 1643 2647 1711 fratrem
2682 1660 2849 1698 suum
2872 1663 2890 1699 :
2924 1647 3128 1701 Eamus
3168 1647 3230 1700 in
3267 1661 3562 1717 campum.

1960 1731 2028 1783 Et
2059 1727 2199 1783 abiit
2229 1745 2359 1784 cum
2406 1744 2467 1785 eo
2498 1730 2638 1793 illic,
2689 1733 2747 1785 et
2783 1732 3076 1801 interfecit
3113 1749 3263 1789 eum.
3304 1735 3374 1788 Et
3421 1737 3560 1787 tunc

235 1818 382 1914 adeo
426 1832 534 1872 non
572 1816 627 1913 in
666 1815 945 1914 vacatione
993 1816 1222 1914 sabbati,
1256 1816 1310 1871 id
1347 1826 1429 1874 est
1464 1817 1578 1872 diei
1616 1819 1848 1889 septimi,
1887 1837 1930 1914 Β
1960 1825 2110 1881 dixit
2140 1828 2281 1882 Deus
2318 1825 2389 1880 ad
2432 1828 2572 1883 Cain
2595 1846 2614 1883 :
2647 1828 2740 1884 Ubi
2776 1832 2860 1882 est
2898 1828 3028 1883 Abel
3056 1830 3238 1898 frater
3278 1833 3452 1884 tuus?
3493 1831 3563 1885 Et

240 1905 366 1960 haec
409 1905 712 1961 solemnitas
750 1904 1071 1960 celebranda
1117 1913 1219 1970 est,
1266 1913 1327 1961 ut
1361 1906 1519 1962 Jesus
1566 1907 1734 1975 Nave,
1787 1923 1853 1962 eo

246 2002 502 2065 tempore
538 2009 639 2065 quo
672 1994 920 2050 Hiericho
967 1994 1235 2052 civitatem
1273 1995 1594 2067 depellebat,
1648 2012 1853 2068 praece-

236 2089 401 2154 ptum
451 2083 555 2139 sibi
583 2098 613 2137 a
650 2084 760 2138 Deo
800 2083 1023 2150 diceret,
1067 2084 1146 2138 uti
1194 2083 1396 2154 pepulo
1436 2085 1733 2153 mandaret,
1790 2089 1856 2142 ut

234 2173 563 2230 sacerdotes
583 2189 776 2229 arcam
796 2175 1122 2231 testamenti
1144 2175 1248 2229 Dei
1271 2190 1364 2246 sep
1374 2179 1487 2230 tem
1526 2176 1716 2233 diebus
1746 2178 1854 2232 cir-

236 2264 605 2333 cumferrent
639 2262 705 2317 in
742 2263 986 2319 circuitu
1008 2263 1260 2318 civitatis
1278 2267 1477 2334 ;atque
1498 2265 1602 2330 ita,
1625 2253 1855 2336 septimi

235 2352 353 2409 diei
380 2352 637 2407 circuitu
652 2355 904 2424 peracto,
927 2356 1125 2424 sponte
1146 2356 1383 2410 ruerent
1419 2356 1574 2409 muri
1601 2355 1855 2410 civitatis

237 2442 459 2513 (Iosue,
498 2456 578 2505 v1,
629 2442 664 2495 4
710 2443 850 2512 seq).
899 2441 1059 2512 Quod
1104 2441 1179 2496 ita
1221 2441 1420 2497 factum
1465 2453 1583 2511 est;
1612 2451 1664 2499 et
1702 2442 1854 2500 ﬁnito

236 2531 417 2602 spatio
456 2528 569 2585 diei
615 2528 846 2600 septimi,
892 2532 1027 2587 sicut
1074 2529 1390 2602 praedictum
1455 2538 1591 2597 erat,
1634 2538 1857 2587 ruerunt

238 2618 382 2674 muri
430 2617 687 2675 civitatis.
732 2619 813 2674 Ex
842 2634 949 2690 quo
992 2618 1268 2675 manifeste
1303 2620 1610 2676 ostenditur
1649 2621 1704 2675 in
1755 2637 1853 2676 nu-

238 2723 395 2766 mero
434 2708 666 2763 istorum
704 2708 912 2763 dierum
955 2717 1162 2780 septem
1212 2708 1502 2766 incurrisse
1540 2711 1684 2765 diem
1722 2712 1853 2766 sab-

241 2799 352 2854 bati
386 2806 635 2869 :septem
678 2796 818 2852 enim
860 2798 975 2853 dies
1019 2799 1398 2868 undecumque
1435 2799 1651 2856 initium
1697 2815 1856 2856 acce-

243 2886 447 2958 perint,
479 2886 700 2944 Sabbati
732 2887 871 2943 diem
900 2903 1084 2944 secum
1113 2889 1437 2946 concludant
1473 2906 1696 2947 necesse
1752 2899 1852 2955 est,

246 2990 357 3045 quo
385 2975 478 3030 die
514 2991 623 3031 non
653 2983 860 3032 tantum
888 2977 1198 3034 sacerdotes
1242 2977 1351 3033 sint
1395 2980 1622 3048 operati,
1660 2977 1758 3034 sed
1803 2985 1857 3033 et

1961 1916 2113 1972 dixit
2133 1935 2150 1970 :
2174 1918 2363 1972 Nescio
2383 1937 2401 1973 :
2421 1915 2703 1988 numquid
2728 1921 2914 1972 custos
2927 1918 3133 1987 fratris
3152 1919 3267 1973 mei
3284 1934 3409 1974 sum
3430 1914 3561 1989 ego?

1962 2007 2032 2060 Et
2043 2005 2192 2060 dixit
2207 2008 2259 2062 ei
2269 2008 2410 2063 Deus
2431 2025 2449 2060 :
2476 2007 2587 2063 Vox
2606 2006 2904 2077 sanguinis
2923 2005 3127 2075 fratris
3151 2006 3237 2061 tui
3255 2005 3473 2061 clamat
3490 2005 3563 2061 ad

1960 2109 2050 2149 me
2087 2094 2153 2149 de
2193 2099 2346 2151 terra
2377 2114 2395 2151 :
2430 2097 2668 2167 prapter
2704 2095 2845 2169 quod
2880 2095 3190 2152 maledicta
3232 2098 3407 2163 terra,
3441 2111 3564 2166 qua:

1960 2188 2187 2256 aperuit
2206 2201 2262 2240 os
2283 2201 2455 2241 suum
2484 2184 2556 2240 ad
2573 2184 2969 2257 excipiendum
2991 2185 3334 2255 sanguinem
3353 2184 3563 2254 fratris

1961 2273 2072 2328 tui.
2098 2275 2328 2330 Gemens
2352 2279 2410 2329 et
2438 2278 2687 2332 tremens
2717 2275 2829 2332 eris
2859 2288 3032 2345 super
3060 2277 3294 2330 terram.
3312 2275 3383 2329 Et
3410 2271 3563 2328 dixit

1965 2363 2107 2419 Cain
2126 2364 2197 2419 ad
2212 2365 2546 2421 Dominum:
2570 2366 2747 2436 Majus
2766 2364 3042 2420 delictum
3065 2379 3278 2432 meum,
3297 2379 3473 2434 quam
3494 2365 3564 2417 ut

1959 2454 2296 2508 remittatur
2330 2453 2512 2521 mihi;
2544 2458 2600 2509 et
2629 2454 2810 2524 ejicies
2831 2467 2921 2507 me
2950 2451 3107 2509 hodie
3136 2469 3171 2508 a
3200 2452 3349 2522 facie
3371 2455 3560 2528 terrae,

1959 2546 2016 2598 et
2044 2558 2080 2597 α
2107 2543 2255 2613 facie
2286 2547 2387 2598 tua
2413 2543 2737 2608 abseondar,
2769 2547 2825 2600 et
2853 2559 2945 2599 ero
2975 2557 3196 2614 gemens
3226 2545 3283 2597 et
3323 2543 3564 2598 tremens

1959 2647 2128 2703 super
2158 2635 2391 2700 terram,
2436 2636 2493 2687 et
2522 2633 2704 2689 omnis
2746 2633 2842 2703 qui
2878 2647 2968 2687 me
3006 2632 3309 2700 invenerit,
3351 2630 3565 2686 occidet

1965 2721 2128 2790 (Gen.
2161 2724 2264 2790 IV).
2306 2721 2383 2775 Ex
2427 2720 2529 2775 hoc
2566 2720 2731 2791 igitur
2766 2720 3006 2789 duplicia
3046 2719 3279 2773 duorum
3325 2719 3560 2789 p0pulo-

1962 2824 2079 2863 rum
2154 2808 2413 2866 sacrificia
2486 2818 2814 2880 praaostensa
2865 2809 2979 2878 jam
3034 2814 3222 2862 tunca
3265 2804 3563 2877 primordio

1963 2897 2462 2953 animadvertimus.
2488 2897 2752 2970 Denique,
2784 2913 2905 2953 cum
2937 2912 3034 2968 per
3055 2897 3271 2966 Moysen
3303 2895 3361 2949 in
3403 2896 3563 2952 Levi-

1964 2992 2067 3047 tico
2108 2992 2226 3064 (2t)
2266 2991 2350 3047 lex
2379 2993 2725 3047 sacerdotalis
2760 2991 3219 3058 conscriberetur,
3258 2990 3567 3047 invenimus

248 3065 306 3119 in
333 3079 433 3120 ore
465 3064 630 3138 gladii
661 3064 843 3134 praeda
863 3065 1000 3121 facta
1035 3067 1108 3121 sit
1146 3066 1339 3122 civitas
1369 3067 1437 3122 ab
1475 3069 1622 3123 omni
1656 3067 1853 3138 populo

1968 3062 2334 3154 praescriptum
2392 3082 2590 3152 pOpulo
2640 3081 2841 3146 lsraeli,
2891 3088 2949 3135 ut
2996 3078 3257 3135 sacrificia
3304 3078 3453 3136 nullo
3510 3079 3565 3133 in

247 3155 437 3210 Israel.
484 3155 597 3209 Nec
642 3153 866 3209 dubium
896 3164 980 3211 est
1015 3169 1154 3226 opus
1195 3156 1388 3213 servile
1425 3172 1522 3212 eos
1577 3164 1851 3226 Operatos,

248 3260 372 3299 cum
426 3243 639 3313 praedas
685 3243 815 3299 belli
845 3251 1073 3315 agerent
1117 3261 1179 3301 ex
1232 3245 1328 3300 Dei
1376 3255 1667 3317 praecepto.
1716 3245 1855 3299 Nam

249 3343 303 3391 et
337 3333 675 3404 temporibus
703 3334 1131 3390 Machabaeorum
1168 3336 1281 3407 (19)
1316 3335 1565 3391 Sabbatis
1612 3352 1857 3408 pugnan-

248 3424 318 3479 do
355 3422 572 3478 fortiter
600 3421 862 3488 fecerunt,
896 3432 950 3477 et
969 3423 1153 3478 hostes
1187 3424 1493 3494 allophylos
1534 3425 1649 3495 (20)
1687 3441 1857 3495 expu-

247 3518 570 3586 gnaverunt,
616 3512 904 3584 legemque
950 3518 1227 3583 paternam
1276 3513 1344 3568 ad
1400 3514 1686 3584 pristinum
1732 3514 1856 3571 vitae

248 3610 448 3659 statum
501 3602 786 3675 pugnando
831 3600 1079 3658 Sabbatis
1130 3610 1533 3661 revocaverunt.
1590 3605 1702 3662 Nec
1756 3621 1859 3676 pu-

247 3699 358 3747 tem
393 3690 560 3746 aliam
596 3692 769 3762 legem
817 3705 912 3746 eos
941 3690 1270 3758 defendisse,
1305 3691 1412 3748 nisi
1451 3693 1506 3749 in
1535 3710 1644 3767 qua
1673 3695 1740 3749 de
1770 3695 1858 3751 die

248 3779 613 3835 Sabbatorum
660 3778 996 3833 meninerant
1068 3794 1189 3835 esse
1250 3783 1643 3852 praescriptum.
1706 3782 1859 3839 Unde

248 3868 596 3922 manifestum
626 3874 709 3924 est
752 3867 818 3922 ad
851 3874 1063 3940 tempus
1091 3875 1146 3922 et
1194 3871 1476 3940 praesentis
1526 3886 1704 3927 causae
1760 3887 1861 3928 ne-

250 3956 560 4015 cessitatem
626 3956 941 4027 hujusmodi
1006 3954 1179 4014 607
1187 3966 1458 4029 praecepta
1506 3959 1738 4017 valuisse
1782 3960 1857 4028 4⁵,

252 4054 311 4102 et
335 4046 388 4085 46
423 4062 537 4101 non
573 4044 642 4100 ad
687 4046 933 4118 perpetui
973 4045 1234 4119 temporis
1282 4048 1719 4105 observationem
1758 4049 1862 4105 hu-

250 4135 495 4206 jusmodi
516 4134 688 4211 legem
717 4136 796 4192 eis
814 4136 987 4192 Deum
1017 4147 1138 4192 ante
1166 4136 1398 4193 dedisse.

1962 3174 2085 3229 loco
2132 3170 2455 3226 offerrentur
2501 3170 2614 3224 Deo
2653 3184 2815 3239 quam
2853 3168 2908 3222 in
2931 3177 3070 3223 terra
3101 3167 3563 3239 repromissionis,

1963 3277 2123 3334 quam
2172 3259 2432 3314 Dominus
2461 3260 2607 3313 Deus
2634 3257 2856 3312 daturus
2886 3264 3028 3312 esset
3060 3256 3258 3327 populo
3289 3257 3476 3312 lsraeli
3506 3264 3565 3311 et

1964 3349 2222 3405 fratribus
2267 3364 2499 3404 eorum:
2552 3356 2628 3412 ut,
2662 3346 2968 3402 introducto
3017 3345 3207 3416 Israel,
3253 3345 3362 3401 illic
3418 3346 3564 3401 cele-

1964 3440 2246 3495 brarentur
2283 3436 2545 3494 sacrificia
2584 3444 2639 3492 et
2668 3436 2987 3491 holocausta
3035 3440 3146 3489 tam
3187 3449 3285 3504 pro
3334 3431 3570 3504 peccatis

1964 3542 2129 3600 quam
2160 3541 2258 3598 pro
2301 3525 2600 3592 animabus,
2629 3532 2682 3579 et
2737 3539 3006 3594 nusquam
3049 3521 3176 3577 alibi
3220 3519 3324 3577 nisi
3369 3520 3424 3575 in
3464 3527 3571 3575 ter-

1967 3633 2026 3672 ra
2056 3622 2237 3672 sancta
2265 3613 2315 3652 4⁸
2348 3614 2535 3685 (Deut.
2566 3614 2692 3684 xu).
2725 3612 2832 3667 Cur
2859 3611 3036 3682 itaque
3065 3618 3259 3682 postea
3303 3625 3401 3681 per
3430 3624 3568 3679 pro-

1968 3705 2156 3776 phetas
2198 3704 2455 3776 praedicat
2501 3701 2734 3774 Spiritus
2760 3700 2997 3757 futurum
3040 3710 3096 3756 ut
3134 3700 3191 3754 in
3232 3699 3381 3754 omni
3429 3707 3571 3754 terra

1967 3803 2060 3850 aut
2109 3794 2165 3847 in
2212 3792 2360 3848 omni
2400 3792 2521 3848 loco
2575 3790 2875 3847 offerantur
2921 3787 3187 3844 sacriﬁcia
3245 3788 3384 3859 Deo,
3432 3787 3571 3844 sicut

1967 3881 2140 3940 608
2176 3898 2271 3952 per
2296 3880 2606 3937 Malachiam
2634 3878 2883 3952 angelum
2906 3877 3043 3948 (22),
3076 3893 3243 3933 unum
3270 3892 3337 3932 ex
3366 3876 3580 3932 duode-

1969 3974 2077 4029 cim
2114 3972 2408 4046 prophetis,
2449 3971 2581 4026 dicit
2610 3988 2623 4027 :
2659 3972 2778 4027 Non
2825 3970 3099 4041 recipiam
3124 3967 3478 4037 sacriﬁcium
3508 3965 3575 4024 de

1971 4063 2233 4121 manibus
2273 4063 2498 4128 vestris,
2524 4061 2793 4133 quoniam
2827 4059 2894 4115 ab
2924 4060 3140 4118 oriente
3168 4057 3284 4116 sole
3302 4071 3474 4131 usque
3502 4056 3575 4114 ad

338 4302 392 4341 *⁵
440 4302 784 4364 Convaluisse
808 4307 968 4363 Pam.
1000 4305 1180 4364 Rhen.
1226 4305 1446 4365 Oberth.
1477 4306 1529 4346 46
1582 4228 1856 4363 UtYflrdfc‘

1968 4235 2243 4362 Ῐῖυὲἓῗῗτὶ.
2290 4300 2337 4339 4⁷
2388 4297 2648 4356 Praedicta
2693 4299 2886 4356 iidem.
2944 4297 2995 4338 4⁸
3037 4297 3260 4355 Terram
3335 4302 3571 4352 sanctam

267 4375 400 4432 Ven.

1660 4447 2159 4514 Commentarius.

328 4526 445 4598 (19)
500 4528 850 4598 Temporibus
904 4527 1363 4585 Machabworum.
1423 4526 1870 4598 Quandoquidem

250 4595 693 4653 Ma'chabaeorum
728 4600 814 4655 hic
844 4598 1122 4655 historiam
1197 4599 1324 4655 citet
1354 4598 1406 4654 in
1438 4615 1498 4654 re
1545 4595 1691 4669 ﬁdei,
1760 4617 1867 4655 non

253 4670 655 4751 dubiumquin
687 4670 832 4751 illam
878 4687 978 4751 pro
1036 4671 1295 4751 canonica
1339 4670 1614 4751 Scriptura
1661 4687 1871 4741 cogno-

252 4742 411 4812 verit.
451 4742 647 4812 Neque
697 4741 841 4797 enim
880 4741 1074 4796 mirum
1105 4745 1149 4798 si
1188 4743 1241 4796 in
1273 4759 1478 4798 canone
1516 4743 1866 4799 Hebraaomm

248 4811 379 4865 libri
406 4810 506 4887 Ailli
562 4810 1013 4887 nouuhabeantu;
1038 4833 1063 4887 ;
1097 4815 1531 4887 quandoquidem
1579 4816 1867 4887 plusquam

248 4884 460 4956 εξειουιρ
490 4891 616 4953 post
663 4884 810 4938 illum
859 4885 928 4938 ab
958 4884 1131 4940 Esdra
1160 4884 1360 4941 editum
1406 4884 1695 4956 conscripti
1722 4884 1863 4940 sunt.

249 4955 397 5030 Nam
416 4953 569 5030 inter
601 4956 801 5025 Cyrum
829 4956 980 5030 Darii
1011 4972 1377 5030 successorem
1408 4960 1509 5012 sub
1536 4953 1644 5030 quo
1675 4960 1866 5012 Esdras

248 5027 474 5101 claruit,
533 5035 586 5080 et
638 5029 971 5101 Antiochum
1025 5029 1376 5101 Epiphanem,
1440 5027 1700 5098 sub'quo
1758 5031 1871 5083 Ma-

250 5098 492 5167 cbabaei,
526 5098 650 5151 anni
680 5099 1102 5155 intercesserunt
1127 5098 1184 5155 ut
1222 5100 1499 5154 minimum
1542 5103 1663 5153 180.
1725 5101 1861 5155 ΡΑΜ.

330 5170 450 5241 (20)
475 5170 553 5243 Et
584 5170 763 5227 hostes
794 5171 1125 5243 allophylos.
1167 5170 1520 5243 Ἀλλοφύλους.
1562 5171 1736 5225 Graeci
1790 5170 1870 5227 bi-

254 5240 500 5313 bliOrum
541 5241 883 5312 interpretes,
907 5240 1106 5313 'iuquit
1148 5244 1207 5299 Β.
1240 5240 1603 5312 Hieronymus
1640 5245 1723 5311 (in
1756 5244 1862 5298 Isa.

244 5327 386 5383 cap.
443 5312 497 5382 2)
543 5322 669 5368 sunt
712 5312 1065 5384 interpretati,
1119 5329 1216 5383 pro
1263 5315 1594 5383 Philistiim,
1640 5327 1758 5384 quae
1788 5322 1869 5369 est

241 5384 422 5455 hodie
461 5399 597 5455 gens
647 5384 976 5439 Palaestina:
1030 5384 1407 5455 quodipsum
1460 5388 1864 5453 comprobatur,

236 5462 317 5521 ,ει
352 5454 914 5528 in__editione_Latina
956 5454 1329 5528 Septuaginta,
1360 5471 1425 5510 ex
1475 5456 1625 5511 titulo
1671 5455 1868 5512 Psalmi

241 5541 355 5584 LV.
405 5525 611 5582 Verum
670 5526 757 5599 hic
800 5527 854 5582 id
888 5525 1067 5599 refert
1096 5525 1462 5599 ,Tertullianus
1515 5528 1581 5582 ad
1626 5528 1867 5599 Graecos,

241 5604 458 5655 contra
508 5612 646 5670 quos
697 5597 1400 5670 Machabaeiﬂdimicabant,
1456 5614 1520 5655 eo
1570 5599 1717 5670 quod
1760 5597 1867 5658 vox

239 5670 463 5727 Graeca
490 5668 838 5743 alienigenas
877 5668 1144 5745 signiﬁcet
1167 5670 1223 5727 in
1253 5687 1477 5744 genere.
1510 5668 1649 5729 PAit.

1903 4550 1948 4626 Β
2050 4528 2163 4599 (21)
2187 4522 2436 4595 Denique
2457 4538 2587 4600 cum
2615 4534 2719 4591 per
2740 4518 2970 4598 Moysem
2994 4516 3059 4572 in
3088 4520 3347 4576 Leuitico.
3376 4517 3482 4574 Vel
3509 4533 3574 4573 ex

1979 4600 2082 4653 hoc
2128 4599 2246 4652 loco
2290 4603 2433 4653 natet
2470 4593 2697 4647 subinde
2728 4603 2989 4644 memoria
3031 4590 3240 4653 lapsum
3283 4593 3574 4645 Auctorem

2051 4589 2082 4654 ὸ
2128 4589 2246 4652 loco
2290 4589 2433 4666 patet
2470 4589 2697 4647 subinde
2728 4589 2989 4666 memoria
3031 4590 3240 4666 lapsum
3283 4593 3574 4666 Auctorem

1978 4669 2033 4724 in
2074 4659 2304 4725 citandis
2349 4666 2747 4735 Scripturarum
2789 4659 2956 4735 locis,_
2982 4676 3105 4716 cum
3152 4661 3574 4735 hoc_praescrip-

1980 4751 2095 4796 tum
2128 4754 2396 4807 nusquam
2444 4732 2495 4791 in
2521 4734 2753 4790 Levitico
2784 4732 3121 4807 reperiatur,‘
3136 4734 3233 4807 sed
3265 4732 3421 4807 Deut.
3455 4744 3573 4807 _x_n.

1977 4776 2458 4881 ἓουᾶθῖῐὶωὸἔτῖίυθί
2490 4808 2636 4877 quod
2669 4776 2932 4877 suprarc.
2976 4806 3030 4873 3,
3071 4776 3202 4881 ἀὶξὶι
3234 4819 3246 4856 :
3287 4820 3310 4853 ί
3356 4801 3425 4855 Et
3452 4799 3575 4881 ideo

1977 4871 2310 4964 subsequens
2351 4871 2529 4964 sermo
2573 4871 2850 4958 preplfette
2882 4895 2932 4942 ι),
2964 4871 3070 4964 etc.
3130 4875 3263 4930 Cum
3304 4871 3577 4964 praecedat

1975 4972 2039 5012 ea
2070 4946 2722 5025 scripturamiillam'quie
2754 4949 2905 5025 prius
2934 4946 3092 5025 citata
3114 4957 3214 5013 est,
3240 4961 3352 5001 non
3380 4946 3576 5025 subse-

1976 5016 2211 5097 quatur';
2242 5035 2296 5082 et
2333 5024 2470 5078 infra
2504 5043 2516 5080 :
2556 5016 2716 5097 ⁸(Ε)
2756 5016 2886 5076 alibi
2926 5018 3061 5097 _dicit_
3104 5042 3152 5083 η,
3211 5035 3333 5076 cum
3388 5016 3577 5097 eadem

1975 5086 2094 5169 cap.
2128 5086 2483 5169 contineatur.
2547 5092 2705 5169 Quod
2776 5092 2942 5169 semel
2996 5091 3299 5169 adnotasse
3343 5086 3579 5169 sufﬁciat

1975 5161 2162 5224 contra
2207 5168 2405 5223 sciolos
2455 5167 2734 5237 quosdam,
2777 5164 2873 5237 qui
2925 5163 3114 5237 nolunt
3159 5162 3441 5218 admittere
3494 5161 3578 5215 in-

1981 5241 2227 5296 Patribus
2264 5236 2532 5311 ἁμάρτημα
2567 5257 2717 5311 λμνημ
2743 5236 2926 5289 ονικόν.
2967 5236 3107 5291 ΡΑΜ.

2045 5259 2227 5296 ιιτιουδ
2264 5259 2532 5311 αςιαρτημα
2573 5259 2674 5306 μνη
2743 5259 2926 5289 ονικον.
2967 5259 3107 5291 nm.

2045 5341 2119 5355 —
2148 5314 2213 5369 In
2242 5313 2506 5384 Leuitico.
2548 5309 2598 5365 A
2640 5259 2971 5384 glbssemate
3013 5304 3253 5384 profecta
3297 5304 3411 5357 haec
3448 5316 3576 5382 ver-

1978 5384 2048 5457 ba
2098 5392 2249 5457 putat
2296 5383 2533 5440 Latinius
2583 5398 2596 5436 :
2642 5371 2772 5437 Eunt
2825 5379 2965 5436 enim
3013 5371 3078 5433 in
3132 5371 3574 5433 Deuteronomio.

1975 5456 2161 5598 885;.)
2192 5523 2806 5600 Angelum._Malachia_s
2843 5522 3074 5594 angelus
3103 5534 3196 5600 seu
3212 5517 3470 5600 punitus
3491 5510 3580 5600 in-

1978 5585 2319 5670 terprétatui".
2351 5596 2503 5669 Quod
2527 5595 2839 5670 subjunxit,
2864 5585 3050 5670 unum
3075 5606 3148 5648 ea:
3176 5591 3241 5644 12
3265 5585 3577 5659 prophetis,

1975 5671 2042 5727 de
2060 5663 2475 5726 minoribus'est
2527 5664 2957 5737 intelligendum.
3004 5663 3148 5718 Eon.
