4016 6188
492 380 594 438 647

1194 374 1632 434 TEBTULLIANI
1669 371 1931 434 OPERUM
1968 371 2152 431 PARS.
2196 373 2259 431 ll.
2299 403 2371 416 —
2405 371 2628 433 SERIES
2666 374 2708 442 l,
2750 372 3093 433 POLEMICA.

3666 374 3773 434 648

467 518 808 577 occidentem
820 531 1025 579 nomen
1043 530 1232 572 meum
1243 514 1621 584 clariﬁcatum
1634 517 1717 569 est
1734 515 1794 568 in
1807 512 2058 568 omnibus

2187 494 2433 566 tequitur,
2512 503 2573 551 ut
2625 494 2951 566 praecedenti
3010 507 3250 568 tempore
3324 494 3464 552 datis
3523 495 3778 554 omnibus

459 608 879 680 gentibus,dicit
899 607 1171 661 Dominus
1192 605 1569 675 omnipotens,
1586 606 1654 659 Et
1681 605 1739 657 in
1763 604 1920 656 omni
1949 603 2061 658 loco

456 698 788 768 offeruntur
815 695 1101 765 sacriﬁcia
1124 693 1339 749 munda
1356 694 1574 749 nomini
1600 709 1722 749 meo
1749 691 1998 761 (Malach.
2023 706 2061 753 ι,

459 792 547 856 10,
594 788 706 855 11).
741 787 872 841 Item
904 785 960 839 in
1006 784 1227 840 Psalmis
1255 783 1425 840 David
1456 783 1584 837 dicit
1618 800 1630 835 :
1674 784 1891 853 Afferte
1932 784 2059 847 Deo,

454 878 662 948 patriae
691 878 953 947 gentium
976 875 1146 943 (Psal.
1176 888 1328 937 xcvr,
1360 874 1441 944 ⁴7).
1482 871 1782 926 Indubitate
1819 872 1960 940 quod
2000 871 2062 925 in

459 982 684 1022 omnem
716 970 929 1020 terram
958 965 1113 1020 exire
1140 964 1369 1017 habebat
1401 960 1575 1030 (Psal.
1608 975 1764 1025 xvui,
1791 961 1846 1029 5)
1882 959 2066 1029 praedi-

460 1054 597 1109 catio
644 1054 1035 1123 apostolorum.
1074 1053 1291 1121 Afferte
1319 1054 1423 1108 Deo
1452 1051 1778 1105 claritatem
1808 1054 1863 1105 et
1892 1048 2063 1104 hono-

461 1160 603 1208 rem,
628 1144 835 1213 afferte
862 1146 970 1199 Deo
992 1140 1273 1209 sacriﬁcia
1293 1139 1541 1197 nominis
1569 1142 1708 1209 ejus.
1746 1137 1949 1193 Tollite
1971 1136 2066 1193 ho-

463 1233 632 1298 stias,
648 1236 703 1287 et
723 1232 954 1288 introite
967 1233 1028 1285 in
1044 1232 1199 1286 atria
1220 1231 1337 1300 ejus
1359 1230 1532 1299 (Psal.
1547 1243 1699 1293 xcvr,
1725 1228 1799 1297 8).
1821 1226 2065 1298 Namque

464 1321 605 1393 quod
655 1336 763 1376 non
811 1320 1033 1375 terrenis
1080 1318 1377 1384 sacriﬁciis,
1422 1317 1514 1373 sed
1561 1315 1892 1387 spiritalibus
1952 1318 2067 1372 Deo

468 1409 726 1465 litandum
770 1408 882 1481 (23)
923 1407 1011 1476 sit,
1051 1409 1124 1463 ita
1156 1407 1385 1478 legimus
1415 1415 1472 1460 ut
1501 1405 1764 1474 scriptum
1804 1414 1914 1459 est:
1964 1406 2067 1461 Cor

466 1498 917 1557 contribulatum
945 1500 1000 1554 et
1033 1497 1410 1552 humiliatum
1432 1494 1617 1551 hostia
1646 1498 1749 1551 Deo
1778 1500 1859 1551 est
1888 1493 2065 1564 (Psal.

466 1602 514 1650 L,
544 1586 653 1651 t9).
680 1586 749 1641 Et
777 1586 904 1640 alibi
939 1586 1245 1656 :Sacriﬁca
1274 1587 1379 1642 Deo
1409 1584 1752 1653 sacriﬁcium
1782 1581 1984 1649 laudis,
2008 1583 2068 1637 et

454 1674 629 1732 .redde
654 1676 948 1732 Altissimo
975 1679 1107 1731 vota
1133 1680 1232 1730 tua
1256 1672 1425 1744 (Psal.
1455 1686 1604 1734 xux,
1630 1672 1741 1740 14).
1764 1668 1853 1724 Sic
1882 1670 2064 1741 itaque

462 1763 723 1820 sacriﬁcia
769 1762 1025 1832 spiritalia
1072 1762 1244 1817 laudis
1290 1759 1659 1830 designantur,
1700 1765 1755 1813 et
1792 1776 1885 1815 cor
1927 1775 2061 1814 con-

468 1851 806 1907 tribulatum
829 1848 1167 1920 acceptabile
1196 1847 1546 1917 sacriﬁcium
1582 1849 1688 1905 Deo
1719 1847 2061 1903 demonstra-
2098 1852 2141 1928 Β

466 1946 574 1994 tur.
609 1939 792 2007 Itaque
819 1936 1090 2009 quomodo
1118 1936 1353 1992 carnalia
1381 1936 1636 1992 sacriﬁcia
1665 1937 1953 2005 reprobate
1983 1937 2071 1991 in-

466 2026 796 2096 telliguntur,
839 2026 908 2082 de
954 2025 1151 2097 quibus
1192 2035 1244 2082 et
1301 2027 1466 2082 Isaias
1536 2026 1794 2099 loquitur,
1844 2026 2067 2084 dicens:

475 2118 586 2183 Quo
625 2116 769 2170 mihi
795 2116 1230 2174 multitudinem
1262 2117 1678 2186 sacriﬁciorum
1715 2120 2074 2173 vestrorum?

468 2205 608 2260 dicit
645 2204 919 2260 Dominus
974 2206 1103 2273 (Ira.
1135 2220 1176 2270 ι,
1227 2204 1338 2276 11),
1384 2206 1454 2259 ita
1492 2204 1752 2259 sacriﬁcia
1810 2204 2068 2275 Spiritalia

467 2301 689 2363 accepta
757 2294 1136 2364 praedicantur,
1215 2303 1273 2350 ut
1356 2294 1656 2366 prOphetiae
1760 2294 2075 2351 annuntiant

471 2383 747 2450 Quoniam
773 2385 884 2438 etsi
911 2385 1251 2450 attuleritis,
1279 2384 1473 2454 inquit,
1499 2384 1643 2440 mihi
1660 2384 1913 2440 similam
1936 2385 2069 2453 (24),

468 2489 678 2528 vanum
726 2473 1246 2543 supplicamentum
1268 2515 1280 2537 ,
1312 2479 1801 2530 exsecramentum
1822 2472 1967 2528 mihi
1995 2480 2074 2530 est

471 2560 691 2631 (lbid.).
719 2562 785 2615 Et
822 2562 998 2617 adhuc
1027 2562 1192 2616 dicit:
1223 2562 1711 2620 Holocaustomata
1724 2566 1778 2620 et
1798 2562 2076 2634 sacriﬁcia

470 2656 669 2718 vestra,
684 2652 741 2703 et
764 2649 985 2719 adipem
1008 2648 1312 2715 hircorum,
1340 2654 1394 2705 et
1417 2653 1758 2722 sanguinem
1781 2657 2075 2707 taurorum

473 2740 602 2794 nolo
626 2757 642 2793 :
666 2754 765 2793 nec
785 2738 835 2792 si
871 2739 1110 2793 veniatis
1144 2740 1324 2795 videri
1350 2740 1534 2807 mihi;
1563 2742 1686 2811 quis
1706 2743 1857 2796 enim
1886 2741 2079 2812 estqui-

473 2828 602 2882 sivit
635 2827 749 2882 haec
786 2826 851 2883 de
880 2826 1139 2883 manibus
1169 2829 1367 2884 vestris
1398 2830 1445 2867 ‘9
1477 2828 1631 2899 (Ibid.
1665 2831 1795 2899 12)?
1816 2831 1895 2885 De
1925 2831 2080 2901 spiri-

477 2912 676 2967 talibus
726 2927 851 2969 vero
901 2912 1169 2968 sacriﬁciis
1225 2914 1391 2981 addit,
1451 2915 1679 2972 dicens:
1726 2920 1791 2972 Et
1821 2918 1884 2972 in
1922 2920 2079 2973 omni

2171 585 2287 642 istis
2340 585 2624 657 praeceptis
2672 586 2950 641 carnaliter
2993 585 3189 657 populo
3231 586 3411 653 Israel,
3444 587 3768 658 superveni-

2171 683 2250 731 ret
2314 684 2520 746 tempus
2566 691 2673 747 quo
2722 676 2860 749 legis
2915 675 3150 749 antiquae
3209 687 3260 732 et
3331 676 3773 733 caeremoniarum

2170 774 2412 821 veterum
2452 776 2718 837 praecepta
2776 777 3071 838 cessarent,
3117 776 3171 822 et
3224 782 3379 823 novae
3423 765 3602 823 ωε»
3638 767 3775 839 legis

2172 856 2459 925 promissio
2506 866 2557 911 et
2605 856 2926 926 Spiritalinm
2993 856 3381 912 sacriﬁciorum
3438 858 3665 930 agnitio,
3724 867 3776 913 et

2171 945 2307 1001 Novi
2351 947 2682 1001 Tcstamenti
2737 946 3049 1018 pollicitatio
3101 946 3487 1018 superveniret,
3532 948 3774 1019 fulgente

2173 1034 2328 1090 nobis
2361 1038 2579 1093 lumine
2609 1052 2681 1092 ex
2717 1038 2855 1105 alto,
2880 1038 2974 1109 qui
3004 1037 3326 1094 sedebamus
3355 1040 3416 1093 in
3448 1040 3689 1095 tenebris
3717 1043 3774 1094 et

2174 1127 2239 1181 in
2278 1125 2477 1182 umbra
2515 1128 2713 1184 mortis
2753 1125 3149 1184 detinebamur
3177 1127 3227 1165 ⁵ο
3257 1126 3406 1197 (Luc.
3455 1130 3614 1196 11,78,
3652 1129 3766 1199 79).

2172 1215 2356 1286 Itaque
2401 1215 2693 1272 necessitas
2728 1216 2882 1271 nobis
2900 1216 3180 1287 incumbit,
3222 1223 3300 1284 ut,
3342 1218 3601 1288 quoniam
3636 1235 3777 1289 prae-

2175 1303 2402 1360 dicatam
2451 1321 2642 1360 novam
2684 1305 2858 1375 legem
2905 1322 2935 1360 a
2980 1304 3257 1375 prophetis
3303 1306 3669 1377 prmdiximus,
3720 1311 3777 1363 et

2176 1408 2285 1447 non
2327 1393 2487 1450 talem
2516 1395 2562 1433 51
2603 1393 2778 1467 qualis
2816 1395 2926 1465 jam
2958 1394 3081 1449 data
3116 1404 3259 1450 esset
3307 1395 3552 1466 patribus
3582 1412 3775 1452 eorum

2172 1497 2248 1538 eo
2277 1490 2518 1553 tempore
2557 1499 2663 1555 quo
2691 1499 2786 1539 eos
2826 1483 2892 1538 de
2933 1492 3076 1539 terra
3109 1483 3326 1557 Egypti
3358 1484 3611 1557 produxit
3637 1484 3776 1559 (25),

2175 1573 2461 1628 ostendere
2516 1580 2571 1628 et
2616 1572 2848 1644 probare
2905 1571 3195 1629 debeamus
3238 1579 3347 1627 tam
3404 1573 3579 1648 legem
3627 1574 3777 1630 illam

2173 1670 2415 1717 veterem
2472 1678 2732 1728 cessasse,
2780 1678 2939 1733 quam
2989 1661 3166 1734 legem
3219 1677 3411 1719 novam
3458 1664 3781 1735 promissam

2172 1766 2315 1806 nunc
2350 1751 2575 1821 operari.
2608 1752 2678 1806 Et
2722 1751 2941 1823 quidem
2989 1752 3043 1805 in
3091 1751 3277 1822 primis
3332 1754 3679 1823 quaerendum
3712 1770 3783 1808 an

2173 1844 2512 1909 exSpectetur
2558 1855 2710 1897 novae
2766 1840 2900 1911 legis
2929 1840 3087 1911 lator,
3139 1850 3194 1896 et
3254 1841 3393 1897 Novi
3450 1843 3778 1898 Testamenti

2180 1928 2375 2000 haeres,
2408 1939 2463 1984 et
2489 1944 2750 1985 novorum
2796 1930 3188 1986 sacriﬁciorum
3244 1931 3516 1998 sacerdos,
3547 1941 3599 1986 et
3627 1946 3785 1987 novae

2181 2018 2607 2075 circumcisionis
2652 2028 2929 2093 purgator,
2985 2027 3035 2075 et
3080 2019 3270 2075 aeterni
3319 2020 3534 2077 Sabbati
3586 2021 3781 2089 cultor,

2181 2109 2273 2180 qui
2322 2108 2498 2180 legem
2544 2117 2781 2165 veterem
2828 2116 3137 2179 compescat
3193 2109 3324 2181 (26),
3357 2117 3411 2166 et
3436 2112 3637 2166 Novum
3670 2111 3783 2167 Te-

2183 2206 2512 2254 stamentum
2555 2206 2768 2268 statuat,
2808 2213 2947 2255 nova
2982 2197 3240 2254 sacriﬁcia
3279 2198 3489 2269 offerat,
3521 2210 3574 2257 et
3614 2216 3785 2256 caere-

2183 2288 2392 2342 monias
2436 2286 2683 2358 antiquas
2719 2288 2989 2358 reprimat,
3029 2296 3083 2342 et
3129 2286 3584 2345 circumcisionem
3631 2297 3788 2345 vete-

2184 2392 2299 2431 rem
2348 2391 2469 2431 cum
2528 2391 2626 2431 suo
2692 2375 2793 2431 sibi
2829 2377 3060 2432 Sabbalo
3093 2387 3423 2449 compescat,
3465 2388 3519 2433 et
3567 2394 3774 2434 novum

2184 2481 2414 2537 regnum
2459 2466 2606 2535 quod
2678 2480 2788 2520 non
2841 2476 3215 2537 corrumpatur
3273 2470 3569 2527 annuntiat.
3647 2471 3787 2523 Nam

2185 2559 2343 2610 etiam
2393 2555 2441 2593 ⁵2
2478 2571 2632 2613 novae
2674 2555 2809 2626 legis
2837 2557 2991 2623 lator,
3031 2558 3247 2612 Sabliati
3293 2558 3546 2629 spiritalis
3589 2559 3785 2627 cultor,

2184 2643 2565 2699 sacriﬁciorum
2603 2652 2925 2699 mternorum
2965 2645 3202 2713 antistes,
3226 2648 3379 2718 regni
3407 2648 3589 2702 aeterni
3628 2659 3791 2703 teter-

2186 2752 2287 2789 nus
2318 2734 3018 2804 dominator,’quaarendum
3057 2750 3123 2788 an
3161 2737 3275 2803 jam
3315 2736 3519 2793 venerit
3548 2737 3615 2807 53,
3647 2753 3787 2792 nec-

2187 2842 2275 2881 ne.
2306 2825 2372 2880 Et
2416 2822 2463 2878 si
2496 2824 2608 2893 jam
2640 2823 2800 2893 venit,
2844 2825 3181 2879 serviendum
3213 2832 3296 2880 est
3323 2824 3398 2880 illi
3432 2844 3446 2881 :
3478 2826 3523 2881 si
3554 2826 3790 2882 necdum

2189 2912 2352 2979 venit,
2412 2910 2757 2966 sustinendus
2802 2919 2908 2980 est,
2966 2911 3260 2968 dummodo
3315 2913 3649 2968 manifestum
3718 2916 3793 2969 sit

475 3002 589 3059 loco
612 3001 893 3072 sacriﬁcia
924 3001 1142 3058 munda
1173 3006 1499 3074 offerentur
1520 3008 1743 3065 nomini
1769 3023 1910 3077 meo,
1942 3006 2083 3063 dicit
2113 3033 2154 3110 Β
2187 3003 2417 3058 adventu
2467 3001 2585 3069 ejus
2632 2999 2913 3071 comprimi
2959 3000 3007 3037 5's
3055 3000 3198 3072 legis
3243 3003 3439 3059 veteris
3497 3010 3788 3074 prmcepta,

474 3090 759 3147 Dominus.

1085 3180 1311 3237 CAPUT
1362 3183 1450 3237 VI.

542 3267 731 3340 Igitur.
782 3283 907 3324 cum
962 3269 1304 3326 manifestum
1352 3272 1421 3327 sit
1450 3282 1500 3328 et
1537 3274 1830 3329 Sahbatum
1859 3282 2068 3344 tempo-

465 3359 578 3411 rale
631 3368 927 3425 ostensum,
978 3367 1032 3414 et
1076 3360 1366 3416 Sabbatum
1426 3369 1687 3417 mternum
1735 3363 2069 3434 praedictum,

462 3444 930 3501 circumcisionem
978 3450 1250 3502 carnalem
1306 3451 1641 3519 praedictam,
1689 3460 1742 3503 et
1793 3451 2072 3507 circumci-

465 3537 671 3590 sionem
755 3534 1050 3605 Spiritalem
1136 3537 1586 3608 prmindicatam,
1644 3540 1817 3610 legem
1857 3555 2073 3611 quoque

464 3622 809 3693 temporalem
857 3633 910 3679 et
954 3623 1130 3697 legem
1178 3627 1483 3682 {eternalem
1549 3627 1933 3695 denuntiatam,
1986 3645 2069 3684 sa-

463 3711 663 3767 criﬁcia
707 3711 946 3767 carnalia
993 3721 1046 3769 et
1096 3714 1355 3772 sacriﬁcia
1403 3714 1661 3787 Spiritalia
1717 3724 2064 3787 praeostensa;

2186 3098 2239 3148 et
2277 3090 2491 3162 Operari
2521 3089 2718 3145 debere
2769 3105 2923 3146 nova:
2953 3092 3088 3163 legis
3139 3092 3391 3161 exordia;
3426 3100 3479 3146 et
3511 3093 3564 3147 in
3598 3091 3791 3163 primis

2183 3179 2545 3235 deﬁniendum
2597 3185 2678 3233 est
2727 3193 2835 3233 non
2880 3179 3120 3250 potuisse
3158 3196 3364 3237 cessare
3414 3181 3587 3253 legem
3637 3181 3788 3235 anti-

2182 3286 2343 3339 quam
2372 3276 2425 3323 et
2472 3269 2785 3339 prOphetas,
2826 3268 2929 3325 nisi
2957 3269 3191 3325 venisset
3218 3270 3269 3324 is
3296 3270 3389 3341 qui
3420 3287 3515 3340 per
3544 3272 3791 3327 eamdem

2181 3360 2379 3433 legem,
2430 3366 2482 3413 et
2524 3374 2618 3430 per
2658 3357 2883 3413 eosdem
2928 3359 3216 3431 prOphetas
3266 3366 3524 3417 venturus
3567 3377 3790 3417 annuu-

2181 3447 2427 3505 liabatur.

2785 3535 3018 3592 CAPUT
3049 3536 3163 3592 VII.

2255 3625 2426 3696 Igitur
2470 3624 2525 3679 in
2554 3624 2660 3680 isto
2707 3627 2935 3698 gradum
2965 3626 3013 3663 ⁵⁵
3041 3624 3397 3695 conferamus,
3429 3643 3495 3681 an
3526 3628 3615 3698 qui
3650 3642 3791 3685 ven-

2177 3727 2329 3773 turus
2360 3714 2605 3771 Christus
2662 3716 3094 3773 annuntiabatur
3148 3715 3220 3784 ⁵6,
3257 3717 3389 3787 jam
3440 3717 3666 3785 \enerit,
3721 3734 3794 3773 an

1894 3814 2086 3875 Varia:
2156 3814 2461 3875 lectiones.

546 3915 864 3991 “Inedia.
894 3920 1063 3991 Pam.,
1101 3917 1262 3991 Seml.
1314 3926 1365 3971 et
1424 3917 1649 3973 Oberth.
1703 3926 1829 3991 post
1883 3918 1998 3973 haec
2034 3918 2215 3991 verba,
2259 3919 2325 3991 de.
2381 3916 2649 3991 manibus
2676 3918 2896 3991 vestris,
2930 3916 3186 3973 additur:
3238 3939 3261 3969 α
3311 3919 3619 3991 Spiritualia
3660 3935 3791 3977 vero

480 3987 737 4042 sacriﬁcia
770 3989 837 4042 de
868 3989 1064 4058 quibus
1095 3988 1410 4057 praedictum
1460 3996 1559 4054 est,
1595 3999 1647 4045 et
1675 3987 1810 4045 sicut
1847 4005 2007 4059 supra
2038 3988 2163 4045 dicit
2194 4006 2208 4041 :
2269 3990 2389 4046 Non
2434 3994 2515 4045 est
2546 3988 2691 4043 mihi
2730 3990 2995 4044 voluntas
3044 3992 3104 4044 in
3160 3987 3366 4057 vobis,'
3403 3993 3546 4048 dicit
3609 3995 3795 4051 Domi-

475 4075 603 4133 nus.
622 4059 927 4133 rSacri/icia
954 4075 1070 4133 non
1100 4060 1377 4133 accipiam
1397 4061 1461 4116 de
1490 4061 1749 4133 manibus
1768 4063 1968 4118 vestris
1991 4080 2009 4116 :
2027 4061 2291 4133 quoniam
2310 4060 2375 4116 ab
2389 4062 2731 4133 oﬂentefsole
2751 4076 2924 4130 usque
2944 4061 3007 4114 in
3026 4061 3360 4120 occidentem
3372 4079 3576 4119 nomen
3594 4081 3791 4121 meum

485 4130 867 4203 clariﬁcatum
895 4135 978 4203 est
1014 4131 1078 4187 in
1108 4130 1367 4203 omnibus
1395 4132 1675 4203 gentibus,
1718 4132 1859 4188 dicit
1892 4130 2187 4189 Dominus.
2219 4132 2298 4187 De
2350 4132 2730 4203 Spiritualibus
2756 4148 2908 4199 vero,
2931 4144 3034 4186 etc.
3082 4154 3103 4183 «ι
3137 4134 3339 4190 Desunt
3393 4137 3506 4191 haec
3526 4138 3689 4191 verba
3736 4139 3793 4191 in

478 4202 567 4256 ed.
616 4202 814 4273 Rigalt.
862 4202 1043 4265 Prior.
1100 4202 1294 4257 Venet.
1347 4202 1409 4241 50’
1442 4204 1687 4259 Oriretur
1732 4205 1911 4259 lumen
1966 4204 2185 4260 addunt
2232 4202 2406 4260 thcn.
2451 4204 2632 4259 Obert.
2679 4202 2721 4240 δι
2783 4205 2907 4256 Eam
2958 4214 3012 4257 et
3054 4219 3163 4258 non
3208 4206 3327 4261 talis
3383 4206 3555 4263 Rhen.
3617 4209 3790 4264 Seml.

481 4288 706 4345 eamque
752 4289 856 4345 non
889 4280 1049 4328 talem
1085 4273 1306 4330 Oberth.
1337 4274 1385 4312 ⁵2
1416 4275 1511 4329 llic
1547 4292 1669 4330 nam
1702 4278 1861 4329 etiam
1908 4275 2081 4332 Bhen.
2123 4275 2346 4333 Oberth.
2380 4274 2467 4330 hic
2494 4276 2707 4345 inquam
2742 4290 2895 4328 novre
2923 4276 3107 4345 Paris.
3140 4276 3189 4313 ⁵³
3234 4279 3315 4330 An
3365 4294 3460 4333 nec
3500 4294 3565 4332 ne
3612 4279 3791 4334 Rhen.

484 4341 707 4418 Dberth.
757 4344 806 4418 δῖε
869 4346 1003 4418 Cum
1057 4345 1243 4416 primae
1287 4346 1478 4416 iidem,
1510 4346 1865 4418 comprimere
1929 4351 2099 4405 Fran.
2153 4348 2317 4402 Paris
2348 4346 2396 4385 ⁵⁵
2437 4341 2623 4403 Gradu
2671 4346 2749 4401 id.
2813 4345 2863 4383 ⁵6
2914 4344 3016 4415 Qui
3081 4354 3340 4405 venturus
3397 4358 3475 4404 est
3511 4349 3793 4417 Christus,

478 4416 589 4484 jam
612 4415 817 4473 venerit
874 4417 971 4471 iid.

1884 4489 2384 4553 Commentarius.

487 4641 594 4712 Deo
658 4640 961 4696 litandum.
1004 4641 1139 4697 llinc
1178 4642 1265 4696 illa
1320 4641 1373 4695 in
1409 4640 1809 4712 Apologetico:
1848 4662 1869 4691 α
1905 4640 2088 4696 Olfero

486 4710 720 4781 Opimam
751 4720 805 4767 et
846 4713 1132 4783 imajorem
1172 4713 1421 4781 hostiam,
1453 4710 1614 4783 quam
1673 4712 1788 4782 ipse
1819 4712 2089 4767 mandavit

479 4783 777 4855 orationem
825 4782 892 4837 de
949 4799 1111 4838 carne
1162 4784 1374 4855 pudica,
1422 4782 1488 4839 de
1560 4784 1739 4838 anima
1795 4784 2083 4855 innocenti,

480 4854 547 4909 de
594 4853 796 4925 Spiritu
848 4860 1032 4909 sancto
1070 4853 1400 4925 profectam,
1452 4875 1477 4906 ι)
1534 4862 1636 4912 etc.
1684 4856 1755 4909 Et
1793 4854 1969 4910 libello
2016 4855 2087 4910 ad

483 4923 787 4996 Scapulam
811 4943 827 4978 :
850 4944 871 4973 α
905 4923 1277 4997 sacriﬁcamus
1318 4929 1586 4997 quomodo
1617 4928 1876 4997 praecepit
1920 4927 2081 4991 Deus,

502 5012 613 5049 iura
673 5010 854 5064 prece.
891 5014 915 5044 »
964 4996 1028 5050 Et
1070 4997 1162 5050 lib.
1188 4998 1253 5055 de
1294 4996 1569 5062 oratione,
1614 4996 1705 5053 ubi
1735 4998 1800 5052 de
1839 4997 2085 5052 orationi-

478 5012 581 5119 Lns
622 5063 1027 5119 sacriﬁciorum.
1060 5067 1113 5119 in
1164 5072 1361 5119 auibus
1405 5070 1664 5119 accipitur
1719 5084 1915 5119 cornus
1971 5070 2083 5119 D0-

524 5063 1027 5140 ns_sagificioru_m,
1060 5067 1113 5122 in
1164 5072 1361 5140 quibus
1405 5070 1664 5139 accipitur
1719 5084 1915 5140 corpus
1971 5070 2083 5123 Do-

481 5136 633 5190 mini.
686 5137 754 5221 IZt
800 5136 892 5191 lib.
925 5138 991 5193 de
1037 5136 1299 5221 Jejuniis,
1336 5161 1355 5197 :
1392 5163 1413 5192 α
1442 5136 1581 5221 .Ha—sc.
1600 5140 1711 5211 erit
1740 5136 1917 5221 sta-tio.
1940 5155 2080 5211 sera,

522 5223 603 5261 uae
646 5208 711 5284 ad
771 5224 1047 5284 vesperam
1080 5208 1353 5281 jejunans,
1400 5208 1736 5284 pinguiOrem
1784 5208 2082 5284 orationem

535 5294 598 5335 eo
644 5280 905 5337 immolat.
926 5302 953 5329 ι
989 5282 1253 5339 Caeterum
1284 5280 1575 5340 observare
1613 5292 1697 5338 est
1732 5285 1847 5338 haec
1882 5282 2085 5336 Tertul-

480 5350 608 5405 liani
648 5368 753 5407 non
785 5368 880 5422 per
934 5355 1113 5408 omnia
1151 5356 1438 5410 convenire
1474 5371 1595 5409 cum
1648 5355 1714 5409 iis
1768 5369 1889 5423 quae
1938 5353 2081 5423 apud

480 5424 741 5497 Irenaeum
770 5424 1026 5497 leguntur
1054 5424 1147 5497 lib.
1181 5441 1257 5495 iv,
1291 5441 1409 5496 cap.
1442 5429 1510 5480 33
1539 5434 1590 5482 et
1619 5428 1707 5482 34.
1737 5426 1865 5479 Rm.

560 5496 674 5567 (24)
692 5496 975 5568 Quoniam
1006 5496 1115 5568 etsi
1142 5497 1482 5563 attuleritis,
1511 5498 1719 5568 inquit,
1749 5496 1895 5568 mihi
1922 5496 2082 5551 simi-

500 5565 862 5623 lam.'Simila
892 5565 1004 5622 sive
1048 5566 1294 5642 similng
1339 5576 1421 5624 est
1466 5565 1636 5623 farina
1664 5583 1693 5622 e
1732 5567 1902 5623 tritico
1933 5582 2079 5623 com-

495 5663 644 5718 muni
683 5663 834 5720 facta.
868 5662 1108 5721 Hebraeis
1137 5664 1312 5721 simila
1333 5674 1416 5723 est
1454 5649 1612 5737 ηδε,
1642 5665 1845 5723 Graecis
1873 5675 1952 5723 est
1988 5684 2074 5718 σε-

554 4566 674 4696 (232
707 4567 855 4637 Quod
875 4585 990 4625 non
1021 4569 1262 4627 terrenis
1290 4569 1717 4641 sacriﬁciis,sed
1736 4570 2087 4641 spiritalibus
2122 4585 2166 4661 υ
2202 4565 2431 4641 μίᾶαλις;
2464 4568 2515 4622 ἰη
2550 4569 2802 4648 versione.
2841 4566 3020 4620 Latina
3063 4571 3415 4638 sacriﬁcium
3456 4571 3681 4627 habetur
3738 4572 3794 4626 in

554 4655 594 4695 to
679 4641 961 4696 itanduni.
1004 4641 1139 4696 llinc
1178 4642 1265 4696 illa
1320 4641 1373 4695 in
1409 4642 1762 4696 Anologetico
1797 4659 1809 4696 :
1848 4662 1869 4691 α
1905 4640 2088 4696 Offero
2198 4644 2299 4695 hoc
2356 4642 2496 4696 loco.
2524 4640 2647 4693 licet
2684 4638 2874 4694 simila:
2914 4653 3105 4694 nomen
3144 4643 3260 4695 aliis
3314 4644 3367 4695 in
3404 4643 3534 4696 locis
3562 4659 3794 4696 usurne-

2198 4638 2299 4695 hoc
2356 4642 2496 4716 loco,
2524 4640 2659 4716 licet
2684 4638 2874 4716 simila:
2914 4653 3105 4694 nomen
3144 4643 3260 4695 aliis
3314 4643 3534 4716 inAlocis
3562 4659 3794 4716 usurpe-

2199 4711 2606 4837 iunpnimirum
2647 4710 2701 4765 in
2736 4712 2866 4767 Gen.
2909 4726 3029 4782 cap.
3078 4728 3241 4779 xvnr,
3273 4721 3324 4768 et
3369 4714 3537 4771 L‘evit.
3571 4710 3795 4787 capiti.

2247 4800 2279 4837 ις
2352 4800 2403 4836 n.

2247 4800 2279 4838 ιζ
2311 4785 2403 4836 Pa.

2265 4854 2375 4925 (25)
2404 4857 2478 4910 De
2532 4858 2683 4908 terra
2714 4854 2935 4926 Egi/vti
2970 4854 3261 4926 produxit.
3303 4855 3401 4909 Pro
3432 4855 3653 4912 eduxit.
3688 4856 3795 4911 Mi-

2195 4941 2312 4980 rum
2368 4934 2544 4980 autem
2611 4940 2715 5002 qua
2765 4925 2980 5002 ratione;
3027 4927 3287 5002 adversus
3353 4928 3580 5002 Iudaeos,
3623 4945 3796 5002 argu-

2194 5003 2493 5069 mentatur,
2522 5005 2578 5052 ut
2613 4995 2775 5049 finem
2820 4994 3062 5051 Mosaicae
3092 4998 3224 5069 legis
3261 5006 3313 5053 et
3339 4999 3667 5069 evengelicae
3686 4994 3798 5054 iid-

2194 5078 2427 5140 ventum»
2467 5068 2817 5130 demonstret,
2864 5084 2986 5137 quae
3030 5068 3300 5124 veritatem
3356 5068 3595 5125 continet
3642 5073 3801 5140 cujus

2192 5151 2346 5194 vetus
2401 5138 2571 5210 figura
2627 5149 2742 5210 erat
2788 5154 2909 5209 quae
2968 5140 3024 5193 in
3070 5143 3401 5196 caeremoniis
3444 5159 3537 5196 seu
3602 5138 3800 5198 ritibus

2192 5208 2510 5281 quibusdam
2566 5220 2618 5265 et
2664 5208 2821 5265 cultui
2877 5211 3126 5266 exteriori
3194 5213 3602 5277 continebatur;
3669 5229 3799 5267 cum

2193 5296 2332 5356 noxa
2391 5282 2455 5336 iis
2517 5282 2703 5356 ritibus
2762 5297 2879 5356 non
2917 5291 3185 5356 contenta,
3246 5286 3536 5356 perfectius
3586 5284 3797 5356 aliquid

2191 5352 2387 5424 exigat,
2421 5361 2471 5407 et
2520 5354 2768 5427 spiritum
2819 5353 2882 5427 ad
2921 5354 3021 5408 Dei
3073 5352 3581 5427 contemplationem
3635 5352 3795 5413 amo-

2192 5439 2415 5495 remque
2441 5427 2686 5480 attrahat.
2716 5426 2793 5478 Ln
2824 5424 2918 5478 Pa.

2267 5526 2380 5594 (26)
2410 5526 2512 5593 Qui
2549 5526 2720 5597 legem
2746 5529 2987 5599 veterem
3003 5532 3331 5598 compescat.
3354 5527 3412 5582 Id
3434 5536 3515 5583 est
3537 5526 3792 5599 abneget,

2191 5605 2251 5653 ut
2284 5611 2482 5655 novam
2511 5596 2842 5654 subinducat.
2872 5596 2950 5652 LE
3003 5599 3098 5653 Pa.
