  <div class='ocr_page' id='page_1' title='image "/cluster/home/n/w/nwhite01/storage/ocr_20150623/2/hvd.32044096580329/330.png"; bbox 0 0 3992 6174; ppageno 0'>
   <div class='ocr_carea' id='block_1_1' title="bbox 233 356 322 421">
    <p class='ocr_par' dir='ltr' id='par_1_1' title="bbox 233 356 322 421">
     <span class='ocr_line' id='line_1_1' title="bbox 233 356 322 421; baseline 0.011 -1"><span class='ocrx_word' id='word_1_1' title='bbox 233 356 322 421; x_wconf 81' lang='grc'><strong>649</strong></span> 
     </span>
    </p>
   </div>
   <div class='ocr_carea' id='block_1_2' title="bbox 1505 354 2207 422">
    <p class='ocr_par' dir='ltr' id='par_1_2' title="bbox 1505 354 2207 422">
     <span class='ocr_line' id='line_1_2' title="bbox 1505 354 2207 422; baseline -0.004 0"><span class='ocrx_word' id='word_1_2' title='bbox 1505 356 1699 422; x_wconf 77' lang='lat' dir='ltr'><strong>LIBER</strong></span> <span class='ocrx_word' id='word_1_3' title='bbox 1736 354 1889 419; x_wconf 73' lang='lat' dir='ltr'><strong>ADV.</strong></span> <span class='ocrx_word' id='word_1_4' title='bbox 1926 354 2207 420; x_wconf 66' lang='lat' dir='ltr'><strong>JUDIEOS.</strong></span> 
     </span>
    </p>
   </div>
   <div class='ocr_carea' id='block_1_3' title="bbox 3391 373 3499 433">
    <p class='ocr_par' dir='ltr' id='par_1_3' title="bbox 3391 373 3499 433">
     <span class='ocr_line' id='line_1_3' title="bbox 3391 373 3499 433; baseline -0.009 0"><span class='ocrx_word' id='word_1_5' title='bbox 3391 373 3499 433; x_wconf 83' lang='lat'><strong>650</strong></span> 
     </span>
    </p>
   </div>
   <div class='ocr_carea' id='block_1_4' title="bbox 234 482 3496 579">
    <p class='ocr_par' dir='ltr' id='par_1_4' title="bbox 234 482 3496 579">
     <span class='ocr_line' id='line_1_4' title="bbox 234 482 3496 579; baseline 0.005 -37"><span class='ocrx_word' id='word_1_6' title='bbox 234 493 473 579; x_wconf 81' lang='lat' dir='ltr'><strong>venturus</strong></span> <span class='ocrx_word' id='word_1_7' title='bbox 493 574 504 579; x_wconf 65' lang='lat'><em>_</em></span> <span class='ocrx_word' id='word_1_8' title='bbox 527 482 701 540; x_wconf 89' lang='lat' dir='ltr'><strong>adhuc</strong></span> <span class='ocrx_word' id='word_1_9' title='bbox 741 490 1017 579; x_wconf 64' lang='lat' dir='ltr'><strong>speretur.</strong></span> <span class='ocrx_word' id='word_1_10' title='bbox 1049 486 1206 579; x_wconf 74' lang='lat' dir='ltr'><strong>Quod</strong></span> <span class='ocrx_word' id='word_1_11' title='bbox 1252 487 1431 579; x_wconf 83' lang='lat' dir='ltr'><strong>ipsum</strong></span> <span class='ocrx_word' id='word_1_12' title='bbox 1479 494 1538 579; x_wconf 79' lang='lat' dir='ltr'><strong>ut</strong></span> <span class='ocrx_word' id='word_1_13' title='bbox 1582 486 1800 559; x_wconf 89' lang='lat' dir='ltr'><strong>probari</strong></span> <span class='ocrx_word' id='word_1_14' title='bbox 1831 499 1878 579; x_wconf 66' lang='grc' dir='ltr'>Α</span> <span class='ocrx_word' id='word_1_15' title='bbox 1910 488 2255 579; x_wconf 67' lang='lat' dir='ltr'><strong>Hierusalem</strong></span> <span class='ocrx_word' id='word_1_16' title='bbox 2279 487 2463 545; x_wconf 62' lang='lat' dir='ltr'><strong>Judaei</strong></span> <span class='ocrx_word' id='word_1_17' title='bbox 2479 487 2627 562; x_wconf 79' lang='lat' dir='ltr'><strong>(Act.</strong></span> <span class='ocrx_word' id='word_1_18' title='bbox 2655 506 2713 555; x_wconf 88' lang='lat' dir='ltr'><strong>ll,</strong></span> <span class='ocrx_word' id='word_1_19' title='bbox 2739 494 2792 556; x_wconf 87' lang='grc'><strong>9,</strong></span> <span class='ocrx_word' id='word_1_20' title='bbox 2823 492 2929 563; x_wconf 90' lang='grc'>10),</span> <span class='ocrx_word' id='word_1_21' title='bbox 2951 501 3003 550; x_wconf 88' lang='lat' dir='ltr'><strong>et</strong></span> <span class='ocrx_word' id='word_1_22' title='bbox 3022 505 3232 553; x_wconf 58' lang='lat' dir='ltr'><strong>caetera</strong></span> <span class='ocrx_word' id='word_1_23' title='bbox 3258 510 3448 573; x_wconf 87' lang='lat' dir='ltr'><strong>gentes</strong></span> <span class='ocrx_word' id='word_1_24' title='bbox 3483 522 3496 557; x_wconf 92' lang='lat'><strong>:</strong></span> 
     </span>
    </p>
   </div>
   <div class='ocr_carea' id='block_1_5' title="bbox 232 574 1797 649">
    <p class='ocr_par' dir='ltr' id='par_1_5' title="bbox 232 574 1797 649">
     <span class='ocr_line' id='line_1_5' title="bbox 232 574 1797 649; baseline 0.001 -20"><span class='ocrx_word' id='word_1_25' title='bbox 232 575 402 647; x_wconf 80' lang='lat' dir='ltr'><strong>possit,</strong></span> <span class='ocrx_word' id='word_1_26' title='bbox 434 574 596 629; x_wconf 85' lang='lat' dir='ltr'><strong>etiam</strong></span> <span class='ocrx_word' id='word_1_27' title='bbox 623 582 867 644; x_wconf 87' lang='lat' dir='ltr'><strong>tempora</strong></span> <span class='ocrx_word' id='word_1_28' title='bbox 897 575 1025 629; x_wconf 90' lang='lat' dir='ltr'><strong>sunt</strong></span> <span class='ocrx_word' id='word_1_29' title='bbox 1053 574 1209 631; x_wconf 91' lang='lat' dir='ltr'><strong>nobis</strong></span> <span class='ocrx_word' id='word_1_30' title='bbox 1237 575 1586 646; x_wconf 88' lang='lat' dir='ltr'><strong>requirenda,</strong></span> <span class='ocrx_word' id='word_1_31' title='bbox 1616 592 1797 649; x_wconf 89' lang='lat' dir='ltr'><strong>quan-</strong></span> 
     </span>
    </p>
   </div>
   <div class='ocr_carea' id='block_1_6' title="bbox 230 660 1793 735">
    <p class='ocr_par' dir='ltr' id='par_1_6' title="bbox 230 660 1793 735">
     <span class='ocr_line' id='line_1_6' title="bbox 230 660 1793 735; baseline -0.001 -15"><span class='ocrx_word' id='word_1_32' title='bbox 230 664 291 720; x_wconf 90' lang='lat' dir='ltr'><strong>do</strong></span> <span class='ocrx_word' id='word_1_33' title='bbox 327 660 501 720; x_wconf 67' lang='grc'><strong>811)</strong></span> <span class='ocrx_word' id='word_1_34' title='bbox 543 671 828 719; x_wconf 87' lang='lat' dir='ltr'><strong>venturum</strong></span> <span class='ocrx_word' id='word_1_35' title='bbox 879 662 1153 718; x_wconf 80' lang='lat' dir='ltr'><strong>Christum</strong></span> <span class='ocrx_word' id='word_1_36' title='bbox 1183 665 1460 735; x_wconf 71' lang='lat' dir='ltr'><strong>propheta:</strong></span> <span class='ocrx_word' id='word_1_37' title='bbox 1505 664 1793 719; x_wconf 90' lang='lat' dir='ltr'><strong>annuntia-</strong></span> 
     </span>
    </p>
   </div>
   <div class='ocr_carea' id='block_1_7' title="bbox 229 751 1797 826">
    <p class='ocr_par' dir='ltr' id='par_1_7' title="bbox 229 751 1797 826">
     <span class='ocr_line' id='line_1_7' title="bbox 229 751 1797 826; baseline -0.003 -15"><span class='ocrx_word' id='word_1_38' title='bbox 229 760 431 822; x_wconf 84' lang='lat' dir='ltr'><strong>verunt;</strong></span> <span class='ocrx_word' id='word_1_39' title='bbox 463 752 589 807; x_wconf 89' lang='lat' dir='ltr'><strong>utsi</strong></span> <span class='ocrx_word' id='word_1_40' title='bbox 638 751 692 805; x_wconf 93' lang='lat' dir='ltr'><strong>in</strong></span> <span class='ocrx_word' id='word_1_41' title='bbox 744 751 857 811; x_wconf 88' lang='lat' dir='ltr'><strong>ista</strong></span> <span class='ocrx_word' id='word_1_42' title='bbox 894 759 1135 822; x_wconf 88' lang='lat' dir='ltr'><strong>tempora</strong></span> <span class='ocrx_word' id='word_1_43' title='bbox 1178 752 1651 826; x_wconf 87' lang='lat' dir='ltr'><strong>recognoverimus</strong></span> <span class='ocrx_word' id='word_1_44' title='bbox 1695 767 1797 807; x_wconf 88' lang='lat' dir='ltr'><strong>ve-</strong></span> 
     </span>
    </p>
   </div>
   <div class='ocr_carea' id='block_1_8' title="bbox 228 839 1797 913">
    <p class='ocr_par' dir='ltr' id='par_1_8' title="bbox 228 839 1797 913">
     <span class='ocr_line' id='line_1_8' title="bbox 228 839 1797 913; baseline -0.002 -15"><span class='ocrx_word' id='word_1_45' title='bbox 228 844 359 898; x_wconf 86' lang='lat' dir='ltr'><strong>nisse</strong></span> <span class='ocrx_word' id='word_1_46' title='bbox 386 857 534 904; x_wconf 89' lang='lat' dir='ltr'><strong>eum,</strong></span> <span class='ocrx_word' id='word_1_47' title='bbox 564 839 683 895; x_wconf 86' lang='lat' dir='ltr'><strong>sine</strong></span> <span class='ocrx_word' id='word_1_48' title='bbox 729 840 902 895; x_wconf 84' lang='lat' dir='ltr'><strong>dubio&#39;</strong></span> <span class='ocrx_word' id='word_1_49' title='bbox 926 840 1100 910; x_wconf 87' lang='lat' dir='ltr'><strong>ipsum</strong></span> <span class='ocrx_word' id='word_1_50' title='bbox 1132 857 1252 896; x_wconf 91' lang='lat' dir='ltr'><strong>esse</strong></span> <span class='ocrx_word' id='word_1_51' title='bbox 1305 842 1593 897; x_wconf 84' lang='lat' dir='ltr'><strong>credamus</strong></span> <span class='ocrx_word' id='word_1_52' title='bbox 1638 857 1797 913; x_wconf 82' lang='lat' dir='ltr'><strong>quem</strong></span> 
     </span>
    </p>
   </div>
   <div class='ocr_carea' id='block_1_9' title="bbox 226 929 1801 1002">
    <p class='ocr_par' dir='ltr' id='par_1_9' title="bbox 226 929 1801 1002">
     <span class='ocr_line' id='line_1_9' title="bbox 226 929 1801 1002; baseline -0.003 -13"><span class='ocrx_word' id='word_1_53' title='bbox 226 941 493 989; x_wconf 85' lang='lat' dir='ltr'><strong>venturum</strong></span> <span class='ocrx_word' id='word_1_54' title='bbox 525 930 805 1000; x_wconf 65' lang='lat' dir='ltr'><strong>praphetae</strong></span> <span class='ocrx_word' id='word_1_55' title='bbox 856 930 1134 994; x_wconf 82' lang='lat' dir='ltr'><strong>canebant,</strong></span> <span class='ocrx_word' id='word_1_56' title='bbox 1167 929 1220 983; x_wconf 91' lang='lat' dir='ltr'><strong>in</strong></span> <span class='ocrx_word' id='word_1_57' title='bbox 1267 946 1426 1002; x_wconf 87' lang='lat' dir='ltr'><strong>quem</strong></span> <span class='ocrx_word' id='word_1_58' title='bbox 1455 946 1573 996; x_wconf 91' lang='lat' dir='ltr'><strong>nos,</strong></span> <span class='ocrx_word' id='word_1_59' title='bbox 1616 939 1801 1002; x_wconf 79' lang='lat' dir='ltr'><strong>gentes</strong></span> 
     </span>
    </p>
   </div>
   <div class='ocr_carea' id='block_1_10' title="bbox 227 1017 1800 1089">
    <p class='ocr_par' dir='ltr' id='par_1_10' title="bbox 227 1017 1800 1089">
     <span class='ocr_line' id='line_1_10' title="bbox 227 1017 1800 1089; baseline -0.004 -12"><span class='ocrx_word' id='word_1_60' title='bbox 227 1019 433 1089; x_wconf 80' lang='lat' dir='ltr'><strong>scilicet,</strong></span> <span class='ocrx_word' id='word_1_61' title='bbox 482 1017 743 1073; x_wconf 78' lang='lat' dir='ltr'><strong>credituri</strong></span> <span class='ocrx_word' id='word_1_62' title='bbox 786 1018 1242 1072; x_wconf 88' lang='lat' dir='ltr'><strong>annuntiabamur</strong></span> <span class='ocrx_word' id='word_1_63' title='bbox 1286 1026 1384 1073; x_wconf 91' lang='lat' dir='ltr'><strong>:et</strong></span> <span class='ocrx_word' id='word_1_64' title='bbox 1427 1034 1548 1073; x_wconf 90' lang='lat' dir='ltr'><strong>cum</strong></span> <span class='ocrx_word' id='word_1_65' title='bbox 1598 1017 1800 1073; x_wconf 88' lang='lat' dir='ltr'><strong>consti-</strong></span> 
     </span>
    </p>
   </div>
   <div class='ocr_carea' id='block_1_11' title="bbox 229 1104 1801 1180">
    <p class='ocr_par' dir='ltr' id='par_1_11' title="bbox 229 1104 1801 1180">
     <span class='ocr_line' id='line_1_11' title="bbox 229 1104 1801 1180; baseline -0.001 -16"><span class='ocrx_word' id='word_1_66' title='bbox 229 1110 336 1165; x_wconf 88' lang='lat' dir='ltr'><strong>terit</strong></span> <span class='ocrx_word' id='word_1_67' title='bbox 400 1109 635 1176; x_wconf 79' lang='lat' dir='ltr'><strong>venisse,</strong></span> <span class='ocrx_word' id='word_1_68' title='bbox 684 1105 986 1162; x_wconf 86' lang='lat' dir='ltr'><strong>indubitate</strong></span> <span class='ocrx_word' id='word_1_69' title='bbox 1035 1106 1195 1162; x_wconf 85' lang='lat' dir='ltr'><strong>etiam</strong></span> <span class='ocrx_word' id='word_1_70' title='bbox 1251 1107 1424 1180; x_wconf 83' lang='lat' dir='ltr'><strong>legem</strong></span> <span class='ocrx_word' id='word_1_71' title='bbox 1480 1123 1673 1162; x_wconf 87' lang='lat' dir='ltr'><strong>novam</strong></span> <span class='ocrx_word' id='word_1_72' title='bbox 1714 1104 1801 1162; x_wconf 72' lang='lat' dir='ltr'><strong>‘ab</strong></span> 
     </span>
    </p>
   </div>
   <div class='ocr_carea' id='block_1_12' title="bbox 228 1196 1803 1268">
    <p class='ocr_par' dir='ltr' id='par_1_12' title="bbox 228 1196 1803 1268">
     <span class='ocr_line' id='line_1_12' title="bbox 228 1196 1803 1268; baseline -0.001 -16"><span class='ocrx_word' id='word_1_73' title='bbox 228 1199 330 1268; x_wconf 89' lang='lat' dir='ltr'><strong>ipso</strong></span> <span class='ocrx_word' id='word_1_74' title='bbox 362 1198 542 1252; x_wconf 80' lang='lat' dir='ltr'><strong>datam</strong></span> <span class='ocrx_word' id='word_1_75' title='bbox 570 1210 691 1251; x_wconf 88' lang='lat' dir='ltr'><strong>esse</strong></span> <span class='ocrx_word' id='word_1_76' title='bbox 719 1196 1024 1260; x_wconf 83' lang='lat' dir='ltr'><strong>credamus,</strong></span> <span class='ocrx_word' id='word_1_77' title='bbox 1057 1202 1109 1249; x_wconf 90' lang='lat' dir='ltr'><strong>et</strong></span> <span class='ocrx_word' id='word_1_78' title='bbox 1152 1197 1555 1252; x_wconf 90' lang='lat' dir='ltr'><strong>Testamentum</strong></span> <span class='ocrx_word' id='word_1_79' title='bbox 1589 1197 1803 1251; x_wconf 90' lang='lat' dir='ltr'><strong>Novum</strong></span> 
     </span>
    </p>
   </div>
   <div class='ocr_carea' id='block_1_13' title="bbox 226 1283 1802 1357">
    <p class='ocr_par' dir='ltr' id='par_1_13' title="bbox 226 1283 1802 1357">
     <span class='ocr_line' id='line_1_13' title="bbox 226 1283 1802 1357; baseline -0.003 -16"><span class='ocrx_word' id='word_1_80' title='bbox 226 1287 274 1341; x_wconf 86' lang='lat' dir='ltr'><strong>in</strong></span> <span class='ocrx_word' id='word_1_81' title='bbox 298 1285 412 1357; x_wconf 90' lang='lat' dir='ltr'><strong>ipso</strong></span> <span class='ocrx_word' id='word_1_82' title='bbox 441 1292 496 1339; x_wconf 87' lang='lat' dir='ltr'><strong>et</strong></span> <span class='ocrx_word' id='word_1_83' title='bbox 533 1299 632 1355; x_wconf 87' lang='lat' dir='ltr'><strong>per</strong></span> <span class='ocrx_word' id='word_1_84' title='bbox 663 1284 846 1354; x_wconf 91' lang='lat' dir='ltr'><strong>ipsum</strong></span> <span class='ocrx_word' id='word_1_85' title='bbox 894 1283 1052 1338; x_wconf 90' lang='lat' dir='ltr'><strong>nobis</strong></span> <span class='ocrx_word' id='word_1_86' title='bbox 1080 1283 1402 1354; x_wconf 86' lang='lat' dir='ltr'><strong>dispositum</strong></span> <span class='ocrx_word' id='word_1_87' title='bbox 1433 1298 1542 1339; x_wconf 91' lang='lat' dir='ltr'><strong>non</strong></span> <span class='ocrx_word' id='word_1_88' title='bbox 1568 1283 1802 1339; x_wconf 81' lang='lat' dir='ltr'><strong>difﬁtea-</strong></span> 
     </span>
    </p>
   </div>
   <div class='ocr_carea' id='block_1_14' title="bbox 225 1371 1803 1430">
    <p class='ocr_par' dir='ltr' id='par_1_14' title="bbox 225 1371 1803 1430">
     <span class='ocr_line' id='line_1_14' title="bbox 225 1371 1803 1430; baseline -0.001 -1"><span class='ocrx_word' id='word_1_89' title='bbox 225 1389 351 1430; x_wconf 87' lang='lat' dir='ltr'><strong>mnr.</strong></span> <span class='ocrx_word' id='word_1_90' title='bbox 409 1373 706 1428; x_wconf 86' lang='lat' dir='ltr'><strong>Venturum</strong></span> <span class='ocrx_word' id='word_1_91' title='bbox 759 1371 904 1426; x_wconf 90' lang='lat' dir='ltr'><strong>enim</strong></span> <span class='ocrx_word' id='word_1_92' title='bbox 960 1371 1233 1427; x_wconf 90' lang='lat' dir='ltr'><strong>Christum</strong></span> <span class='ocrx_word' id='word_1_93' title='bbox 1299 1387 1396 1428; x_wconf 89' lang='lat' dir='ltr'><strong>nec</strong></span> <span class='ocrx_word' id='word_1_94' title='bbox 1448 1372 1666 1428; x_wconf 70' lang='lat' dir='ltr'><strong>Judzeos</strong></span> <span class='ocrx_word' id='word_1_95' title='bbox 1720 1387 1803 1427; x_wconf 89' lang='lat' dir='ltr'><strong>re-</strong></span> 
     </span>
    </p>
   </div>
   <div class='ocr_carea' id='block_1_15' title="bbox 200 1460 1804 1537">
    <p class='ocr_par' dir='ltr' id='par_1_15' title="bbox 200 1460 1804 1537">
     <span class='ocr_line' id='line_1_15' title="bbox 200 1460 1804 1537; baseline -0.002 -18"><span class='ocrx_word' id='word_1_96' title='bbox 200 1463 385 1537; x_wconf 45' lang='lat' dir='ltr'><strong>.fntare</strong></span> <span class='ocrx_word' id='word_1_97' title='bbox 436 1462 657 1527; x_wconf 84' lang='lat' dir='ltr'><strong>scimus,</strong></span> <span class='ocrx_word' id='word_1_98' title='bbox 686 1469 875 1530; x_wconf 88' lang='lat' dir='ltr'><strong>utpote</strong></span> <span class='ocrx_word' id='word_1_99' title='bbox 919 1460 1014 1532; x_wconf 88' lang='lat' dir='ltr'><strong>qui</strong></span> <span class='ocrx_word' id='word_1_100' title='bbox 1049 1461 1101 1516; x_wconf 91' lang='lat' dir='ltr'><strong>in</strong></span> <span class='ocrx_word' id='word_1_101' title='bbox 1147 1461 1438 1517; x_wconf 85' lang='lat' dir='ltr'><strong>adventum</strong></span> <span class='ocrx_word' id='word_1_102' title='bbox 1482 1463 1603 1529; x_wconf 87' lang='lat' dir='ltr'><strong>ejus</strong></span> <span class='ocrx_word' id='word_1_103' title='bbox 1650 1475 1804 1531; x_wconf 88' lang='lat' dir='ltr'><strong>spem</strong></span> 
     </span>
    </p>
   </div>
   <div class='ocr_carea' id='block_1_16' title="bbox 225 1549 1806 1622">
    <p class='ocr_par' dir='ltr' id='par_1_16' title="bbox 225 1549 1806 1622">
     <span class='ocr_line' id='line_1_16' title="bbox 225 1549 1806 1622; baseline -0.003 -15"><span class='ocrx_word' id='word_1_104' title='bbox 225 1567 363 1607; x_wconf 88' lang='lat' dir='ltr'><strong>suam</strong></span> <span class='ocrx_word' id='word_1_105' title='bbox 392 1549 696 1622; x_wconf 77' lang='lat' dir='ltr'><strong>porrigant.</strong></span> <span class='ocrx_word' id='word_1_106' title='bbox 728 1550 842 1605; x_wconf 87' lang='lat' dir='ltr'><strong>Nec</strong></span> <span class='ocrx_word' id='word_1_107' title='bbox 890 1550 956 1605; x_wconf 91' lang='lat' dir='ltr'><strong>de</strong></span> <span class='ocrx_word' id='word_1_108' title='bbox 994 1549 1098 1604; x_wconf 91' lang='lat' dir='ltr'><strong>isto</strong></span> <span class='ocrx_word' id='word_1_109' title='bbox 1145 1550 1390 1620; x_wconf 77' lang='lat' dir='ltr'><strong>pluribus</strong></span> <span class='ocrx_word' id='word_1_110' title='bbox 1436 1550 1806 1622; x_wconf 74' lang='lat' dir='ltr'><strong>quaerendum,</strong></span> 
     </span>
    </p>
   </div>
   <div class='ocr_carea' id='block_1_17' title="bbox 224 1639 1803 1712">
    <p class='ocr_par' dir='ltr' id='par_1_17' title="bbox 224 1639 1803 1712">
     <span class='ocr_line' id='line_1_17' title="bbox 224 1639 1803 1712; baseline -0.004 -12"><span class='ocrx_word' id='word_1_111' title='bbox 224 1658 338 1701; x_wconf 88' lang='lat' dir='ltr'><strong>cum</strong></span> <span class='ocrx_word' id='word_1_112' title='bbox 381 1650 527 1697; x_wconf 85' lang='lat' dir='ltr'><strong>retro</strong></span> <span class='ocrx_word' id='word_1_113' title='bbox 556 1655 748 1697; x_wconf 90' lang='lat' dir='ltr'><strong>omnes</strong></span> <span class='ocrx_word' id='word_1_114' title='bbox 788 1641 1070 1712; x_wconf 85' lang='lat' dir='ltr'><strong>prophetae</strong></span> <span class='ocrx_word' id='word_1_115' title='bbox 1098 1639 1167 1695; x_wconf 92' lang='lat' dir='ltr'><strong>de</strong></span> <span class='ocrx_word' id='word_1_116' title='bbox 1213 1654 1276 1695; x_wconf 89' lang='lat' dir='ltr'><strong>eo</strong></span> <span class='ocrx_word' id='word_1_117' title='bbox 1328 1639 1707 1709; x_wconf 85' lang='lat' dir='ltr'><strong>praecinuerint</strong></span> <span class='ocrx_word' id='word_1_118' title='bbox 1734 1639 1803 1704; x_wconf 81' lang='grc'><strong>⁵⁷,</strong></span> 
     </span>
    </p>
   </div>
   <div class='ocr_carea' id='block_1_18' title="bbox 224 1726 1836 1798">
    <p class='ocr_par' dir='ltr' id='par_1_18' title="bbox 224 1726 1836 1798">
     <span class='ocr_line' id='line_1_18' title="bbox 224 1726 1836 1798; baseline -0.001 -11"><span class='ocrx_word' id='word_1_119' title='bbox 224 1740 280 1787; x_wconf 90' lang='lat' dir='ltr'><strong>ut</strong></span> <span class='ocrx_word' id='word_1_120' title='bbox 297 1728 457 1785; x_wconf 82' lang='lat' dir='ltr'><strong>Isaias</strong></span> <span class='ocrx_word' id='word_1_121' title='bbox 477 1728 647 1783; x_wconf 90' lang='lat' dir='ltr'><strong>dicit:</strong></span> <span class='ocrx_word' id='word_1_122' title='bbox 670 1728 762 1784; x_wconf 89' lang='lat' dir='ltr'><strong>Sic</strong></span> <span class='ocrx_word' id='word_1_123' title='bbox 789 1726 928 1783; x_wconf 90' lang='lat' dir='ltr'><strong>dicit</strong></span> <span class='ocrx_word' id='word_1_124' title='bbox 960 1728 1233 1784; x_wconf 80' lang='lat' dir='ltr'><strong>Dominus</strong></span> <span class='ocrx_word' id='word_1_125' title='bbox 1261 1729 1404 1783; x_wconf 90' lang='lat' dir='ltr'><strong>Deus</strong></span> <span class='ocrx_word' id='word_1_126' title='bbox 1435 1727 1553 1798; x_wconf 89' lang='lat'>(27)</span> <span class='ocrx_word' id='word_1_127' title='bbox 1587 1727 1807 1785; x_wconf 82' lang='lat' dir='ltr'><strong>Christo</strong></span> <span class='ocrx_word' id='word_1_128' title='bbox 1831 1730 1836 1735; x_wconf 84' lang='grc'><em>’</em></span> 
     </span>
    </p>
   </div>
   <div class='ocr_carea' id='block_1_19' title="bbox 226 1814 1808 1885">
    <p class='ocr_par' dir='ltr' id='par_1_19' title="bbox 226 1814 1808 1885">
     <span class='ocr_line' id='line_1_19' title="bbox 226 1814 1808 1885; baseline -0.003 -12"><span class='ocrx_word' id='word_1_129' title='bbox 226 1834 341 1874; x_wconf 86' lang='lat' dir='ltr'><strong>meo</strong></span> <span class='ocrx_word' id='word_1_130' title='bbox 358 1817 407 1854; x_wconf 77' lang='grc'><strong>⁵⁸</strong></span> <span class='ocrx_word' id='word_1_131' title='bbox 426 1816 675 1882; x_wconf 86' lang='lat' dir='ltr'><strong>Domino,</strong></span> <span class='ocrx_word' id='word_1_132' title='bbox 698 1816 876 1885; x_wconf 89' lang='lat' dir='ltr'><strong>Cujus</strong></span> <span class='ocrx_word' id='word_1_133' title='bbox 901 1815 1065 1871; x_wconf 91' lang='lat' dir='ltr'><strong>tenui</strong></span> <span class='ocrx_word' id='word_1_134' title='bbox 1085 1814 1399 1881; x_wconf 72' lang='lat' dir='ltr'><strong>dexteram,</strong></span> <span class='ocrx_word' id='word_1_135' title='bbox 1418 1818 1486 1869; x_wconf 89' lang='lat' dir='ltr'><strong>ut</strong></span> <span class='ocrx_word' id='word_1_136' title='bbox 1498 1814 1808 1871; x_wconf 74' lang='lat' dir='ltr'><strong>exaudiant</strong></span> 
     </span>
    </p>
   </div>
   <div class='ocr_carea' id='block_1_20' title="bbox 1908 576 3498 652">
    <p class='ocr_par' dir='ltr' id='par_1_20' title="bbox 1908 576 3498 652">
     <span class='ocr_line' id='line_1_20' title="bbox 1908 576 3498 652; baseline 0.011 -23"><span class='ocrx_word' id='word_1_137' title='bbox 1908 583 1967 630; x_wconf 92' lang='lat' dir='ltr'><strong>ut</strong></span> <span class='ocrx_word' id='word_1_138' title='bbox 2016 576 2128 644; x_wconf 90' lang='lat' dir='ltr'><strong>jam</strong></span> <span class='ocrx_word' id='word_1_139' title='bbox 2193 577 2243 615; x_wconf 81' lang='grc' dir='ltr'><strong>δο</strong></span> <span class='ocrx_word' id='word_1_140' title='bbox 2312 577 2631 634; x_wconf 88' lang='lat' dir='ltr'><strong>Getulorum</strong></span> <span class='ocrx_word' id='word_1_141' title='bbox 2698 579 3012 652; x_wconf 87' lang='lat' dir='ltr'><strong>varietates,</strong></span> <span class='ocrx_word' id='word_1_142' title='bbox 3070 594 3123 640; x_wconf 90' lang='lat' dir='ltr'><strong>et</strong></span> <span class='ocrx_word' id='word_1_143' title='bbox 3190 588 3498 647; x_wconf 81' lang='lat' dir='ltr'><strong>Maurorum</strong></span> 
     </span>
    </p>
   </div>
   <div class='ocr_carea' id='block_1_21' title="bbox 1906 664 3500 739">
    <p class='ocr_par' dir='ltr' id='par_1_21' title="bbox 1906 664 3500 739">
     <span class='ocr_line' id='line_1_21' title="bbox 1906 664 3500 739; baseline 0.009 -20"><span class='ocrx_word' id='word_1_144' title='bbox 1906 665 2061 720; x_wconf 92' lang='lat' dir='ltr'><strong>multi</strong></span> <span class='ocrx_word' id='word_1_145' title='bbox 2092 664 2246 731; x_wconf 81' lang='lat' dir='ltr'><strong>lines,</strong></span> <span class='ocrx_word' id='word_1_146' title='bbox 2285 666 2659 739; x_wconf 84' lang='lat' dir='ltr'><strong>Hispaniarum</strong></span> <span class='ocrx_word' id='word_1_147' title='bbox 2705 683 2898 725; x_wconf 89' lang='lat' dir='ltr'><strong>omnes</strong></span> <span class='ocrx_word' id='word_1_148' title='bbox 2934 672 3165 738; x_wconf 87' lang='lat' dir='ltr'><strong>termini,</strong></span> <span class='ocrx_word' id='word_1_149' title='bbox 3197 682 3250 729; x_wconf 89' lang='lat' dir='ltr'><strong>et</strong></span> <span class='ocrx_word' id='word_1_150' title='bbox 3294 678 3500 734; x_wconf 87' lang='lat' dir='ltr'><strong>Gallia-</strong></span> 
     </span>
    </p>
   </div>
   <div class='ocr_carea' id='block_1_22' title="bbox 1907 754 3502 827">
    <p class='ocr_par' dir='ltr' id='par_1_22' title="bbox 1907 754 3502 827">
     <span class='ocr_line' id='line_1_22' title="bbox 1907 754 3502 827; baseline 0.01 -20"><span class='ocrx_word' id='word_1_151' title='bbox 1907 770 2025 808; x_wconf 90' lang='lat' dir='ltr'><strong>rum</strong></span> <span class='ocrx_word' id='word_1_152' title='bbox 2085 754 2312 811; x_wconf 85' lang='lat' dir='ltr'><strong>diversae</strong></span> <span class='ocrx_word' id='word_1_153' title='bbox 2365 756 2630 827; x_wconf 89' lang='lat' dir='ltr'><strong>nationes,</strong></span> <span class='ocrx_word' id='word_1_154' title='bbox 2682 765 2736 813; x_wconf 91' lang='lat' dir='ltr'><strong>et</strong></span> <span class='ocrx_word' id='word_1_155' title='bbox 2793 758 3170 815; x_wconf 89' lang='lat' dir='ltr'><strong>Britannorum</strong></span> <span class='ocrx_word' id='word_1_156' title='bbox 3228 763 3502 822; x_wconf 81' lang='lat' dir='ltr'><strong>inaccessa</strong></span> 
     </span>
    </p>
   </div>
   <div class='ocr_carea' id='block_1_23' title="bbox 1908 843 3499 919">
    <p class='ocr_par' dir='ltr' id='par_1_23' title="bbox 1908 843 3499 919">
     <span class='ocr_line' id='line_1_23' title="bbox 1908 843 3499 919; baseline 0.008 -22"><span class='ocrx_word' id='word_1_157' title='bbox 1908 843 2166 897; x_wconf 84' lang='lat' dir='ltr'><strong>Romanis</strong></span> <span class='ocrx_word' id='word_1_158' title='bbox 2195 843 2333 911; x_wconf 91' lang='lat' dir='ltr'><strong>loca,</strong></span> <span class='ocrx_word' id='word_1_159' title='bbox 2363 844 2576 900; x_wconf 89' lang='lat' dir='ltr'><strong>Christo</strong></span> <span class='ocrx_word' id='word_1_160' title='bbox 2604 861 2733 902; x_wconf 87' lang='lat' dir='ltr'><strong>vero</strong></span> <span class='ocrx_word' id='word_1_161' title='bbox 2765 847 3084 911; x_wconf 34' lang='lat' dir='ltr'><strong>subditayet</strong></span> <span class='ocrx_word' id='word_1_162' title='bbox 3114 850 3499 919; x_wconf 80' lang='lat' dir='ltr'><strong>Sarmatarum,</strong></span> 
     </span>
    </p>
   </div>
   <div class='ocr_carea' id='block_1_24' title="bbox 1906 928 3501 1015">
    <p class='ocr_par' dir='ltr' id='par_1_24' title="bbox 1906 928 3501 1015">
     <span class='ocr_line' id='line_1_24' title="bbox 1906 928 3501 1015; baseline 0.007 -29"><span class='ocrx_word' id='word_1_163' title='bbox 1906 928 2071 986; x_wconf 73' lang='lat' dir='ltr'><strong>6H</strong></span> <span class='ocrx_word' id='word_1_164' title='bbox 2108 938 2162 985; x_wconf 85' lang='lat' dir='ltr'><strong>et</strong></span> <span class='ocrx_word' id='word_1_165' title='bbox 2207 931 2494 997; x_wconf 90' lang='lat' dir='ltr'><strong>Dacorum,</strong></span> <span class='ocrx_word' id='word_1_166' title='bbox 2545 940 2600 988; x_wconf 90' lang='lat' dir='ltr'><strong>et</strong></span> <span class='ocrx_word' id='word_1_167' title='bbox 2646 934 3043 991; x_wconf 90' lang='lat' dir='ltr'><strong>Germanorum</strong></span> <span class='ocrx_word' id='word_1_168' title='bbox 3084 938 3220 1010; x_wconf 87' lang='grc'>(31),</span> <span class='ocrx_word' id='word_1_169' title='bbox 3267 949 3319 995; x_wconf 91' lang='lat' dir='ltr'><strong>et</strong></span> <span class='ocrx_word' id='word_1_170' title='bbox 3367 942 3501 1015; x_wconf 79' lang='lat' dir='ltr'><strong>Scy-</strong></span> 
     </span>
    </p>
   </div>
   <div class='ocr_carea' id='block_1_25' title="bbox 1912 1020 3502 1102">
    <p class='ocr_par' dir='ltr' id='par_1_25' title="bbox 1912 1020 3502 1102">
     <span class='ocr_line' id='line_1_25' title="bbox 1912 1020 3502 1102; baseline 0.01 -31"><span class='ocrx_word' id='word_1_171' title='bbox 1912 1020 2146 1083; x_wconf 85' lang='lat' dir='ltr'><strong>tharum,</strong></span> <span class='ocrx_word' id='word_1_172' title='bbox 2193 1028 2246 1075; x_wconf 93' lang='lat' dir='ltr'><strong>et</strong></span> <span class='ocrx_word' id='word_1_173' title='bbox 2286 1020 2588 1077; x_wconf 89' lang='lat' dir='ltr'><strong>additarum</strong></span> <span class='ocrx_word' id='word_1_174' title='bbox 2637 1024 2923 1080; x_wconf 88' lang='lat' dir='ltr'><strong>multarum</strong></span> <span class='ocrx_word' id='word_1_175' title='bbox 2964 1028 3227 1099; x_wconf 85' lang='lat' dir='ltr'><strong>gentium,</strong></span> <span class='ocrx_word' id='word_1_176' title='bbox 3277 1038 3329 1083; x_wconf 92' lang='lat' dir='ltr'><strong>et</strong></span> <span class='ocrx_word' id='word_1_177' title='bbox 3378 1049 3502 1102; x_wconf 89' lang='lat' dir='ltr'><strong>pro-</strong></span> 
     </span>
    </p>
   </div>
   <div class='ocr_carea' id='block_1_26' title="bbox 1910 1107 3504 1187">
    <p class='ocr_par' dir='ltr' id='par_1_26' title="bbox 1910 1107 3504 1187">
     <span class='ocr_line' id='line_1_26' title="bbox 1910 1107 3504 1187; baseline 0.009 -27"><span class='ocrx_word' id='word_1_178' title='bbox 1910 1107 2203 1163; x_wconf 90' lang='lat' dir='ltr'><strong>vinciarum</strong></span> <span class='ocrx_word' id='word_1_179' title='bbox 2233 1116 2289 1163; x_wconf 92' lang='lat' dir='ltr'><strong>et</strong></span> <span class='ocrx_word' id='word_1_180' title='bbox 2325 1109 2619 1165; x_wconf 89' lang='lat' dir='ltr'><strong>insularum</strong></span> <span class='ocrx_word' id='word_1_181' title='bbox 2650 1113 2938 1168; x_wconf 89' lang='lat' dir='ltr'><strong>multarum</strong></span> <span class='ocrx_word' id='word_1_182' title='bbox 2987 1117 3146 1171; x_wconf 90' lang='lat' dir='ltr'><strong>nobis</strong></span> <span class='ocrx_word' id='word_1_183' title='bbox 3174 1117 3504 1187; x_wconf 83' lang='lat' dir='ltr'><strong>ignotarum,</strong></span> 
     </span>
    </p>
   </div>
   <div class='ocr_carea' id='block_1_27' title="bbox 1911 1200 3505 1279">
    <p class='ocr_par' dir='ltr' id='par_1_27' title="bbox 1911 1200 3505 1279">
     <span class='ocr_line' id='line_1_27' title="bbox 1911 1200 3505 1279; baseline 0.009 -28"><span class='ocrx_word' id='word_1_184' title='bbox 1911 1203 1966 1251; x_wconf 89' lang='lat' dir='ltr'><strong>et</strong></span> <span class='ocrx_word' id='word_1_185' title='bbox 2019 1211 2139 1266; x_wconf 75' lang='lat' dir='ltr'><strong>quae</strong></span> <span class='ocrx_word' id='word_1_186' title='bbox 2192 1212 2511 1254; x_wconf 87' lang='lat' dir='ltr'><strong>enumerare</strong></span> <span class='ocrx_word' id='word_1_187' title='bbox 2567 1200 2744 1255; x_wconf 89' lang='lat' dir='ltr'><strong>minus</strong></span> <span class='ocrx_word' id='word_1_188' title='bbox 2801 1204 3136 1272; x_wconf 82' lang='lat' dir='ltr'><strong>possumus?</strong></span> <span class='ocrx_word' id='word_1_189' title='bbox 3189 1206 3250 1260; x_wconf 91' lang='lat' dir='ltr'><strong>In</strong></span> <span class='ocrx_word' id='word_1_190' title='bbox 3307 1208 3505 1279; x_wconf 86' lang='lat' dir='ltr'><strong>quibus</strong></span> 
     </span>
    </p>
   </div>
   <div class='ocr_carea' id='block_1_28' title="bbox 1912 1284 3503 1364">
    <p class='ocr_par' dir='ltr' id='par_1_28' title="bbox 1912 1284 3503 1364">
     <span class='ocr_line' id='line_1_28' title="bbox 1912 1284 3503 1364; baseline 0.008 -24"><span class='ocrx_word' id='word_1_191' title='bbox 1912 1284 2163 1340; x_wconf 89' lang='lat' dir='ltr'><strong>omnibus</strong></span> <span class='ocrx_word' id='word_1_192' title='bbox 2207 1284 2342 1341; x_wconf 91' lang='lat' dir='ltr'><strong>locis</strong></span> <span class='ocrx_word' id='word_1_193' title='bbox 2389 1287 2590 1342; x_wconf 91' lang='lat' dir='ltr'><strong>Christi</strong></span> <span class='ocrx_word' id='word_1_194' title='bbox 2646 1304 2865 1355; x_wconf 89' lang='lat' dir='ltr'><strong>nomen,</strong></span> <span class='ocrx_word' id='word_1_195' title='bbox 2916 1290 3009 1363; x_wconf 87' lang='lat' dir='ltr'><strong>qui</strong></span> <span class='ocrx_word' id='word_1_196' title='bbox 3046 1292 3157 1361; x_wconf 90' lang='lat' dir='ltr'><strong>jam</strong></span> <span class='ocrx_word' id='word_1_197' title='bbox 3204 1297 3381 1364; x_wconf 87' lang='lat' dir='ltr'><strong>venit,</strong></span> <span class='ocrx_word' id='word_1_198' title='bbox 3419 1314 3503 1353; x_wconf 80' lang='lat' dir='ltr'><strong>rc-</strong></span> 
     </span>
    </p>
   </div>
   <div class='ocr_carea' id='block_1_29' title="bbox 1911 1379 3505 1457">
    <p class='ocr_par' dir='ltr' id='par_1_29' title="bbox 1911 1379 3505 1457">
     <span class='ocr_line' id='line_1_29' title="bbox 1911 1379 3505 1457; baseline 0.008 -28"><span class='ocrx_word' id='word_1_199' title='bbox 1911 1382 2077 1446; x_wconf 87' lang='lat' dir='ltr'><strong>gnat;</strong></span> <span class='ocrx_word' id='word_1_200' title='bbox 2124 1383 2310 1446; x_wconf 84' lang='lat' dir='ltr'><strong>utpote</strong></span> <span class='ocrx_word' id='word_1_201' title='bbox 2349 1384 2471 1431; x_wconf 87' lang='lat' dir='ltr'><strong>ante</strong></span> <span class='ocrx_word' id='word_1_202' title='bbox 2514 1393 2676 1449; x_wconf 90' lang='lat' dir='ltr'><strong>quem</strong></span> <span class='ocrx_word' id='word_1_203' title='bbox 2722 1379 2967 1435; x_wconf 90' lang='lat' dir='ltr'><strong>omnium</strong></span> <span class='ocrx_word' id='word_1_204' title='bbox 3014 1381 3286 1439; x_wconf 87' lang='lat' dir='ltr'><strong>civitatum</strong></span> <span class='ocrx_word' id='word_1_205' title='bbox 3334 1400 3505 1457; x_wconf 63' lang='lat' dir='ltr'><strong>portae</strong></span> 
     </span>
    </p>
   </div>
   <div class='ocr_carea' id='block_1_30' title="bbox 1913 1465 3505 1545">
    <p class='ocr_par' dir='ltr' id='par_1_30' title="bbox 1913 1465 3505 1545">
     <span class='ocr_line' id='line_1_30' title="bbox 1913 1465 3505 1545; baseline 0.008 -27"><span class='ocrx_word' id='word_1_206' title='bbox 1913 1470 2040 1519; x_wconf 91' lang='lat' dir='ltr'><strong>sunt</strong></span> <span class='ocrx_word' id='word_1_207' title='bbox 2076 1474 2296 1534; x_wconf 72' lang='lat' dir='ltr'><strong>apertae,</strong></span> <span class='ocrx_word' id='word_1_208' title='bbox 2326 1473 2378 1521; x_wconf 90' lang='lat' dir='ltr'><strong>et</strong></span> <span class='ocrx_word' id='word_1_209' title='bbox 2426 1465 2513 1521; x_wconf 90' lang='lat' dir='ltr'><strong>cui</strong></span> <span class='ocrx_word' id='word_1_210' title='bbox 2564 1466 2727 1522; x_wconf 69' lang='lat' dir='ltr'><strong>nullae</strong></span> <span class='ocrx_word' id='word_1_211' title='bbox 2756 1476 2881 1523; x_wconf 91' lang='lat' dir='ltr'><strong>sunt</strong></span> <span class='ocrx_word' id='word_1_212' title='bbox 2907 1468 3103 1526; x_wconf 63' lang='lat' dir='ltr'><strong>clausa;</strong></span> <span class='ocrx_word' id='word_1_213' title='bbox 3136 1489 3150 1525; x_wconf 88' lang='lat'>:</span> <span class='ocrx_word' id='word_1_214' title='bbox 3182 1480 3309 1530; x_wconf 87' lang='lat' dir='ltr'><strong>ante</strong></span> <span class='ocrx_word' id='word_1_215' title='bbox 3346 1491 3505 1545; x_wconf 88' lang='lat' dir='ltr'><strong>quem</strong></span> 
     </span>
    </p>
   </div>
   <div class='ocr_carea' id='block_1_31' title="bbox 1916 1551 3506 1623">
    <p class='ocr_par' dir='ltr' id='par_1_31' title="bbox 1916 1551 3506 1623">
     <span class='ocr_line' id='line_1_31' title="bbox 1916 1551 3506 1623; baseline 0.006 -19"><span class='ocrx_word' id='word_1_216' title='bbox 1916 1566 2053 1606; x_wconf 76' lang='lat' dir='ltr'><strong>serae</strong></span> <span class='ocrx_word' id='word_1_217' title='bbox 2129 1551 2318 1607; x_wconf 79' lang='lat' dir='ltr'><strong>ferreae</strong></span> <span class='ocrx_word' id='word_1_218' title='bbox 2375 1561 2500 1607; x_wconf 91' lang='lat' dir='ltr'><strong>sunt</strong></span> <span class='ocrx_word' id='word_1_219' title='bbox 2572 1557 2950 1623; x_wconf 81' lang='lat' dir='ltr'><strong>comminutae,</strong></span> <span class='ocrx_word' id='word_1_220' title='bbox 3000 1565 3054 1613; x_wconf 89' lang='lat' dir='ltr'><strong>et</strong></span> <span class='ocrx_word' id='word_1_221' title='bbox 3114 1560 3288 1615; x_wconf 85' lang='lat' dir='ltr'><strong>valvae</strong></span> <span class='ocrx_word' id='word_1_222' title='bbox 3351 1579 3506 1618; x_wconf 68' lang='lat' dir='ltr'><strong>aereae</strong></span> 
     </span>
    </p>
   </div>
   <div class='ocr_carea' id='block_1_32' title="bbox 1914 1640 3509 1721">
    <p class='ocr_par' dir='ltr' id='par_1_32' title="bbox 1914 1640 3509 1721">
     <span class='ocr_line' id='line_1_32' title="bbox 1914 1640 3509 1721; baseline 0.009 -27"><span class='ocrx_word' id='word_1_223' title='bbox 1914 1645 2040 1694; x_wconf 88' lang='lat' dir='ltr'><strong>sunt</strong></span> <span class='ocrx_word' id='word_1_224' title='bbox 2093 1648 2288 1709; x_wconf 75' lang='lat' dir='ltr'><strong>apertae</strong></span> <span class='ocrx_word' id='word_1_225' title='bbox 2341 1640 2388 1678; x_wconf 79' lang='grc' dir='ltr'>δι</span> <span class='ocrx_word' id='word_1_226' title='bbox 2445 1641 2576 1712; x_wconf 89' lang='lat' dir='ltr'><strong>(Isa.</strong></span> <span class='ocrx_word' id='word_1_227' title='bbox 2632 1657 2761 1709; x_wconf 74' lang='lat' dir='ltr'><strong>xnv,</strong></span> <span class='ocrx_word' id='word_1_228' title='bbox 2822 1647 2873 1710; x_wconf 98' lang='grc'>1,</span> <span class='ocrx_word' id='word_1_229' title='bbox 2932 1648 3009 1715; x_wconf 90' lang='grc'><strong>2).</strong></span> <span class='ocrx_word' id='word_1_230' title='bbox 3059 1648 3398 1721; x_wconf 87' lang='lat' dir='ltr'><strong>Quamquam</strong></span> <span class='ocrx_word' id='word_1_231' title='bbox 3454 1662 3509 1708; x_wconf 92' lang='lat' dir='ltr'><strong>et</strong></span> 
     </span>
    </p>
   </div>
   <div class='ocr_carea' id='block_1_33' title="bbox 1916 1725 3509 1807">
    <p class='ocr_par' dir='ltr' id='par_1_33' title="bbox 1916 1725 3509 1807">
     <span class='ocr_line' id='line_1_33' title="bbox 1916 1725 3509 1807; baseline 0.008 -25"><span class='ocrx_word' id='word_1_232' title='bbox 1916 1727 2019 1783; x_wconf 89' lang='lat' dir='ltr'><strong>ista</strong></span> <span class='ocrx_word' id='word_1_233' title='bbox 2077 1725 2385 1797; x_wconf 86' lang='lat' dir='ltr'><strong>spiritaliter</strong></span> <span class='ocrx_word' id='word_1_234' title='bbox 2449 1728 2557 1784; x_wconf 90' lang='lat' dir='ltr'><strong>sint</strong></span> <span class='ocrx_word' id='word_1_235' title='bbox 2610 1728 2980 1801; x_wconf 86' lang='lat' dir='ltr'><strong>intelligenda,</strong></span> <span class='ocrx_word' id='word_1_236' title='bbox 3034 1750 3146 1805; x_wconf 90' lang='lat' dir='ltr'><strong>quo</strong></span> <span class='ocrx_word' id='word_1_237' title='bbox 3212 1740 3509 1807; x_wconf 70' lang='lat' dir='ltr'><strong>praecordia</strong></span> 
     </span>
    </p>
   </div>
   <div class='ocr_carea' id='block_1_34' title="bbox 1915 1814 3509 1892">
    <p class='ocr_par' dir='ltr' id='par_1_34' title="bbox 1915 1814 3509 1892">
     <span class='ocr_line' id='line_1_34' title="bbox 1915 1814 3509 1892; baseline 0.008 -23"><span class='ocrx_word' id='word_1_238' title='bbox 1915 1814 2251 1888; x_wconf 87' lang='lat' dir='ltr'><strong>singulorum</strong></span> <span class='ocrx_word' id='word_1_239' title='bbox 2313 1816 2473 1874; x_wconf 85' lang='lat' dir='ltr'><strong>variis</strong></span> <span class='ocrx_word' id='word_1_240' title='bbox 2517 1816 2694 1873; x_wconf 91' lang='lat' dir='ltr'><strong>modis</strong></span> <span class='ocrx_word' id='word_1_241' title='bbox 2748 1833 2780 1872; x_wconf 92' lang='lat' dir='ltr'><strong>a</strong></span> <span class='ocrx_word' id='word_1_242' title='bbox 2828 1818 3043 1875; x_wconf 89' lang='lat' dir='ltr'><strong>diabolo</strong></span> <span class='ocrx_word' id='word_1_243' title='bbox 3098 1823 3359 1892; x_wconf 86' lang='lat' dir='ltr'><strong>obsessa,</strong></span> <span class='ocrx_word' id='word_1_244' title='bbox 3404 1826 3509 1882; x_wconf 82' lang='lat' dir='ltr'><strong>fide</strong></span> 
     </span>
    </p>
   </div>
   <div class='ocr_carea' id='block_1_35' title="bbox 234 1886 3507 1980">
    <p class='ocr_par' dir='ltr' id='par_1_35' title="bbox 234 1886 3507 1980">
     <span class='ocr_line' id='line_1_35' title="bbox 234 1886 3507 1980; baseline 0.004 -22"><span class='ocrx_word' id='word_1_245' title='bbox 234 1905 397 1961; x_wconf 87' lang='lat' dir='ltr'><strong>illum</strong></span> <span class='ocrx_word' id='word_1_246' title='bbox 423 1907 605 1975; x_wconf 85' lang='lat' dir='ltr'><strong>gentes</strong></span> <span class='ocrx_word' id='word_1_247' title='bbox 625 1922 643 1958; x_wconf 92' lang='lat'><strong><em>:</em></strong></span> <span class='ocrx_word' id='word_1_248' title='bbox 664 1902 1033 1973; x_wconf 74' lang='lat' dir='ltr'><strong>fortitudines</strong></span> <span class='ocrx_word' id='word_1_249' title='bbox 1054 1917 1253 1974; x_wconf 86' lang='lat' dir='ltr'><strong>regum</strong></span> <span class='ocrx_word' id='word_1_250' title='bbox 1278 1902 1652 1974; x_wconf 87' lang='lat' dir='ltr'><strong>disrumpam,</strong></span> <span class='ocrx_word' id='word_1_251' title='bbox 1674 1918 1807 1973; x_wconf 86' lang='lat' dir='ltr'><strong>ape-</strong></span> <span class='ocrx_word' id='word_1_252' title='bbox 1842 1886 1886 1963; x_wconf 84' lang='grc' dir='ltr'><strong>Β</strong></span> <span class='ocrx_word' id='word_1_253' title='bbox 1915 1886 2113 1961; x_wconf 75' lang='lat' dir='ltr'><strong>Christi</strong></span> <span class='ocrx_word' id='word_1_254' title='bbox 2140 1904 2248 1960; x_wconf 90' lang='lat' dir='ltr'><strong>sint</strong></span> <span class='ocrx_word' id='word_1_255' title='bbox 2273 1913 2547 1972; x_wconf 88' lang='lat' dir='ltr'><strong>reserata;</strong></span> <span class='ocrx_word' id='word_1_256' title='bbox 2593 1913 2831 1962; x_wconf 89' lang='lat' dir='ltr'><strong>attamen</strong></span> <span class='ocrx_word' id='word_1_257' title='bbox 2868 1908 3151 1980; x_wconf 75' lang='lat' dir='ltr'><strong>perapicue</strong></span> <span class='ocrx_word' id='word_1_258' title='bbox 3180 1922 3303 1967; x_wconf 90' lang='lat' dir='ltr'><strong>sunt</strong></span> <span class='ocrx_word' id='word_1_259' title='bbox 3330 1886 3507 1972; x_wconf 74' lang='lat' dir='ltr'><strong>adim-</strong></span> 
     </span>
    </p>
   </div>
   <div class='ocr_carea' id='block_1_36' title="bbox 234 1990 1815 2063">
    <p class='ocr_par' dir='ltr' id='par_1_36' title="bbox 234 1990 1815 2063">
     <span class='ocr_line' id='line_1_36' title="bbox 234 1990 1815 2063; baseline -0.003 -14"><span class='ocrx_word' id='word_1_260' title='bbox 234 1995 379 2049; x_wconf 86' lang='lat' dir='ltr'><strong>riam</strong></span> <span class='ocrx_word' id='word_1_261' title='bbox 396 1995 532 2047; x_wconf 88' lang='lat' dir='ltr'><strong>ante</strong></span> <span class='ocrx_word' id='word_1_262' title='bbox 549 1991 711 2048; x_wconf 83' lang='lat' dir='ltr'><strong>illum</strong></span> <span class='ocrx_word' id='word_1_263' title='bbox 725 1994 945 2063; x_wconf 85' lang='lat' dir='ltr'><strong>portas,</strong></span> <span class='ocrx_word' id='word_1_264' title='bbox 964 1993 1020 2047; x_wconf 88' lang='lat' dir='ltr'><strong>et</strong></span> <span class='ocrx_word' id='word_1_265' title='bbox 1041 1990 1301 2047; x_wconf 78' lang='lat' dir='ltr'><strong>civitates</strong></span> <span class='ocrx_word' id='word_1_266' title='bbox 1329 2007 1443 2048; x_wconf 89' lang='lat' dir='ltr'><strong>non</strong></span> <span class='ocrx_word' id='word_1_267' title='bbox 1473 1990 1815 2046; x_wconf 84' lang='lat' dir='ltr'><strong>claudentur</strong></span> 
     </span>
    </p>
   </div>
   <div class='ocr_carea' id='block_1_37' title="bbox 228 2076 1815 2151">
    <p class='ocr_par' dir='ltr' id='par_1_37' title="bbox 228 2076 1815 2151">
     <span class='ocr_line' id='line_1_37' title="bbox 228 2076 1815 2151; baseline -0.003 -12"><span class='ocrx_word' id='word_1_268' title='bbox 228 2082 321 2139; x_wconf 86' lang='lat' dir='ltr'><strong>illi</strong></span> <span class='ocrx_word' id='word_1_269' title='bbox 363 2081 492 2151; x_wconf 86' lang='lat' dir='ltr'><strong>(lsa.</strong></span> <span class='ocrx_word' id='word_1_270' title='bbox 537 2094 662 2147; x_wconf 66' lang='lat' dir='ltr'><strong>xcv,</strong></span> <span class='ocrx_word' id='word_1_271' title='bbox 692 2079 745 2144; x_wconf 90' lang='grc'>1,</span> <span class='ocrx_word' id='word_1_272' title='bbox 793 2079 871 2149; x_wconf 88' lang='grc'><strong>2).</strong></span> <span class='ocrx_word' id='word_1_273' title='bbox 921 2076 1079 2147; x_wconf 85' lang='lat' dir='ltr'><strong>Quod</strong></span> <span class='ocrx_word' id='word_1_274' title='bbox 1118 2078 1299 2149; x_wconf 89' lang='lat' dir='ltr'><strong>ipsum</strong></span> <span class='ocrx_word' id='word_1_275' title='bbox 1338 2077 1690 2148; x_wconf 89' lang='lat' dir='ltr'><strong>adimpletum</strong></span> <span class='ocrx_word' id='word_1_276' title='bbox 1734 2079 1815 2135; x_wconf 85' lang='lat' dir='ltr'><strong>vi-</strong></span> 
     </span>
    </p>
   </div>
   <div class='ocr_carea' id='block_1_38' title="bbox 224 2165 1812 2238">
    <p class='ocr_par' dir='ltr' id='par_1_38' title="bbox 224 2165 1812 2238">
     <span class='ocr_line' id='line_1_38' title="bbox 224 2165 1812 2238; baseline -0.004 -12"><span class='ocrx_word' id='word_1_277' title='bbox 224 2170 427 2228; x_wconf 83' lang='lat' dir='ltr'><strong>demus.</strong></span> <span class='ocrx_word' id='word_1_278' title='bbox 463 2168 560 2225; x_wconf 89' lang='lat' dir='ltr'><strong>Cui</strong></span> <span class='ocrx_word' id='word_1_279' title='bbox 604 2168 747 2224; x_wconf 91' lang='lat' dir='ltr'><strong>enim</strong></span> <span class='ocrx_word' id='word_1_280' title='bbox 796 2169 1073 2223; x_wconf 83' lang='lat' dir='ltr'><strong>dexteram</strong></span> <span class='ocrx_word' id='word_1_281' title='bbox 1102 2173 1252 2222; x_wconf 88' lang='lat' dir='ltr'><strong>tenet</strong></span> <span class='ocrx_word' id='word_1_282' title='bbox 1295 2167 1451 2222; x_wconf 87' lang='lat' dir='ltr'><strong>Pater</strong></span> <span class='ocrx_word' id='word_1_283' title='bbox 1494 2165 1608 2238; x_wconf 89' lang='lat'><strong>(28)</strong></span> <span class='ocrx_word' id='word_1_284' title='bbox 1643 2166 1812 2232; x_wconf 87' lang='lat' dir='ltr'><strong>Deus,</strong></span> 
     </span>
    </p>
   </div>
   <div class='ocr_carea' id='block_1_39' title="bbox 223 2256 1817 2327">
    <p class='ocr_par' dir='ltr' id='par_1_39' title="bbox 223 2256 1817 2327">
     <span class='ocr_line' id='line_1_39' title="bbox 223 2256 1817 2327; baseline -0.003 -11"><span class='ocrx_word' id='word_1_285' title='bbox 223 2259 323 2316; x_wconf 87' lang='lat' dir='ltr'><strong>nisi</strong></span> <span class='ocrx_word' id='word_1_286' title='bbox 368 2258 583 2315; x_wconf 86' lang='lat' dir='ltr'><strong>Christo</strong></span> <span class='ocrx_word' id='word_1_287' title='bbox 632 2257 769 2312; x_wconf 87' lang='lat' dir='ltr'><strong>Filio</strong></span> <span class='ocrx_word' id='word_1_288' title='bbox 810 2256 957 2313; x_wconf 78' lang='lat' dir='ltr'><strong>suo?</strong></span> <span class='ocrx_word' id='word_1_289' title='bbox 1002 2271 1164 2327; x_wconf 91' lang='lat' dir='ltr'><strong>quem</strong></span> <span class='ocrx_word' id='word_1_290' title='bbox 1212 2256 1571 2312; x_wconf 78' lang='lat' dir='ltr'><strong>exaudierunt</strong></span> <span class='ocrx_word' id='word_1_291' title='bbox 1625 2270 1817 2312; x_wconf 89' lang='lat' dir='ltr'><strong>omnes</strong></span> 
     </span>
    </p>
   </div>
   <div class='ocr_carea' id='block_1_40' title="bbox 222 2344 1816 2422">
    <p class='ocr_par' dir='ltr' id='par_1_40' title="bbox 222 2344 1816 2422">
     <span class='ocr_line' id='line_1_40' title="bbox 222 2344 1816 2422; baseline -0.002 -19"><span class='ocrx_word' id='word_1_292' title='bbox 222 2358 428 2422; x_wconf 88' lang='lat' dir='ltr'><strong>gentes,</strong></span> <span class='ocrx_word' id='word_1_293' title='bbox 459 2346 515 2401; x_wconf 90' lang='lat' dir='ltr'><strong>id</strong></span> <span class='ocrx_word' id='word_1_294' title='bbox 544 2354 647 2415; x_wconf 91' lang='lat' dir='ltr'><strong>est,</strong></span> <span class='ocrx_word' id='word_1_295' title='bbox 683 2346 769 2401; x_wconf 90' lang='lat' dir='ltr'><strong>cui</strong></span> <span class='ocrx_word' id='word_1_296' title='bbox 797 2360 989 2401; x_wconf 90' lang='lat' dir='ltr'><strong>omnes</strong></span> <span class='ocrx_word' id='word_1_297' title='bbox 1027 2352 1216 2419; x_wconf 88' lang='lat' dir='ltr'><strong>gentes</strong></span> <span class='ocrx_word' id='word_1_298' title='bbox 1255 2344 1614 2414; x_wconf 88' lang='lat' dir='ltr'><strong>crediderunt,</strong></span> <span class='ocrx_word' id='word_1_299' title='bbox 1655 2345 1816 2414; x_wconf 88' lang='lat' dir='ltr'><strong>cujus</strong></span> 
     </span>
    </p>
   </div>
   <div class='ocr_carea' id='block_1_41' title="bbox 223 2433 1813 2509">
    <p class='ocr_par' dir='ltr' id='par_1_41' title="bbox 223 2433 1813 2509">
     <span class='ocr_line' id='line_1_41' title="bbox 223 2433 1813 2509; baseline -0.003 -15"><span class='ocrx_word' id='word_1_300' title='bbox 223 2448 275 2494; x_wconf 91' lang='lat' dir='ltr'><strong>et</strong></span> <span class='ocrx_word' id='word_1_301' title='bbox 318 2437 701 2509; x_wconf 66' lang='lat' dir='ltr'><strong>praedicatores</strong></span> <span class='ocrx_word' id='word_1_302' title='bbox 749 2434 979 2505; x_wconf 84' lang='lat' dir='ltr'><strong>apostoli</strong></span> <span class='ocrx_word' id='word_1_303' title='bbox 1018 2433 1073 2488; x_wconf 93' lang='lat' dir='ltr'><strong>in</strong></span> <span class='ocrx_word' id='word_1_304' title='bbox 1128 2433 1357 2489; x_wconf 85' lang='lat' dir='ltr'><strong>Psalmis</strong></span> <span class='ocrx_word' id='word_1_305' title='bbox 1403 2434 1572 2489; x_wconf 86' lang='lat' dir='ltr'><strong>David</strong></span> <span class='ocrx_word' id='word_1_306' title='bbox 1624 2442 1813 2490; x_wconf 90' lang='lat' dir='ltr'><strong>osten-</strong></span> 
     </span>
    </p>
   </div>
   <div class='ocr_carea' id='block_1_42' title="bbox 221 2524 1811 2597">
    <p class='ocr_par' dir='ltr' id='par_1_42' title="bbox 221 2524 1811 2597">
     <span class='ocr_line' id='line_1_42' title="bbox 221 2524 1811 2597; baseline -0.003 -12"><span class='ocrx_word' id='word_1_307' title='bbox 221 2530 450 2586; x_wconf 87' lang='lat' dir='ltr'><strong>duntur:</strong></span> <span class='ocrx_word' id='word_1_308' title='bbox 471 2529 533 2583; x_wconf 89' lang='lat' dir='ltr'><strong>In</strong></span> <span class='ocrx_word' id='word_1_309' title='bbox 552 2528 846 2595; x_wconf 84' lang='lat' dir='ltr'><strong>universa,</strong></span> <span class='ocrx_word' id='word_1_310' title='bbox 861 2524 1053 2597; x_wconf 89' lang='lat' dir='ltr'><strong>inquit,</strong></span> <span class='ocrx_word' id='word_1_311' title='bbox 1072 2529 1227 2582; x_wconf 88' lang='lat' dir='ltr'><strong>terra</strong></span> <span class='ocrx_word' id='word_1_312' title='bbox 1248 2526 1574 2581; x_wconf 70' lang='lat' dir='ltr'><strong>cxiitsonus</strong></span> <span class='ocrx_word' id='word_1_313' title='bbox 1595 2541 1811 2591; x_wconf 88' lang='lat' dir='ltr'><strong>eorum,</strong></span> 
     </span>
    </p>
   </div>
   <div class='ocr_carea' id='block_1_43' title="bbox 222 2612 1813 2690">
    <p class='ocr_par' dir='ltr' id='par_1_43' title="bbox 222 2612 1813 2690">
     <span class='ocr_line' id='line_1_43' title="bbox 222 2612 1813 2690; baseline -0.006 -14"><span class='ocrx_word' id='word_1_314' title='bbox 222 2623 458 2690; x_wconf 85' lang='lat' dir='ltr'><strong>etusque</strong></span> <span class='ocrx_word' id='word_1_315' title='bbox 478 2616 551 2672; x_wconf 89' lang='lat' dir='ltr'><strong>ad</strong></span> <span class='ocrx_word' id='word_1_316' title='bbox 576 2616 853 2672; x_wconf 84' lang='lat' dir='ltr'><strong>terminos</strong></span> <span class='ocrx_word' id='word_1_317' title='bbox 871 2619 1040 2672; x_wconf 66' lang='lat' dir='ltr'><strong>terra</strong></span> <span class='ocrx_word' id='word_1_318' title='bbox 1056 2614 1221 2670; x_wconf 86' lang='lat' dir='ltr'><strong>verba</strong></span> <span class='ocrx_word' id='word_1_319' title='bbox 1242 2630 1435 2671; x_wconf 89' lang='lat' dir='ltr'><strong>eorum</strong></span> <span class='ocrx_word' id='word_1_320' title='bbox 1458 2612 1630 2686; x_wconf 89' lang='lat' dir='ltr'><strong>(Psal.</strong></span> <span class='ocrx_word' id='word_1_321' title='bbox 1652 2628 1813 2678; x_wconf 82' lang='lat' dir='ltr'><strong>xvm,</strong></span> 
     </span>
    </p>
   </div>
   <div class='ocr_carea' id='block_1_44' title="bbox 220 2701 1817 2777">
    <p class='ocr_par' dir='ltr' id='par_1_44' title="bbox 220 2701 1817 2777">
     <span class='ocr_line' id='line_1_44' title="bbox 220 2701 1817 2777; baseline -0.002 -17"><span class='ocrx_word' id='word_1_322' title='bbox 220 2708 297 2777; x_wconf 79' lang='lat'><strong>5).</strong></span> <span class='ocrx_word' id='word_1_323' title='bbox 327 2706 388 2760; x_wconf 85' lang='lat' dir='ltr'><strong>In</strong></span> <span class='ocrx_word' id='word_1_324' title='bbox 429 2720 595 2777; x_wconf 90' lang='lat' dir='ltr'><strong>quem</strong></span> <span class='ocrx_word' id='word_1_325' title='bbox 645 2703 791 2759; x_wconf 91' lang='lat' dir='ltr'><strong>enim</strong></span> <span class='ocrx_word' id='word_1_326' title='bbox 837 2702 1002 2758; x_wconf 92' lang='lat' dir='ltr'><strong>alium</strong></span> <span class='ocrx_word' id='word_1_327' title='bbox 1033 2702 1306 2758; x_wconf 67' lang='lat' dir='ltr'><strong>universae</strong></span> <span class='ocrx_word' id='word_1_328' title='bbox 1350 2709 1542 2776; x_wconf 79' lang='lat' dir='ltr'><strong>gentes</strong></span> <span class='ocrx_word' id='word_1_329' title='bbox 1578 2701 1817 2758; x_wconf 89' lang='lat' dir='ltr'><strong>credide-</strong></span> 
     </span>
    </p>
   </div>
   <div class='ocr_carea' id='block_1_45' title="bbox 220 2789 1813 2862">
    <p class='ocr_par' dir='ltr' id='par_1_45' title="bbox 220 2789 1813 2862">
     <span class='ocr_line' id='line_1_45' title="bbox 220 2789 1813 2862; baseline -0.004 -11"><span class='ocrx_word' id='word_1_330' title='bbox 220 2802 372 2861; x_wconf 80' lang='lat' dir='ltr'><strong>runt,</strong></span> <span class='ocrx_word' id='word_1_331' title='bbox 418 2794 524 2849; x_wconf 89' lang='lat' dir='ltr'><strong>nisi</strong></span> <span class='ocrx_word' id='word_1_332' title='bbox 572 2792 628 2848; x_wconf 89' lang='lat' dir='ltr'><strong>in</strong></span> <span class='ocrx_word' id='word_1_333' title='bbox 673 2791 945 2847; x_wconf 86' lang='lat' dir='ltr'><strong>Christum</strong></span> <span class='ocrx_word' id='word_1_334' title='bbox 992 2791 1083 2862; x_wconf 89' lang='lat' dir='ltr'><strong>qui</strong></span> <span class='ocrx_word' id='word_1_335' title='bbox 1123 2791 1235 2862; x_wconf 90' lang='lat' dir='ltr'><strong>jam</strong></span> <span class='ocrx_word' id='word_1_336' title='bbox 1286 2790 1481 2848; x_wconf 83' lang='lat' dir='ltr'><strong>venit?</strong></span> <span class='ocrx_word' id='word_1_337' title='bbox 1524 2789 1623 2846; x_wconf 91' lang='lat' dir='ltr'><strong>Cui</strong></span> <span class='ocrx_word' id='word_1_338' title='bbox 1671 2790 1813 2846; x_wconf 91' lang='lat' dir='ltr'><strong>enim</strong></span> 
     </span>
    </p>
   </div>
   <div class='ocr_carea' id='block_1_46' title="bbox 216 2879 1815 2953">
    <p class='ocr_par' dir='ltr' id='par_1_46' title="bbox 216 2879 1815 2953">
     <span class='ocr_line' id='line_1_46' title="bbox 216 2879 1815 2953; baseline -0.004 -12"><span class='ocrx_word' id='word_1_339' title='bbox 216 2894 271 2941; x_wconf 88' lang='lat' dir='ltr'><strong>et</strong></span> <span class='ocrx_word' id='word_1_340' title='bbox 315 2884 436 2938; x_wconf 60' lang='lat' dir='ltr'><strong>alia;</strong></span> <span class='ocrx_word' id='word_1_341' title='bbox 469 2890 664 2953; x_wconf 80' lang='lat' dir='ltr'><strong>gentes</strong></span> <span class='ocrx_word' id='word_1_342' title='bbox 710 2879 1101 2937; x_wconf 81' lang='lat' dir='ltr'><strong>crediderunt?</strong></span> <span class='ocrx_word' id='word_1_343' title='bbox 1148 2882 1367 2947; x_wconf 84' lang='lat' dir='ltr'><strong>Parthi,</strong></span> <span class='ocrx_word' id='word_1_344' title='bbox 1404 2880 1560 2947; x_wconf 80' lang='lat' dir='ltr'><strong>Medi,</strong></span> <span class='ocrx_word' id='word_1_345' title='bbox 1593 2880 1815 2936; x_wconf 85' lang='lat' dir='ltr'><strong>Elami-</strong></span> 
     </span>
    </p>
   </div>
   <div class='ocr_carea' id='block_1_47' title="bbox 218 2968 1815 3043">
    <p class='ocr_par' dir='ltr' id='par_1_47' title="bbox 218 2968 1815 3043">
     <span class='ocr_line' id='line_1_47' title="bbox 218 2968 1815 3043; baseline -0.003 -15"><span class='ocrx_word' id='word_1_346' title='bbox 218 2974 448 3043; x_wconf 74' lang='lat' dir='ltr'><strong>tae(29),</strong></span> <span class='ocrx_word' id='word_1_347' title='bbox 494 2974 551 3028; x_wconf 89' lang='lat' dir='ltr'><strong>et</strong></span> <span class='ocrx_word' id='word_1_348' title='bbox 580 2986 678 3043; x_wconf 78' lang='lat' dir='ltr'><strong>qui</strong></span> <span class='ocrx_word' id='word_1_349' title='bbox 724 2968 1055 3026; x_wconf 81' lang='lat' dir='ltr'><strong>inhabitant</strong></span> <span class='ocrx_word' id='word_1_350' title='bbox 1104 2970 1578 3041; x_wconf 72' lang='lat' dir='ltr'><strong>Mesopotamiam,</strong></span> <span class='ocrx_word' id='word_1_351' title='bbox 1610 2970 1815 3024; x_wconf 86' lang='lat' dir='ltr'><strong>Arme-</strong></span> 
     </span>
    </p>
   </div>
   <div class='ocr_carea' id='block_1_48' title="bbox 213 3058 1812 3131">
    <p class='ocr_par' dir='ltr' id='par_1_48' title="bbox 213 3058 1812 3131">
     <span class='ocr_line' id='line_1_48' title="bbox 213 3058 1812 3131; baseline -0.003 -12"><span class='ocrx_word' id='word_1_352' title='bbox 213 3064 381 3119; x_wconf 83' lang='lat' dir='ltr'><strong>niam</strong></span> <span class='ocrx_word' id='word_1_353' title='bbox 412 3059 547 3131; x_wconf 87' lang='lat'><strong>(30),</strong></span> <span class='ocrx_word' id='word_1_354' title='bbox 580 3059 905 3131; x_wconf 80' lang='lat' dir='ltr'><strong>Phrygiam,</strong></span> <span class='ocrx_word' id='word_1_355' title='bbox 941 3059 1389 3131; x_wconf 79' lang='lat' dir='ltr'><strong>Cappadociam;</strong></span> <span class='ocrx_word' id='word_1_356' title='bbox 1417 3062 1475 3115; x_wconf 90' lang='lat' dir='ltr'><strong>et</strong></span> <span class='ocrx_word' id='word_1_357' title='bbox 1501 3058 1812 3115; x_wconf 82' lang='lat' dir='ltr'><strong>incolentes</strong></span> 
     </span>
    </p>
   </div>
   <div class='ocr_carea' id='block_1_49' title="bbox 1924 1992 3513 2073">
    <p class='ocr_par' dir='ltr' id='par_1_49' title="bbox 1924 1992 3513 2073">
     <span class='ocr_line' id='line_1_49' title="bbox 1924 1992 3513 2073; baseline 0.008 -26"><span class='ocrx_word' id='word_1_358' title='bbox 1924 1992 2089 2063; x_wconf 89' lang='lat' dir='ltr'><strong>pleta,</strong></span> <span class='ocrx_word' id='word_1_359' title='bbox 2122 2002 2308 2062; x_wconf 86' lang='lat' dir='ltr'><strong>utpote</strong></span> <span class='ocrx_word' id='word_1_360' title='bbox 2351 1992 2406 2048; x_wconf 91' lang='lat' dir='ltr'><strong>in</strong></span> <span class='ocrx_word' id='word_1_361' title='bbox 2452 1993 2647 2066; x_wconf 89' lang='lat' dir='ltr'><strong>quibus</strong></span> <span class='ocrx_word' id='word_1_362' title='bbox 2690 1997 2942 2052; x_wconf 87' lang='lat' dir='ltr'><strong>omnibus</strong></span> <span class='ocrx_word' id='word_1_363' title='bbox 2972 1998 3107 2053; x_wconf 88' lang='lat' dir='ltr'><strong>locis</strong></span> <span class='ocrx_word' id='word_1_364' title='bbox 3148 2002 3385 2073; x_wconf 85' lang='lat' dir='ltr'><strong>pepulus</strong></span> <span class='ocrx_word' id='word_1_365' title='bbox 3415 2021 3513 2060; x_wconf 89' lang='lat' dir='ltr'><strong>no-</strong></span> 
     </span>
    </p>
   </div>
   <div class='ocr_carea' id='block_1_50' title="bbox 1921 2080 3512 2154">
    <p class='ocr_par' dir='ltr' id='par_1_50' title="bbox 1921 2080 3512 2154">
     <span class='ocr_line' id='line_1_50' title="bbox 1921 2080 3512 2154; baseline 0.009 -20"><span class='ocrx_word' id='word_1_366' title='bbox 1921 2081 2083 2136; x_wconf 91' lang='lat' dir='ltr'><strong>minis</strong></span> <span class='ocrx_word' id='word_1_367' title='bbox 2128 2080 2326 2136; x_wconf 89' lang='lat' dir='ltr'><strong>Christi</strong></span> <span class='ocrx_word' id='word_1_368' title='bbox 2370 2081 2629 2139; x_wconf 86' lang='lat' dir='ltr'><strong>inhabitet</strong></span> <span class='ocrx_word' id='word_1_369' title='bbox 2673 2084 2743 2139; x_wconf 72' lang='grc'><strong>62.</strong></span> <span class='ocrx_word' id='word_1_370' title='bbox 2792 2083 2926 2154; x_wconf 87' lang='lat' dir='ltr'><strong>Quis</strong></span> <span class='ocrx_word' id='word_1_371' title='bbox 2973 2088 3110 2143; x_wconf 91' lang='lat' dir='ltr'><strong>enim</strong></span> <span class='ocrx_word' id='word_1_372' title='bbox 3165 2092 3415 2147; x_wconf 90' lang='lat' dir='ltr'><strong>omnibus</strong></span> <span class='ocrx_word' id='word_1_373' title='bbox 3462 2096 3512 2133; x_wconf 75' lang='grc'><strong>6³</strong></span> 
     </span>
    </p>
   </div>
   <div class='ocr_carea' id='block_1_51' title="bbox 1921 2170 3511 2255">
    <p class='ocr_par' dir='ltr' id='par_1_51' title="bbox 1921 2170 3511 2255">
     <span class='ocr_line' id='line_1_51' title="bbox 1921 2170 3511 2255; baseline 0.009 -31"><span class='ocrx_word' id='word_1_374' title='bbox 1921 2185 2149 2242; x_wconf 87' lang='lat' dir='ltr'><strong>regnare</strong></span> <span class='ocrx_word' id='word_1_375' title='bbox 2190 2170 2476 2241; x_wconf 89' lang='lat' dir='ltr'><strong>potuisset,</strong></span> <span class='ocrx_word' id='word_1_376' title='bbox 2537 2170 2642 2226; x_wconf 88' lang='lat' dir='ltr'><strong>nisi</strong></span> <span class='ocrx_word' id='word_1_377' title='bbox 2709 2173 2957 2230; x_wconf 91' lang='lat' dir='ltr'><strong>Christus</strong></span> <span class='ocrx_word' id='word_1_378' title='bbox 3007 2176 3104 2231; x_wconf 93' lang='lat' dir='ltr'><strong>Dei</strong></span> <span class='ocrx_word' id='word_1_379' title='bbox 3157 2178 3368 2236; x_wconf 84' lang='lat' dir='ltr'><strong>Filius?</strong></span> <span class='ocrx_word' id='word_1_380' title='bbox 3420 2186 3511 2255; x_wconf 91' lang='lat' dir='ltr'><strong>qui</strong></span> 
     </span>
    </p>
   </div>
   <div class='ocr_carea' id='block_1_52' title="bbox 1920 2258 3509 2338">
    <p class='ocr_par' dir='ltr' id='par_1_52' title="bbox 1920 2258 3509 2338">
     <span class='ocr_line' id='line_1_52' title="bbox 1920 2258 3509 2338; baseline 0.006 -23"><span class='ocrx_word' id='word_1_381' title='bbox 1920 2258 2173 2315; x_wconf 88' lang='lat' dir='ltr'><strong>omnibus</strong></span> <span class='ocrx_word' id='word_1_382' title='bbox 2198 2258 2256 2312; x_wconf 91' lang='lat' dir='ltr'><strong>in</strong></span> <span class='ocrx_word' id='word_1_383' title='bbox 2287 2268 2547 2314; x_wconf 65' lang='lat' dir='ltr'><strong>aeternum</strong></span> <span class='ocrx_word' id='word_1_384' title='bbox 2576 2262 2829 2331; x_wconf 81' lang='lat' dir='ltr'><strong>gentibus</strong></span> <span class='ocrx_word' id='word_1_385' title='bbox 2858 2263 2908 2301; x_wconf 68' lang='grc' dir='ltr'><strong>δτι</strong></span> <span class='ocrx_word' id='word_1_386' title='bbox 2936 2272 3257 2335; x_wconf 85' lang='lat' dir='ltr'><strong>regnaturus</strong></span> <span class='ocrx_word' id='word_1_387' title='bbox 3285 2268 3509 2338; x_wconf 88' lang='lat' dir='ltr'><strong>((Psal.,</strong></span> 
     </span>
    </p>
   </div>
   <div class='ocr_carea' id='block_1_53' title="bbox 1920 2349 3511 2425">
    <p class='ocr_par' dir='ltr' id='par_1_53' title="bbox 1920 2349 3511 2425">
     <span class='ocr_line' id='line_1_53' title="bbox 1920 2349 3511 2425; baseline 0.007 -22"><span class='ocrx_word' id='word_1_388' title='bbox 1920 2362 2072 2417; x_wconf 76' lang='lat' dir='ltr'><strong>xnvx,</strong></span> <span class='ocrx_word' id='word_1_389' title='bbox 2096 2349 2150 2415; x_wconf 88' lang='lat'><strong>2,</strong></span> <span class='ocrx_word' id='word_1_390' title='bbox 2171 2350 2235 2418; x_wconf 86' lang='lat'><strong>9;</strong></span> <span class='ocrx_word' id='word_1_391' title='bbox 2262 2362 2474 2417; x_wconf 75' lang='lat' dir='ltr'><strong>Lxxxv,</strong></span> <span class='ocrx_word' id='word_1_392' title='bbox 2498 2349 2562 2415; x_wconf 89' lang='lat'><strong>9;</strong></span> <span class='ocrx_word' id='word_1_393' title='bbox 2588 2349 2693 2404; x_wconf 87' lang='lat' dir='ltr'><strong>Isa.</strong></span> <span class='ocrx_word' id='word_1_394' title='bbox 2720 2365 2781 2418; x_wconf 88' lang='grc' dir='ltr'><strong>ιι,</strong></span> <span class='ocrx_word' id='word_1_395' title='bbox 2807 2352 2873 2422; x_wconf 81' lang='grc'><strong>4;</strong></span> <span class='ocrx_word' id='word_1_396' title='bbox 2898 2368 3056 2417; x_wconf 76' lang='lat' dir='ltr'><strong>xux,</strong></span> <span class='ocrx_word' id='word_1_397' title='bbox 3078 2354 3511 2425; x_wconf 87' lang='lat' dir='ltr'><strong>6)nuntiabatur.</strong></span> 
     </span>
    </p>
   </div>
   <div class='ocr_carea' id='block_1_54' title="bbox 1920 2436 3515 2513">
    <p class='ocr_par' dir='ltr' id='par_1_54' title="bbox 1920 2436 3515 2513">
     <span class='ocr_line' id='line_1_54' title="bbox 1920 2436 3515 2513; baseline 0.009 -22"><span class='ocrx_word' id='word_1_398' title='bbox 1920 2437 2055 2491; x_wconf 91' lang='lat' dir='ltr'><strong>Nam</strong></span> <span class='ocrx_word' id='word_1_399' title='bbox 2111 2436 2157 2491; x_wconf 89' lang='lat' dir='ltr'><strong>si</strong></span> <span class='ocrx_word' id='word_1_400' title='bbox 2215 2437 2468 2493; x_wconf 88' lang='lat' dir='ltr'><strong>Salomon</strong></span> <span class='ocrx_word' id='word_1_401' title='bbox 2525 2440 2787 2513; x_wconf 85' lang='lat' dir='ltr'><strong>regnavit,</strong></span> <span class='ocrx_word' id='word_1_402' title='bbox 2847 2442 2940 2497; x_wconf 85' lang='lat' dir='ltr'><strong>sed</strong></span> <span class='ocrx_word' id='word_1_403' title='bbox 2998 2442 3052 2495; x_wconf 92' lang='lat' dir='ltr'><strong>in</strong></span> <span class='ocrx_word' id='word_1_404' title='bbox 3105 2442 3308 2500; x_wconf 87' lang='lat' dir='ltr'><strong>tinibus</strong></span> <span class='ocrx_word' id='word_1_405' title='bbox 3361 2448 3515 2505; x_wconf 77' lang='lat' dir='ltr'><strong>Juda:</strong></span> 
     </span>
    </p>
   </div>
   <div class='ocr_carea' id='block_1_55' title="bbox 1922 2525 3514 2609">
    <p class='ocr_par' dir='ltr' id='par_1_55' title="bbox 1922 2525 3514 2609">
     <span class='ocr_line' id='line_1_55' title="bbox 1922 2525 3514 2609; baseline 0.009 -30"><span class='ocrx_word' id='word_1_406' title='bbox 1922 2532 2149 2594; x_wconf 91' lang='lat' dir='ltr'><strong>tantum,</strong></span> <span class='ocrx_word' id='word_1_407' title='bbox 2184 2540 2215 2579; x_wconf 91' lang='lat' dir='ltr'><strong>a</strong></span> <span class='ocrx_word' id='word_1_408' title='bbox 2260 2525 2523 2582; x_wconf 86' lang='lat' dir='ltr'><strong>Bersabee</strong></span> <span class='ocrx_word' id='word_1_409' title='bbox 2567 2543 2736 2599; x_wconf 88' lang='lat' dir='ltr'><strong>usque</strong></span> <span class='ocrx_word' id='word_1_410' title='bbox 2792 2529 2909 2583; x_wconf 90' lang='lat' dir='ltr'><strong>Dan</strong></span> <span class='ocrx_word' id='word_1_411' title='bbox 2940 2532 3151 2588; x_wconf 89' lang='lat' dir='ltr'><strong>termini</strong></span> <span class='ocrx_word' id='word_1_412' title='bbox 3194 2535 3315 2604; x_wconf 90' lang='lat' dir='ltr'><strong>ejus</strong></span> <span class='ocrx_word' id='word_1_413' title='bbox 3362 2540 3514 2609; x_wconf 82' lang='lat' dir='ltr'><strong>regni</strong></span> 
     </span>
    </p>
   </div>
   <div class='ocr_carea' id='block_1_56' title="bbox 1920 2613 3517 2691">
    <p class='ocr_par' dir='ltr' id='par_1_56' title="bbox 1920 2613 3517 2691">
     <span class='ocr_line' id='line_1_56' title="bbox 1920 2613 3517 2691; baseline 0.008 -22"><span class='ocrx_word' id='word_1_414' title='bbox 1920 2613 2200 2685; x_wconf 85' lang='lat' dir='ltr'><strong>signantur</strong></span> <span class='ocrx_word' id='word_1_415' title='bbox 2271 2614 2407 2686; x_wconf 88' lang='lat'><strong>(32).</strong></span> <span class='ocrx_word' id='word_1_416' title='bbox 2480 2616 2537 2671; x_wconf 92' lang='lat' dir='ltr'><strong>Si</strong></span> <span class='ocrx_word' id='word_1_417' title='bbox 2608 2632 2738 2673; x_wconf 89' lang='lat' dir='ltr'><strong>vero</strong></span> <span class='ocrx_word' id='word_1_418' title='bbox 2811 2618 3119 2691; x_wconf 85' lang='lat' dir='ltr'><strong>Babyloniis</strong></span> <span class='ocrx_word' id='word_1_419' title='bbox 3180 2634 3233 2677; x_wconf 91' lang='lat' dir='ltr'><strong>et</strong></span> <span class='ocrx_word' id='word_1_420' title='bbox 3309 2626 3517 2682; x_wconf 88' lang='lat' dir='ltr'><strong>Parthis</strong></span> 
     </span>
    </p>
   </div>
   <div class='ocr_carea' id='block_1_57' title="bbox 1921 2702 3519 2784">
    <p class='ocr_par' dir='ltr' id='par_1_57' title="bbox 1921 2702 3519 2784">
     <span class='ocr_line' id='line_1_57' title="bbox 1921 2702 3519 2784; baseline 0.007 -26"><span class='ocrx_word' id='word_1_421' title='bbox 1921 2702 2170 2775; x_wconf 87' lang='lat' dir='ltr'><strong>regnavit</strong></span> <span class='ocrx_word' id='word_1_422' title='bbox 2219 2703 2452 2772; x_wconf 89' lang='lat' dir='ltr'><strong>Darius,</strong></span> <span class='ocrx_word' id='word_1_423' title='bbox 2507 2718 2616 2759; x_wconf 90' lang='lat' dir='ltr'><strong>non</strong></span> <span class='ocrx_word' id='word_1_424' title='bbox 2673 2704 2859 2759; x_wconf 87' lang='lat' dir='ltr'><strong>habuit</strong></span> <span class='ocrx_word' id='word_1_425' title='bbox 2916 2705 2969 2761; x_wconf 91' lang='lat' dir='ltr'><strong>in</strong></span> <span class='ocrx_word' id='word_1_426' title='bbox 3034 2708 3284 2765; x_wconf 89' lang='lat' dir='ltr'><strong>omnibus</strong></span> <span class='ocrx_word' id='word_1_427' title='bbox 3338 2717 3519 2784; x_wconf 88' lang='lat' dir='ltr'><strong>genti-</strong></span> 
     </span>
    </p>
   </div>
   <div class='ocr_carea' id='block_1_58' title="bbox 1922 2791 3521 2871">
    <p class='ocr_par' dir='ltr' id='par_1_58' title="bbox 1922 2791 3521 2871">
     <span class='ocr_line' id='line_1_58' title="bbox 1922 2791 3521 2871; baseline 0.007 -25"><span class='ocrx_word' id='word_1_428' title='bbox 1922 2791 2026 2846; x_wconf 89' lang='lat' dir='ltr'><strong>bus</strong></span> <span class='ocrx_word' id='word_1_429' title='bbox 2081 2799 2399 2862; x_wconf 90' lang='lat' dir='ltr'><strong>potestatem</strong></span> <span class='ocrx_word' id='word_1_430' title='bbox 2435 2791 2503 2846; x_wconf 75' lang='grc'><strong>6⁵.</strong></span> <span class='ocrx_word' id='word_1_431' title='bbox 2555 2792 2614 2849; x_wconf 92' lang='lat' dir='ltr'><strong>Si</strong></span> <span class='ocrx_word' id='word_1_432' title='bbox 2659 2792 2925 2866; x_wconf 66' lang='lat' dir='ltr'><strong>Egyptiis</strong></span> <span class='ocrx_word' id='word_1_433' title='bbox 2970 2795 3195 2866; x_wconf 85' lang='lat' dir='ltr'><strong>Pharao,</strong></span> <span class='ocrx_word' id='word_1_434' title='bbox 3238 2800 3321 2853; x_wconf 90' lang='lat' dir='ltr'><strong>vel</strong></span> <span class='ocrx_word' id='word_1_435' title='bbox 3370 2804 3521 2871; x_wconf 88' lang='lat' dir='ltr'><strong>quis-</strong></span> 
     </span>
    </p>
   </div>
   <div class='ocr_carea' id='block_1_59' title="bbox 1925 2878 3517 2953">
    <p class='ocr_par' dir='ltr' id='par_1_59' title="bbox 1925 2878 3517 2953">
     <span class='ocr_line' id='line_1_59' title="bbox 1925 2878 3517 2953; baseline 0.008 -19"><span class='ocrx_word' id='word_1_436' title='bbox 1925 2893 2032 2952; x_wconf 89' lang='lat' dir='ltr'><strong>que</strong></span> <span class='ocrx_word' id='word_1_437' title='bbox 2076 2878 2127 2934; x_wconf 94' lang='lat' dir='ltr'><strong>ei</strong></span> <span class='ocrx_word' id='word_1_438' title='bbox 2175 2878 2231 2934; x_wconf 93' lang='lat' dir='ltr'><strong>in</strong></span> <span class='ocrx_word' id='word_1_439' title='bbox 2280 2880 2589 2935; x_wconf 68' lang='lat' dir='ltr'><strong>haereditate</strong></span> <span class='ocrx_word' id='word_1_440' title='bbox 2635 2881 2789 2953; x_wconf 85' lang='lat' dir='ltr'><strong>regni</strong></span> <span class='ocrx_word' id='word_1_441' title='bbox 2836 2886 3124 2949; x_wconf 86' lang='lat' dir='ltr'><strong>successit;</strong></span> <span class='ocrx_word' id='word_1_442' title='bbox 3161 2884 3271 2943; x_wconf 88' lang='lat' dir='ltr'><strong>illic</strong></span> <span class='ocrx_word' id='word_1_443' title='bbox 3316 2897 3517 2946; x_wconf 89' lang='lat' dir='ltr'><strong>tantum</strong></span> 
     </span>
    </p>
   </div>
   <div class='ocr_carea' id='block_1_60' title="bbox 1924 2967 3520 3039">
    <p class='ocr_par' dir='ltr' id='par_1_60' title="bbox 1924 2967 3520 3039">
     <span class='ocr_line' id='line_1_60' title="bbox 1924 2967 3520 3039; baseline 0.008 -16"><span class='ocrx_word' id='word_1_444' title='bbox 1924 2967 2104 3039; x_wconf 90' lang='lat' dir='ltr'><strong>potius</strong></span> <span class='ocrx_word' id='word_1_445' title='bbox 2149 2976 2230 3023; x_wconf 90' lang='lat' dir='ltr'><strong>est</strong></span> <span class='ocrx_word' id='word_1_446' title='bbox 2275 2967 2428 3038; x_wconf 85' lang='lat' dir='ltr'><strong>regni</strong></span> <span class='ocrx_word' id='word_1_447' title='bbox 2472 2968 2555 3023; x_wconf 89' lang='lat' dir='ltr'><strong>sui</strong></span> <span class='ocrx_word' id='word_1_448' title='bbox 2614 2968 2933 3025; x_wconf 88' lang='lat' dir='ltr'><strong>dominium.</strong></span> <span class='ocrx_word' id='word_1_449' title='bbox 2984 2972 3072 3028; x_wconf 92' lang='lat' dir='ltr'><strong>Sic</strong></span> <span class='ocrx_word' id='word_1_450' title='bbox 3116 2974 3166 3012; x_wconf 75' lang='grc'>66</span> <span class='ocrx_word' id='word_1_451' title='bbox 3224 2977 3520 3034; x_wconf 86' lang='lat' dir='ltr'><strong>Nabucho-</strong></span> 
     </span>
    </p>
   </div>
   <div class='ocr_carea' id='block_1_61' title="bbox 1922 3056 3519 3134">
    <p class='ocr_par' dir='ltr' id='par_1_61' title="bbox 1922 3056 3519 3134">
     <span class='ocr_line' id='line_1_61' title="bbox 1922 3056 3519 3134; baseline 0.008 -23"><span class='ocrx_word' id='word_1_452' title='bbox 1922 3056 2159 3113; x_wconf 90' lang='lat' dir='ltr'><strong>donosor</strong></span> <span class='ocrx_word' id='word_1_453' title='bbox 2204 3072 2327 3112; x_wconf 92' lang='lat' dir='ltr'><strong>cum</strong></span> <span class='ocrx_word' id='word_1_454' title='bbox 2374 3056 2486 3111; x_wconf 90' lang='lat' dir='ltr'><strong>suis</strong></span> <span class='ocrx_word' id='word_1_455' title='bbox 2533 3057 2732 3127; x_wconf 79' lang='lat' dir='ltr'><strong>regulis</strong></span> <span class='ocrx_word' id='word_1_456' title='bbox 2778 3061 2848 3114; x_wconf 89' lang='lat' dir='ltr'><strong>ab</strong></span> <span class='ocrx_word' id='word_1_457' title='bbox 2894 3060 3045 3115; x_wconf 87' lang='lat' dir='ltr'><strong>India</strong></span> <span class='ocrx_word' id='word_1_458' title='bbox 3090 3080 3259 3134; x_wconf 87' lang='lat' dir='ltr'><strong>usque</strong></span> <span class='ocrx_word' id='word_1_459' title='bbox 3306 3067 3519 3123; x_wconf 67' lang='lat' dir='ltr'><strong>Ethio-</strong></span> 
     </span>
    </p>
   </div>
   <div class='ocr_carea' id='block_1_62' title="bbox 212 3143 3521 3243">
    <p class='ocr_par' dir='ltr' id='par_1_62' title="bbox 212 3143 3521 3243">
     <span class='ocr_line' id='line_1_62' title="bbox 212 3143 3521 3243; baseline 0.001 -35"><span class='ocrx_word' id='word_1_460' title='bbox 212 3155 485 3219; x_wconf 86' lang='lat' dir='ltr'><strong>Pontum,</strong></span> <span class='ocrx_word' id='word_1_461' title='bbox 535 3154 594 3205; x_wconf 90' lang='lat' dir='ltr'><strong>et</strong></span> <span class='ocrx_word' id='word_1_462' title='bbox 628 3151 840 3216; x_wconf 69' lang='lat' dir='ltr'><strong>Asiam,</strong></span> <span class='ocrx_word' id='word_1_463' title='bbox 880 3152 938 3204; x_wconf 91' lang='lat' dir='ltr'><strong>et</strong></span> <span class='ocrx_word' id='word_1_464' title='bbox 982 3148 1417 3221; x_wconf 80' lang='lat' dir='ltr'><strong>Pamphyliam;</strong></span> <span class='ocrx_word' id='word_1_465' title='bbox 1447 3151 1820 3207; x_wconf 88' lang='lat' dir='ltr'><strong>immorantes</strong></span> <span class='ocrx_word' id='word_1_466' title='bbox 1853 3164 1895 3243; x_wconf 67' lang='grc' dir='ltr'>ο</span> <span class='ocrx_word' id='word_1_467' title='bbox 1927 3145 2073 3217; x_wconf 90' lang='lat' dir='ltr'><strong>piam</strong></span> <span class='ocrx_word' id='word_1_468' title='bbox 2138 3143 2329 3199; x_wconf 88' lang='lat' dir='ltr'><strong>habuit</strong></span> <span class='ocrx_word' id='word_1_469' title='bbox 2376 3143 2532 3220; x_wconf 87' lang='lat' dir='ltr'><strong>regni</strong></span> <span class='ocrx_word' id='word_1_470' title='bbox 2590 3145 2672 3200; x_wconf 89' lang='lat' dir='ltr'><strong>sui</strong></span> <span class='ocrx_word' id='word_1_471' title='bbox 2735 3145 3009 3202; x_wconf 90' lang='lat' dir='ltr'><strong>terminos.</strong></span> <span class='ocrx_word' id='word_1_472' title='bbox 3069 3148 3158 3204; x_wconf 81' lang='lat' dir='ltr'><strong>Sic</strong></span> <span class='ocrx_word' id='word_1_473' title='bbox 3212 3151 3521 3212; x_wconf 84' lang='lat' dir='ltr'><strong>Alexander</strong></span> 
     </span>
    </p>
   </div>
   <div class='ocr_carea' id='block_1_63' title="bbox 211 3238 1820 3312">
    <p class='ocr_par' dir='ltr' id='par_1_63' title="bbox 211 3238 1820 3312">
     <span class='ocr_line' id='line_1_63' title="bbox 211 3238 1820 3312; baseline 0.001 -18"><span class='ocrx_word' id='word_1_474' title='bbox 211 3242 546 3312; x_wconf 50' lang='lat' dir='ltr'><strong>ﬁgyptum,</strong></span> <span class='ocrx_word' id='word_1_475' title='bbox 569 3242 627 3295; x_wconf 89' lang='lat' dir='ltr'><strong>et</strong></span> <span class='ocrx_word' id='word_1_476' title='bbox 656 3240 945 3309; x_wconf 83' lang='lat' dir='ltr'><strong>regionem</strong></span> <span class='ocrx_word' id='word_1_477' title='bbox 972 3238 1182 3308; x_wconf 74' lang='lat' dir='ltr'><strong>Africa:</strong></span> <span class='ocrx_word' id='word_1_478' title='bbox 1209 3254 1338 3310; x_wconf 70' lang='lat' dir='ltr'><strong>quae</strong></span> <span class='ocrx_word' id='word_1_479' title='bbox 1366 3242 1450 3295; x_wconf 86' lang='lat' dir='ltr'><strong>est</strong></span> <span class='ocrx_word' id='word_1_480' title='bbox 1472 3241 1633 3294; x_wconf 89' lang='lat' dir='ltr'><strong>trans</strong></span> <span class='ocrx_word' id='word_1_481' title='bbox 1660 3239 1820 3311; x_wconf 85' lang='lat' dir='ltr'><strong>Cyre-</strong></span> 
     </span>
    </p>
   </div>
   <div class='ocr_carea' id='block_1_64' title="bbox 209 3326 1817 3396">
    <p class='ocr_par' dir='ltr' id='par_1_64' title="bbox 209 3326 1817 3396">
     <span class='ocr_line' id='line_1_64' title="bbox 209 3326 1817 3396; baseline -0.003 -9"><span class='ocrx_word' id='word_1_482' title='bbox 209 3346 345 3387; x_wconf 86' lang='lat' dir='ltr'><strong>nem</strong></span> <span class='ocrx_word' id='word_1_483' title='bbox 372 3326 778 3392; x_wconf 78' lang='lat' dir='ltr'><strong>inhabitantes,</strong></span> <span class='ocrx_word' id='word_1_484' title='bbox 811 3327 1054 3386; x_wconf 83' lang='lat' dir='ltr'><strong>Romani</strong></span> <span class='ocrx_word' id='word_1_485' title='bbox 1072 3326 1123 3365; x_wconf 81' lang='lat'><strong>59</strong></span> <span class='ocrx_word' id='word_1_486' title='bbox 1151 3331 1207 3384; x_wconf 89' lang='lat' dir='ltr'><strong>et</strong></span> <span class='ocrx_word' id='word_1_487' title='bbox 1235 3328 1470 3396; x_wconf 69' lang='lat' dir='ltr'><strong>incolas;</strong></span> <span class='ocrx_word' id='word_1_488' title='bbox 1502 3331 1638 3384; x_wconf 89' lang='lat' dir='ltr'><strong>tunc</strong></span> <span class='ocrx_word' id='word_1_489' title='bbox 1667 3330 1725 3383; x_wconf 90' lang='lat' dir='ltr'><strong>et</strong></span> <span class='ocrx_word' id='word_1_490' title='bbox 1752 3328 1817 3382; x_wconf 89' lang='lat' dir='ltr'><strong>in</strong></span> 
     </span>
    </p>
   </div>
   <div class='ocr_carea' id='block_1_65' title="bbox 1924 3231 3521 3306">
    <p class='ocr_par' dir='ltr' id='par_1_65' title="bbox 1924 3231 3521 3306">
     <span class='ocr_line' id='line_1_65' title="bbox 1924 3231 3521 3306; baseline 0.004 -14"><span class='ocrx_word' id='word_1_491' title='bbox 1924 3235 2147 3292; x_wconf 86' lang='lat' dir='ltr'><strong>Macedo</strong></span> <span class='ocrx_word' id='word_1_492' title='bbox 2185 3249 2458 3306; x_wconf 86' lang='lat' dir='ltr'><strong>nunquam</strong></span> <span class='ocrx_word' id='word_1_493' title='bbox 2509 3231 2697 3290; x_wconf 82' lang='lat' dir='ltr'><strong>Asiam</strong></span> <span class='ocrx_word' id='word_1_494' title='bbox 2745 3236 3048 3291; x_wconf 88' lang='lat' dir='ltr'><strong>universam</strong></span> <span class='ocrx_word' id='word_1_495' title='bbox 3079 3245 3134 3292; x_wconf 89' lang='lat' dir='ltr'><strong>et</strong></span> <span class='ocrx_word' id='word_1_496' title='bbox 3180 3248 3407 3301; x_wconf 83' lang='lat' dir='ltr'><strong>caeteras</strong></span> <span class='ocrx_word' id='word_1_497' title='bbox 3436 3260 3521 3299; x_wconf 89' lang='lat' dir='ltr'><strong>rc-</strong></span> 
     </span>
    </p>
   </div>
   <div class='ocr_carea' id='block_1_66' title="bbox 1924 3323 3520 3396">
    <p class='ocr_par' dir='ltr' id='par_1_66' title="bbox 1924 3323 3520 3396">
     <span class='ocr_line' id='line_1_66' title="bbox 1924 3323 3520 3396; baseline 0.006 -18"><span class='ocrx_word' id='word_1_498' title='bbox 1924 3324 2137 3396; x_wconf 88' lang='lat' dir='ltr'><strong>giones,</strong></span> <span class='ocrx_word' id='word_1_499' title='bbox 2171 3330 2520 3395; x_wconf 87' lang='lat' dir='ltr'><strong>posteaquam</strong></span> <span class='ocrx_word' id='word_1_500' title='bbox 2564 3323 2854 3394; x_wconf 86' lang='lat' dir='ltr'><strong>devicerat,</strong></span> <span class='ocrx_word' id='word_1_501' title='bbox 2894 3325 3085 3383; x_wconf 89' lang='lat' dir='ltr'><strong>tenuit.</strong></span> <span class='ocrx_word' id='word_1_502' title='bbox 3127 3328 3216 3384; x_wconf 92' lang='lat' dir='ltr'><strong>Sic</strong></span> <span class='ocrx_word' id='word_1_503' title='bbox 3266 3330 3520 3388; x_wconf 83' lang='lat' dir='ltr'><strong>Germani</strong></span> 
     </span>
    </p>
   </div>
   <div class='ocr_carea' id='block_1_67' title="bbox 1603 3452 2133 3517">
    <p class='ocr_par' dir='ltr' id='par_1_67' title="bbox 1603 3452 2133 3517">
     <span class='ocr_line' id='line_1_67' title="bbox 1603 3452 2133 3517; baseline -0.008 -1"><span class='ocrx_word' id='word_1_504' title='bbox 1603 3452 1796 3517; x_wconf 69' lang='lat' dir='ltr'><strong>Varias</strong></span> <span class='ocrx_word' id='word_1_505' title='bbox 1824 3455 2133 3516; x_wconf 90' lang='lat' dir='ltr'><strong>lectiones.</strong></span> 
     </span>
    </p>
   </div>
   <div class='ocr_carea' id='block_1_68' title="bbox 277 3556 3521 3633">
    <p class='ocr_par' dir='ltr' id='par_1_68' title="bbox 277 3556 3521 3633">
     <span class='ocr_line' id='line_1_68' title="bbox 277 3556 3521 3633; baseline 0 -14"><span class='ocrx_word' id='word_1_506' title='bbox 277 3562 326 3602; x_wconf 70' lang='lat'><strong>57</strong></span> <span class='ocrx_word' id='word_1_507' title='bbox 368 3559 775 3633; x_wconf 69' lang='lat' dir='ltr'><strong>Praaeanuerint</strong></span> <span class='ocrx_word' id='word_1_508' title='bbox 812 3562 979 3633; x_wconf 85' lang='lat' dir='ltr'><strong>Fran.</strong></span> <span class='ocrx_word' id='word_1_509' title='bbox 1012 3558 1063 3597; x_wconf 78' lang='grc'><strong>⁵⁸</strong></span> <span class='ocrx_word' id='word_1_510' title='bbox 1088 3560 1263 3633; x_wconf 79' lang='lat' dir='ltr'><strong>Uncto</strong></span> <span class='ocrx_word' id='word_1_511' title='bbox 1294 3575 1419 3617; x_wconf 89' lang='lat' dir='ltr'><strong>meo</strong></span> <span class='ocrx_word' id='word_1_512' title='bbox 1448 3559 2073 3633; x_wconf 12' lang='lat' dir='ltr'><strong>Cyrogestgveralectioi</strong></span> <span class='ocrx_word' id='word_1_513' title='bbox 2086 3556 2181 3633; x_wconf 81' lang='lat' dir='ltr'><strong>sed</strong></span> <span class='ocrx_word' id='word_1_514' title='bbox 2200 3556 2391 3633; x_wconf 55' lang='lat' dir='ltr'><strong>Cotini</strong></span> <span class='ocrx_word' id='word_1_515' title='bbox 2407 3556 2598 3633; x_wconf 64' lang='lat' dir='ltr'><strong>plures</strong></span> <span class='ocrx_word' id='word_1_516' title='bbox 2618 3557 2699 3633; x_wconf 74' lang='lat' dir='ltr'><strong>sic</strong></span> <span class='ocrx_word' id='word_1_517' title='bbox 2730 3556 2984 3633; x_wconf 57' lang='lat' dir='ltr'><strong>legebant</strong></span> <span class='ocrx_word' id='word_1_518' title='bbox 3015 3561 3187 3617; x_wconf 90' lang='lat' dir='ltr'><strong>Seml.</strong></span> <span class='ocrx_word' id='word_1_519' title='bbox 3217 3562 3266 3601; x_wconf 83' lang='lat'><strong>59</strong></span> <span class='ocrx_word' id='word_1_520' title='bbox 3294 3563 3521 3620; x_wconf 84' lang='lat' dir='ltr'><strong>Romam</strong></span> 
     </span>
    </p>
   </div>
   <div class='ocr_carea' id='block_1_69' title="bbox 213 3627 3551 3703">
    <p class='ocr_par' dir='ltr' id='par_1_69' title="bbox 213 3627 3551 3703">
     <span class='ocr_line' id='line_1_69' title="bbox 213 3627 3551 3703; baseline -0.002 -10"><span class='ocrx_word' id='word_1_521' title='bbox 213 3635 384 3693; x_wconf 84' lang='lat' dir='ltr'><strong>Obert</strong></span> <span class='ocrx_word' id='word_1_522' title='bbox 425 3628 595 3691; x_wconf 83' lang='lat' dir='ltr'><strong>Seml.</strong></span> <span class='ocrx_word' id='word_1_523' title='bbox 621 3632 671 3670; x_wconf 77' lang='lat'><strong>5°</strong></span> <span class='ocrx_word' id='word_1_524' title='bbox 696 3632 866 3686; x_wconf 86' lang='lat' dir='ltr'><strong>Etiam</strong></span> <span class='ocrx_word' id='word_1_525' title='bbox 896 3632 1095 3703; x_wconf 86' lang='lat' dir='ltr'><strong>iidem.</strong></span> <span class='ocrx_word' id='word_1_526' title='bbox 1118 3632 1165 3669; x_wconf 75' lang='grc' dir='ltr'><strong>δι</strong></span> <span class='ocrx_word' id='word_1_527' title='bbox 1203 3632 1396 3703; x_wconf 68' lang='lat' dir='ltr'><strong>Rupta:</strong></span> <span class='ocrx_word' id='word_1_528' title='bbox 1427 3627 1563 3688; x_wconf 56' lang='lat' dir='ltr'><strong>Ju&#39;n.</strong></span> <span class='ocrx_word' id='word_1_529' title='bbox 1593 3630 1643 3703; x_wconf 65' lang='lat'><strong>5?</strong></span> <span class='ocrx_word' id='word_1_530' title='bbox 1672 3629 1955 3686; x_wconf 87' lang='lat' dir='ltr'><strong>Christiani</strong></span> <span class='ocrx_word' id='word_1_531' title='bbox 1988 3628 2191 3703; x_wconf 75' lang='lat' dir='ltr'><strong>habitet</strong></span> <span class='ocrx_word' id='word_1_532' title='bbox 2210 3627 2479 3703; x_wconf 48' lang='grc' dir='ltr'><strong>Ρανὶδζθῖ</strong></span> <span class='ocrx_word' id='word_1_533' title='bbox 2498 3628 2764 3703; x_wconf 80' lang='lat' dir='ltr'><strong>Gentibus</strong></span> <span class='ocrx_word' id='word_1_534' title='bbox 2781 3627 3010 3703; x_wconf 76' lang='lat' dir='ltr'><strong>addunt</strong></span> <span class='ocrx_word' id='word_1_535' title='bbox 3040 3634 3214 3688; x_wconf 76' lang='lat' dir='ltr'><strong>lthen.</strong></span> <span class='ocrx_word' id='word_1_536' title='bbox 3246 3641 3304 3691; x_wconf 90' lang='lat' dir='ltr'><strong>et</strong></span> <span class='ocrx_word' id='word_1_537' title='bbox 3335 3637 3517 3694; x_wconf 85' lang='lat' dir='ltr'><strong>Obert.</strong></span> <span class='ocrx_word' id='word_1_538' title='bbox 3546 3683 3551 3687; x_wconf 91' lang='lat'>_</span> 
     </span>
    </p>
   </div>
   <div class='ocr_carea' id='block_1_70' title="bbox 197 3696 3519 3775">
    <p class='ocr_par' dir='ltr' id='par_1_70' title="bbox 197 3696 3519 3775">
     <span class='ocr_line' id='line_1_70' title="bbox 197 3696 3519 3775; baseline 0.001 -13"><span class='ocrx_word' id='word_1_539' title='bbox 197 3708 249 3745; x_wconf 63' lang='grc'>⁵⁸</span> <span class='ocrx_word' id='word_1_540' title='bbox 276 3705 548 3762; x_wconf 87' lang='lat' dir='ltr'><strong>Gentibus</strong></span> <span class='ocrx_word' id='word_1_541' title='bbox 574 3703 946 3775; x_wconf 80' lang='lat' dir='ltr'><strong>abestaRhen</strong></span> <span class='ocrx_word' id='word_1_542' title='bbox 959 3706 1015 3760; x_wconf 90' lang='lat' dir='ltr'><strong>et</strong></span> <span class='ocrx_word' id='word_1_543' title='bbox 1033 3702 1222 3760; x_wconf 85' lang='lat' dir='ltr'><strong>Obert.</strong></span> <span class='ocrx_word' id='word_1_544' title='bbox 1242 3696 1439 3758; x_wconf 62' lang='lat' dir='ltr'><strong>65&#39;Non</strong></span> <span class='ocrx_word' id='word_1_545' title='bbox 1458 3701 1647 3759; x_wconf 90' lang='lat' dir='ltr'><strong>habuit</strong></span> <span class='ocrx_word' id='word_1_546' title='bbox 1675 3708 1991 3775; x_wconf 89' lang='lat' dir='ltr'><strong>potestatem</strong></span> <span class='ocrx_word' id='word_1_547' title='bbox 2019 3698 2264 3766; x_wconf 90' lang='lat' dir='ltr'><strong>ulterius,</strong></span> <span class='ocrx_word' id='word_1_548' title='bbox 2298 3707 2419 3754; x_wconf 91' lang='lat' dir='ltr'><strong>utra</strong></span> <span class='ocrx_word' id='word_1_549' title='bbox 2449 3696 2585 3756; x_wconf 79' lang='lat' dir='ltr'><strong>ﬁnes</strong></span> <span class='ocrx_word' id='word_1_550' title='bbox 2612 3699 2768 3772; x_wconf 84' lang='lat' dir='ltr'><strong>regni</strong></span> <span class='ocrx_word' id='word_1_551' title='bbox 2796 3700 2879 3755; x_wconf 90' lang='lat' dir='ltr'><strong>sui</strong></span> <span class='ocrx_word' id='word_1_552' title='bbox 2920 3718 3028 3757; x_wconf 88' lang='lat' dir='ltr'><strong>non</strong></span> <span class='ocrx_word' id='word_1_553' title='bbox 3057 3704 3238 3759; x_wconf 89' lang='lat' dir='ltr'><strong>habuit</strong></span> <span class='ocrx_word' id='word_1_554' title='bbox 3264 3706 3321 3762; x_wconf 92' lang='lat' dir='ltr'><strong>in</strong></span> <span class='ocrx_word' id='word_1_555' title='bbox 3344 3708 3519 3765; x_wconf 80' lang='lat' dir='ltr'><strong>Rhea.</strong></span> 
     </span>
    </p>
   </div>
   <div class='ocr_carea' id='block_1_71' title="bbox 201 3774 805 3836">
    <p class='ocr_par' dir='ltr' id='par_1_71' title="bbox 201 3774 805 3836">
     <span class='ocr_line' id='line_1_71' title="bbox 201 3774 805 3836; baseline -0.013 0"><span class='ocrx_word' id='word_1_556' title='bbox 201 3779 434 3836; x_wconf 82' lang='lat' dir='ltr'><strong>Obertlt.</strong></span> <span class='ocrx_word' id='word_1_557' title='bbox 447 3776 501 3815; x_wconf 81' lang='grc'>⁶⁶</span> <span class='ocrx_word' id='word_1_558' title='bbox 528 3774 587 3830; x_wconf 84' lang='lat' dir='ltr'><strong>Si</strong></span> <span class='ocrx_word' id='word_1_559' title='bbox 616 3774 805 3832; x_wconf 84' lang='lat' dir='ltr'><strong>iidem.</strong></span> 
     </span>
    </p>
   </div>
   <div class='ocr_carea' id='block_1_72' title="bbox 1608 3844 2121 3910">
    <p class='ocr_par' dir='ltr' id='par_1_72' title="bbox 1608 3844 2121 3910">
     <span class='ocr_line' id='line_1_72' title="bbox 1608 3844 2121 3910; baseline -0.006 -1"><span class='ocrx_word' id='word_1_560' title='bbox 1608 3844 2087 3910; x_wconf 88' lang='lat' dir='ltr'><strong>Commentarius</strong></span> <span class='ocrx_word' id='word_1_561' title='bbox 2104 3889 2121 3906; x_wconf 97' lang='lat'><strong>.</strong></span> 
     </span>
    </p>
   </div>
   <div class='ocr_carea' id='block_1_73' title="bbox 276 3951 1815 4027">
    <p class='ocr_par' dir='ltr' id='par_1_73' title="bbox 276 3951 1815 4027">
     <span class='ocr_line' id='line_1_73' title="bbox 276 3951 1815 4027; baseline -0.003 -16"><span class='ocrx_word' id='word_1_562' title='bbox 276 3955 402 4027; x_wconf 81' lang='lat'><strong>(27)</strong></span> <span class='ocrx_word' id='word_1_563' title='bbox 449 3956 542 4013; x_wconf 89' lang='lat' dir='ltr'><strong>Sic</strong></span> <span class='ocrx_word' id='word_1_564' title='bbox 588 3952 731 4009; x_wconf 86' lang='lat' dir='ltr'><strong>dicit</strong></span> <span class='ocrx_word' id='word_1_565' title='bbox 765 3951 1050 4027; x_wconf 77' lang='lat' dir='ltr'><strong>Dominus</strong></span> <span class='ocrx_word' id='word_1_566' title='bbox 1101 3952 1265 4027; x_wconf 86' lang='lat' dir='ltr'><strong>Deus.</strong></span> <span class='ocrx_word' id='word_1_567' title='bbox 1314 3953 1393 4008; x_wconf 93' lang='lat' dir='ltr'><strong>De</strong></span> <span class='ocrx_word' id='word_1_568' title='bbox 1440 3966 1666 4027; x_wconf 79' lang='lat' dir='ltr'><strong>errones</strong></span> <span class='ocrx_word' id='word_1_569' title='bbox 1703 3952 1815 4027; x_wconf 86' lang='lat' dir='ltr'><strong>_hac</strong></span> 
     </span>
    </p>
   </div>
   <div class='ocr_carea' id='block_1_74' title="bbox 198 4022 1827 4093">
    <p class='ocr_par' dir='ltr' id='par_1_74' title="bbox 198 4022 1827 4093">
     <span class='ocr_line' id='line_1_74' title="bbox 198 4022 1827 4093; baseline -0.003 -9"><span class='ocrx_word' id='word_1_570' title='bbox 198 4022 475 4092; x_wconf 79' lang='lat' dir='ltr'><strong>lectione,</strong></span> <span class='ocrx_word' id='word_1_571' title='bbox 528 4032 708 4081; x_wconf 89' lang='lat' dir='ltr'><strong>tamen</strong></span> <span class='ocrx_word' id='word_1_572' title='bbox 756 4025 868 4093; x_wconf 89' lang='lat' dir='ltr'><strong>jam</strong></span> <span class='ocrx_word' id='word_1_573' title='bbox 929 4023 1058 4080; x_wconf 92' lang='lat' dir='ltr'><strong>olim</strong></span> <span class='ocrx_word' id='word_1_574' title='bbox 1105 4024 1433 4091; x_wconf 83' lang='lat' dir='ltr'><strong>inveterata,</strong></span> <span class='ocrx_word' id='word_1_575' title='bbox 1480 4024 1600 4082; x_wconf 88' lang='lat' dir='ltr'><strong>vide</strong></span> <span class='ocrx_word' id='word_1_576' title='bbox 1652 4022 1827 4079; x_wconf 89' lang='lat' dir='ltr'><strong>adno-</strong></span> 
     </span>
    </p>
   </div>
   <div class='ocr_carea' id='block_1_75' title="bbox 198 4093 1826 4167">
    <p class='ocr_par' dir='ltr' id='par_1_75' title="bbox 198 4093 1826 4167">
     <span class='ocr_line' id='line_1_75' title="bbox 198 4093 1826 4167; baseline -0.005 -11"><span class='ocrx_word' id='word_1_577' title='bbox 198 4099 453 4156; x_wconf 87' lang='lat' dir='ltr'><strong>tationes</strong></span> <span class='ocrx_word' id='word_1_578' title='bbox 498 4104 714 4152; x_wconf 89' lang='lat' dir='ltr'><strong>nostras</strong></span> <span class='ocrx_word' id='word_1_579' title='bbox 760 4093 817 4149; x_wconf 91' lang='lat' dir='ltr'><strong>in</strong></span> <span class='ocrx_word' id='word_1_580' title='bbox 863 4094 1193 4167; x_wconf 86' lang='lat' dir='ltr'><strong>Cyprianum</strong></span> <span class='ocrx_word' id='word_1_581' title='bbox 1221 4136 1234 4160; x_wconf 93' lang='lat'><strong>,</strong></span> <span class='ocrx_word' id='word_1_582' title='bbox 1287 4094 1385 4167; x_wconf 82' lang='lat' dir='ltr'><strong>l_ib.</strong></span> <span class='ocrx_word' id='word_1_583' title='bbox 1444 4110 1461 4149; x_wconf 87' lang='grc' dir='ltr'><strong>ι</strong></span> <span class='ocrx_word' id='word_1_584' title='bbox 1520 4095 1826 4152; x_wconf 88' lang='lat' dir='ltr'><strong>Testimon.</strong></span> 
     </span>
    </p>
   </div>
   <div class='ocr_carea' id='block_1_76' title="bbox 199 4165 1428 4237">
    <p class='ocr_par' dir='ltr' id='par_1_76' title="bbox 199 4165 1428 4237">
     <span class='ocr_line' id='line_1_76' title="bbox 199 4165 1428 4237; baseline -0.006 -10"><span class='ocrx_word' id='word_1_585' title='bbox 199 4172 491 4227; x_wconf 85' lang='lat' dir='ltr'><strong>adversus</strong></span> <span class='ocrx_word' id='word_1_586' title='bbox 519 4167 759 4237; x_wconf 75' lang='lat' dir='ltr'><strong>Iudaeos,</strong></span> <span class='ocrx_word' id='word_1_587' title='bbox 791 4165 926 4235; x_wconf 43' lang='lat' dir='ltr'><strong>cap.‘</strong></span> <span class='ocrx_word' id='word_1_588' title='bbox 951 4168 1041 4237; x_wconf 83' lang='grc'><strong>21,</strong></span> <span class='ocrx_word' id='word_1_589' title='bbox 1072 4182 1126 4220; x_wconf 91' lang='lat' dir='ltr'><strong>n.</strong></span> <span class='ocrx_word' id='word_1_590' title='bbox 1168 4168 1257 4222; x_wconf 85' lang='lat'><strong>60.</strong></span> <span class='ocrx_word' id='word_1_591' title='bbox 1290 4165 1428 4222; x_wconf 76' lang='grc' dir='ltr'>ΡΛιι.</span> 
     </span>
    </p>
   </div>
   <div class='ocr_carea' id='block_1_77' title="bbox 310 4235 1831 4307">
    <p class='ocr_par' dir='ltr' id='par_1_77' title="bbox 310 4235 1831 4307">
     <span class='ocr_line' id='line_1_77' title="bbox 310 4235 1831 4307; baseline -0.001 -14"><span class='ocrx_word' id='word_1_592' title='bbox 310 4242 416 4307; x_wconf 83' lang='lat'><strong>28)</strong></span> <span class='ocrx_word' id='word_1_593' title='bbox 440 4239 539 4294; x_wconf 86' lang='lat' dir='ltr'><strong>Cui</strong></span> <span class='ocrx_word' id='word_1_594' title='bbox 556 4241 709 4297; x_wconf 86' lang='lat' dir='ltr'><strong>enim</strong></span> <span class='ocrx_word' id='word_1_595' title='bbox 728 4235 1037 4293; x_wconf 77' lang='lat' dir='ltr'><strong>dexteram</strong></span> <span class='ocrx_word' id='word_1_596' title='bbox 1059 4241 1219 4295; x_wconf 90' lang='lat' dir='ltr'><strong>tenet</strong></span> <span class='ocrx_word' id='word_1_597' title='bbox 1239 4239 1431 4294; x_wconf 88' lang='lat' dir='ltr'><strong>Pater.</strong></span> <span class='ocrx_word' id='word_1_598' title='bbox 1455 4235 1658 4292; x_wconf 88' lang='lat' dir='ltr'><strong>Alludit</strong></span> <span class='ocrx_word' id='word_1_599' title='bbox 1686 4235 1831 4307; x_wconf 88' lang='lat' dir='ltr'><strong>haud</strong></span> 
     </span>
    </p>
   </div>
   <div class='ocr_carea' id='block_1_78' title="bbox 202 4306 1833 4380">
    <p class='ocr_par' dir='ltr' id='par_1_78' title="bbox 202 4306 1833 4380">
     <span class='ocr_line' id='line_1_78' title="bbox 202 4306 1833 4380; baseline -0.004 -13"><span class='ocrx_word' id='word_1_600' title='bbox 202 4306 403 4367; x_wconf 86' lang='lat' dir='ltr'><strong>dubie</strong></span> <span class='ocrx_word' id='word_1_601' title='bbox 432 4378 439 4380; x_wconf 11' lang='grc' dir='ltr'>ξ</span> <span class='ocrx_word' id='word_1_602' title='bbox 467 4308 531 4380; x_wconf 87' lang='lat' dir='ltr'><strong>ad</strong></span> <span class='ocrx_word' id='word_1_603' title='bbox 592 4309 771 4380; x_wconf 81' lang='lat' dir='ltr'><strong>locum</strong></span> <span class='ocrx_word' id='word_1_604' title='bbox 829 4307 1128 4380; x_wconf 55' lang='lat' dir='ltr'><strong>Scriptura;</strong></span> <span class='ocrx_word' id='word_1_605' title='bbox 1186 4307 1617 4379; x_wconf 82' lang='lat' dir='ltr'><strong>praecedentem,</strong></span> <span class='ocrx_word' id='word_1_606' title='bbox 1674 4306 1833 4363; x_wconf 77' lang='lat' dir='ltr'><strong>sicuti</strong></span> 
     </span>
    </p>
   </div>
   <div class='ocr_carea' id='block_1_79' title="bbox 195 4377 1827 4511">
    <p class='ocr_par' dir='ltr' id='par_1_79' title="bbox 195 4377 1827 4511">
     <span class='ocr_line' id='line_1_79' title="bbox 195 4377 1827 4511; baseline -0.004 -72"><span class='ocrx_word' id='word_1_607' title='bbox 195 4381 392 4511; x_wconf 57' lang='lat' dir='ltr'><strong>gtiam</strong></span> <span class='ocrx_word' id='word_1_608' title='bbox 427 4378 480 4435; x_wconf 89' lang='lat' dir='ltr'><strong>in</strong></span> <span class='ocrx_word' id='word_1_609' title='bbox 509 4378 618 4447; x_wconf 91' lang='lat' dir='ltr'><strong>illo,</strong></span> <span class='ocrx_word' id='word_1_610' title='bbox 653 4404 676 4433; x_wconf 75' lang='grc' dir='ltr'><strong><em>α</em></strong></span> <span class='ocrx_word' id='word_1_611' title='bbox 723 4377 892 4448; x_wconf 90' lang='lat' dir='ltr'><strong>Quem</strong></span> <span class='ocrx_word' id='word_1_612' title='bbox 924 4377 1285 4436; x_wconf 78' lang='lat' dir='ltr'><strong>exaudierunt</strong></span> <span class='ocrx_word' id='word_1_613' title='bbox 1327 4393 1517 4435; x_wconf 89' lang='lat' dir='ltr'><strong>omnes</strong></span> <span class='ocrx_word' id='word_1_614' title='bbox 1546 4385 1758 4451; x_wconf 88' lang='lat' dir='ltr'><strong>gentes.</strong></span> <span class='ocrx_word' id='word_1_615' title='bbox 1804 4398 1827 4426; x_wconf 77' lang='grc' dir='ltr'>ι»</span> 
     </span>
     <span class='ocr_line' id='line_1_80' title="bbox 244 4469 358 4511; baseline -0.035 0"><span class='ocrx_word' id='word_1_616' title='bbox 244 4469 358 4511; x_wconf 70' lang='lat' dir='ltr'><strong>Ax.</strong></span> 
     </span>
    </p>
   </div>
   <div class='ocr_carea' id='block_1_80' title="bbox 244 4469 358 4511">
    <p class='ocr_par' dir='ltr' id='par_1_80' title="bbox 244 4469 358 4511">
     <span class='ocr_line' id='line_1_81' title="bbox 244 4469 358 4511; baseline -0.035 0"><span class='ocrx_word' id='word_1_617' title='bbox 244 4469 358 4511; x_wconf 57' lang='grc' dir='ltr'><strong>ΑΗΒ</strong></span> 
     </span>
    </p>
   </div>
   <div class='ocr_carea' id='block_1_81' title="bbox 280 4504 1899 4597">
    <p class='ocr_par' dir='ltr' id='par_1_81' title="bbox 280 4504 1899 4597">
     <span class='ocr_line' id='line_1_82' title="bbox 280 4504 1899 4597; baseline -0.006 -15"><span class='ocrx_word' id='word_1_618' title='bbox 441 4522 664 4589; x_wconf 89' lang='lat' dir='ltr'><strong>Parthi,</strong></span> <span class='ocrx_word' id='word_1_619' title='bbox 697 4521 859 4592; x_wconf 76' lang='lat' dir='ltr'><strong>Medi,</strong></span> <span class='ocrx_word' id='word_1_620' title='bbox 893 4520 1584 4597; x_wconf 25' lang='lat' dir='ltr'><strong>Elamitw.‘Co~mprobans</strong></span> <span class='ocrx_word' id='word_1_621' title='bbox 1620 4522 1824 4597; x_wconf 73' lang='lat' dir='ltr'><strong>Auctor</strong></span> <span class='ocrx_word' id='word_1_622' title='bbox 1855 4504 1899 4582; x_wconf 79' lang='grc' dir='ltr'><strong>Β</strong></span> 
     </span>
    </p>
   </div>
   <div class='ocr_carea' id='block_1_82' title="bbox 196 4590 1818 4670">
    <p class='ocr_par' dir='ltr' id='par_1_82' title="bbox 196 4590 1818 4670">
     <span class='ocr_line' id='line_1_83' title="bbox 196 4590 1818 4670; baseline -0.004 -19"><span class='ocrx_word' id='word_1_623' title='bbox 196 4590 368 4670; x_wconf 80' lang='lat' dir='ltr'><strong>quod</strong></span> <span class='ocrx_word' id='word_1_624' title='bbox 394 4590 521 4670; x_wconf 56' lang='lat' dir='ltr'><strong>&#39;jam</strong></span> <span class='ocrx_word' id='word_1_625' title='bbox 559 4602 671 4650; x_wconf 88' lang='lat' dir='ltr'><strong>tum</strong></span> <span class='ocrx_word' id='word_1_626' title='bbox 709 4590 903 4670; x_wconf 80' lang='lat' dir='ltr'><strong>omnes</strong></span> <span class='ocrx_word' id='word_1_627' title='bbox 947 4590 1248 4670; x_wconf 36' lang='lat' dir='ltr'><strong>ge_n.tes_in.</strong></span> <span class='ocrx_word' id='word_1_628' title='bbox 1266 4590 1540 4670; x_wconf 76' lang='lat' dir='ltr'><strong>Christum</strong></span> <span class='ocrx_word' id='word_1_629' title='bbox 1572 4590 1818 4670; x_wconf 76' lang='lat' dir='ltr'><strong>credide-</strong></span> 
     </span>
    </p>
   </div>
   <div class='ocr_carea' id='block_1_83' title="bbox 195 4661 1818 4739">
    <p class='ocr_par' dir='ltr' id='par_1_83' title="bbox 195 4661 1818 4739">
     <span class='ocr_line' id='line_1_84' title="bbox 195 4661 1818 4739; baseline -0.004 -15"><span class='ocrx_word' id='word_1_630' title='bbox 195 4661 375 4739; x_wconf 67' lang='grc' dir='ltr'>ἔδοι,</span> <span class='ocrx_word' id='word_1_631' title='bbox 410 4661 683 4739; x_wconf 74' lang='lat' dir='ltr'><strong>primum_</strong></span> <span class='ocrx_word' id='word_1_632' title='bbox 701 4663 869 4720; x_wconf 92' lang='lat' dir='ltr'><strong>utitur</strong></span> <span class='ocrx_word' id='word_1_633' title='bbox 908 4661 1093 4721; x_wconf 78' lang='lat' dir='ltr'><strong>vérbis</strong></span> <span class='ocrx_word' id='word_1_634' title='bbox 1137 4662 1427 4739; x_wconf 69' lang='lat' dir='ltr'><strong>§cripturte</strong></span> <span class='ocrx_word' id='word_1_635' title='bbox 1471 4663 1539 4719; x_wconf 93' lang='lat' dir='ltr'><strong>de</strong></span> <span class='ocrx_word' id='word_1_636' title='bbox 1572 4662 1650 4739; x_wconf 89' lang='lat' dir='ltr'><strong>_iis</strong></span> <span class='ocrx_word' id='word_1_637' title='bbox 1702 4661 1818 4739; x_wconf 78' lang='lat' dir='ltr'><strong>qui,</strong></span> 
     </span>
    </p>
   </div>
   <div class='ocr_carea' id='block_1_84' title="bbox 194 4734 1821 4805">
    <p class='ocr_par' dir='ltr' id='par_1_84' title="bbox 194 4734 1821 4805">
     <span class='ocr_line' id='line_1_85' title="bbox 194 4734 1821 4805; baseline -0.004 -11"><span class='ocrx_word' id='word_1_638' title='bbox 194 4739 302 4795; x_wconf 85' lang='lat' dir='ltr'><strong>ubi</strong></span> <span class='ocrx_word' id='word_1_639' title='bbox 360 4734 436 4793; x_wconf 65' lang='lat' dir='ltr'><strong>in&#39;</strong></span> <span class='ocrx_word' id='word_1_640' title='bbox 471 4736 610 4792; x_wconf 85' lang='lat' dir='ltr'><strong>festo</strong></span> <span class='ocrx_word' id='word_1_641' title='bbox 655 4737 1005 4792; x_wconf 88' lang='lat' dir='ltr'><strong>Pentecostes</strong></span> <span class='ocrx_word' id='word_1_642' title='bbox 1048 4734 1331 4790; x_wconf 89' lang='lat' dir='ltr'><strong>audierant</strong></span> <span class='ocrx_word' id='word_1_643' title='bbox 1375 4734 1653 4805; x_wconf 88' lang='lat' dir='ltr'><strong>apostolos</strong></span> <span class='ocrx_word' id='word_1_644' title='bbox 1708 4734 1821 4805; x_wconf 88' lang='lat' dir='ltr'><strong>suis</strong></span> 
     </span>
    </p>
   </div>
   <div class='ocr_carea' id='block_1_85' title="bbox 193 4804 1823 4935">
    <p class='ocr_par' dir='ltr' id='par_1_85' title="bbox 193 4804 1823 4935">
     <span class='ocr_line' id='line_1_86' title="bbox 193 4804 1823 4935; baseline -0.004 -70"><span class='ocrx_word' id='word_1_645' title='bbox 193 4811 532 4935; x_wconf 60' lang='lat' dir='ltr'><strong>quibusﬂue</strong></span> <span class='ocrx_word' id='word_1_646' title='bbox 577 4807 774 4880; x_wconf 85' lang='lat' dir='ltr'><strong>linguis</strong></span> <span class='ocrx_word' id='word_1_647' title='bbox 800 4807 1101 4877; x_wconf 89' lang='lat' dir='ltr'><strong>loquentes,</strong></span> <span class='ocrx_word' id='word_1_648' title='bbox 1132 4806 1201 4861; x_wconf 91' lang='lat' dir='ltr'><strong>ad</strong></span> <span class='ocrx_word' id='word_1_649' title='bbox 1251 4804 1523 4862; x_wconf 78' lang='lat' dir='ltr'><strong>Christum</strong></span> <span class='ocrx_word' id='word_1_650' title='bbox 1570 4804 1823 4863; x_wconf 88' lang='lat' dir='ltr'><strong>conversi</strong></span> 
     </span>
     <span class='ocr_line' id='line_1_87' title="bbox 194 4876 1818 4935; baseline 0 0"><span class='ocrx_word' id='word_1_651' title='bbox 194 4886 367 4935; x_wconf 85' lang='lat' dir='ltr'><strong>sunt.</strong></span> <span class='ocrx_word' id='word_1_652' title='bbox 466 4880 521 4934; x_wconf 91' lang='lat' dir='ltr'><strong>bi</strong></span> <span class='ocrx_word' id='word_1_653' title='bbox 569 4895 634 4934; x_wconf 83' lang='lat' dir='ltr'><strong>ex</strong></span> <span class='ocrx_word' id='word_1_654' title='bbox 677 4878 923 4933; x_wconf 88' lang='lat' dir='ltr'><strong>instituto</strong></span> <span class='ocrx_word' id='word_1_655' title='bbox 968 4876 1219 4934; x_wconf 87' lang='lat' dir='ltr'><strong>videntur</strong></span> <span class='ocrx_word' id='word_1_656' title='bbox 1265 4876 1541 4935; x_wconf 85' lang='lat' dir='ltr'><strong>coniuncti</strong></span> <span class='ocrx_word' id='word_1_657' title='bbox 1598 4876 1818 4935; x_wconf 83' lang='lat' dir='ltr'><strong>Parthi.</strong></span> 
     </span>
    </p>
   </div>
   <div class='ocr_carea' id='block_1_86' title="bbox 194 4876 1818 4946">
    <p class='ocr_par' dir='ltr' id='par_1_86' title="bbox 194 4876 1818 4946">
     <span class='ocr_line' id='line_1_88' title="bbox 194 4876 1818 4946; baseline -0.003 -10"><span class='ocrx_word' id='word_1_658' title='bbox 194 4876 367 4936; x_wconf 62' lang='lat' dir='ltr'><strong>sunt.</strong></span> <span class='ocrx_word' id='word_1_659' title='bbox 417 4876 521 4935; x_wconf 91' lang='lat' dir='ltr'><strong>Ubi</strong></span> <span class='ocrx_word' id='word_1_660' title='bbox 569 4895 634 4934; x_wconf 83' lang='lat' dir='ltr'><strong>ex</strong></span> <span class='ocrx_word' id='word_1_661' title='bbox 656 4876 923 4933; x_wconf 63' lang='lat' dir='ltr'><strong>&#39;institnto</strong></span> <span class='ocrx_word' id='word_1_662' title='bbox 968 4876 1219 4934; x_wconf 87' lang='lat' dir='ltr'><strong>videntur</strong></span> <span class='ocrx_word' id='word_1_663' title='bbox 1265 4876 1541 4946; x_wconf 89' lang='lat' dir='ltr'><strong>conjuncti</strong></span> <span class='ocrx_word' id='word_1_664' title='bbox 1598 4876 1818 4942; x_wconf 88' lang='lat' dir='ltr'><strong>Parthi,</strong></span> 
     </span>
    </p>
   </div>
   <div class='ocr_carea' id='block_1_87' title="bbox 197 4947 1823 5015">
    <p class='ocr_par' dir='ltr' id='par_1_87' title="bbox 197 4947 1823 5015">
     <span class='ocr_line' id='line_1_89' title="bbox 197 4947 1823 5015; baseline -0.005 -6"><span class='ocrx_word' id='word_1_665' title='bbox 197 4953 365 5010; x_wconf 57' lang='lat' dir='ltr'><strong>[edi</strong></span> <span class='ocrx_word' id='word_1_666' title='bbox 398 4954 456 5006; x_wconf 88' lang='lat' dir='ltr'><strong>et</strong></span> <span class='ocrx_word' id='word_1_667' title='bbox 485 4951 771 5015; x_wconf 73' lang='lat' dir='ltr'><strong>Elamitce,</strong></span> <span class='ocrx_word' id='word_1_668' title='bbox 815 4964 926 5004; x_wconf 91' lang='lat' dir='ltr'><strong>non</strong></span> <span class='ocrx_word' id='word_1_669' title='bbox 974 4949 1278 5015; x_wconf 52' lang='lat' dir='ltr'><strong>ﬁlamitm,</strong></span> <span class='ocrx_word' id='word_1_670' title='bbox 1307 4948 1362 5003; x_wconf 91' lang='lat' dir='ltr'><strong>id</strong></span> <span class='ocrx_word' id='word_1_671' title='bbox 1391 4954 1476 5003; x_wconf 89' lang='lat' dir='ltr'><strong>est</strong></span> <span class='ocrx_word' id='word_1_672' title='bbox 1505 4950 1709 5014; x_wconf 77' lang='lat' dir='ltr'><strong>Persae,</strong></span> <span class='ocrx_word' id='word_1_673' title='bbox 1743 4947 1823 5002; x_wconf 89' lang='lat' dir='ltr'><strong>sic</strong></span> 
     </span>
    </p>
   </div>
   <div class='ocr_carea' id='block_1_88' title="bbox 193 5019 1819 5090">
    <p class='ocr_par' dir='ltr' id='par_1_88' title="bbox 193 5019 1819 5090">
     <span class='ocr_line' id='line_1_90' title="bbox 193 5019 1819 5090; baseline -0.004 -11"><span class='ocrx_word' id='word_1_674' title='bbox 193 5023 274 5078; x_wconf 80' lang='lat' dir='ltr'><strong>ab</strong></span> <span class='ocrx_word' id='word_1_675' title='bbox 324 5023 494 5079; x_wconf 83' lang='lat' dir='ltr'><strong>Elam</strong></span> <span class='ocrx_word' id='word_1_676' title='bbox 548 5021 662 5077; x_wconf 81' lang='lat' dir='ltr'><strong>tilio</strong></span> <span class='ocrx_word' id='word_1_677' title='bbox 710 5020 854 5086; x_wconf 90' lang='lat' dir='ltr'><strong>Sem,</strong></span> <span class='ocrx_word' id='word_1_678' title='bbox 908 5023 1044 5075; x_wconf 88' lang='lat' dir='ltr'><strong>teste</strong></span> <span class='ocrx_word' id='word_1_679' title='bbox 1087 5019 1324 5090; x_wconf 84' lang='lat' dir='ltr'><strong>Josepho</strong></span> <span class='ocrx_word' id='word_1_680' title='bbox 1371 5020 1587 5090; x_wconf 87' lang='lat' dir='ltr'><strong>(Antiq.</strong></span> <span class='ocrx_word' id='word_1_681' title='bbox 1637 5019 1819 5090; x_wconf 32' lang='lat' dir='ltr'><strong>libsr,</strong></span> 
     </span>
    </p>
   </div>
   <div class='ocr_carea' id='block_1_89' title="bbox 194 5088 1824 5165">
    <p class='ocr_par' dir='ltr' id='par_1_89' title="bbox 194 5088 1824 5165">
     <span class='ocr_line' id='line_1_91' title="bbox 194 5088 1824 5165; baseline -0.004 -15"><span class='ocrx_word' id='word_1_682' title='bbox 194 5109 339 5165; x_wconf 85' lang='lat' dir='ltr'><strong>cap.</strong></span> <span class='ocrx_word' id='word_1_683' title='bbox 407 5095 488 5165; x_wconf 86' lang='lat'><strong>7),</strong></span> <span class='ocrx_word' id='word_1_684' title='bbox 549 5092 863 5165; x_wconf 74' lang='lat' dir='ltr'><strong>nuncupati,</strong></span> <span class='ocrx_word' id='word_1_685' title='bbox 913 5106 979 5146; x_wconf 91' lang='lat' dir='ltr'><strong>eo</strong></span> <span class='ocrx_word' id='word_1_686' title='bbox 1034 5090 1182 5165; x_wconf 88' lang='lat' dir='ltr'><strong>quod</strong></span> <span class='ocrx_word' id='word_1_687' title='bbox 1219 5088 1341 5165; x_wconf 69' lang='lat' dir='ltr'><strong>sibi</strong></span> <span class='ocrx_word' id='word_1_688' title='bbox 1388 5088 1616 5165; x_wconf 84' lang='lat' dir='ltr'><strong>invicem</strong></span> <span class='ocrx_word' id='word_1_689' title='bbox 1661 5088 1824 5165; x_wconf 88' lang='lat' dir='ltr'><strong>vici_ni</strong></span> 
     </span>
    </p>
   </div>
   <div class='ocr_carea' id='block_1_90' title="bbox 193 5161 1821 5236">
    <p class='ocr_par' dir='ltr' id='par_1_90' title="bbox 193 5161 1821 5236">
     <span class='ocr_line' id='line_1_92' title="bbox 193 5161 1821 5236; baseline -0.004 -16"><span class='ocrx_word' id='word_1_690' title='bbox 193 5161 372 5221; x_wconf 72' lang='lat' dir='ltr'><strong>sunt.</strong></span> <span class='ocrx_word' id='word_1_691' title='bbox 434 5161 611 5236; x_wconf 73' lang='lat' dir='ltr'><strong>Atqui</strong></span> <span class='ocrx_word' id='word_1_692' title='bbox 650 5161 1001 5236; x_wconf 82' lang='lat' dir='ltr'><strong>confirmatur</strong></span> <span class='ocrx_word' id='word_1_693' title='bbox 1055 5161 1314 5236; x_wconf 79' lang='lat' dir='ltr'><strong>Auctoris</strong></span> <span class='ocrx_word' id='word_1_694' title='bbox 1328 5161 1623 5236; x_wconf 76' lang='lat' dir='ltr'><strong>sententia</strong></span> <span class='ocrx_word' id='word_1_695' title='bbox 1680 5176 1710 5236; x_wconf 83' lang='lat' dir='ltr'><strong>a</strong></span> <span class='ocrx_word' id='word_1_696' title='bbox 1759 5161 1821 5215; x_wconf 92' lang='lat' dir='ltr'><strong>B.</strong></span> 
     </span>
    </p>
   </div>
   <div class='ocr_carea' id='block_1_91' title="bbox 192 5232 1827 5308">
    <p class='ocr_par' dir='ltr' id='par_1_91' title="bbox 192 5232 1827 5308">
     <span class='ocr_line' id='line_1_93' title="bbox 192 5232 1827 5308; baseline -0.004 -16"><span class='ocrx_word' id='word_1_697' title='bbox 192 5232 542 5308; x_wconf 77' lang='lat' dir='ltr'><strong>Sophronio</strong></span> <span class='ocrx_word' id='word_1_698' title='bbox 575 5232 807 5308; x_wconf 54' lang='lat' dir='ltr'><strong>&#39;(Catal.</strong></span> <span class='ocrx_word' id='word_1_699' title='bbox 878 5234 1205 5308; x_wconf 56' lang='grc' dir='ltr'><strong>(ἓνεκα-νίν.</strong></span> <span class='ocrx_word' id='word_1_700' title='bbox 1271 5233 1619 5308; x_wconf 78' lang='lat' dir='ltr'><strong>illustrium,</strong></span> <span class='ocrx_word' id='word_1_701' title='bbox 1687 5232 1827 5287; x_wconf 90' lang='lat' dir='ltr'><strong>inter</strong></span> 
     </span>
    </p>
   </div>
   <div class='ocr_carea' id='block_1_92' title="bbox 190 5302 1827 5379">
    <p class='ocr_par' dir='ltr' id='par_1_92' title="bbox 190 5302 1827 5379">
     <span class='ocr_line' id='line_1_94' title="bbox 190 5302 1827 5379; baseline -0.005 -15"><span class='ocrx_word' id='word_1_702' title='bbox 190 5302 412 5379; x_wconf 55' lang='lat' dir='ltr'><strong>Op&#39;era</strong></span> <span class='ocrx_word' id='word_1_703' title='bbox 437 5302 797 5379; x_wconf 81' lang='lat' dir='ltr'><strong>Hieronymi),</strong></span> <span class='ocrx_word' id='word_1_704' title='bbox 827 5305 920 5379; x_wconf 87' lang='lat' dir='ltr'><strong>qui</strong></span> <span class='ocrx_word' id='word_1_705' title='bbox 947 5305 1006 5360; x_wconf 91' lang='lat' dir='ltr'><strong>B.</strong></span> <span class='ocrx_word' id='word_1_706' title='bbox 1046 5304 1315 5379; x_wconf 63' lang='lat' dir='ltr'><strong>Ihomam</strong></span> <span class='ocrx_word' id='word_1_707' title='bbox 1359 5302 1827 5379; x_wconf 75' lang='lat' dir='ltr'><strong>apostolumprae-</strong></span> 
     </span>
    </p>
   </div>
   <div class='ocr_carea' id='block_1_93' title="bbox 190 5373 1829 5460">
    <p class='ocr_par' dir='ltr' id='par_1_93' title="bbox 190 5373 1829 5460">
     <span class='ocr_line' id='line_1_95' title="bbox 190 5373 1829 5460; baseline -0.004 -25"><span class='ocrx_word' id='word_1_708' title='bbox 190 5373 440 5460; x_wconf 51' lang='lat' dir='ltr'><strong>(libasse</strong></span> <span class='ocrx_word' id='word_1_709' title='bbox 468 5378 599 5460; x_wconf 59' lang='lat' dir='ltr'><strong>digit</strong></span> <span class='ocrx_word' id='word_1_710' title='bbox 642 5373 994 5460; x_wconf 73' lang='lat' dir='ltr'><strong>Evangelium</strong></span> <span class='ocrx_word' id='word_1_711' title='bbox 1033 5374 1232 5460; x_wconf 69' lang='lat' dir='ltr'><strong>Christi</strong></span> <span class='ocrx_word' id='word_1_712' title='bbox 1274 5373 1531 5460; x_wconf 38' lang='lat' dir='ltr'><strong>Parthis;</strong></span> <span class='ocrx_word' id='word_1_713' title='bbox 1574 5374 1741 5460; x_wconf 58' lang='lat' dir='ltr'><strong>Medis</strong></span> <span class='ocrx_word' id='word_1_714' title='bbox 1776 5381 1829 5460; x_wconf 78' lang='lat' dir='ltr'><strong>et</strong></span> 
     </span>
    </p>
   </div>
   <div class='ocr_carea' id='block_1_94' title="bbox 194 5446 1833 5522">
    <p class='ocr_par' dir='ltr' id='par_1_94' title="bbox 194 5446 1833 5522">
     <span class='ocr_line' id='line_1_96' title="bbox 194 5446 1833 5522; baseline -0.004 -16"><span class='ocrx_word' id='word_1_715' title='bbox 194 5451 420 5508; x_wconf 79' lang='lat' dir='ltr'><strong>Persis</strong></span> <span class='ocrx_word' id='word_1_716' title='bbox 444 5492 477 5522; x_wconf 17' lang='grc' dir='ltr'>,ν</span> <span class='ocrx_word' id='word_1_717' title='bbox 514 5446 824 5522; x_wconf 68' lang='lat' dir='ltr'><strong>Carmanis&#39;</strong></span> <span class='ocrx_word' id='word_1_718' title='bbox 860 5462 1121 5522; x_wconf 79' lang='lat' dir='ltr'><strong>quoque,</strong></span> <span class='ocrx_word' id='word_1_719' title='bbox 1170 5446 1456 5522; x_wconf 71' lang='lat' dir='ltr'><strong>Hircanis,</strong></span> <span class='ocrx_word' id='word_1_720' title='bbox 1497 5446 1707 5522; x_wconf 69' lang='lat' dir='ltr'><strong>Bactris</strong></span> <span class='ocrx_word' id='word_1_721' title='bbox 1749 5452 1833 5522; x_wconf 92' lang='lat' dir='ltr'><strong>_et</strong></span> 
     </span>
    </p>
   </div>
   <div class='ocr_carea' id='block_1_95' title="bbox 1934 3949 3524 4028">
    <p class='ocr_par' dir='ltr' id='par_1_95' title="bbox 1934 3949 3524 4028">
     <span class='ocr_line' id='line_1_97' title="bbox 1934 3949 3524 4028; baseline 0.01 -26"><span class='ocrx_word' id='word_1_722' title='bbox 1934 3951 2108 4028; x_wconf 76' lang='lat' dir='ltr'><strong>lorum</strong></span> <span class='ocrx_word' id='word_1_723' title='bbox 2163 3949 2471 4028; x_wconf 51' lang='lat' dir='ltr'><strong>provincig</strong></span> <span class='ocrx_word' id='word_1_724' title='bbox 2514 3963 2623 4005; x_wconf 91' lang='lat' dir='ltr'><strong>non</strong></span> <span class='ocrx_word' id='word_1_725' title='bbox 2698 3949 2759 4028; x_wconf 74' lang='lat' dir='ltr'><strong>fit</strong></span> <span class='ocrx_word' id='word_1_726' title='bbox 2812 3951 3041 4028; x_wconf 85' lang='lat' dir='ltr'><strong>mentio;</strong></span> <span class='ocrx_word' id='word_1_727' title='bbox 3100 3955 3195 4028; x_wconf 83' lang='lat' dir='ltr'><strong>sed</strong></span> <span class='ocrx_word' id='word_1_728' title='bbox 3252 3959 3359 4028; x_wconf 89' lang='lat' dir='ltr'><strong>jam</strong></span> <span class='ocrx_word' id='word_1_729' title='bbox 3413 3965 3524 4017; x_wconf 90' lang='lat' dir='ltr'><strong>tum</strong></span> 
     </span>
    </p>
   </div>
   <div class='ocr_carea' id='block_1_96' title="bbox 1935 4020 3526 4098">
    <p class='ocr_par' dir='ltr' id='par_1_96' title="bbox 1935 4020 3526 4098">
     <span class='ocr_line' id='line_1_98' title="bbox 1935 4020 3526 4098; baseline 0.007 -21"><span class='ocrx_word' id='word_1_730' title='bbox 1935 4023 2110 4098; x_wconf 68' lang='lat' dir='ltr'><strong>etiam</strong></span> <span class='ocrx_word' id='word_1_731' title='bbox 2156 4020 2349 4077; x_wconf 90' lang='lat' dir='ltr'><strong>Christi</strong></span> <span class='ocrx_word' id='word_1_732' title='bbox 2403 4020 2763 4098; x_wconf 82' lang='lat' dir='ltr'><strong>ﬁdem_apud</strong></span> <span class='ocrx_word' id='word_1_733' title='bbox 2810 4038 2916 4098; x_wconf 90' lang='lat' dir='ltr'><strong>_eos</strong></span> <span class='ocrx_word' id='word_1_734' title='bbox 2969 4025 3208 4098; x_wconf 85' lang='lat' dir='ltr'><strong>viguisse</strong></span> <span class='ocrx_word' id='word_1_735' title='bbox 3252 4020 3343 4087; x_wconf 69' lang='lat' dir='ltr'><strong>vel</strong></span> <span class='ocrx_word' id='word_1_736' title='bbox 3398 4032 3526 4088; x_wconf 90' lang='lat' dir='ltr'><strong>inde</strong></span> 
     </span>
    </p>
   </div>
   <div class='ocr_carea' id='block_1_97' title="bbox 1936 4091 3526 4167">
    <p class='ocr_par' dir='ltr' id='par_1_97' title="bbox 1936 4091 3526 4167">
     <span class='ocr_line' id='line_1_99' title="bbox 1936 4091 3526 4167; baseline 0.008 -22"><span class='ocrx_word' id='word_1_737' title='bbox 1936 4093 2299 4167; x_wconf 66' lang='lat' dir='ltr'><strong>manifestum</strong></span> <span class='ocrx_word' id='word_1_738' title='bbox 2331 4098 2431 4157; x_wconf 88' lang='lat' dir='ltr'><strong>est,</strong></span> <span class='ocrx_word' id='word_1_739' title='bbox 2462 4091 2604 4162; x_wconf 89' lang='lat' dir='ltr'><strong>quod</strong></span> <span class='ocrx_word' id='word_1_740' title='bbox 2650 4091 2879 4167; x_wconf 80' lang='lat' dir='ltr'><strong>non__ita</strong></span> <span class='ocrx_word' id='word_1_741' title='bbox 2906 4091 3077 4167; x_wconf 62' lang='lat' dir='ltr'><strong>mult&#39;o</strong></span> <span class='ocrx_word' id='word_1_742' title='bbox 3126 4106 3250 4167; x_wconf 92' lang='lat' dir='ltr'><strong>post</strong></span> <span class='ocrx_word' id='word_1_743' title='bbox 3284 4102 3526 4157; x_wconf 78' lang='lat' dir='ltr'><strong>Armenii</strong></span> 
     </span>
    </p>
   </div>
   <div class='ocr_carea' id='block_1_98' title="bbox 1938 4162 3528 4234">
    <p class='ocr_par' dir='ltr' id='par_1_98' title="bbox 1938 4162 3528 4234">
     <span class='ocr_line' id='line_1_100' title="bbox 1938 4162 3528 4234; baseline 0.004 -15"><span class='ocrx_word' id='word_1_744' title='bbox 1938 4163 2137 4219; x_wconf 89' lang='lat' dir='ltr'><strong>bellum</strong></span> <span class='ocrx_word' id='word_1_745' title='bbox 2165 4162 2417 4234; x_wconf 12' lang='lat' dir='ltr'><strong>Maximo,</strong></span> <span class='ocrx_word' id='word_1_746' title='bbox 2438 4171 2665 4234; x_wconf 77' lang='lat' dir='ltr'><strong>tyranno</strong></span> <span class='ocrx_word' id='word_1_747' title='bbox 2694 4162 3005 4234; x_wconf 86' lang='lat' dir='ltr'><strong>indixerint,</strong></span> <span class='ocrx_word' id='word_1_748' title='bbox 3055 4162 3210 4221; x_wconf 78' lang='lat' dir='ltr'><strong>antea</strong></span> <span class='ocrx_word' id='word_1_749' title='bbox 3255 4170 3385 4225; x_wconf 87' lang='lat' dir='ltr'><strong>socii</strong></span> <span class='ocrx_word' id='word_1_750' title='bbox 3417 4172 3528 4226; x_wconf 90' lang='lat' dir='ltr'><strong>Ro-</strong></span> 
     </span>
    </p>
   </div>
   <div class='ocr_carea' id='block_1_99' title="bbox 1937 4232 3526 4312">
    <p class='ocr_par' dir='ltr' id='par_1_99' title="bbox 1937 4232 3526 4312">
     <span class='ocr_line' id='line_1_101' title="bbox 1937 4232 3526 4312; baseline -0.002 -22"><span class='ocrx_word' id='word_1_751' title='bbox 1937 4249 2238 4312; x_wconf 60' lang='lat' dir='ltr'><strong>manorum,</strong></span> <span class='ocrx_word' id='word_1_752' title='bbox 2268 4232 2612 4312; x_wconf 57' lang='lat' dir='ltr'><strong>Christiana:</strong></span> <span class='ocrx_word' id='word_1_753' title='bbox 2662 4233 2790 4288; x_wconf 76' lang='lat' dir='ltr'><strong>fidei</strong></span> <span class='ocrx_word' id='word_1_754' title='bbox 2835 4245 2890 4312; x_wconf 82' lang='lat' dir='ltr'><strong>et</strong></span> <span class='ocrx_word' id='word_1_755' title='bbox 2934 4232 3215 4312; x_wconf 77' lang='lat' dir='ltr'><strong>religionis</strong></span> <span class='ocrx_word' id='word_1_756' title='bbox 3266 4256 3435 4312; x_wconf 77' lang='lat' dir='ltr'><strong>ergo,</strong></span> <span class='ocrx_word' id='word_1_757' title='bbox 3494 4259 3526 4297; x_wconf 68' lang='grc' dir='ltr'><strong>ιι</strong></span> 
     </span>
    </p>
   </div>
   <div class='ocr_carea' id='block_1_100' title="bbox 1939 4301 3526 4376">
    <p class='ocr_par' dir='ltr' id='par_1_100' title="bbox 1939 4301 3526 4376">
     <span class='ocr_line' id='line_1_102' title="bbox 1939 4301 3526 4376; baseline 0.006 -17"><span class='ocrx_word' id='word_1_758' title='bbox 1939 4321 2045 4376; x_wconf 91' lang='lat' dir='ltr'><strong>qua</strong></span> <span class='ocrx_word' id='word_1_759' title='bbox 2072 4303 2191 4359; x_wconf 87' lang='lat' dir='ltr'><strong>illos</strong></span> <span class='ocrx_word' id='word_1_760' title='bbox 2219 4303 2284 4376; x_wconf 88' lang='lat' dir='ltr'><strong>ad</strong></span> <span class='ocrx_word' id='word_1_761' title='bbox 2316 4301 2669 4376; x_wconf 78' lang='lat' dir='ltr'><strong>idololatriam</strong></span> <span class='ocrx_word' id='word_1_762' title='bbox 2688 4306 2993 4376; x_wconf 84' lang='lat' dir='ltr'><strong>conabatur</strong></span> <span class='ocrx_word' id='word_1_763' title='bbox 3033 4301 3526 4369; x_wconf 37' lang='lat' dir='ltr'><strong>abducerefTe&#39;stis</strong></span> 
     </span>
    </p>
   </div>
   <div class='ocr_carea' id='block_1_101' title="bbox 1937 4373 3521 4453">
    <p class='ocr_par' dir='ltr' id='par_1_101' title="bbox 1937 4373 3521 4453">
     <span class='ocr_line' id='line_1_103' title="bbox 1937 4373 3521 4453; baseline 0.005 -22"><span class='ocrx_word' id='word_1_764' title='bbox 1937 4373 2019 4453; x_wconf 66' lang='lat' dir='ltr'><strong>est</strong></span> <span class='ocrx_word' id='word_1_765' title='bbox 2044 4376 2164 4445; x_wconf 88' lang='lat' dir='ltr'><strong>ejus</strong></span> <span class='ocrx_word' id='word_1_766' title='bbox 2190 4374 2280 4453; x_wconf 60' lang='lat' dir='ltr'><strong>rei</strong></span> <span class='ocrx_word' id='word_1_767' title='bbox 2303 4373 2528 4453; x_wconf 74' lang='lat' dir='ltr'><strong>Niceph.</strong></span> <span class='ocrx_word' id='word_1_768' title='bbox 2571 4374 3101 4453; x_wconf 81' lang='lat' dir='ltr'><strong>Eccles._llist._lib.</strong></span> <span class='ocrx_word' id='word_1_769' title='bbox 3132 4395 3227 4447; x_wconf 84' lang='lat' dir='ltr'><strong>vn,</strong></span> <span class='ocrx_word' id='word_1_770' title='bbox 3267 4397 3392 4453; x_wconf 92' lang='lat' dir='ltr'><strong>cap.</strong></span> <span class='ocrx_word' id='word_1_771' title='bbox 3431 4385 3521 4441; x_wconf 86' lang='lat'><strong>28.</strong></span> 
     </span>
    </p>
   </div>
   <div class='ocr_carea' id='block_1_102' title="bbox 1936 4445 3521 4525">
    <p class='ocr_par' dir='ltr' id='par_1_102' title="bbox 1936 4445 3521 4525">
     <span class='ocr_line' id='line_1_104' title="bbox 1936 4445 3521 4525; baseline 0.005 -23"><span class='ocrx_word' id='word_1_772' title='bbox 1936 4449 2075 4525; x_wconf 48' lang='lat' dir='ltr'><strong>Pan,</strong></span> <span class='ocrx_word' id='word_1_773' title='bbox 2102 4474 2203 4525; x_wconf 87' lang='lat'><strong>_—_</strong></span> <span class='ocrx_word' id='word_1_774' title='bbox 2240 4446 2442 4525; x_wconf 79' lang='lat' dir='ltr'><strong>Eadem</strong></span> <span class='ocrx_word' id='word_1_775' title='bbox 2485 4451 2763 4525; x_wconf 75' lang='lat' dir='ltr'><strong>attestatur</strong></span> <span class='ocrx_word' id='word_1_776' title='bbox 2783 4445 3125 4525; x_wconf 76' lang='lat' dir='ltr'><strong>Augustinus</strong></span> <span class='ocrx_word' id='word_1_777' title='bbox 3152 4445 3347 4507; x_wconf 75' lang='lat' dir='ltr'><strong>contra</strong></span> <span class='ocrx_word' id='word_1_778' title='bbox 3360 4456 3521 4525; x_wconf 85' lang='lat' dir='ltr'><strong>epist.</strong></span> 
     </span>
    </p>
   </div>
   <div class='ocr_carea' id='block_1_103' title="bbox 1923 4515 3521 4648">
    <p class='ocr_par' dir='ltr' id='par_1_103' title="bbox 1923 4515 3521 4648">
     <span class='ocr_line' id='line_1_105' title="bbox 1923 4515 3521 4648; baseline 0.006 -75"><span class='ocrx_word' id='word_1_779' title='bbox 1923 4517 2227 4648; x_wconf 59' lang='lat' dir='ltr'><strong>glanichaei.</strong></span> <span class='ocrx_word' id='word_1_780' title='bbox 2259 4518 2471 4589; x_wconf 74' lang='lat' dir='ltr'><strong>Africa:</strong></span> <span class='ocrx_word' id='word_1_781' title='bbox 2498 4515 2657 4571; x_wconf 88' lang='lat' dir='ltr'><strong>habet</strong></span> <span class='ocrx_word' id='word_1_782' title='bbox 2684 4525 2739 4571; x_wconf 91' lang='lat' dir='ltr'><strong>et</strong></span> <span class='ocrx_word' id='word_1_783' title='bbox 2767 4515 3124 4589; x_wconf 75' lang='lat' dir='ltr'><strong>Augustinus,</strong></span> <span class='ocrx_word' id='word_1_784' title='bbox 3151 4536 3248 4577; x_wconf 90' lang='lat' dir='ltr'><strong>nos</strong></span> <span class='ocrx_word' id='word_1_785' title='bbox 3277 4515 3521 4596; x_wconf 76' lang='lat' dir='ltr'><strong>Lybiam.</strong></span> 
     </span>
     <span class='ocr_line' id='line_1_106' title="bbox 1962 4606 2093 4646; baseline -0.008 0"><span class='ocrx_word' id='word_1_786' title='bbox 1962 4606 2093 4646; x_wconf 75' lang='lat' dir='ltr'><strong>ann.</strong></span> 
     </span>
    </p>
   </div>
   <div class='ocr_carea' id='block_1_104' title="bbox 1962 4606 2093 4646">
    <p class='ocr_par' dir='ltr' id='par_1_104' title="bbox 1962 4606 2093 4646">
     <span class='ocr_line' id='line_1_107' title="bbox 1962 4606 2093 4646; baseline -0.008 0"><span class='ocrx_word' id='word_1_787' title='bbox 1962 4606 2093 4646; x_wconf 68' lang='grc' dir='ltr'><strong>ΕΗΒ.</strong></span> 
     </span>
    </p>
   </div>
   <div class='ocr_carea' id='block_1_105' title="bbox 1998 4659 3526 4733">
    <p class='ocr_par' dir='ltr' id='par_1_105' title="bbox 1998 4659 3526 4733">
     <span class='ocr_line' id='line_1_108' title="bbox 1998 4659 3526 4733; baseline 0.005 -19"><span class='ocrx_word' id='word_1_788' title='bbox 1998 4659 2115 4733; x_wconf 83' lang='grc'>(31)</span> <span class='ocrx_word' id='word_1_789' title='bbox 2173 4662 2475 4733; x_wconf 70' lang='lat' dir='ltr'><strong>Germanos</strong></span> <span class='ocrx_word' id='word_1_790' title='bbox 2529 4664 2583 4714; x_wconf 89' lang='lat' dir='ltr'><strong>et</strong></span> <span class='ocrx_word' id='word_1_791' title='bbox 2636 4659 2873 4715; x_wconf 77' lang='lat' dir='ltr'><strong>Irenaeus</strong></span> <span class='ocrx_word' id='word_1_792' title='bbox 2926 4659 3202 4731; x_wconf 88' lang='lat' dir='ltr'><strong>nominat;</strong></span> <span class='ocrx_word' id='word_1_793' title='bbox 3258 4664 3526 4723; x_wconf 88' lang='lat' dir='ltr'><strong>incertum</strong></span> 
     </span>
    </p>
   </div>
   <div class='ocr_carea' id='block_1_106' title="bbox 1926 4731 2417 4805">
    <p class='ocr_par' dir='ltr' id='par_1_106' title="bbox 1926 4731 2417 4805">
     <span class='ocr_line' id='line_1_109' title="bbox 1926 4731 2417 4805; baseline -0.008 -17"><span class='ocrx_word' id='word_1_794' title='bbox 1926 4731 2036 4805; x_wconf 88' lang='lat' dir='ltr'><strong>quo</strong></span> <span class='ocrx_word' id='word_1_795' title='bbox 2070 4731 2212 4801; x_wconf 91' lang='lat' dir='ltr'><strong>jure.</strong></span> <span class='ocrx_word' id='word_1_796' title='bbox 2247 4731 2417 4786; x_wconf 77' lang='lat' dir='ltr'><strong>SBuL.</strong></span> 
     </span>
    </p>
   </div>
   <div class='ocr_carea' id='block_1_107' title="bbox 1996 4801 3524 4879">
    <p class='ocr_par' dir='ltr' id='par_1_107' title="bbox 1996 4801 3524 4879">
     <span class='ocr_line' id='line_1_110' title="bbox 1996 4801 3524 4879; baseline 0.007 -22"><span class='ocrx_word' id='word_1_797' title='bbox 1996 4804 2109 4879; x_wconf 69' lang='lat'><strong>(32)</strong></span> <span class='ocrx_word' id='word_1_798' title='bbox 2139 4804 2386 4879; x_wconf 75' lang='lat' dir='ltr'><strong>Termini</strong></span> <span class='ocrx_word' id='word_1_799' title='bbox 2413 4802 2577 4873; x_wconf 85' lang='lat' dir='ltr'><strong>regni</strong></span> <span class='ocrx_word' id='word_1_800' title='bbox 2595 4802 2717 4879; x_wconf 80' lang='lat' dir='ltr'><strong>ejus</strong></span> <span class='ocrx_word' id='word_1_801' title='bbox 2735 4801 3161 4879; x_wconf 77' lang='lat' dir='ltr'><strong>signan_tur_.lll</strong></span> <span class='ocrx_word' id='word_1_802' title='bbox 3179 4805 3313 4879; x_wconf 89' lang='lat' dir='ltr'><strong>Reg.</strong></span> <span class='ocrx_word' id='word_1_803' title='bbox 3337 4823 3411 4879; x_wconf 84' lang='lat' dir='ltr'><strong>tv,</strong></span> <span class='ocrx_word' id='word_1_804' title='bbox 3433 4813 3524 4879; x_wconf 89' lang='grc'><strong>21,</strong></span> 
     </span>
    </p>
   </div>
   <div class='ocr_carea' id='block_1_108' title="bbox 1930 4873 3533 4951">
    <p class='ocr_par' dir='ltr' id='par_1_108' title="bbox 1930 4873 3533 4951">
     <span class='ocr_line' id='line_1_111' title="bbox 1930 4873 3533 4951; baseline 0.007 -24"><span class='ocrx_word' id='word_1_805' title='bbox 1930 4873 2159 4951; x_wconf 79' lang='lat' dir='ltr'><strong>legimus</strong></span> <span class='ocrx_word' id='word_1_806' title='bbox 2199 4891 2234 4951; x_wconf 82' lang='lat'><strong>:_</strong></span> <span class='ocrx_word' id='word_1_807' title='bbox 2254 4875 2517 4930; x_wconf 88' lang='lat' dir='ltr'><strong>Salomon</strong></span> <span class='ocrx_word' id='word_1_808' title='bbox 2551 4877 2744 4951; x_wconf 76' lang='lat' dir='ltr'><strong>autem</strong></span> <span class='ocrx_word' id='word_1_809' title='bbox 2774 4878 2898 4951; x_wconf 77' lang='lat' dir='ltr'><strong>erat</strong></span> <span class='ocrx_word' id='word_1_810' title='bbox 2928 4876 3238 4951; x_wconf 23' lang='lat' dir='ltr'><strong>inkdz&#39;tione</strong></span> <span class='ocrx_word' id='word_1_811' title='bbox 3258 4873 3406 4951; x_wconf 60' lang='lat' dir='ltr'><strong>&#39;sua,</strong></span> <span class='ocrx_word' id='word_1_812' title='bbox 3431 4873 3533 4937; x_wconf 51' lang='lat' dir='ltr'><strong>ha;</strong></span> 
     </span>
    </p>
   </div>
   <div class='ocr_carea' id='block_1_109' title="bbox 1930 4945 3531 5026">
    <p class='ocr_par' dir='ltr' id='par_1_109' title="bbox 1930 4945 3531 5026">
     <span class='ocr_line' id='line_1_112' title="bbox 1930 4945 3531 5026; baseline 0.006 -25"><span class='ocrx_word' id='word_1_813' title='bbox 1930 4945 2067 5026; x_wconf 62' lang='lat' dir='ltr'><strong>bene</strong></span> <span class='ocrx_word' id='word_1_814' title='bbox 2077 4946 2267 5001; x_wconf 82' lang='lat' dir='ltr'><strong>omnia</strong></span> <span class='ocrx_word' id='word_1_815' title='bbox 2292 4961 2463 5026; x_wconf 70' lang='lat' dir='ltr'><strong>regna</strong></span> <span class='ocrx_word' id='word_1_816' title='bbox 2488 4946 2777 5026; x_wconf 49' lang='lat' dir='ltr'><strong>aﬂunming</strong></span> <span class='ocrx_word' id='word_1_817' title='bbox 2798 4947 3332 5026; x_wconf 62' lang='lat' dir='ltr'><strong>tgrrceth&#39;listhiim</strong></span> <span class='ocrx_word' id='word_1_818' title='bbox 3354 4945 3531 5026; x_wconf 82' lang='lat' dir='ltr'><strong>usque</strong></span> 
     </span>
    </p>
   </div>
   <div class='ocr_carea' id='block_1_110' title="bbox 1929 5015 3529 5089">
    <p class='ocr_par' dir='ltr' id='par_1_110' title="bbox 1929 5015 3529 5089">
     <span class='ocr_line' id='line_1_113' title="bbox 1929 5015 3529 5089; baseline 0.006 -17"><span class='ocrx_word' id='word_1_819' title='bbox 1929 5017 2001 5072; x_wconf 87' lang='lat' dir='ltr'><strong>ad</strong></span> <span class='ocrx_word' id='word_1_820' title='bbox 2046 5021 2262 5073; x_wconf 89' lang='lat' dir='ltr'><strong>terram</strong></span> <span class='ocrx_word' id='word_1_821' title='bbox 2310 5016 2577 5089; x_wconf 31' lang='lat' dir='ltr'><strong>{Egi/ptis</strong></span> <span class='ocrx_word' id='word_1_822' title='bbox 2606 5015 2673 5068; x_wconf 91' lang='lat' dir='ltr'><strong>Et</strong></span> <span class='ocrx_word' id='word_1_823' title='bbox 2726 5015 2770 5068; x_wconf 87' lang='grc' dir='ltr'><strong><em>Π</em></strong></span> <span class='ocrx_word' id='word_1_824' title='bbox 2816 5016 3047 5089; x_wconf 83' lang='lat' dir='ltr'><strong>Paralip.</strong></span> <span class='ocrx_word' id='word_1_825' title='bbox 3083 5034 3159 5084; x_wconf 79' lang='grc' dir='ltr'>ιχ,</span> <span class='ocrx_word' id='word_1_826' title='bbox 3194 5024 3260 5077; x_wconf 88' lang='grc'><strong>26</strong></span> <span class='ocrx_word' id='word_1_827' title='bbox 3295 5041 3308 5076; x_wconf 89' lang='lat'><strong>:</strong></span> <span class='ocrx_word' id='word_1_828' title='bbox 3346 5015 3529 5082; x_wconf 61' lang='lat' dir='ltr'><strong>Excr-</strong></span> 
     </span>
    </p>
   </div>
   <div class='ocr_carea' id='block_1_111' title="bbox 1932 5087 3529 5162">
    <p class='ocr_par' dir='ltr' id='par_1_111' title="bbox 1932 5087 3529 5162">
     <span class='ocr_line' id='line_1_114' title="bbox 1932 5087 3529 5162; baseline 0.006 -18"><span class='ocrx_word' id='word_1_829' title='bbox 1932 5090 2051 5144; x_wconf 87' lang='lat' dir='ltr'><strong>cuit</strong></span> <span class='ocrx_word' id='word_1_830' title='bbox 2081 5090 2255 5162; x_wconf 83' lang='lat' dir='ltr'><strong>etiam</strong></span> <span class='ocrx_word' id='word_1_831' title='bbox 2274 5087 2589 5162; x_wconf 11' lang='lat' dir='ltr'><strong>AlSalpmon)</strong></span> <span class='ocrx_word' id='word_1_832' title='bbox 2618 5090 2961 5162; x_wconf 75' lang='lat' dir='ltr'><strong>potestatem</strong></span> <span class='ocrx_word' id='word_1_833' title='bbox 2988 5087 3156 5162; x_wconf 84' lang='lat' dir='ltr'><strong>super</strong></span> <span class='ocrx_word' id='word_1_834' title='bbox 3182 5100 3417 5152; x_wconf 85' lang='lat' dir='ltr'><strong>cunctos</strong></span> <span class='ocrx_word' id='word_1_835' title='bbox 3444 5114 3529 5153; x_wconf 87' lang='lat' dir='ltr'><strong>re-</strong></span> 
     </span>
    </p>
   </div>
   <div class='ocr_carea' id='block_1_112' title="bbox 1932 5158 3532 5231">
    <p class='ocr_par' dir='ltr' id='par_1_112' title="bbox 1932 5158 3532 5231">
     <span class='ocr_line' id='line_1_115' title="bbox 1932 5158 3532 5231; baseline 0.006 -17"><span class='ocrx_word' id='word_1_836' title='bbox 1932 5176 2025 5229; x_wconf 87' lang='lat' dir='ltr'><strong>ges</strong></span> <span class='ocrx_word' id='word_1_837' title='bbox 2056 5176 2089 5213; x_wconf 88' lang='lat' dir='ltr'><strong>a</strong></span> <span class='ocrx_word' id='word_1_838' title='bbox 2110 5160 2351 5228; x_wconf 86' lang='lat' dir='ltr'><strong>ﬂumine</strong></span> <span class='ocrx_word' id='word_1_839' title='bbox 2380 5158 2671 5231; x_wconf 82' lang='lat' dir='ltr'><strong>Euphrate</strong></span> <span class='ocrx_word' id='word_1_840' title='bbox 2695 5174 2870 5230; x_wconf 88' lang='lat' dir='ltr'><strong>usque</strong></span> <span class='ocrx_word' id='word_1_841' title='bbox 2890 5160 2963 5216; x_wconf 91' lang='lat' dir='ltr'><strong>ad</strong></span> <span class='ocrx_word' id='word_1_842' title='bbox 2993 5158 3207 5219; x_wconf 74' lang='lat' dir='ltr'><strong>terram</strong></span> <span class='ocrx_word' id='word_1_843' title='bbox 3237 5166 3532 5223; x_wconf 84' lang='lat' dir='ltr'><strong>Philisthi-</strong></span> 
     </span>
    </p>
   </div>
   <div class='ocr_carea' id='block_1_113' title="bbox 1908 5228 3532 5308">
    <p class='ocr_par' dir='ltr' id='par_1_113' title="bbox 1908 5228 3532 5308">
     <span class='ocr_line' id='line_1_116' title="bbox 1908 5228 3532 5308; baseline 0.003 -21"><span class='ocrx_word' id='word_1_844' title='bbox 1908 5228 2159 5308; x_wconf 57' lang='lat' dir='ltr'><strong>~norum,</strong></span> <span class='ocrx_word' id='word_1_845' title='bbox 2211 5234 2267 5308; x_wconf 80' lang='lat' dir='ltr'><strong>et</strong></span> <span class='ocrx_word' id='word_1_846' title='bbox 2312 5228 2497 5308; x_wconf 56' lang='lat' dir='ltr'><strong>usque</strong></span> <span class='ocrx_word' id='word_1_847' title='bbox 2537 5228 2611 5308; x_wconf 77' lang='lat' dir='ltr'><strong>ad</strong></span> <span class='ocrx_word' id='word_1_848' title='bbox 2659 5228 2931 5308; x_wconf 75' lang='lat' dir='ltr'><strong>terminos</strong></span> <span class='ocrx_word' id='word_1_849' title='bbox 2978 5235 3221 5308; x_wconf 73' lang='lat' dir='ltr'><strong>AEgypti.</strong></span> <span class='ocrx_word' id='word_1_850' title='bbox 3265 5238 3532 5293; x_wconf 80' lang='lat' dir='ltr'><strong>Fortassis</strong></span> 
     </span>
    </p>
   </div>
   <div class='ocr_carea' id='block_1_114' title="bbox 1937 5300 3529 5378">
    <p class='ocr_par' dir='ltr' id='par_1_114' title="bbox 1937 5300 3529 5378">
     <span class='ocr_line' id='line_1_117' title="bbox 1937 5300 3529 5378; baseline 0.004 -22"><span class='ocrx_word' id='word_1_851' title='bbox 1937 5301 2195 5378; x_wconf 75' lang='lat' dir='ltr'><strong>terminos</strong></span> <span class='ocrx_word' id='word_1_852' title='bbox 2225 5300 2434 5378; x_wconf 79' lang='lat' dir='ltr'><strong>imperii</strong></span> <span class='ocrx_word' id='word_1_853' title='bbox 2465 5300 2768 5378; x_wconf 70' lang='lat' dir='ltr'><strong>SaIOviionis</strong></span> <span class='ocrx_word' id='word_1_854' title='bbox 2790 5302 2941 5378; x_wconf 82' lang='lat' dir='ltr'><strong>_legit</strong></span> <span class='ocrx_word' id='word_1_855' title='bbox 2978 5300 3177 5360; x_wconf 77' lang='lat' dir='ltr'><strong>Auctor</strong></span> <span class='ocrx_word' id='word_1_856' title='bbox 3207 5308 3258 5359; x_wconf 92' lang='lat' dir='ltr'><strong>in</strong></span> <span class='ocrx_word' id='word_1_857' title='bbox 3288 5308 3362 5362; x_wconf 87' lang='grc' dir='ltr'><strong>ΠΙ</strong></span> <span class='ocrx_word' id='word_1_858' title='bbox 3392 5311 3529 5378; x_wconf 83' lang='lat' dir='ltr'><strong>Reg.</strong></span> 
     </span>
    </p>
   </div>
   <div class='ocr_carea' id='block_1_115' title="bbox 1940 5372 3535 5447">
    <p class='ocr_par' dir='ltr' id='par_1_115' title="bbox 1940 5372 3535 5447">
     <span class='ocr_line' id='line_1_118' title="bbox 1940 5372 3535 5447; baseline 0.004 -19"><span class='ocrx_word' id='word_1_859' title='bbox 1940 5388 2015 5438; x_wconf 87' lang='lat' dir='ltr'><strong>tv,</strong></span> <span class='ocrx_word' id='word_1_860' title='bbox 2054 5376 2143 5438; x_wconf 81' lang='lat'><strong>25,</strong></span> <span class='ocrx_word' id='word_1_861' title='bbox 2186 5372 2277 5441; x_wconf 91' lang='lat' dir='ltr'><strong>qui</strong></span> <span class='ocrx_word' id='word_1_862' title='bbox 2307 5373 2384 5429; x_wconf 90' lang='lat' dir='ltr'><strong>sic</strong></span> <span class='ocrx_word' id='word_1_863' title='bbox 2422 5374 2579 5447; x_wconf 81' lang='lat' dir='ltr'><strong>habet</strong></span> <span class='ocrx_word' id='word_1_864' title='bbox 2614 5393 2625 5429; x_wconf 91' lang='lat'>:</span> <span class='ocrx_word' id='word_1_865' title='bbox 2663 5372 3070 5447; x_wconf 82' lang='lat' dir='ltr'><strong>Habitabatque</strong></span> <span class='ocrx_word' id='word_1_866' title='bbox 3100 5378 3245 5433; x_wconf 83' lang='lat' dir='ltr'><strong>Iuda</strong></span> <span class='ocrx_word' id='word_1_867' title='bbox 3274 5383 3328 5434; x_wconf 87' lang='lat' dir='ltr'><strong>et</strong></span> <span class='ocrx_word' id='word_1_868' title='bbox 3356 5372 3535 5435; x_wconf 57' lang='lat' dir='ltr'><strong>IsraEl</strong></span> 
     </span>
    </p>
   </div>
   <div class='ocr_carea' id='block_1_116' title="bbox 1939 5444 3535 5517">
    <p class='ocr_par' dir='ltr' id='par_1_116' title="bbox 1939 5444 3535 5517">
     <span class='ocr_line' id='line_1_119' title="bbox 1939 5444 3535 5517; baseline 0.001 -15"><span class='ocrx_word' id='word_1_869' title='bbox 1939 5447 2142 5517; x_wconf 86' lang='lat' dir='ltr'><strong>absque</strong></span> <span class='ocrx_word' id='word_1_870' title='bbox 2173 5447 2373 5502; x_wconf 88' lang='lat' dir='ltr'><strong>timore</strong></span> <span class='ocrx_word' id='word_1_871' title='bbox 2401 5444 2538 5511; x_wconf 89' lang='lat' dir='ltr'><strong>ullo,</strong></span> <span class='ocrx_word' id='word_1_872' title='bbox 2562 5446 2950 5517; x_wconf 86' lang='lat' dir='ltr'><strong>unusquisque</strong></span> <span class='ocrx_word' id='word_1_873' title='bbox 2968 5444 3070 5501; x_wconf 81' lang='lat' dir='ltr'><strong>sub</strong></span> <span class='ocrx_word' id='word_1_874' title='bbox 3102 5449 3213 5502; x_wconf 81' lang='lat' dir='ltr'><strong>uite</strong></span> <span class='ocrx_word' id='word_1_875' title='bbox 3231 5466 3335 5504; x_wconf 83' lang='lat' dir='ltr'><strong>sua</strong></span> <span class='ocrx_word' id='word_1_876' title='bbox 3358 5452 3415 5506; x_wconf 89' lang='lat' dir='ltr'><strong>et</strong></span> <span class='ocrx_word' id='word_1_877' title='bbox 3435 5450 3535 5505; x_wconf 88' lang='lat' dir='ltr'><strong>sub</strong></span> 
     </span>
    </p>
   </div>
   <div class='ocr_carea' id='block_1_117' title="bbox 1940 5517 3537 5589">
    <p class='ocr_par' dir='ltr' id='par_1_117' title="bbox 1940 5517 3537 5589">
     <span class='ocr_line' id='line_1_120' title="bbox 1940 5517 3537 5589; baseline 0.004 -16"><span class='ocrx_word' id='word_1_878' title='bbox 1940 5518 2051 5589; x_wconf 74' lang='lat' dir='ltr'><strong>ficu</strong></span> <span class='ocrx_word' id='word_1_879' title='bbox 2096 5533 2218 5582; x_wconf 88' lang='lat' dir='ltr'><strong>sua,</strong></span> <span class='ocrx_word' id='word_1_880' title='bbox 2270 5519 2475 5589; x_wconf 76' lang='lat' dir='ltr'><strong>a_Dan</strong></span> <span class='ocrx_word' id='word_1_881' title='bbox 2522 5532 2699 5589; x_wconf 88' lang='lat' dir='ltr'><strong>usque</strong></span> <span class='ocrx_word' id='word_1_882' title='bbox 2743 5517 3031 5584; x_wconf 81' lang='lat' dir='ltr'><strong>Bersabee,</strong></span> <span class='ocrx_word' id='word_1_883' title='bbox 3081 5522 3303 5578; x_wconf 83' lang='lat' dir='ltr'><strong>cunctis</strong></span> <span class='ocrx_word' id='word_1_884' title='bbox 3349 5519 3537 5580; x_wconf 83' lang='lat' dir='ltr'><strong>diebus</strong></span> 
     </span>
    </p>
   </div>
   <div class='ocr_carea' id='block_1_118' title="bbox 198 5516 1830 5595">
    <p class='ocr_par' dir='ltr' id='par_1_118' title="bbox 198 5516 1830 5595">
     <span class='ocr_line' id='line_1_121' title="bbox 198 5516 1830 5595; baseline -0.004 -17"><span class='ocrx_word' id='word_1_885' title='bbox 198 5522 426 5595; x_wconf 58' lang='lat' dir='ltr'><strong>ﬁngis,</strong></span> <span class='ocrx_word' id='word_1_886' title='bbox 456 5516 911 5595; x_wconf 76' lang='lat' dir='ltr'><strong>Indisdeniqué,</strong></span> <span class='ocrx_word' id='word_1_887' title='bbox 952 5516 1095 5595; x_wconf 76' lang='lat' dir='ltr'><strong>apud</strong></span> <span class='ocrx_word' id='word_1_888' title='bbox 1122 5533 1277 5595; x_wconf 84' lang='lat' dir='ltr'><strong>_quos</strong></span> <span class='ocrx_word' id='word_1_889' title='bbox 1304 5518 1361 5573; x_wconf 93' lang='lat' dir='ltr'><strong>in</strong></span> <span class='ocrx_word' id='word_1_890' title='bbox 1411 5516 1623 5575; x_wconf 87' lang='lat' dir='ltr'><strong>civitate</strong></span> <span class='ocrx_word' id='word_1_891' title='bbox 1669 5516 1830 5572; x_wconf 88' lang='lat' dir='ltr'><strong>Cala-</strong></span> 
     </span>
    </p>
   </div>
   <div class='ocr_carea' id='block_1_119' title="bbox 1031 5587 2449 5646">
    <p class='ocr_par' dir='ltr' id='par_1_119' title="bbox 1031 5587 2449 5646">
     <span class='ocr_line' id='line_1_122' title="bbox 1031 5587 2449 5646; baseline -0.001 -1"><span class='ocrx_word' id='word_1_892' title='bbox 1031 5589 1089 5646; x_wconf 88' lang='lat' dir='ltr'><strong>it.</strong></span> <span class='ocrx_word' id='word_1_893' title='bbox 1121 5587 1259 5646; x_wconf 73' lang='lat' dir='ltr'><strong>Pint.</strong></span> <span class='ocrx_word' id='word_1_894' title='bbox 1939 5588 2273 5646; x_wconf 85' lang='lat' dir='ltr'><strong>Salomonis.</strong></span> <span class='ocrx_word' id='word_1_895' title='bbox 2306 5587 2449 5643; x_wconf 86' lang='lat' dir='ltr'><strong>Eoo.</strong></span> 
     </span>
    </p>
   </div>
   <div class='ocr_carea' id='block_1_120' title="bbox 195 5590 1259 5664">
    <p class='ocr_par' dir='ltr' id='par_1_120' title="bbox 195 5590 1259 5664">
     <span class='ocr_line' id='line_1_123' title="bbox 195 5590 1259 5664; baseline -0.006 -12"><span class='ocrx_word' id='word_1_896' title='bbox 195 5590 379 5652; x_wconf 58' lang='lat' dir='ltr'><strong>milia</strong></span> <span class='ocrx_word' id='word_1_897' title='bbox 416 5592 739 5664; x_wconf 74' lang='lat' dir='ltr'><strong>martyrium</strong></span> <span class='ocrx_word' id='word_1_898' title='bbox 769 5590 965 5664; x_wconf 77' lang='lat' dir='ltr'><strong>passus</strong></span> <span class='ocrx_word' id='word_1_899' title='bbox 992 5590 1089 5647; x_wconf 86' lang='lat' dir='ltr'><strong>sit.</strong></span> <span class='ocrx_word' id='word_1_900' title='bbox 1121 5590 1259 5664; x_wconf 60' lang='lat' dir='ltr'><strong>Pax.</strong></span> 
     </span>
    </p>
   </div>
   <div class='ocr_carea' id='block_1_121' title="bbox 272 5657 1834 5745">
    <p class='ocr_par' dir='ltr' id='par_1_121' title="bbox 272 5657 1834 5745">
     <span class='ocr_line' id='line_1_124' title="bbox 272 5657 1834 5745; baseline -0.002 -22"><span class='ocrx_word' id='word_1_901' title='bbox 272 5666 422 5745; x_wconf 87' lang='lat'><strong>(30)</strong></span> <span class='ocrx_word' id='word_1_902' title='bbox 449 5657 805 5723; x_wconf 74' lang='lat' dir='ltr'><strong>Arineniani.</strong></span> <span class='ocrx_word' id='word_1_903' title='bbox 853 5664 1031 5739; x_wconf 81' lang='lat' dir='ltr'><strong>Hujus</strong></span> <span class='ocrx_word' id='word_1_904' title='bbox 1066 5662 1286 5740; x_wconf 87' lang='lat' dir='ltr'><strong>quidem</strong></span> <span class='ocrx_word' id='word_1_905' title='bbox 1312 5660 1370 5720; x_wconf 90' lang='lat' dir='ltr'><strong>in</strong></span> <span class='ocrx_word' id='word_1_906' title='bbox 1413 5658 1566 5721; x_wconf 81' lang='lat' dir='ltr'><strong>Actis</strong></span> <span class='ocrx_word' id='word_1_907' title='bbox 1592 5657 1834 5737; x_wconf 84' lang='lat' dir='ltr'><strong>Aposto-</strong></span> 
     </span>
    </p>
   </div>
   <div class='ocr_carea' id='block_1_122' title="bbox 450 5770 1817 5836">
    <p class='ocr_par' dir='ltr' id='par_1_122' title="bbox 450 5772 809 5836">
     <span class='ocr_line' id='line_1_125' title="bbox 450 5772 809 5836; baseline -0.003 0"><span class='ocrx_word' id='word_1_908' title='bbox 450 5774 698 5836; x_wconf 74' lang='grc' dir='ltr'>ΡΑτιιοι..</span> <span class='ocrx_word' id='word_1_909' title='bbox 738 5772 809 5835; x_wconf 84' lang='lat' dir='ltr'><strong>ll.</strong></span> 
     </span>
    </p>
   </div>
   <div class='ocr_carea' id='block_1_123' title="bbox 1925 5770 3363 5836">
    <p class='ocr_par' dir='ltr' id='par_1_123' title="bbox 3298 5770 3363 5833">
     <span class='ocr_line' id='line_1_126' title="bbox 3298 5770 3363 5833; baseline 0.108 -7"><span class='ocrx_word' id='word_1_910' title='bbox 3298 5770 3363 5833; x_wconf 80' lang='lat' dir='ltr'><strong>2i</strong></span> 
     </span>
    </p>
   </div>
  </div>
