3992 6174
527 369 622 425 (351
1228 349 1668 413 TERTULLIANI
1706 343 1975 407 OPERUM
2012 342 2098 404 PA

2214 341 2278 403 II.
2318 374 2388 385 -—
2425 342 2649 405 SERIES
2688 345 2727 416 Ι,
2770 348 3112 414 ΡΟΕΞΜΙΟΑ.
3684 356 3774 415 65‘2

524 494 696 546 adhuc
726 502 896 558 usque
922 483 1118 540 limites
1165 497 1293 537 suos
1344 481 1391 518 57
1443 476 1737 549 transgredi
1784 488 1893 529 non
1934 472 2116 528 sinun-
2146 486 2193 565 Α
2227 472 2440 540 volans,
2455 476 2511 526 et
2548 473 2734 545 tetigit
2788 494 2896 543 me,
2919 481 3085 551 quasi
3114 480 3252 537 hora
3285 481 3555 550 sacriﬁcii
3590 499 3807 570 vesper:

526 590 631 636 tur.
663 576 905 632 Britanni
933 574 984 612 68
1020 573 1158 628 intra
1188 568 1391 627 Oceani
1419 567 1503 623 sui
1545 564 1803 621 ambitum
1850 559 2110 619 conclusi.

523 671 833 724 Maurorum
865 678 1001 735 gens
1029 668 1082 716 et
1124 658 1446 715 Getulorum
1483 652 1761 711 barbaries
1790 666 1823 706 a
1860 648 2116 705 Romanis

522 756 857 822 obsidentur,
888 767 957 806 ne
1003 748 1289 821 regionum
1317 745 1366 783 59
1397 758 1616 800 suarum
1648 739 1785 794 fines
1830 735 2110 794 excedant.

519 845 661 916 Quid
689 844 755 899 de
802 838 1059 909 Romanis
1102 835 1298 903 dicam,
1332 833 1422 905 qui
1467 833 1534 886 de
1580 829 1852 905 legionum
1891 841 2110 926 suarum

523 931 788 1008 prmsidiis
834 926 1122 1000 imperium
1152 939 1313 980 suum
1360 921 1629 985 muniunt,
1662 933 1760 972 nec
1796 921 2115 1013 trans-istas

521 1002 710 1098 gentes
758 1018 1040 1091 porrigere
1084 1012 1226 1069 vires
1265 1009 1421 1083 regni
1468 1008 1550 1063 sui
1602 1002 1865 1102 possunt?
1915 1002 2112 1102 Christi

520 1091 698 1168 autem
753 1121 985 1179 regnum
1031 1108 1084 1157 et
1132 1115 1330 1155 nomen
1377 1097 1577 1167 ubique
1624 1091 1945 1166 porrigitur,
1992 1091 2112 1146 ubi-

518 1216 622 1273 que
668 1196 921 1261 creditur,
963 1193 1031 1246 ab
1078 1189 1329 1267 omnibus
1375 1184 1628 1259 gentibus
1682 1196 1844 1273 supra
1897 1196 2115 1273 enume-

517 1267 648 1345 r-atis
686 1285 894 1348 colitur,
938 1276 1112 1336 (“2
1163 1276 1363 1346 ubique
1409 1278 1617 1344 regnat,
1671 1268 1877 1339 ubique
1921 1267 2112 1324 adora-

520 1383 629 1446 tur,
672 1372 923 1432 omnibus
963 1367 1164 1439 ubique
1211 1362 1462 1420 tribuitur
1508 1358 1967 1458 atqu‘aliter;.nqn
2023 1373 2111 1458 τε-

517 1465 601 1539 gis
649 1461 796 1533 apud
845 1458 995 1513 illum
1043 1454 1216 1525 major
1254 1451 1461 1539 gratia;
1489 1465 1599 1505 non
1624 1446 1835 1503 barbari
1883 1446 2111 1539 alicujus

518 1534 740 1608 inferior
785 1548 835 1586 7°
888 1543 1104 1611 laetitia;
1162 1557 1271 1597 non
1316 1538 1635 1611 dignitatum
1698 1544 1788 1590 aut
1853 1534 2107 1590 natalium

518 1642 842 1712 cujusquam
871 1635 1105 1691 discreta
1130 1631 1320 1687 merita
1343 1646 1356 1697 ;
1376 1622 2107 1722 omnibus-aequalis,3n1ni-

518 1735 618 1789 bus
655 1745 767 1796 rex,
818 1725 1066 1783 omnibus
1108 1720 1295 1791 judex,
1339 1716 1594 1773 omnibus
1637 1717 1781 1771 Deus
1817 1721 1873 1769 et
1916 1712 2107 1768 Domi-

516 1836 621 1877 nus
670 1824 770 1873 est.
802 1815 914 1869 Nec
959 1811 1171 1867 dubites
1198 1806 1418 1863 credere
1467 1804 1610 1876 quod
1638 1817 2008 1861 asseveramus
2033 1801 2103 1868 71,

516 1924 635 1967 cum
664 1903 949 1963 videamus
976 1897 1109 1955 ﬁeri.

1104 2038 1332 2098 CAPUT
1385 2037 1523 2096 VIII.

583 2176 767 2246 Itaque
819 2167 1144 2243 requirenda
1188 2173 1432 2237 tempora
1484 2161 1757 2234 praedictae
1805 2167 1859 2217 et
1911 2159 2105 2215 futurae

512 2262 804 2322 nativitatis
850 2259 1068 2326 Christi,
1121 2264 1176 2313 et
1222 2252 1493 2328 passionis
1553 2250 1694 2324 ejus,
1744 2256 1798 2306 et
1851 2248 2103 2306 extermi-

511 2355 587 2411 nii
644 2351 877 2410 civitatis
939 2345 1301 2410 Hierusalem,
1358 2342 1413 2397 id
1470 2348 1554 2397 est
1607 2337 1915 2396 vastationis
1963 2340 2100 2410 ejus.

510 2442 651 2499 Dicit
681 2440 827 2496 enim
855 2436 1049 2493 Daniel
1088 2443 1143 2490 et
1170 2431 1443 2493 civitatem
1483 2436 1719 2486 sanctam
1758 2435 1812 2484 et
1859 2435 2101 2484 sanctum

505 2527 847 2587 exterminari
892 2540 1012 2581 cum
1058 2523 1200 2580 duce
1249 2527 1496 2587 venturo,
1546 2527 1601 2574 et
1647 2516 1855 2574 destrui
1898 2516 2098 2587 pinna-

509 2620 693 2677 culum
739 2630 907 2689 usque
956 2613 1022 2669 ad
1070 2609 1370 2668 interitum.
1409 2608 1627 2666 Venturi
1671 2605 1854 2679 itaque
1902 2604 2100 2661 Christi

506 2707 659 2765 ducis
716 2715 842 2762 sunt
895 2712 1140 2775 tempora
1184 2696 1527 2771 requirenda,
1575 2710 1696 2768 qua:
1747 2692 2101 2765 investigabi-

504 2815 628 2854 mus
676 2798 730 2852 in
776 2792 998 2851 Daniele
1039 2809 1054 2846 :
1105 2788 1306 2862 quibus
1348 2784 1704 2857 computatis,
1753 2781 2101 2855 probabimus

503 2887 719 2946 venisse
768 2899 913 2953 eum,
966 2879 1120 2938 etiam
1169 2894 1233 2934 ex
1277 2874 1613 2948 temporibus
1648 2871 1997 2946 praescriptis,
2045 2878 2101 2928 et

502 2993 570 3033 ex
624 2973 797 3048 signis
854 2967 1307 3043 competentibus,
1359 2973 1411 3021 ct
1465 2981 1531 3030 ex
1586 2961 1995 3036 Operationibus
2052 2960 2102 3000 ⁷2

2226 559 2356 625 tini,
2390 563 2446 616 et
2473 560 2790 634 intelligere
2815 567 2955 637 fecit
2982 586 3090 634 me,
3122 574 3178 625 et
3210 570 3432 627 locutus
3460 575 3542 628 est
3566 587 3777 638 mecum,

2222 653 2280 704 et
2299 648 2450 705 dixit
2471 669 2489 705 :
2509 651 2731 723 Daniel,
2746 669 2903 710 nunc
2919 657 3073 712 exivi
3082 656 3332 715 imbuere
3343 662 3396 714 te
3407 658 3778 730 intelligentia,

2222 736 2285 790 in
2291 739 2577 810 principio
2591 739 2992 801 obsecrationis
3012 745 3062 783 ’³6
3082 748 3197 802 tua:
3215 747 3397 803 exivit
3412 762 3610 804 sermo.
3624 750 3684 804 Et
3698 765 3780 821 ego

2221 828 2351 882 veni
2369 831 2435 882 ut
2457 833 2803 887 annuntiem
2828 832 2949 899 tibi,
2964 836 3098 905 quia
3110 834 3199 891 vir
3217 834 3617 893 desideriorum
3636 841 3693 893 tu
3711 856 3776 910 es,

2222 921 2276 973 et
2290 919 2471 987 cogita
2489 919 2547 973 in
2565 919 2748 987 verbo,
2762 925 2818 976 et
2833 923 3093 995 intellige
3109 925 3173 978 in
3191 925 3419 984 visione.
3437 927 3777 999 Septuaginta

2222 1004 2577 1063 hebdomadw
2605 1008 2868 1067 breviatce
2881 1015 3019 1068 sunt
3045 1028 3218 1085 super
3241 1013 3461 1085 plebem
3483 1020 3638 1072 tuam
3658 1018 3773 1089 (33),

2218 1091 2323 1149 (ιι
2335 1091 2393 1150 8
2412 1099 2469 1150 et
2498 1112 2672 1168 super
2690 1101 2980 1157 civitatem
2998 1103 3630 1178 sanctam,quoadusque
3644 1108 3777 1162 inve-

2222 1186 2439 1240 teretur
2453 1183 2739 1253 delictum,
2763 1194 2817 1245 et
2835 1192 3136 1260 signentur
3150 1196 3403 1263 peccata,
3424 1197 3479 1249 et
3498 1201 3782 1253 emerentur

2221 1272 3164 1351 injustitiaz,etinducaturjustitia
3183 1284 3559 1349 wterna,utet
3569 1283 3613 1321 ’Π
3632 1286 3780 1357 signe-

2221 1366 2316 1418 tur
2328 1362 2465 1419 visio
2488 1366 2544 1419 et
2554 1364 2867 1438 prophetes,
2890 1372 2948 1423 et
2967 1373 3034 1424 ut
3056 1375 3312 1442 ungatur
3332 1371 3572 1429 Sanctus
3591 1379 3781 1433 sancto.

2220 1467 2371 1506 rum.
2395 1453 2466 1507 Et
2477 1453 2640 1519 scies,
2664 1457 2723 1510 et
2731 1457 3033 1527 perspicies
3053 1461 3111 1513 et
3130 1459 3411 1529 intelliges
3421 1476 3455 1516 a
3462 1463 3783 1533 profectione

2220 1543 2494 1597 sermonis
2514 1583 2528 1607 ,
2561 1543 2898 1614 integrando
2928 1550 2985 1603 et
3024 1546 3419 1616 recediﬁcando
3460 1551 3783 1609 Hierusalem

2216 1644 2395 1701 usque
2406 1629 2478 1685 ad
2501 1629 2786 1688 Christum
2807 1632 3024 1700 ducem,
3048 1634 3413 1693 hebdomadas
3435 1642 3642 1710 septem
3654 1645 3705 1697 et
3720 1641 3788 1696 di.

2214 1719 2476 1790 midiam,
2499 1724 2555 1776 et
2569 1723 2937 1794 septuaginta
2945 1722 3086 1779 duas
3097 1728 3154 1781 et
3173 1724 3471 1785 dimidiam
3483 1746 3502 1782 :
3519 1733 3577 1785 et
3589 1744 3785 1787 conver-

2218 1811 2298 1865 tet
2317 1811 2374 1863 et
2394 1807 2845 1880 cediﬁcabiturin
2868 1812 3155 1878 laetitiam,
3168 1818 3225 1872 et
3245 1816 3788 1884 convallationem,et

2215 1896 2641 1956 innovabantur
2663 1902 2918 1973 tempora
2948 1920 2967 1957 :
2991 1905 3049 1957 et
3074 1908 3204 1975 post
3222 1902 3592 1963 hebdomadas
3610 1905 3701 1963 has
3718 1924 3790 1965 se-

2209 1988 2519 2059 ptuaginta
2529 1987 2751 2056 duas,et
2761 1990 3240 2048 exterminabitur
3249 1993 3790 2061 unctio,etnonerit:

2215 2078 2272 2132 et
2289 2076 2580 2134 civitatem
2590 2079 2922 2134 etsanctum
2934 2079 3346 2137 exterminabit
3358 2098 3490 2139 cum
3499 2082 3637 2141 duce
3655 2084 3791 2143 adve-

2213 2165 2427 2228 niente,
2449 2163 2889 2223 etconcidentur
2904 2167 3173 2240 quomodo
3195 2170 3259 2224 in
3277 2172 3620 2245 cataclysmo
3634 2189 3795 2246 usque

2212 2253 2283 2309 ad
2310 2253 2484 2322 ﬁnem
2503 2254 2651 2321 belli,
2675 2255 2823 2327 quod
2842 2257 3175 2315 concidetur
3193 2274 3365 2333 usque
3385 2260 3459 2315 ad
3477 2261 3795 2319 interitum.

2212 2343 2283 2397 Et
2292 2341 2649 2412 conﬁrmabit
2663 2348 3073 2402 testamentum
3086 2348 3150 2404 in
3166 2348 3799 2410 73multis.Hebdomado

2211 2445 2334 2485 una
2349 2429 2654 2487 etdimidia
2677 2432 3369 2507 hebdomadis,auferetur
3386 2454 3577 2496 meum
3592 2442 3802 2511 sacriﬁ-

2210 2518 2360 2574 cium
2383 2524 2439 2575 et
2470 2518 2684 2588 libatio,
2709 2524 2766 2577 et
2786 2523 2851 2579 in
2879 2527 3078 2582 sancto
3099 2528 3415 2584 exsecratio
3442 2531 3803 2597 vastationis,

2209 2611 2262 2664 et
2298 2624 2478 2680 usque
2506 2607 2578 2664 ad
2623 2610 2805 2681 finem
2838 2614 3106 2685 temporis
3135 2618 3553 2675 consummatio
3581 2609 3805 2679 dabitur

2206 2711 2374 2770 super
2402 2697 2507 2755 hac
2530 2700 2872 2756 vastatione.
2902 2701 3400 2761 Animadvertamus
3431 2705 3597 2780 igitur
3626 2709 3806 2764 termi-

2207 2801 2356 2852 num,
2389 2787 2664 2857 quomodo
2692 2788 2746 2844 in
2776 2805 2904 2847 vero
2935 2791 3184 2864 praedixit
3209 2793 3260 2833 79
3298 2797 3642 2868 septuaginta
3670 2798 3805 2855 heb-

2205 2874 2465 2932 domadas
2512 2875 2738 2946 futuras,
2770 2878 2827 2934 in
2857 2881 3058 2952 quibus
3085 2881 3131 2937 si
3171 2884 3476 2957 receperint
3500 2901 3648 2958 eum,
3679 2887 3809 2943 tedi-

2203 2962 2447 3022 ﬁcabitur
2475 2965 2531 3021 in
2558 2966 2898 3026 latitudinem
2936 2978 2990 3027 et
3033 2970 3092 3027 in
3120 2971 3535 3047 longitudinem,
3566 2984 3625 3033 et
3655 2976 3814 3035 inno-

503 3067 627 3135 ejus
656 3081 670 3118 :
702 3077 827 3135 quae
862 3061 915 3099 73
962 3058 1257 3131 probamus
1287 3056 1336 3094 7"
1372 3070 1437 3111 ex
1486 3052 1944 3126 consequentibus
1981 3066 2102 3124 quae
2133 3053 2177 3132 ο
2207 3053 2480 3113 vabuntur
2499 3063 2766 3130 tempora.
2788 3059 3297 3141 Providensautcm
3324 3063 3470 3120 Deus
3500 3064 3639 3136 quid
3667 3076 3812 3123 esset

498 3160 622 3225 post
699 3151 990 3208 adventum
1056 3146 1175 3216 ejus
1243 3144 1419 3200 futura
1487 3140 1981 3205 adnuntiabantur,
2040 3146 2099 3196 ut

500 3251 610 3299 tam
686 3238 976 3312 adimpleta
1049 3235 1229 3294 omnia
1294 3248 1453 3306 quam
1520 3236 1806 3302 prospecta
1861 3230 1911 3269 ⁷⁵
1983 3243 2098 3286 cre-

497 3333 707 3388 damus.
768 3328 858 3385 Sic
916 3326 1084 3399 igitur
1140 3326 1208 3380 de
1263 3337 1329 3379 eo
1384 3319 1576 3376 Daniel
1634 3317 1980 3391 praedicavit},
2040 3325 2098 3374 ut

494 3429 547 3478 et
576 3418 794 3493 quando
822 3426 876 3473 et
934 3429 1043 3487 quo
1072 3413 1124 3468 in
1181 3423 1423 3507 tempore
1470 3417 1657 3483 gentes
1702 3410 1850 3463 esset
1894 3406 2096 3507 libera-

496 3521 680 3575 turus,
745 3504 1089 3573 ostenderet,
1148 3506 1204 3556 et
1260 3499 1514 3570 quoniam
1589 3505 1714 3567 post
1787 3499 2093 3567 passionem

492 3598 687 3654 Christi
756 3596 860 3650 ista
927 3591 1116 3651 civitas
1208 3585 1558 3644 exterminari
1637 3585 1878 3642 haberet.
1953 3585 2095 3642 Dicit

494 3686 634 3741 enim
665 3685 785 3743 sic:
823 3684 886 3739 In
929 3681 1116 3754 primo
1157 3693 1308 3734 anno
1350 3674 1450 3734 sub
1496 3675 1665 3731 Dario
1700 3674 1820 3743 ﬁlio
1868 3676 2096 3732 Assueri

494 3792 566 3831 ex
603 3774 815 3828 semine
866 3770 1169 3835 Medorum,
1200 3767 1297 3838 qui
1340 3765 1595 3836 regnavit
1641 3779 1809 3836 super
1854 3779 2093 3837 regnum

500 3860 912 3921 Chaldaeorum,
948 3873 1040 3928 ego
1072 3853 1272 3910 Daniel
1300 3852 1569 3909 intellexi
1597 3853 1657 3906 in
1706 3852 1862 3909 libris
1889 3868 2093 3910 nume-

494 3967 626 4006 rum
655 3963 962 4012 annorum.
996 3947 1065 4000 Et
1094 3942 1278 3998 adhuc
1306 3957 1396 3997 me
1427 3941 1687 4013 loquente
1728 3941 1790 3996 in
1819 3944 2091 4011 oratione,

493 4054 616 4098 ecce
643 4040 732 4096 vir
764 4020 1002 4102 Gabriel,
1036 4048 1203 4107 quem
1232 4031 1348 4088 vidi
1374 4033 1438 4087 in
1460 4031 1674 4089 visione
1705 4031 1765 4088 in
1780 4033 2087 4106 principio,

2206 3141 2465 3215 futurum,
2490 3142 2544 3200 e't
2570 3145 2822 3218 quoniam
2850 3162 2959 3205 non
2989 3156 3194 3206 tantum
3224 3166 3337 3208 non
3367 3152 3640 3225 recipient
3663 3169 3811 3224 eum,

2204 3247 2394 3289 verum
2438 3240 2494 3290 et
2545 3233 2913 3309 insequentur,
2956 3248 3010 3295 et
3059 3240 3274 3297 tradent
3322 3256 3448 3299 eum
3503 3243 3714 3311 morti,
3762 3252 3815 3298 et

2205 3321 2589 3395 recapitulavit,
2622 3332 2673 3382 et
2707 3325 2842 3382 dixit
2873 3344 2886 3385 :
2920 3326 2976 3383 in
3020 3329 3305 3403 sexaginta
3340 3330 3554 3388 duabus
3602 3333 3820 3390 hebdo-

2204 3409 2455 3467 madibus
2494 3413 2645 3470 nasci
2683 3414 2834 3470 illum
2879 3423 2934 3472 et
2983 3417 3117 3490 ungi
3161 3418 3418 3477 Sanctum
3464 3429 3815 3490 sanctorum;

2203 3499 2576 3558 hebdomadas
2621 3512 2800 3560 autem
2828 3504 2864 3559 '7
2914 3513 2968 3563 et
3004 3505 3227 3563 dimidia
3255 3524 3381 3565 cum
3427 3508 3818 3581 implerentnr,

2202 3590 2310 3661 pati
2357 3591 2576 3658 habere,
2609 3599 2662 3649 et
2706 3593 2973 3652 civitatem
3017 3596 3363 3654 exterminari
3413 3608 3537 3669 post
3564 3616 3744 3657 unam
3771 3609 3823 3658 et

2202 3678 2482 3737 dimidiam
2510 3682 2929 3753 hebdomadam,
2960 3702 3070 3760 quo
3099 3686 3303 3744 scilicet
3329 3689 3381 3728 ⁸ο
3410 3695 3666 3764 tempore
3694 3707 3821 3765 sep-

2203 3775 2305 3823 tem
2357 3777 2413 3825 et
2458 3768 2685 3826 dimidia
2730 3772 3087 3831 hebdomadaz
3132 3777 3417 3849 completas
3473 3786 3626 3835 sunt.
3670 3780 3823 3837 Dicit

2200 3856 2343 3913 enim
2362 3857 2470 3913 sic:
2499 3861 2567 3914 Et
2588 3860 2879 3919 civitatem
2908 3866 2963 3918 et
2982 3868 3245 3921 sanctum
3266 3867 3661 3924 exterminari
3683 3885 3821 3925 cum

2200 3947 2340 4004 duce
2358 3951 2613 4015 venturo,
2636 3953 2691 4006 et
2706 3951 3076 4009 concidentur
3103 3954 3250 4012 sicut
3275 3956 3338 4011 in
3355 3957 3740 4029 cataclysnw,
3766 3962 3823 4015 et

2198 4038 2455 4096 destruet
2462 4040 2841 4112 pinnaculum
2871 4056 3047 4116 usque
3069 4042 3143 4101 ad
3161 4044 3491 4104 interitum.
3514 4045 3688 4105 Unde
3705 4048 3826 4120 (35)

1883 4148 2077 4215 Variae
2104 4156 2410 4219 lectiones.

564 4270 611 4311 ⁵⁷
644 4269 784 4327 Suos
804 4265 1192 4353 αὺςδὲριὲιιεη·
1218 4262 1465 4353 θεοδξῖιο
1497 4260 2342 4353 θῗὲῑξιδυηὲεεοο·ἒοηο1ρεέφεμηι
2370 4269 2553 4353 Rhea:
2583 4270 2762 4353 οὸενις
2796 4272 3201 4353 “Religiosum
3236 4275 3485 4353 Rhea-1'9
3511 4278 3833 4353 imperiosi

497 4344 679 4403 Obert.
730 4341 911 4424 ῥέξω.
942 4341 990 4378 71
1019 4342 1310 4424 AsseveLas
1337 4337 1514 4424 Rhegi.
1536 4335 1593 4424 72'
1615 4335 1880 4424 Operibus
1909 4339 2042 4424 Par.
2076 4340 2295 4424 13Quin
2333 4342 2862 4424 probabimuszhlun.
2891 4335 3034 4424 “Et
3063 4348 3191 4405 add.
3423 4350 3484 4424 _75
3510 4335 3827 4424 Petspééia

495 4416 670 4472 Bhen.
702 4414 752 4452 75
780 4411 1189 4493 Observationis
1216 4408 1394 4465 Rhen.
1434 4407 1616 4465 Obert.
1656 4407 1704 4447 ⁷⁷
1733 4407 1800 4464 Ει
1826 4416 1886 4464 ιιι
1912 4410 2104 4470 iidem.
2139 4407 2197 4451 πῖ
2214 4415 2273 4468 In
2304 4407 2456 4472 abest
2474 4418 2646 4472 Fran.
2679 4416 2729 4455 79
2758 4416 2820 4471 In
2846 4419 3013 4477 verbo
3042 4436 3175 4493 quas
3205 4420 3341 4477 dixit
3368 4420 3547 4481 Rhen.
3572 4407 3830 4482 70b‘erth.

492 4488 545 4526 ⁸ο
561 4487 833 4559 Tempore
854 4486 1041 4545 omiit.
1070 4485 1234 4539 Pam.

1922 4553 2421 4622 Commentarius.

561 4668 679 4758 (.33)
709 4666 1083 4758 δεριααθίηία
1103 4660 2087 4758 tamen":“anteaante
2118 4680 2163 4758 υ
2198 4665 2600 4758 ;;,;ιοΡ9.<ξ,ςε;ι.
2622 4666 2888 4758 ament
2917 4686 3023 4758 rex
3047 4668 3310 4758 ,νέεςξξαεκ
3327 4671 3375 4754 Ε
3403 4673 3843 4758 saeuam-ibes

484 4733 704 4813 plebem
736 4733 939 4805 tuam;
963 4744 1069 4793 etc.
1103 4734 1342 4815 illustris
1389 4735 1544 4790 locus
1583 4734 1843 4815 adversus
1870 4733 2087 4825 Iudaeos

490 4813 555 4867 ad
588 4811 926 4877 probandum
955 4808 1167 4864 Messwe
1195 4806 1506 4873 adventum,
1539 4822 1655 4877 qui
1678 4805 1827 4861 locus
1856 4806 2088 4862 habetur

1494 4849 1506 4873 1

490 4829 555 4867 aa
588 4829 926 4882 pronanaum
955 4829 1167 4864 messui:
1195 4829 1506 4873 aut/cntum,
1539 4829 1632 4877 qm
1678 4829 1827 4887 tugus
1856 4829 2088 4862 ﬂatibth

490 4882 733 4938 Danielis
762 4897 837 4949 ιι,
868 4890 922 4935 et
948 4878 1114 4949 vulgo
1139 4877 1217 4949 _in
1236 4877 1385 4949 hanc
1416 4876 1843 4949 remadducitur
1871 4892 1901 4930 a
1939 4878 2090 4934 theo-

491 4953 679 5025 logis.
707 4947 1012 5025 Confer-mis
1032 4947 1186 5025 _'huic
1234 4947 1380 5025 loco
1402 4947 1559 5025 alteri
1588 4964 1618 5004 e
1642 4947 1928 5025 geneseos
1955 4964 2086 5025 cap.

492 5017 636 5092 xxix,
671 5024 776 5079 hoc
804 5031 884 5077 est
916 5019 1128 5077 celebre
1167 5017 1489 5092 vaticinium
1508 5018 1698 5092 Jacobi
1723 5017 2044 5092 patriarcha
2072 5036 2087 5075 :

489 5090 936 5166 Non’aufcretur
960 5096 1251 5166 sceptrum
1277 5090 1343 5166 de
1378 5090 1548 5166 Iuda,
1585 5096 1642 5166 et
1668 5091 1789 5148 duo:
1817 5090 1903 5166 de_
1917 5094 2091 5166 femo-

489 5184 553 5245 _re
595 5162 735 5245 ejus,
778 5166 956 5245 donec
1000 5162 1193 5245 veniat
1240 5165 1337 5235 qui
1376 5163 1853 5245 mittendusnest.‘
1880 5162 2089 5245 innite-

488 5233 653 5293 brzei's
693 5235 972 5293 codicibus
1016 5242 1098 5291 est
1144 5233 1318 5291 don—ec
1357 5236 1549 5291 veniat
1607 5235 1780 5292 Shilo.
1824 5233 1896 5289 At
1938 5233 2089 5290 Shilo

488 5317 573 5367 est
617 5306 877 5380 Messias;
909 5305 1056 5380 quod
1110 5305 1512 5380 demonstratur
1560 5307 1824 5363 adversus
1869 5305 2090 5380 Judaaos

486 5381 632 5437 haud
679 5374 945 5445 difﬁcile,’
971 5393 1093 5433 cum
1132 5374 1267 5433 illud
1322 5383 1581 5433 testentur
1630 5384 1846 5433 veteres
1887 5376 2086 5433 Judaei.

486 5454 709 5525 Triplex
766 5447 1331 5525 etian_1__paraphrasis
1378 5447 1687 5525 Chaldaica,
1735 5446 1942 5525 0_nk_eli,
1995 5448 2088 5504 Jo-

486 5518 740 5581 nathanis
792 5532 847 5579 et
899 5518 1383 5590 Hierosolymitana
1424 5535 1523 5589 pro
1567 5520 1720 5578 Shilo
1770 5518 1935 5573 habet
1981 5536 2087 5577 rex

490 5598 731 5673 Messias.
765 5593 992 5673 ln-jibro
1028 5589 1212 5673 etiam.
1236 5599 1556 5673 ‘pervetusto
1584 5601 1638 5649 et
1666 5606 1877 5664 magnae
1902 5599 2088 5649 aucto-

487 5667 661 5724 ritatis
699 5667 791 5739 qui
832 5663 1107 5722 Bereschit
1136 5661 1303 5721 rabba
1330 5662 1542 5731 dicitur,
1560 5706 1574 5721 .
1596 5705 1611 5723 .
1634 5709 1645 5719 .
1669 5708 1681 5720 .
1706 5708 1717 5721 .
1741 5661 1790 5722 .’.
1813 5708 1824 5720 .
1849 5701 1862 5719 .
1885 5706 1898 5720 .
1921 5707 1933 5724 .
1958 5705 1970 5719 .
1990 5702 2005 5718 .
2032 5705 2044 5721 .

2197 4736 2342 4814 idem
2369 4736 2606 4814 sentiunt
2630 4740 2697 4814 It.
2724 4740 3023 4814 Selomoth,
3046 4742 3114 4814 Β.
3136 4743 3372 4814 Kimchi,
3398 4746 3531 4802 etR.
3558 4745 3797 4802 Bechai
3822 4765 3837 4801 :

2200 4807 2339 4863 unde
2368 4805 2523 4865 facile
2551 4826 2617 4865 ex
2664 4811 2769 4867 hoc
2797 4812 2917 4869 loco
2948 4805 3207 4871 fatuitatis
3237 4805 3369 4871 suaa'
3397 4824 3453 4872 et
3496 4817 3843 4875 pervicacis

2197 4878 2489 4950 impietatis
2547 4883 2944 4940 convincuntur
2990 4884 3430 4943 hodierniludtei.
3489 4878 3554 4943 in
3614 4888 3845 4946 Greco

2196 4957 2613 5026 verpgcoptextu
2651 4953 2878 5010 habetur
2926 4971 2941 5011 :
2979 4956 3081 5011 Οὐκ
3144 4955 3352 5026 ἐκλείψω
3397 4957 3446 5021 ἐξ
3492 4957 3676 5013 Ἰοὺδα
3744 4961 3850 5019 ἕως

2197 5021 2255 5102 θεν
2276 5020 2386 5096 ἔλθῃ
2418 5018 2463 5096 ᾧ
2485 5023 2761 5102 inducite}.
2810 5027 2937 5102 Non
2956 5028 3190 5099 deficiet
3206 5018 3525 5102 imperator
3541 5048 3627 5102 ea:
3642 5018 3846 5101 Iuda,

2197 5093 2596 5171 donec_veniat
2632 5098 2729 5171 cui
2746 5093 3067 5171 repositum
3085 5103 3190 5167 est,
3222 5093 3413 5171 id'est,
3444 5110 3505 5158 ut
3533 5093 3854 5171 inter-me

2195 5172 2336 5221 tatur
2364 5166 2423 5244 S_.
2453 5166 2848 5244 Ephiphanius,
2877 5173 2976 5244 cui
2998 5166 3313 5244 repositum
3348 5166 3433 5230 est
3461 5184 3519 5229 ut
3550 5174 3636 5231 sit
3665 5166 3854 5231 Chri-

2197 5246 2346 5317 stus;
2397 5238 2889 5317 haeresinimirum
2918 5238 3394 5317 _Her6dianorum,
3426 5245 3523 5317 qui
3572 5245 3725 5304 ideo
3770 5246 3855 5301 ita

2195 5308 2353 5435 algu},
2397 5312 2544 5380 quod
2590 5312 2857 5370 Herodem
2907 5313 3188 5371 Christum
3225 5330 3347 5372 esse
3380 5308 3848 5388 proﬁterentur.

2357 5396 2412 5435 ιι.

2237 5393 2272 5433 E
2315 5393 2412 5435 ΡΒ.

2267 5452 2316 5535 β
2324 5452 2379 5523 4)
2388 5454 2533 5535 Unde
2545 5456 3080 5535 igiturostendimus
3090 5460 3359 5535 quoniam
3370 5462 3529 5535 venit
3549 5461 3858 5535 Christus

2195 5523 2356 5599 intra
2383 5523 2855 5599 septuagesimum
2892 5534 2949 5587 et
2978 5523 3278 5589 dimidiam
3305 5531 3566 5589 hebdom.
3602 5532 3862 5588 Auctor

2203 5596 2409 5675 Quaest.
2438 5596 2514 5655 ex
2546 5596 2654 5675 lfét.
2687 5603 2826 5675 Test.
2847 5615 2970 5673 qua:
3000 5604 3232 5675 adjectae
3250 5610 3375 5659 sunt
3394 5612 3533 5675 tom.
3560 5603 3639 5660 IV
3656 5601 3863 5675 Ope-

2195 5684 2314 5725 rum
2341 5669 2633 5743 Augustini
2666 5690 2678 5730 :
2718 5694 2742 5727 α
2782 5673 2831 5729 Δ
2863 5669 3108 5746 tempore
3130 5673 3290 5748 primi
3316 5674 3444 5731 anni
3473 5674 3640 5734 Darii
3674 5669 3869 5748 régis
