  <div class='ocr_page' id='page_1' title='image "/cluster/home/n/w/nwhite01/storage/ocr_20150623/2/hvd.32044096580329/333.png"; bbox 0 0 3992 6174; ppageno 0'>
   <div class='ocr_carea' id='block_1_1' title="bbox 590 366 696 424">
    <p class='ocr_par' dir='ltr' id='par_1_1' title="bbox 590 366 696 424">
     <span class='ocr_line' id='line_1_1' title="bbox 590 366 696 424; baseline -0.019 0"><span class='ocrx_word' id='word_1_1' title='bbox 590 366 696 424; x_wconf 72' lang='grc'>655</span> 
     </span>
    </p>
   </div>
   <div class='ocr_carea' id='block_1_2' title="bbox 1265 352 3839 422">
    <p class='ocr_par' dir='ltr' id='par_1_2' title="bbox 1265 352 3839 422">
     <span class='ocr_line' id='line_1_2' title="bbox 1265 352 3839 422; baseline -0.001 -7"><span class='ocrx_word' id='word_1_2' title='bbox 1265 354 1699 416; x_wconf 82' lang='lat' dir='ltr'>TERTULLIANI</span> <span class='ocrx_word' id='word_1_3' title='bbox 1736 352 2004 413; x_wconf 80' lang='lat' dir='ltr'>OPERUM</span> <span class='ocrx_word' id='word_1_4' title='bbox 2044 352 2210 413; x_wconf 76' lang='lat' dir='ltr'>PARS</span> <span class='ocrx_word' id='word_1_5' title='bbox 2246 353 2315 414; x_wconf 92' lang='lat' dir='ltr'>II.</span> <span class='ocrx_word' id='word_1_6' title='bbox 2384 386 2452 397; x_wconf 93' lang='lat'>—-</span> <span class='ocrx_word' id='word_1_7' title='bbox 2488 352 2716 414; x_wconf 82' lang='lat' dir='ltr'>SERIES</span> <span class='ocrx_word' id='word_1_8' title='bbox 2758 355 2798 422; x_wconf 84' lang='grc' dir='ltr'>Ι,</span> <span class='ocrx_word' id='word_1_9' title='bbox 2843 353 3192 415; x_wconf 72' lang='lat' dir='ltr'>POLEMICA.</span> <span class='ocrx_word' id='word_1_10' title='bbox 3745 356 3839 415; x_wconf 83' lang='grc'>656</span> 
     </span>
    </p>
   </div>
   <div class='ocr_carea' id='block_1_3' title="bbox 586 477 3839 590">
    <p class='ocr_par' dir='ltr' id='par_1_3' title="bbox 586 477 3839 590">
     <span class='ocr_line' id='line_1_3' title="bbox 586 477 3839 590; baseline -0.002 -47"><span class='ocrx_word' id='word_1_11' title='bbox 586 493 687 544; x_wconf 70' lang='lat' dir='ltr'>ilia:</span> <span class='ocrx_word' id='word_1_12' title='bbox 721 483 1172 543; x_wconf 85' lang='lat' dir='ltr'>hebdomadarum</span> <span class='ocrx_word' id='word_1_13' title='bbox 1205 481 1586 551; x_wconf 83' lang='lat' dir='ltr'>adimpletum,</span> <span class='ocrx_word' id='word_1_14' title='bbox 1620 487 1748 534; x_wconf 91' lang='lat' dir='ltr'>tunc</span> <span class='ocrx_word' id='word_1_15' title='bbox 1776 477 1989 534; x_wconf 85' lang='lat' dir='ltr'>venisse</span> <span class='ocrx_word' id='word_1_16' title='bbox 2020 478 2172 534; x_wconf 88' lang='lat' dir='ltr'>Chri-</span> <span class='ocrx_word' id='word_1_17' title='bbox 2203 512 2250 590; x_wconf 69' lang='grc' dir='ltr'>Α</span> <span class='ocrx_word' id='word_1_18' title='bbox 2285 481 2558 537; x_wconf 80' lang='lat' dir='ltr'>terminari</span> <span class='ocrx_word' id='word_1_19' title='bbox 2604 480 2713 538; x_wconf 91' lang='lat' dir='ltr'>illic</span> <span class='ocrx_word' id='word_1_20' title='bbox 2751 481 3058 537; x_wconf 92' lang='lat' dir='ltr'>unctionem</span> <span class='ocrx_word' id='word_1_21' title='bbox 3089 483 3225 551; x_wconf 82' lang='grc'>(42),</span> <span class='ocrx_word' id='word_1_22' title='bbox 3273 480 3412 536; x_wconf 89' lang='lat' dir='ltr'>sicut</span> <span class='ocrx_word' id='word_1_23' title='bbox 3440 490 3521 536; x_wconf 89' lang='lat' dir='ltr'>est</span> <span class='ocrx_word' id='word_1_24' title='bbox 3565 480 3616 533; x_wconf 89' lang='lat' dir='ltr'>in</span> <span class='ocrx_word' id='word_1_25' title='bbox 3646 481 3839 536; x_wconf 80' lang='lat' dir='ltr'>Psalmis</span> 
     </span>
     <span class='ocr_line' id='line_1_4' title="bbox 614 567 3770 590; baseline 0 0"><span class='ocrx_word' id='word_1_26' title='bbox 614 589 619 590; x_wconf 63' lang='lat'><strong><em>,</em></strong></span> <span class='ocrx_word' id='word_1_27' title='bbox 777 579 787 588; x_wconf 73' lang='grc' dir='ltr'>ι</span> <span class='ocrx_word' id='word_1_28' title='bbox 812 577 823 590; x_wconf 80' lang='grc'><strong>1</strong></span> <span class='ocrx_word' id='word_1_29' title='bbox 921 584 930 590; x_wconf 88' lang='grc'>.</span> <span class='ocrx_word' id='word_1_30' title='bbox 1038 581 1050 590; x_wconf 72' lang='grc' dir='ltr'><strong><em>ι</em></strong></span> <span class='ocrx_word' id='word_1_31' title='bbox 1251 571 1274 590; x_wconf 63' lang='lat'>,8</span> <span class='ocrx_word' id='word_1_32' title='bbox 1305 573 1501 590; x_wconf 46' lang='lat' dir='ltr'>I_-MA___</span> <span class='ocrx_word' id='word_1_33' title='bbox 1543 570 1592 590; x_wconf 73' lang='grc' dir='ltr'>(η</span> <span class='ocrx_word' id='word_1_34' title='bbox 1629 568 1738 590; x_wconf 62' lang='lat'>-12-...</span> <span class='ocrx_word' id='word_1_35' title='bbox 1769 571 1801 590; x_wconf 71' lang='grc' dir='ltr'><strong><em>Η</em></strong></span> <span class='ocrx_word' id='word_1_36' title='bbox 1860 575 1902 590; x_wconf 77' lang='grc' dir='ltr'>-ι</span> <span class='ocrx_word' id='word_1_37' title='bbox 1955 567 2164 590; x_wconf 46' lang='grc' dir='ltr'>λζμῖΔῖ-</span> <span class='ocrx_word' id='word_1_38' title='bbox 2287 589 2295 590; x_wconf 58' lang='lat'><strong><em>,</em></strong></span> <span class='ocrx_word' id='word_1_39' title='bbox 2339 572 2450 590; x_wconf 35' lang='grc' dir='ltr'>.-μὶ</span> <span class='ocrx_word' id='word_1_40' title='bbox 2473 579 2653 590; x_wconf 50' lang='lat' dir='ltr'>-4-.-_A_</span> <span class='ocrx_word' id='word_1_41' title='bbox 2735 573 2987 590; x_wconf 37' lang='grc' dir='ltr'>Πηλμηημι</span> <span class='ocrx_word' id='word_1_42' title='bbox 3015 588 3020 590; x_wconf 73' lang='lat'><strong><em>_</em></strong></span> <span class='ocrx_word' id='word_1_43' title='bbox 3045 588 3080 590; x_wconf 26' lang='lat' dir='ltr'>in.</span> <span class='ocrx_word' id='word_1_44' title='bbox 3120 574 3270 590; x_wconf 36' lang='grc' dir='ltr'>..ηνυι</span> <span class='ocrx_word' id='word_1_45' title='bbox 3298 588 3321 590; x_wconf 64' lang='lat'>,_</span> <span class='ocrx_word' id='word_1_46' title='bbox 3361 587 3491 590; x_wconf 33' lang='lat' dir='ltr'>____i-</span> <span class='ocrx_word' id='word_1_47' title='bbox 3521 586 3656 590; x_wconf 58' lang='lat'>--,-__</span> <span class='ocrx_word' id='word_1_48' title='bbox 3689 577 3720 590; x_wconf 59' lang='lat'>,1</span> <span class='ocrx_word' id='word_1_49' title='bbox 3754 589 3770 590; x_wconf 50' lang='grc' dir='ltr'><em>η</em></span> 
     </span>
    </p>
   </div>
   <div class='ocr_carea' id='block_1_4' title="bbox 580 567 2170 643">
    <p class='ocr_par' dir='ltr' id='par_1_4' title="bbox 580 567 2170 643">
     <span class='ocr_line' id='line_1_5' title="bbox 580 567 2170 643; baseline -0.007 -10"><span class='ocrx_word' id='word_1_50' title='bbox 580 589 742 643; x_wconf 89' lang='lat' dir='ltr'>stum,</span> <span class='ocrx_word' id='word_1_51' title='bbox 774 577 827 630; x_wconf 90' lang='lat' dir='ltr'>id</span> <span class='ocrx_word' id='word_1_52' title='bbox 856 584 937 630; x_wconf 89' lang='lat' dir='ltr'>est</span> <span class='ocrx_word' id='word_1_53' title='bbox 966 581 1150 627; x_wconf 88' lang='lat' dir='ltr'>natum</span> <span class='ocrx_word' id='word_1_54' title='bbox 1182 590 1195 638; x_wconf 90' lang='lat'><strong>;</strong></span> <span class='ocrx_word' id='word_1_55' title='bbox 1229 571 1506 628; x_wconf 83' lang='lat' dir='ltr'>videamus</span> <span class='ocrx_word' id='word_1_56' title='bbox 1543 570 1594 607; x_wconf 81' lang='lat'>93</span> <span class='ocrx_word' id='word_1_57' title='bbox 1625 568 1740 623; x_wconf 64' lang='lat' dir='ltr'>aliis</span> <span class='ocrx_word' id='word_1_58' title='bbox 1769 571 1801 622; x_wconf 88' lang='lat'><strong>7</strong></span> <span class='ocrx_word' id='word_1_59' title='bbox 1855 575 1907 621; x_wconf 89' lang='lat' dir='ltr'>et</span> <span class='ocrx_word' id='word_1_60' title='bbox 1952 567 2170 623; x_wconf 86' lang='lat' dir='ltr'>dimidia</span> 
     </span>
    </p>
   </div>
   <div class='ocr_carea' id='block_1_5' title="bbox 581 653 2176 731">
    <p class='ocr_par' dir='ltr' id='par_1_5' title="bbox 581 653 2176 731">
     <span class='ocr_line' id='line_1_6' title="bbox 581 653 2176 731; baseline -0.007 -11"><span class='ocrx_word' id='word_1_61' title='bbox 581 664 975 729; x_wconf 89' lang='lat' dir='ltr'>hebdomades,</span> <span class='ocrx_word' id='word_1_62' title='bbox 1032 676 1152 731; x_wconf 59' lang='lat' dir='ltr'>quae</span> <span class='ocrx_word' id='word_1_63' title='bbox 1210 665 1339 713; x_wconf 84' lang='lat' dir='ltr'>sunt</span> <span class='ocrx_word' id='word_1_64' title='bbox 1392 655 1676 713; x_wconf 72' lang='lat' dir='ltr'>subdivisaa</span> <span class='ocrx_word' id='word_1_65' title='bbox 1732 657 1784 709; x_wconf 93' lang='lat' dir='ltr'>in</span> <span class='ocrx_word' id='word_1_66' title='bbox 1842 653 2176 709; x_wconf 89' lang='lat' dir='ltr'>abscissione</span> 
     </span>
    </p>
   </div>
   <div class='ocr_carea' id='block_1_6' title="bbox 578 745 2170 828">
    <p class='ocr_par' dir='ltr' id='par_1_6' title="bbox 578 745 2170 828">
     <span class='ocr_line' id='line_1_7' title="bbox 578 745 2170 828; baseline -0.007 -17"><span class='ocrx_word' id='word_1_67' title='bbox 578 757 819 828; x_wconf 86' lang='lat' dir='ltr'>priorum</span> <span class='ocrx_word' id='word_1_68' title='bbox 850 750 1324 815; x_wconf 87' lang='lat' dir='ltr'>hebdomadarum,</span> <span class='ocrx_word' id='word_1_69' title='bbox 1348 748 1405 800; x_wconf 91' lang='lat' dir='ltr'>in</span> <span class='ocrx_word' id='word_1_70' title='bbox 1427 761 1533 817; x_wconf 89' lang='lat' dir='ltr'>quo</span> <span class='ocrx_word' id='word_1_71' title='bbox 1562 756 1683 801; x_wconf 88' lang='lat' dir='ltr'>actu</span> <span class='ocrx_word' id='word_1_72' title='bbox 1704 745 1812 800; x_wconf 90' lang='lat' dir='ltr'>sint</span> <span class='ocrx_word' id='word_1_73' title='bbox 1837 745 2170 815; x_wconf 73' lang='lat' dir='ltr'>adimpletze.</span> 
     </span>
    </p>
   </div>
   <div class='ocr_carea' id='block_1_7' title="bbox 577 833 2175 911">
    <p class='ocr_par' dir='ltr' id='par_1_7' title="bbox 577 833 2175 911">
     <span class='ocr_line' id='line_1_8' title="bbox 577 833 2175 911; baseline -0.008 -13"><span class='ocrx_word' id='word_1_74' title='bbox 577 846 705 899; x_wconf 90' lang='lat' dir='ltr'>Post</span> <span class='ocrx_word' id='word_1_75' title='bbox 735 841 879 895; x_wconf 90' lang='lat' dir='ltr'>enim</span> <span class='ocrx_word' id='word_1_76' title='bbox 916 842 1221 911; x_wconf 80' lang='lat' dir='ltr'>Augustum</span> <span class='ocrx_word' id='word_1_77' title='bbox 1248 880 1261 904; x_wconf 94' lang='lat'>,</span> <span class='ocrx_word' id='word_1_78' title='bbox 1304 837 1398 909; x_wconf 86' lang='lat' dir='ltr'>qui</span> <span class='ocrx_word' id='word_1_79' title='bbox 1446 833 1741 906; x_wconf 82' lang='lat' dir='ltr'>supervixit</span> <span class='ocrx_word' id='word_1_80' title='bbox 1778 842 1902 903; x_wconf 90' lang='lat' dir='ltr'>post</span> <span class='ocrx_word' id='word_1_81' title='bbox 1930 833 2175 888; x_wconf 83' lang='lat' dir='ltr'>nativita-</span> 
     </span>
    </p>
   </div>
   <div class='ocr_carea' id='block_1_8' title="bbox 576 921 2172 998">
    <p class='ocr_par' dir='ltr' id='par_1_8' title="bbox 576 921 2172 998">
     <span class='ocr_line' id='line_1_9' title="bbox 576 921 2172 998; baseline -0.006 -12"><span class='ocrx_word' id='word_1_82' title='bbox 576 940 688 986; x_wconf 91' lang='lat' dir='ltr'>tem</span> <span class='ocrx_word' id='word_1_83' title='bbox 721 929 936 998; x_wconf 76' lang='lat' dir='ltr'>Christi,</span> <span class='ocrx_word' id='word_1_84' title='bbox 970 928 1095 984; x_wconf 90' lang='lat' dir='ltr'>anni</span> <span class='ocrx_word' id='word_1_85' title='bbox 1129 931 1193 981; x_wconf 81' lang='grc'><strong>15</strong></span> <span class='ocrx_word' id='word_1_86' title='bbox 1225 925 1532 981; x_wconf 82' lang='lat' dir='ltr'>efﬁciuntur</span> <span class='ocrx_word' id='word_1_87' title='bbox 1567 939 1580 977; x_wconf 89' lang='lat'><strong>:</strong></span> <span class='ocrx_word' id='word_1_88' title='bbox 1613 922 1700 979; x_wconf 91' lang='lat' dir='ltr'>cui</span> <span class='ocrx_word' id='word_1_89' title='bbox 1717 921 1979 977; x_wconf 88' lang='lat' dir='ltr'>successit</span> <span class='ocrx_word' id='word_1_90' title='bbox 2010 922 2172 977; x_wconf 93' lang='lat' dir='ltr'>Tibe-</span> 
     </span>
    </p>
   </div>
   <div class='ocr_carea' id='block_1_9' title="bbox 572 1009 2170 1087">
    <p class='ocr_par' dir='ltr' id='par_1_9' title="bbox 572 1009 2170 1087">
     <span class='ocr_line' id='line_1_10' title="bbox 572 1009 2170 1087; baseline -0.008 -12"><span class='ocrx_word' id='word_1_91' title='bbox 572 1020 689 1075; x_wconf 85' lang='lat' dir='ltr'>rius</span> <span class='ocrx_word' id='word_1_92' title='bbox 720 1020 925 1084; x_wconf 70' lang='lat' dir='ltr'>Caasar,</span> <span class='ocrx_word' id='word_1_93' title='bbox 957 1026 1011 1072; x_wconf 89' lang='lat' dir='ltr'>et</span> <span class='ocrx_word' id='word_1_94' title='bbox 1039 1014 1325 1087; x_wconf 89' lang='lat' dir='ltr'>imperium</span> <span class='ocrx_word' id='word_1_95' title='bbox 1355 1013 1543 1068; x_wconf 88' lang='lat' dir='ltr'>habuit</span> <span class='ocrx_word' id='word_1_96' title='bbox 1586 1010 1741 1065; x_wconf 89' lang='lat' dir='ltr'>annis</span> <span class='ocrx_word' id='word_1_97' title='bbox 1768 1013 1858 1076; x_wconf 93' lang='lat'><strong>22,</strong></span> <span class='ocrx_word' id='word_1_98' title='bbox 1890 1009 2170 1064; x_wconf 89' lang='lat' dir='ltr'>mensibus</span> 
     </span>
    </p>
   </div>
   <div class='ocr_carea' id='block_1_10' title="bbox 573 1098 2168 1183">
    <p class='ocr_par' dir='ltr' id='par_1_10' title="bbox 573 1098 2168 1183">
     <span class='ocr_line' id='line_1_11' title="bbox 573 1098 2168 1183; baseline -0.008 -18"><span class='ocrx_word' id='word_1_99' title='bbox 573 1118 800 1183; x_wconf 84' lang='lat' dir='ltr'>septem,</span> <span class='ocrx_word' id='word_1_100' title='bbox 834 1108 1031 1162; x_wconf 90' lang='lat' dir='ltr'>diebus</span> <span class='ocrx_word' id='word_1_101' title='bbox 1058 1104 1249 1178; x_wconf 82' lang='lat' dir='ltr'>viginti</span> <span class='ocrx_word' id='word_1_102' title='bbox 1268 1103 1340 1157; x_wconf 69' lang='grc'><strong>94.</strong></span> <span class='ocrx_word' id='word_1_103' title='bbox 1361 1103 1534 1171; x_wconf 87' lang='lat' dir='ltr'>Hujus</span> <span class='ocrx_word' id='word_1_104' title='bbox 1562 1100 1751 1173; x_wconf 91' lang='lat' dir='ltr'>quinto</span> <span class='ocrx_word' id='word_1_105' title='bbox 1782 1098 1996 1154; x_wconf 89' lang='lat' dir='ltr'>decimo</span> <span class='ocrx_word' id='word_1_106' title='bbox 2027 1113 2168 1153; x_wconf 89' lang='lat' dir='ltr'>anno</span> 
     </span>
    </p>
   </div>
   <div class='ocr_carea' id='block_1_11' title="bbox 570 1186 2169 1266">
    <p class='ocr_par' dir='ltr' id='par_1_11' title="bbox 570 1186 2169 1266">
     <span class='ocr_line' id='line_1_12' title="bbox 570 1186 2169 1266; baseline -0.008 -13"><span class='ocrx_word' id='word_1_107' title='bbox 570 1195 747 1253; x_wconf 79' lang='lat' dir='ltr'>6I6</span> <span class='ocrx_word' id='word_1_108' title='bbox 800 1193 1011 1266; x_wconf 90' lang='lat' dir='ltr'>imperii</span> <span class='ocrx_word' id='word_1_109' title='bbox 1060 1209 1254 1264; x_wconf 90' lang='lat' dir='ltr'>passus</span> <span class='ocrx_word' id='word_1_110' title='bbox 1291 1200 1375 1247; x_wconf 91' lang='lat' dir='ltr'>est</span> <span class='ocrx_word' id='word_1_111' title='bbox 1420 1188 1700 1252; x_wconf 87' lang='lat' dir='ltr'>Christus,</span> <span class='ocrx_word' id='word_1_112' title='bbox 1751 1203 1923 1242; x_wconf 88' lang='lat' dir='ltr'>annos</span> <span class='ocrx_word' id='word_1_113' title='bbox 1967 1186 2169 1241; x_wconf 86' lang='lat' dir='ltr'>habens</span> 
     </span>
    </p>
   </div>
   <div class='ocr_carea' id='block_1_12' title="bbox 570 1276 2169 1359">
    <p class='ocr_par' dir='ltr' id='par_1_12' title="bbox 570 1276 2169 1359">
     <span class='ocr_line' id='line_1_13' title="bbox 570 1276 2169 1359; baseline -0.008 -17"><span class='ocrx_word' id='word_1_114' title='bbox 570 1286 727 1359; x_wconf 90' lang='lat' dir='ltr'>quasi</span> <span class='ocrx_word' id='word_1_115' title='bbox 753 1288 821 1339; x_wconf 90' lang='lat'>30</span> <span class='ocrx_word' id='word_1_116' title='bbox 860 1302 981 1341; x_wconf 89' lang='lat' dir='ltr'>cum</span> <span class='ocrx_word' id='word_1_117' title='bbox 1010 1288 1309 1354; x_wconf 85' lang='lat' dir='ltr'>pateretur.</span> <span class='ocrx_word' id='word_1_118' title='bbox 1357 1281 1486 1335; x_wconf 89' lang='lat' dir='ltr'>Item</span> <span class='ocrx_word' id='word_1_119' title='bbox 1546 1278 1710 1333; x_wconf 87' lang='lat' dir='ltr'>Caius</span> <span class='ocrx_word' id='word_1_120' title='bbox 1741 1278 1921 1331; x_wconf 66' lang='lat' dir='ltr'>Caesar</span> <span class='ocrx_word' id='word_1_121' title='bbox 1946 1319 1959 1343; x_wconf 93' lang='lat'>,</span> <span class='ocrx_word' id='word_1_122' title='bbox 1992 1276 2085 1347; x_wconf 91' lang='lat' dir='ltr'>qui</span> <span class='ocrx_word' id='word_1_123' title='bbox 2114 1283 2169 1330; x_wconf 91' lang='lat' dir='ltr'>et</span> 
     </span>
    </p>
   </div>
   <div class='ocr_carea' id='block_1_13' title="bbox 570 1366 2166 1446">
    <p class='ocr_par' dir='ltr' id='par_1_13' title="bbox 570 1366 2166 1446">
     <span class='ocr_line' id='line_1_14' title="bbox 570 1366 2166 1446; baseline -0.008 -15"><span class='ocrx_word' id='word_1_124' title='bbox 570 1375 839 1446; x_wconf 85' lang='lat' dir='ltr'>Caligula,</span> <span class='ocrx_word' id='word_1_125' title='bbox 872 1373 1030 1427; x_wconf 88' lang='lat' dir='ltr'>annis</span> <span class='ocrx_word' id='word_1_126' title='bbox 1057 1376 1108 1440; x_wconf 92' lang='lat'>3,</span> <span class='ocrx_word' id='word_1_127' title='bbox 1141 1370 1420 1426; x_wconf 85' lang='lat' dir='ltr'>mensibus</span> <span class='ocrx_word' id='word_1_128' title='bbox 1450 1372 1503 1436; x_wconf 89' lang='lat'>8,</span> <span class='ocrx_word' id='word_1_129' title='bbox 1529 1368 1725 1423; x_wconf 89' lang='lat' dir='ltr'>diebus</span> <span class='ocrx_word' id='word_1_130' title='bbox 1757 1366 1992 1437; x_wconf 70' lang='lat'>13(41);</span> <span class='ocrx_word' id='word_1_131' title='bbox 2024 1366 2166 1420; x_wconf 88' lang='lat' dir='ltr'>Nero</span> 
     </span>
    </p>
   </div>
   <div class='ocr_carea' id='block_1_14' title="bbox 570 1453 2166 1527">
    <p class='ocr_par' dir='ltr' id='par_1_14' title="bbox 570 1453 2166 1527">
     <span class='ocr_line' id='line_1_15' title="bbox 570 1453 2166 1527; baseline -0.009 -7"><span class='ocrx_word' id='word_1_132' title='bbox 570 1466 767 1527; x_wconf 62' lang='lat' dir='ltr'>Caesar,</span> <span class='ocrx_word' id='word_1_133' title='bbox 793 1463 948 1516; x_wconf 88' lang='lat' dir='ltr'>annis</span> <span class='ocrx_word' id='word_1_134' title='bbox 978 1463 1030 1526; x_wconf 92' lang='lat'>9,</span> <span class='ocrx_word' id='word_1_135' title='bbox 1062 1458 1342 1514; x_wconf 88' lang='lat' dir='ltr'>mensibus</span> <span class='ocrx_word' id='word_1_136' title='bbox 1364 1463 1417 1526; x_wconf 88' lang='lat'>9,</span> <span class='ocrx_word' id='word_1_137' title='bbox 1453 1456 1647 1511; x_wconf 86' lang='lat' dir='ltr'>diebus</span> <span class='ocrx_word' id='word_1_138' title='bbox 1678 1458 1742 1509; x_wconf 83' lang='grc'><strong>13</strong></span> <span class='ocrx_word' id='word_1_139' title='bbox 1770 1471 1784 1520; x_wconf 92' lang='grc'>;</span> <span class='ocrx_word' id='word_1_140' title='bbox 1819 1453 1985 1508; x_wconf 84' lang='lat' dir='ltr'>Galba</span> <span class='ocrx_word' id='word_1_141' title='bbox 2017 1468 2166 1506; x_wconf 88' lang='lat' dir='ltr'>men-</span> 
     </span>
    </p>
   </div>
   <div class='ocr_carea' id='block_1_15' title="bbox 567 1540 2158 1620">
    <p class='ocr_par' dir='ltr' id='par_1_15' title="bbox 567 1540 2158 1620">
     <span class='ocr_line' id='line_1_16' title="bbox 567 1540 2158 1620; baseline -0.009 -13"><span class='ocrx_word' id='word_1_142' title='bbox 567 1554 716 1608; x_wconf 91' lang='lat' dir='ltr'>sibus</span> <span class='ocrx_word' id='word_1_143' title='bbox 763 1555 819 1620; x_wconf 87' lang='lat'>7,</span> <span class='ocrx_word' id='word_1_144' title='bbox 870 1550 1059 1605; x_wconf 90' lang='lat' dir='ltr'>diebus</span> <span class='ocrx_word' id='word_1_145' title='bbox 1088 1552 1119 1602; x_wconf 89' lang='lat'><strong>6</strong></span> <span class='ocrx_word' id='word_1_146' title='bbox 1145 1550 1228 1617; x_wconf 78' lang='lat'>95;</span> <span class='ocrx_word' id='word_1_147' title='bbox 1261 1548 1403 1603; x_wconf 92' lang='lat' dir='ltr'>Otho</span> <span class='ocrx_word' id='word_1_148' title='bbox 1456 1544 1730 1599; x_wconf 88' lang='lat' dir='ltr'>mensibus</span> <span class='ocrx_word' id='word_1_149' title='bbox 1781 1546 1832 1607; x_wconf 88' lang='lat'>3,</span> <span class='ocrx_word' id='word_1_150' title='bbox 1876 1540 2063 1594; x_wconf 88' lang='lat' dir='ltr'>diebus</span> <span class='ocrx_word' id='word_1_151' title='bbox 2089 1542 2158 1605; x_wconf 74' lang='lat'>5;</span> 
     </span>
    </p>
   </div>
   <div class='ocr_carea' id='block_1_16' title="bbox 566 1629 2161 1703">
    <p class='ocr_par' dir='ltr' id='par_1_16' title="bbox 566 1629 2161 1703">
     <span class='ocr_line' id='line_1_17' title="bbox 566 1629 2161 1703; baseline -0.008 -6"><span class='ocrx_word' id='word_1_152' title='bbox 566 1641 816 1697; x_wconf 86' lang='lat' dir='ltr'>Vitellius</span> <span class='ocrx_word' id='word_1_153' title='bbox 868 1640 1150 1694; x_wconf 88' lang='lat' dir='ltr'>mensibus</span> <span class='ocrx_word' id='word_1_154' title='bbox 1204 1640 1258 1703; x_wconf 88' lang='lat'>8,</span> <span class='ocrx_word' id='word_1_155' title='bbox 1288 1636 1482 1689; x_wconf 89' lang='lat' dir='ltr'>diebus</span> <span class='ocrx_word' id='word_1_156' title='bbox 1540 1636 1605 1685; x_wconf 89' lang='grc'><strong>10</strong></span> <span class='ocrx_word' id='word_1_157' title='bbox 1644 1632 1735 1695; x_wconf 71' lang='grc' dir='ltr'>9δ;</span> <span class='ocrx_word' id='word_1_158' title='bbox 1800 1629 2161 1699; x_wconf 86' lang='lat' dir='ltr'>Vespasianus</span> 
     </span>
    </p>
   </div>
   <div class='ocr_carea' id='block_1_17' title="bbox 565 1716 2163 1799">
    <p class='ocr_par' dir='ltr' id='par_1_17' title="bbox 565 1716 2163 1799">
     <span class='ocr_line' id='line_1_18' title="bbox 565 1716 2163 1799; baseline -0.008 -13"><span class='ocrx_word' id='word_1_159' title='bbox 565 1745 704 1787; x_wconf 91' lang='lat' dir='ltr'>anno</span> <span class='ocrx_word' id='word_1_160' title='bbox 730 1728 905 1799; x_wconf 90' lang='lat' dir='ltr'>primo</span> <span class='ocrx_word' id='word_1_161' title='bbox 952 1724 1159 1794; x_wconf 86' lang='lat' dir='ltr'>imperii</span> <span class='ocrx_word' id='word_1_162' title='bbox 1191 1723 1274 1778; x_wconf 91' lang='lat' dir='ltr'>sui</span> <span class='ocrx_word' id='word_1_163' title='bbox 1320 1721 1605 1775; x_wconf 85' lang='lat' dir='ltr'>debellavit</span> <span class='ocrx_word' id='word_1_164' title='bbox 1649 1719 1868 1774; x_wconf 70' lang='lat' dir='ltr'>Iudaeos</span> <span class='ocrx_word' id='word_1_165' title='bbox 1901 1735 1915 1771; x_wconf 90' lang='lat'>:</span> <span class='ocrx_word' id='word_1_166' title='bbox 1946 1727 1999 1775; x_wconf 92' lang='lat' dir='ltr'>et</span> <span class='ocrx_word' id='word_1_167' title='bbox 2027 1716 2163 1773; x_wconf 91' lang='lat' dir='ltr'>ﬁunt</span> 
     </span>
    </p>
   </div>
   <div class='ocr_carea' id='block_1_18' title="bbox 2285 572 3829 643">
    <p class='ocr_par' dir='ltr' id='par_1_18' title="bbox 2285 572 3829 643">
     <span class='ocr_line' id='line_1_19' title="bbox 2285 572 3829 643; baseline 0.001 -17"><span class='ocrx_word' id='word_1_168' title='bbox 2285 572 2660 642; x_wconf 87' lang='lat' dir='ltr'>prophetatum</span> <span class='ocrx_word' id='word_1_169' title='bbox 2688 591 2701 625; x_wconf 86' lang='lat'><strong>:</strong></span> <span class='ocrx_word' id='word_1_170' title='bbox 2727 573 3271 628; x_wconf 74' lang='lat' dir='ltr'>Exterminaverunt</span> <span class='ocrx_word' id='word_1_171' title='bbox 3289 587 3494 626; x_wconf 84' lang='lat' dir='ltr'>manus</span> <span class='ocrx_word' id='word_1_172' title='bbox 3516 586 3659 626; x_wconf 87' lang='lat' dir='ltr'>meas</span> <span class='ocrx_word' id='word_1_173' title='bbox 3676 577 3722 628; x_wconf 82' lang='lat' dir='ltr'>et</span> <span class='ocrx_word' id='word_1_174' title='bbox 3747 589 3829 643; x_wconf 79' lang='lat' dir='ltr'>pc-</span> 
     </span>
    </p>
   </div>
   <div class='ocr_carea' id='block_1_19' title="bbox 2281 660 3833 731">
    <p class='ocr_par' dir='ltr' id='par_1_19' title="bbox 2281 660 3833 731">
     <span class='ocr_line' id='line_1_20' title="bbox 2281 660 3833 731; baseline 0 -18"><span class='ocrx_word' id='word_1_175' title='bbox 2281 660 2376 716; x_wconf 86' lang='lat' dir='ltr'>des</span> <span class='ocrx_word' id='word_1_176' title='bbox 2414 660 2589 728; x_wconf 89' lang='lat' dir='ltr'>(Psal.</span> <span class='ocrx_word' id='word_1_177' title='bbox 2637 676 2763 725; x_wconf 77' lang='lat' dir='ltr'>XXI,</span> <span class='ocrx_word' id='word_1_178' title='bbox 2818 660 2924 731; x_wconf 82' lang='grc'><strong>17).</strong></span> <span class='ocrx_word' id='word_1_179' title='bbox 2956 660 3089 729; x_wconf 65' lang='lat' dir='ltr'>Quae</span> <span class='ocrx_word' id='word_1_180' title='bbox 3133 661 3313 729; x_wconf 87' lang='lat' dir='ltr'>passio</span> <span class='ocrx_word' id='word_1_181' title='bbox 3362 660 3527 727; x_wconf 90' lang='lat' dir='ltr'>hujus</span> <span class='ocrx_word' id='word_1_182' title='bbox 3570 661 3833 715; x_wconf 87' lang='lat' dir='ltr'>exterminii</span> 
     </span>
    </p>
   </div>
   <div class='ocr_carea' id='block_1_20' title="bbox 2280 746 3833 817">
    <p class='ocr_par' dir='ltr' id='par_1_20' title="bbox 2280 746 3833 817">
     <span class='ocr_line' id='line_1_21' title="bbox 2280 746 3833 817; baseline 0.001 -16"><span class='ocrx_word' id='word_1_183' title='bbox 2280 747 2419 801; x_wconf 86' lang='lat' dir='ltr'>intra</span> <span class='ocrx_word' id='word_1_184' title='bbox 2466 756 2705 816; x_wconf 89' lang='lat' dir='ltr'>tempora</span> <span class='ocrx_word' id='word_1_185' title='bbox 2752 750 2819 802; x_wconf 84' lang='grc'>70</span> <span class='ocrx_word' id='word_1_186' title='bbox 2871 749 3327 803; x_wconf 86' lang='lat' dir='ltr'>hebdomadarum</span> <span class='ocrx_word' id='word_1_187' title='bbox 3373 746 3614 817; x_wconf 85' lang='lat' dir='ltr'>perfecta</span> <span class='ocrx_word' id='word_1_188' title='bbox 3649 758 3715 801; x_wconf 86' lang='lat' dir='ltr'>est</span> <span class='ocrx_word' id='word_1_189' title='bbox 3746 751 3833 803; x_wconf 85' lang='lat' dir='ltr'>sub</span> 
     </span>
    </p>
   </div>
   <div class='ocr_carea' id='block_1_21' title="bbox 2280 835 3833 905">
    <p class='ocr_par' dir='ltr' id='par_1_21' title="bbox 2280 835 3833 905">
     <span class='ocr_line' id='line_1_22' title="bbox 2280 835 3833 905; baseline 0.002 -15"><span class='ocrx_word' id='word_1_190' title='bbox 2280 838 2491 892; x_wconf 89' lang='lat' dir='ltr'>Tiberio</span> <span class='ocrx_word' id='word_1_191' title='bbox 2523 839 2757 903; x_wconf 67' lang='lat' dir='ltr'>Caesare,</span> <span class='ocrx_word' id='word_1_192' title='bbox 2803 852 2944 892; x_wconf 90' lang='lat' dir='ltr'>coss.</span> <span class='ocrx_word' id='word_1_193' title='bbox 2975 837 3221 892; x_wconf 84' lang='lat' dir='ltr'>Rubellio</span> <span class='ocrx_word' id='word_1_194' title='bbox 3268 835 3498 891; x_wconf 90' lang='lat' dir='ltr'>Gemino</span> <span class='ocrx_word' id='word_1_195' title='bbox 3529 836 3658 905; x_wconf 80' lang='grc'>(43),</span> <span class='ocrx_word' id='word_1_196' title='bbox 3683 845 3726 890; x_wconf 89' lang='lat' dir='ltr'>et</span> <span class='ocrx_word' id='word_1_197' title='bbox 3750 837 3833 893; x_wconf 89' lang='lat' dir='ltr'>Fu-</span> 
     </span>
    </p>
   </div>
   <div class='ocr_carea' id='block_1_22' title="bbox 2278 923 3827 994">
    <p class='ocr_par' dir='ltr' id='par_1_22' title="bbox 2278 923 3827 994">
     <span class='ocr_line' id='line_1_23' title="bbox 2278 923 3827 994; baseline 0.001 -17"><span class='ocrx_word' id='word_1_198' title='bbox 2278 923 2350 979; x_wconf 89' lang='lat' dir='ltr'>ﬁo</span> <span class='ocrx_word' id='word_1_199' title='bbox 2401 926 2664 990; x_wconf 88' lang='lat' dir='ltr'>Gemino,</span> <span class='ocrx_word' id='word_1_200' title='bbox 2718 941 2901 981; x_wconf 88' lang='lat' dir='ltr'>mense</span> <span class='ocrx_word' id='word_1_201' title='bbox 2940 925 3176 989; x_wconf 82' lang='lat' dir='ltr'>Martio,</span> <span class='ocrx_word' id='word_1_202' title='bbox 3229 923 3563 994; x_wconf 81' lang='lat' dir='ltr'>temporibus</span> <span class='ocrx_word' id='word_1_203' title='bbox 3612 924 3827 990; x_wconf 69' lang='lat' dir='ltr'>Paschae,</span> 
     </span>
    </p>
   </div>
   <div class='ocr_carea' id='block_1_23' title="bbox 2276 1011 3831 1082">
    <p class='ocr_par' dir='ltr' id='par_1_23' title="bbox 2276 1011 3831 1082">
     <span class='ocr_line' id='line_1_24' title="bbox 2276 1011 3831 1082; baseline 0.002 -16"><span class='ocrx_word' id='word_1_204' title='bbox 2276 1012 2363 1067; x_wconf 91' lang='lat' dir='ltr'>die</span> <span class='ocrx_word' id='word_1_205' title='bbox 2392 1029 2485 1067; x_wconf 84' lang='lat' dir='ltr'>vut</span> <span class='ocrx_word' id='word_1_206' title='bbox 2540 1013 2911 1068; x_wconf 82' lang='lat' dir='ltr'>Kalendarum</span> <span class='ocrx_word' id='word_1_207' title='bbox 2958 1014 3245 1082; x_wconf 81' lang='lat' dir='ltr'>Aprilium,</span> <span class='ocrx_word' id='word_1_208' title='bbox 3296 1011 3383 1066; x_wconf 89' lang='lat' dir='ltr'>die</span> <span class='ocrx_word' id='word_1_209' title='bbox 3430 1011 3600 1081; x_wconf 89' lang='lat' dir='ltr'>prima</span> <span class='ocrx_word' id='word_1_210' title='bbox 3636 1013 3831 1082; x_wconf 66' lang='lat' dir='ltr'>Azymo—</span> 
     </span>
    </p>
   </div>
   <div class='ocr_carea' id='block_1_24' title="bbox 2274 1101 3828 1173">
    <p class='ocr_par' dir='ltr' id='par_1_24' title="bbox 2274 1101 3828 1173">
     <span class='ocr_line' id='line_1_25' title="bbox 2274 1101 3828 1173; baseline 0 -18"><span class='ocrx_word' id='word_1_211' title='bbox 2274 1118 2391 1155; x_wconf 89' lang='lat' dir='ltr'>rum</span> <span class='ocrx_word' id='word_1_212' title='bbox 2420 1101 2553 1173; x_wconf 80' lang='grc'>(44),</span> <span class='ocrx_word' id='word_1_213' title='bbox 2589 1117 2696 1170; x_wconf 88' lang='lat' dir='ltr'>quo</span> <span class='ocrx_word' id='word_1_214' title='bbox 2736 1117 2931 1171; x_wconf 80' lang='lat' dir='ltr'>agnum</span> <span class='ocrx_word' id='word_1_215' title='bbox 2964 1109 3023 1156; x_wconf 89' lang='lat' dir='ltr'>ut</span> <span class='ocrx_word' id='word_1_216' title='bbox 3070 1101 3379 1156; x_wconf 87' lang='lat' dir='ltr'>occiderent</span> <span class='ocrx_word' id='word_1_217' title='bbox 3411 1101 3478 1154; x_wconf 88' lang='lat' dir='ltr'>ad</span> <span class='ocrx_word' id='word_1_218' title='bbox 3529 1116 3779 1169; x_wconf 79' lang='lat' dir='ltr'>vesperam</span> <span class='ocrx_word' id='word_1_219' title='bbox 3806 1122 3828 1155; x_wconf 80' lang='lat' dir='ltr'>a</span> 
     </span>
    </p>
   </div>
   <div class='ocr_carea' id='block_1_25' title="bbox 2275 1188 3830 1263">
    <p class='ocr_par' dir='ltr' id='par_1_25' title="bbox 2275 1188 3830 1263">
     <span class='ocr_line' id='line_1_26' title="bbox 2275 1188 3830 1263; baseline 0 -20"><span class='ocrx_word' id='word_1_220' title='bbox 2275 1190 2461 1259; x_wconf 85' lang='lat' dir='ltr'>Moyse</span> <span class='ocrx_word' id='word_1_221' title='bbox 2511 1190 2685 1244; x_wconf 88' lang='lat' dir='ltr'>fuerat</span> <span class='ocrx_word' id='word_1_222' title='bbox 2731 1197 3080 1260; x_wconf 72' lang='lat' dir='ltr'>praeceptum.</span> <span class='ocrx_word' id='word_1_223' title='bbox 3130 1189 3312 1260; x_wconf 88' lang='lat' dir='ltr'>Itaque</span> <span class='ocrx_word' id='word_1_224' title='bbox 3366 1188 3544 1243; x_wconf 91' lang='lat' dir='ltr'>omnis</span> <span class='ocrx_word' id='word_1_225' title='bbox 3591 1204 3830 1263; x_wconf 78' lang='lat' dir='ltr'>synagOga</span> 
     </span>
    </p>
   </div>
   <div class='ocr_carea' id='block_1_26' title="bbox 2272 1275 3829 1344">
    <p class='ocr_par' dir='ltr' id='par_1_26' title="bbox 2272 1275 3829 1344">
     <span class='ocr_line' id='line_1_27' title="bbox 2272 1275 3829 1344; baseline 0.001 -14"><span class='ocrx_word' id='word_1_226' title='bbox 2272 1276 2511 1333; x_wconf 90' lang='lat' dir='ltr'>ﬁliorum</span> <span class='ocrx_word' id='word_1_227' title='bbox 2550 1278 2709 1332; x_wconf 89' lang='lat' dir='ltr'>Israel</span> <span class='ocrx_word' id='word_1_228' title='bbox 2743 1293 2867 1332; x_wconf 91' lang='lat' dir='ltr'>eum</span> <span class='ocrx_word' id='word_1_229' title='bbox 2911 1275 3200 1344; x_wconf 82' lang='lat' dir='ltr'>interfecit,</span> <span class='ocrx_word' id='word_1_230' title='bbox 3233 1276 3477 1331; x_wconf 87' lang='lat' dir='ltr'>dicentes</span> <span class='ocrx_word' id='word_1_231' title='bbox 3513 1275 3582 1329; x_wconf 89' lang='lat' dir='ltr'>ad</span> <span class='ocrx_word' id='word_1_232' title='bbox 3617 1278 3829 1343; x_wconf 84' lang='lat' dir='ltr'>Pilatum,</span> 
     </span>
    </p>
   </div>
   <div class='ocr_carea' id='block_1_27' title="bbox 2271 1365 3832 1438">
    <p class='ocr_par' dir='ltr' id='par_1_27' title="bbox 2271 1365 3832 1438">
     <span class='ocr_line' id='line_1_28' title="bbox 2271 1365 3832 1438; baseline 0.003 -19"><span class='ocrx_word' id='word_1_233' title='bbox 2271 1382 2395 1421; x_wconf 93' lang='lat' dir='ltr'>cum</span> <span class='ocrx_word' id='word_1_234' title='bbox 2426 1367 2586 1422; x_wconf 88' lang='lat' dir='ltr'>vellet</span> <span class='ocrx_word' id='word_1_235' title='bbox 2612 1382 2733 1420; x_wconf 89' lang='lat' dir='ltr'>eum</span> <span class='ocrx_word' id='word_1_236' title='bbox 2764 1366 3027 1421; x_wconf 84' lang='lat' dir='ltr'>dimittere</span> <span class='ocrx_word' id='word_1_237' title='bbox 3060 1382 3074 1421; x_wconf 89' lang='lat'><strong>:</strong></span> <span class='ocrx_word' id='word_1_238' title='bbox 3109 1367 3353 1436; x_wconf 86' lang='lat' dir='ltr'>Sanguis</span> <span class='ocrx_word' id='word_1_239' title='bbox 3376 1365 3545 1437; x_wconf 83' lang='lat' dir='ltr'>hujus</span> <span class='ocrx_word' id='word_1_240' title='bbox 3565 1384 3727 1438; x_wconf 87' lang='lat' dir='ltr'>super</span> <span class='ocrx_word' id='word_1_241' title='bbox 3752 1386 3832 1423; x_wconf 80' lang='lat' dir='ltr'>nos</span> 
     </span>
    </p>
   </div>
   <div class='ocr_carea' id='block_1_28' title="bbox 2270 1455 3833 1527">
    <p class='ocr_par' dir='ltr' id='par_1_28' title="bbox 2270 1455 3833 1527">
     <span class='ocr_line' id='line_1_29' title="bbox 2270 1455 3833 1527; baseline 0 -15"><span class='ocrx_word' id='word_1_242' title='bbox 2270 1460 2327 1512; x_wconf 89' lang='lat' dir='ltr'>et</span> <span class='ocrx_word' id='word_1_243' title='bbox 2346 1473 2517 1527; x_wconf 87' lang='lat' dir='ltr'>super</span> <span class='ocrx_word' id='word_1_244' title='bbox 2533 1457 2680 1525; x_wconf 84' lang='lat' dir='ltr'>ﬁlios</span> <span class='ocrx_word' id='word_1_245' title='bbox 2701 1461 2918 1512; x_wconf 89' lang='lat' dir='ltr'>nostros</span> <span class='ocrx_word' id='word_1_246' title='bbox 2948 1455 3168 1527; x_wconf 84' lang='lat' dir='ltr'>(Matth.</span> <span class='ocrx_word' id='word_1_247' title='bbox 3195 1472 3367 1520; x_wconf 87' lang='lat' dir='ltr'>xxvu,</span> <span class='ocrx_word' id='word_1_248' title='bbox 3389 1455 3473 1523; x_wconf 85' lang='lat'>25)</span> <span class='ocrx_word' id='word_1_249' title='bbox 3498 1473 3510 1510; x_wconf 89' lang='lat'><strong>:</strong></span> <span class='ocrx_word' id='word_1_250' title='bbox 3539 1465 3613 1520; x_wconf 90' lang='lat' dir='ltr'>et,</span> <span class='ocrx_word' id='word_1_251' title='bbox 3632 1456 3686 1510; x_wconf 84' lang='lat' dir='ltr'>Si</span> <span class='ocrx_word' id='word_1_252' title='bbox 3707 1456 3833 1512; x_wconf 85' lang='lat' dir='ltr'>hunc</span> 
     </span>
    </p>
   </div>
   <div class='ocr_carea' id='block_1_29' title="bbox 2269 1545 3831 1613">
    <p class='ocr_par' dir='ltr' id='par_1_29' title="bbox 2269 1545 3831 1613">
     <span class='ocr_line' id='line_1_30' title="bbox 2269 1545 3831 1613; baseline -0.001 -13"><span class='ocrx_word' id='word_1_253' title='bbox 2269 1546 2571 1609; x_wconf 75' lang='lat' dir='ltr'>dimiseris,</span> <span class='ocrx_word' id='word_1_254' title='bbox 2600 1562 2713 1601; x_wconf 88' lang='lat' dir='ltr'>non</span> <span class='ocrx_word' id='word_1_255' title='bbox 2740 1562 2794 1601; x_wconf 89' lang='lat' dir='ltr'>es</span> <span class='ocrx_word' id='word_1_256' title='bbox 2826 1547 3043 1600; x_wconf 86' lang='lat' dir='ltr'>amicus</span> <span class='ocrx_word' id='word_1_257' title='bbox 3088 1545 3324 1601; x_wconf 65' lang='lat' dir='ltr'>Caesaris</span> <span class='ocrx_word' id='word_1_258' title='bbox 3348 1545 3532 1612; x_wconf 87' lang='lat' dir='ltr'>(Joan.</span> <span class='ocrx_word' id='word_1_259' title='bbox 3565 1559 3678 1611; x_wconf 71' lang='lat' dir='ltr'>xu,</span> <span class='ocrx_word' id='word_1_260' title='bbox 3712 1549 3789 1613; x_wconf 83' lang='grc'>12)</span> <span class='ocrx_word' id='word_1_261' title='bbox 3822 1565 3831 1599; x_wconf 87' lang='grc'>;</span> 
     </span>
    </p>
   </div>
   <div class='ocr_carea' id='block_1_30' title="bbox 2270 1632 3839 1705">
    <p class='ocr_par' dir='ltr' id='par_1_30' title="bbox 2270 1632 3839 1705">
     <span class='ocr_line' id='line_1_31' title="bbox 2270 1632 3839 1705; baseline -0.001 -17"><span class='ocrx_word' id='word_1_262' title='bbox 2270 1642 2330 1688; x_wconf 91' lang='lat' dir='ltr'>ut</span> <span class='ocrx_word' id='word_1_263' title='bbox 2349 1633 2637 1705; x_wconf 90' lang='lat' dir='ltr'>adimpleri</span> <span class='ocrx_word' id='word_1_264' title='bbox 2658 1633 3073 1704; x_wconf 89' lang='lat' dir='ltr'>possentomnia</span> <span class='ocrx_word' id='word_1_265' title='bbox 3090 1649 3210 1705; x_wconf 86' lang='lat' dir='ltr'>quae</span> <span class='ocrx_word' id='word_1_266' title='bbox 3231 1634 3297 1688; x_wconf 91' lang='lat' dir='ltr'>de</span> <span class='ocrx_word' id='word_1_267' title='bbox 3318 1648 3384 1688; x_wconf 90' lang='lat' dir='ltr'>eo</span> <span class='ocrx_word' id='word_1_268' title='bbox 3405 1632 3618 1689; x_wconf 82' lang='lat' dir='ltr'>fuerant</span> <span class='ocrx_word' id='word_1_269' title='bbox 3637 1633 3839 1705; x_wconf 85' lang='lat' dir='ltr'>scripta,</span> 
     </span>
    </p>
   </div>
   <div class='ocr_carea' id='block_1_31' title="bbox 564 1802 3845 1884">
    <p class='ocr_par' dir='ltr' id='par_1_31' title="bbox 564 1802 3845 1884">
     <span class='ocr_line' id='line_1_32' title="bbox 564 1802 3845 1884; baseline -0.002 -10"><span class='ocrx_word' id='word_1_270' title='bbox 564 1818 695 1875; x_wconf 90' lang='lat' dir='ltr'>anni</span> <span class='ocrx_word' id='word_1_271' title='bbox 722 1830 948 1871; x_wconf 88' lang='lat' dir='ltr'>numero</span> <span class='ocrx_word' id='word_1_272' title='bbox 996 1812 1394 1884; x_wconf 82' lang='lat' dir='ltr'>quinquaginta</span> <span class='ocrx_word' id='word_1_273' title='bbox 1438 1810 1569 1879; x_wconf 90' lang='lat' dir='ltr'>duo,</span> <span class='ocrx_word' id='word_1_274' title='bbox 1622 1824 1834 1864; x_wconf 88' lang='lat' dir='ltr'>menses</span> <span class='ocrx_word' id='word_1_275' title='bbox 1877 1824 1990 1863; x_wconf 88' lang='lat' dir='ltr'>sex.</span> <span class='ocrx_word' id='word_1_276' title='bbox 2022 1809 2159 1863; x_wconf 91' lang='lat' dir='ltr'>Nam</span> <span class='ocrx_word' id='word_1_277' title='bbox 2190 1802 2233 1878; x_wconf 85' lang='grc' dir='ltr'><strong>Β</strong></span> <span class='ocrx_word' id='word_1_278' title='bbox 2335 1810 2659 1882; x_wconf 85' lang='lat' dir='ltr'>Incipiamus</span> <span class='ocrx_word' id='word_1_279' title='bbox 2680 1811 2843 1884; x_wconf 82' lang='lat' dir='ltr'>igitur</span> <span class='ocrx_word' id='word_1_280' title='bbox 2866 1812 3094 1882; x_wconf 87' lang='lat' dir='ltr'>probare</span> <span class='ocrx_word' id='word_1_281' title='bbox 3117 1809 3452 1867; x_wconf 89' lang='lat' dir='ltr'>nativitatem</span> <span class='ocrx_word' id='word_1_282' title='bbox 3472 1808 3709 1866; x_wconf 85' lang='lat' dir='ltr'>Christia</span> <span class='ocrx_word' id='word_1_283' title='bbox 3729 1828 3845 1883; x_wconf 87' lang='lat' dir='ltr'>pro-</span> 
     </span>
    </p>
   </div>
   <div class='ocr_carea' id='block_1_32' title="bbox 564 1897 2160 1976">
    <p class='ocr_par' dir='ltr' id='par_1_32' title="bbox 564 1897 2160 1976">
     <span class='ocr_line' id='line_1_33' title="bbox 564 1897 2160 1976; baseline -0.007 -13"><span class='ocrx_word' id='word_1_284' title='bbox 564 1905 849 1976; x_wconf 86' lang='lat' dir='ltr'>imperavit</span> <span class='ocrx_word' id='word_1_285' title='bbox 878 1901 1033 1956; x_wconf 88' lang='lat' dir='ltr'>annis</span> <span class='ocrx_word' id='word_1_286' title='bbox 1075 1914 1268 1955; x_wconf 89' lang='lat' dir='ltr'>novem</span> <span class='ocrx_word' id='word_1_287' title='bbox 1300 1900 1347 1937; x_wconf 76' lang='lat'>97</span> <span class='ocrx_word' id='word_1_288' title='bbox 1384 1918 1397 1953; x_wconf 90' lang='lat'>:</span> <span class='ocrx_word' id='word_1_289' title='bbox 1429 1906 1588 1970; x_wconf 91' lang='lat' dir='ltr'>atque</span> <span class='ocrx_word' id='word_1_290' title='bbox 1619 1898 1695 1952; x_wconf 89' lang='lat' dir='ltr'>ita</span> <span class='ocrx_word' id='word_1_291' title='bbox 1732 1897 1787 1951; x_wconf 94' lang='lat' dir='ltr'>in</span> <span class='ocrx_word' id='word_1_292' title='bbox 1816 1897 1959 1952; x_wconf 91' lang='lat' dir='ltr'>diem</span> <span class='ocrx_word' id='word_1_293' title='bbox 1990 1912 2160 1967; x_wconf 90' lang='lat' dir='ltr'>expu-</span> 
     </span>
    </p>
   </div>
   <div class='ocr_carea' id='block_1_33' title="bbox 560 1986 2156 2070">
    <p class='ocr_par' dir='ltr' id='par_1_33' title="bbox 560 1986 2156 2070">
     <span class='ocr_line' id='line_1_34' title="bbox 560 1986 2156 2070; baseline -0.007 -21"><span class='ocrx_word' id='word_1_294' title='bbox 560 1991 834 2070; x_wconf 74' lang='lat' dir='ltr'>gnationis</span> <span class='ocrx_word' id='word_1_295' title='bbox 879 2006 990 2046; x_wconf 83' lang='lat' dir='ltr'>suae</span> <span class='ocrx_word' id='word_1_296' title='bbox 1041 1987 1213 2044; x_wconf 72' lang='grc' dir='ltr'>,ιιιόωί</span> <span class='ocrx_word' id='word_1_297' title='bbox 1271 1988 1635 2060; x_wconf 88' lang='lat' dir='ltr'>impleverunt</span> <span class='ocrx_word' id='word_1_298' title='bbox 1679 1986 2043 2041; x_wconf 86' lang='lat' dir='ltr'>hebdomadas</span> <span class='ocrx_word' id='word_1_299' title='bbox 2086 1988 2156 2039; x_wconf 88' lang='lat'><strong>70</strong></span> 
     </span>
    </p>
   </div>
   <div class='ocr_carea' id='block_1_34' title="bbox 561 2075 2157 2156">
    <p class='ocr_par' dir='ltr' id='par_1_34' title="bbox 561 2075 2157 2156">
     <span class='ocr_line' id='line_1_35' title="bbox 561 2075 2157 2156; baseline -0.009 -15"><span class='ocrx_word' id='word_1_300' title='bbox 561 2082 846 2156; x_wconf 73' lang='lat' dir='ltr'>praedictas</span> <span class='ocrx_word' id='word_1_301' title='bbox 874 2096 907 2135; x_wconf 88' lang='lat' dir='ltr'>a</span> <span class='ocrx_word' id='word_1_302' title='bbox 926 2078 1168 2135; x_wconf 89' lang='lat' dir='ltr'>Daniele.</span> <span class='ocrx_word' id='word_1_303' title='bbox 1194 2077 1382 2151; x_wconf 74' lang='lat' dir='ltr'>Igitur,</span> <span class='ocrx_word' id='word_1_304' title='bbox 1414 2075 1654 2148; x_wconf 83' lang='lat' dir='ltr'>expletis</span> <span class='ocrx_word' id='word_1_305' title='bbox 1676 2075 1760 2129; x_wconf 93' lang='lat' dir='ltr'>his</span> <span class='ocrx_word' id='word_1_306' title='bbox 1779 2089 1995 2145; x_wconf 86' lang='lat' dir='ltr'>quoque</span> <span class='ocrx_word' id='word_1_307' title='bbox 2018 2082 2157 2129; x_wconf 90' lang='lat' dir='ltr'>tem-</span> 
     </span>
    </p>
   </div>
   <div class='ocr_carea' id='block_1_35' title="bbox 561 2163 2155 2245">
    <p class='ocr_par' dir='ltr' id='par_1_35' title="bbox 561 2163 2155 2245">
     <span class='ocr_line' id='line_1_36' title="bbox 561 2163 2155 2245; baseline -0.008 -17"><span class='ocrx_word' id='word_1_308' title='bbox 561 2174 804 2245; x_wconf 91' lang='lat' dir='ltr'>poribus,</span> <span class='ocrx_word' id='word_1_309' title='bbox 836 2180 890 2226; x_wconf 88' lang='lat' dir='ltr'>et</span> <span class='ocrx_word' id='word_1_310' title='bbox 918 2166 1198 2225; x_wconf 90' lang='lat' dir='ltr'>debellatis</span> <span class='ocrx_word' id='word_1_311' title='bbox 1226 2167 1453 2233; x_wconf 82' lang='lat' dir='ltr'>Judaeis,</span> <span class='ocrx_word' id='word_1_312' title='bbox 1490 2172 1676 2236; x_wconf 87' lang='lat' dir='ltr'>postea</span> <span class='ocrx_word' id='word_1_313' title='bbox 1708 2171 2055 2220; x_wconf 89' lang='lat' dir='ltr'>cessaverunt</span> <span class='ocrx_word' id='word_1_314' title='bbox 2084 2163 2155 2217; x_wconf 91' lang='lat' dir='ltr'>il-</span> 
     </span>
    </p>
   </div>
   <div class='ocr_carea' id='block_1_36' title="bbox 557 2251 2157 2326">
    <p class='ocr_par' dir='ltr' id='par_1_36' title="bbox 557 2251 2157 2326">
     <span class='ocr_line' id='line_1_37' title="bbox 557 2251 2157 2326; baseline -0.007 -9"><span class='ocrx_word' id='word_1_315' title='bbox 557 2264 629 2319; x_wconf 92' lang='lat' dir='ltr'>lic</span> <span class='ocrx_word' id='word_1_316' title='bbox 657 2259 915 2316; x_wconf 86' lang='lat' dir='ltr'>libamina</span> <span class='ocrx_word' id='word_1_317' title='bbox 943 2265 997 2312; x_wconf 91' lang='lat' dir='ltr'>et</span> <span class='ocrx_word' id='word_1_318' title='bbox 1028 2255 1330 2324; x_wconf 83' lang='lat' dir='ltr'>sacriﬁcia;</span> <span class='ocrx_word' id='word_1_319' title='bbox 1364 2271 1485 2326; x_wconf 62' lang='lat' dir='ltr'>qum</span> <span class='ocrx_word' id='word_1_320' title='bbox 1522 2253 1717 2310; x_wconf 85' lang='lat' dir='ltr'>exinde</span> <span class='ocrx_word' id='word_1_321' title='bbox 1758 2251 1867 2305; x_wconf 90' lang='lat' dir='ltr'>illic</span> <span class='ocrx_word' id='word_1_322' title='bbox 1896 2252 2157 2307; x_wconf 89' lang='lat' dir='ltr'>celebrari</span> 
     </span>
    </p>
   </div>
   <div class='ocr_carea' id='block_1_37' title="bbox 556 2340 2158 2421">
    <p class='ocr_par' dir='ltr' id='par_1_37' title="bbox 556 2340 2158 2421">
     <span class='ocr_line' id='line_1_38' title="bbox 556 2340 2158 2421; baseline -0.007 -13"><span class='ocrx_word' id='word_1_323' title='bbox 556 2368 667 2409; x_wconf 90' lang='lat' dir='ltr'>non</span> <span class='ocrx_word' id='word_1_324' title='bbox 698 2354 1007 2421; x_wconf 90' lang='lat' dir='ltr'>potuerunt.</span> <span class='ocrx_word' id='word_1_325' title='bbox 1038 2347 1172 2401; x_wconf 86' lang='lat' dir='ltr'>Nam</span> <span class='ocrx_word' id='word_1_326' title='bbox 1226 2354 1281 2399; x_wconf 89' lang='lat' dir='ltr'>et</span> <span class='ocrx_word' id='word_1_327' title='bbox 1308 2344 1491 2400; x_wconf 87' lang='lat' dir='ltr'>unctio</span> <span class='ocrx_word' id='word_1_328' title='bbox 1538 2343 1647 2397; x_wconf 89' lang='lat' dir='ltr'>illic</span> <span class='ocrx_word' id='word_1_329' title='bbox 1690 2340 2047 2397; x_wconf 77' lang='lat' dir='ltr'>exterminata</span> <span class='ocrx_word' id='word_1_330' title='bbox 2075 2350 2158 2397; x_wconf 90' lang='lat' dir='ltr'>est</span> 
     </span>
    </p>
   </div>
   <div class='ocr_carea' id='block_1_38' title="bbox 551 2429 2157 2515">
    <p class='ocr_par' dir='ltr' id='par_1_38' title="bbox 551 2429 2157 2515">
     <span class='ocr_line' id='line_1_39' title="bbox 551 2429 2157 2515; baseline -0.008 -17"><span class='ocrx_word' id='word_1_331' title='bbox 551 2453 674 2515; x_wconf 83' lang='lat' dir='ltr'>post</span> <span class='ocrx_word' id='word_1_332' title='bbox 704 2438 1020 2513; x_wconf 87' lang='lat' dir='ltr'>passionem</span> <span class='ocrx_word' id='word_1_333' title='bbox 1066 2434 1288 2490; x_wconf 81' lang='lat' dir='ltr'>Christi.</span> <span class='ocrx_word' id='word_1_334' title='bbox 1341 2435 1468 2490; x_wconf 88' lang='lat' dir='ltr'>Erat</span> <span class='ocrx_word' id='word_1_335' title='bbox 1514 2433 1658 2489; x_wconf 91' lang='lat' dir='ltr'>enim</span> <span class='ocrx_word' id='word_1_336' title='bbox 1706 2429 2022 2515; x_wconf 69' lang='lat' dir='ltr'>praedictum</span> <span class='ocrx_word' id='word_1_337' title='bbox 2062 2447 2157 2515; x_wconf 67' lang='lat' dir='ltr'>ex-</span> 
     </span>
    </p>
   </div>
   <div class='ocr_carea' id='block_1_39' title="bbox 2267 1898 3842 1971">
    <p class='ocr_par' dir='ltr' id='par_1_39' title="bbox 2267 1898 3842 1971">
     <span class='ocr_line' id='line_1_40' title="bbox 2267 1898 3842 1971; baseline 0.002 -17"><span class='ocrx_word' id='word_1_338' title='bbox 2267 1900 2441 1971; x_wconf 91' lang='lat' dir='ltr'>phetis</span> <span class='ocrx_word' id='word_1_339' title='bbox 2471 1916 2587 1955; x_wconf 88' lang='lat' dir='ltr'>esse</span> <span class='ocrx_word' id='word_1_340' title='bbox 2614 1901 2926 1957; x_wconf 89' lang='lat' dir='ltr'>nuntiatam.</span> <span class='ocrx_word' id='word_1_341' title='bbox 2977 1899 3068 1955; x_wconf 91' lang='lat' dir='ltr'>Sic</span> <span class='ocrx_word' id='word_1_342' title='bbox 3102 1898 3265 1956; x_wconf 88' lang='lat' dir='ltr'>Isaias</span> <span class='ocrx_word' id='word_1_343' title='bbox 3315 1898 3449 1954; x_wconf 92' lang='lat' dir='ltr'>dicit</span> <span class='ocrx_word' id='word_1_344' title='bbox 3481 1916 3496 1953; x_wconf 88' lang='lat'>:</span> <span class='ocrx_word' id='word_1_345' title='bbox 3531 1899 3731 1957; x_wconf 78' lang='lat' dir='ltr'>Audite</span> <span class='ocrx_word' id='word_1_346' title='bbox 3761 1902 3842 1960; x_wconf 84' lang='lat' dir='ltr'>do-</span> 
     </span>
    </p>
   </div>
   <div class='ocr_carea' id='block_1_40' title="bbox 2266 1988 3842 2061">
    <p class='ocr_par' dir='ltr' id='par_1_40' title="bbox 2266 1988 3842 2061">
     <span class='ocr_line' id='line_1_41' title="bbox 2266 1988 3842 2061; baseline 0.001 -17"><span class='ocrx_word' id='word_1_347' title='bbox 2266 2006 2393 2046; x_wconf 88' lang='lat' dir='ltr'>mus</span> <span class='ocrx_word' id='word_1_348' title='bbox 2419 1988 2523 2046; x_wconf 77' lang='lat'>6|</span> <span class='ocrx_word' id='word_1_349' title='bbox 2545 1988 2590 2045; x_wconf 76' lang='grc'>7</span> <span class='ocrx_word' id='word_1_350' title='bbox 2615 1990 2808 2057; x_wconf 81' lang='lat' dir='ltr'>David,</span> <span class='ocrx_word' id='word_1_351' title='bbox 2831 2006 2947 2045; x_wconf 90' lang='lat' dir='ltr'>non</span> <span class='ocrx_word' id='word_1_352' title='bbox 2958 1990 3237 2061; x_wconf 86' lang='lat' dir='ltr'>pusillum</span> <span class='ocrx_word' id='word_1_353' title='bbox 3266 1988 3409 2046; x_wconf 83' lang='lat' dir='ltr'>vobis</span> <span class='ocrx_word' id='word_1_354' title='bbox 3433 1992 3722 2046; x_wconf 81' lang='lat' dir='ltr'>certamen</span> <span class='ocrx_word' id='word_1_355' title='bbox 3739 1990 3842 2061; x_wconf 68' lang='grc'>(45)</span> 
     </span>
    </p>
   </div>
   <div class='ocr_carea' id='block_1_41' title="bbox 2266 2079 3847 2151">
    <p class='ocr_par' dir='ltr' id='par_1_41' title="bbox 2266 2079 3847 2151">
     <span class='ocr_line' id='line_1_42' title="bbox 2266 2079 3847 2151; baseline 0.002 -16"><span class='ocrx_word' id='word_1_356' title='bbox 2266 2096 2396 2136; x_wconf 86' lang='lat' dir='ltr'>cum</span> <span class='ocrx_word' id='word_1_357' title='bbox 2428 2079 2767 2147; x_wconf 87' lang='lat' dir='ltr'>hominibus,</span> <span class='ocrx_word' id='word_1_358' title='bbox 2782 2080 3054 2151; x_wconf 87' lang='lat' dir='ltr'>quoniam</span> <span class='ocrx_word' id='word_1_359' title='bbox 3083 2080 3226 2136; x_wconf 85' lang='lat' dir='ltr'>Deus</span> <span class='ocrx_word' id='word_1_360' title='bbox 3263 2080 3501 2150; x_wconf 66' lang='lat' dir='ltr'>praestat</span> <span class='ocrx_word' id='word_1_361' title='bbox 3529 2082 3847 2138; x_wconf 77' lang='lat' dir='ltr'>certamen:</span> 
     </span>
    </p>
   </div>
   <div class='ocr_carea' id='block_1_42' title="bbox 2262 2167 3849 2242">
    <p class='ocr_par' dir='ltr' id='par_1_42' title="bbox 2262 2167 3849 2242">
     <span class='ocr_line' id='line_1_43' title="bbox 2262 2167 3849 2242; baseline 0.003 -19"><span class='ocrx_word' id='word_1_362' title='bbox 2262 2172 2491 2239; x_wconf 84' lang='lat' dir='ltr'>propter</span> <span class='ocrx_word' id='word_1_363' title='bbox 2513 2168 2611 2224; x_wconf 86' lang='lat' dir='ltr'>hoc</span> <span class='ocrx_word' id='word_1_364' title='bbox 2640 2169 2758 2242; x_wconf 86' lang='lat' dir='ltr'>ipse</span> <span class='ocrx_word' id='word_1_365' title='bbox 2788 2170 2933 2225; x_wconf 88' lang='lat' dir='ltr'>Deus</span> <span class='ocrx_word' id='word_1_366' title='bbox 2953 2167 3107 2223; x_wconf 85' lang='lat' dir='ltr'>dabit</span> <span class='ocrx_word' id='word_1_367' title='bbox 3125 2167 3272 2225; x_wconf 86' lang='lat' dir='ltr'>vobis</span> <span class='ocrx_word' id='word_1_368' title='bbox 3293 2168 3681 2238; x_wconf 86' lang='lat' dir='ltr'>signum:Ecce</span> <span class='ocrx_word' id='word_1_369' title='bbox 3710 2171 3849 2241; x_wconf 85' lang='lat' dir='ltr'>virgo</span> 
     </span>
    </p>
   </div>
   <div class='ocr_carea' id='block_1_43' title="bbox 2265 2256 3852 2331">
    <p class='ocr_par' dir='ltr' id='par_1_43' title="bbox 2265 2256 3852 2331">
     <span class='ocr_line' id='line_1_44' title="bbox 2265 2256 3852 2331; baseline 0.003 -20"><span class='ocrx_word' id='word_1_370' title='bbox 2265 2260 2545 2329; x_wconf 79' lang='lat' dir='ltr'>concipiet</span> <span class='ocrx_word' id='word_1_371' title='bbox 2571 2258 2689 2327; x_wconf 78' lang='grc'>(46)</span> <span class='ocrx_word' id='word_1_372' title='bbox 2718 2259 2781 2312; x_wconf 87' lang='lat' dir='ltr'>in</span> <span class='ocrx_word' id='word_1_373' title='bbox 2800 2262 2962 2314; x_wconf 86' lang='lat' dir='ltr'>utero</span> <span class='ocrx_word' id='word_1_374' title='bbox 2991 2263 3051 2314; x_wconf 92' lang='lat' dir='ltr'>et</span> <span class='ocrx_word' id='word_1_375' title='bbox 3068 2259 3255 2331; x_wconf 84' lang='lat' dir='ltr'>pariet</span> <span class='ocrx_word' id='word_1_376' title='bbox 3274 2256 3487 2325; x_wconf 78' lang='lat' dir='ltr'>ﬁlium,</span> <span class='ocrx_word' id='word_1_377' title='bbox 3513 2260 3569 2311; x_wconf 87' lang='lat' dir='ltr'>et</span> <span class='ocrx_word' id='word_1_378' title='bbox 3589 2261 3852 2315; x_wconf 74' lang='lat' dir='ltr'>vocabili:</span> 
     </span>
    </p>
   </div>
   <div class='ocr_carea' id='block_1_44' title="bbox 2264 2345 3855 2418">
    <p class='ocr_par' dir='ltr' id='par_1_44' title="bbox 2264 2345 3855 2418">
     <span class='ocr_line' id='line_1_45' title="bbox 2264 2345 3855 2418; baseline 0.002 -17"><span class='ocrx_word' id='word_1_379' title='bbox 2264 2361 2469 2402; x_wconf 88' lang='lat' dir='ltr'>nomen</span> <span class='ocrx_word' id='word_1_380' title='bbox 2490 2347 2615 2417; x_wconf 87' lang='lat' dir='ltr'>ejus</span> <span class='ocrx_word' id='word_1_381' title='bbox 2646 2347 3001 2408; x_wconf 85' lang='lat' dir='ltr'>Emmanuel,</span> <span class='ocrx_word' id='word_1_382' title='bbox 3025 2345 3167 2418; x_wconf 90' lang='lat' dir='ltr'>quod</span> <span class='ocrx_word' id='word_1_383' title='bbox 3186 2346 3614 2418; x_wconf 81' lang='lat' dir='ltr'>interpretatur</span> <span class='ocrx_word' id='word_1_384' title='bbox 3629 2365 3647 2400; x_wconf 92' lang='lat'><em>:</em></span> <span class='ocrx_word' id='word_1_385' title='bbox 3671 2348 3855 2404; x_wconf 81' lang='lat' dir='ltr'>Nobis-</span> 
     </span>
    </p>
   </div>
   <div class='ocr_carea' id='block_1_45' title="bbox 2266 2434 3857 2509">
    <p class='ocr_par' dir='ltr' id='par_1_45' title="bbox 2266 2434 3857 2509">
     <span class='ocr_line' id='line_1_46' title="bbox 2266 2434 3857 2509; baseline 0.004 -21"><span class='ocrx_word' id='word_1_386' title='bbox 2266 2450 2394 2490; x_wconf 87' lang='lat' dir='ltr'>cum</span> <span class='ocrx_word' id='word_1_387' title='bbox 2416 2438 2575 2491; x_wconf 87' lang='lat' dir='ltr'>Deus.</span> <span class='ocrx_word' id='word_1_388' title='bbox 2599 2437 2872 2506; x_wconf 82' lang='lat' dir='ltr'>Butyrum</span> <span class='ocrx_word' id='word_1_389' title='bbox 2902 2439 2958 2491; x_wconf 85' lang='lat' dir='ltr'>et</span> <span class='ocrx_word' id='word_1_390' title='bbox 2986 2434 3099 2493; x_wconf 89' lang='lat' dir='ltr'>mel</span> <span class='ocrx_word' id='word_1_391' title='bbox 3126 2434 3519 2491; x_wconf 86' lang='lat' dir='ltr'>manducabit.</span> <span class='ocrx_word' id='word_1_392' title='bbox 3557 2436 3857 2509; x_wconf 85' lang='lat' dir='ltr'>Quoniam,</span> 
     </span>
    </p>
   </div>
   <div class='ocr_carea' id='block_1_46' title="bbox 619 2503 3857 2661">
    <p class='ocr_par' dir='ltr' id='par_1_46' title="bbox 619 2503 3857 2661">
     <span class='ocr_line' id='line_1_47' title="bbox 619 2503 3857 2661; baseline -0 -15"><span class='ocrx_word' id='word_1_393' title='bbox 619 2594 669 2632; x_wconf 74' lang='lat'>93</span> <span class='ocrx_word' id='word_1_394' title='bbox 690 2591 827 2661; x_wconf 85' lang='lat' dir='ltr'>Quid</span> <span class='ocrx_word' id='word_1_395' title='bbox 858 2586 985 2645; x_wconf 87' lang='lat' dir='ltr'>add.</span> <span class='ocrx_word' id='word_1_396' title='bbox 1011 2586 1179 2644; x_wconf 86' lang='lat' dir='ltr'>Seml.</span> <span class='ocrx_word' id='word_1_397' title='bbox 1212 2586 1260 2625; x_wconf 60' lang='lat'>9&quot;</span> <span class='ocrx_word' id='word_1_398' title='bbox 1292 2588 1356 2640; x_wconf 88' lang='lat'><strong>28</strong></span> <span class='ocrx_word' id='word_1_399' title='bbox 1378 2586 1545 2642; x_wconf 84' lang='lat' dir='ltr'>Rhen.</span> <span class='ocrx_word' id='word_1_400' title='bbox 1582 2585 1705 2657; x_wconf 79' lang='lat' dir='ltr'>post</span> <span class='ocrx_word' id='word_1_401' title='bbox 1738 2503 2055 2661; x_wconf 39' lang='lat' dir='ltr'>Hieron}?</span> <span class='ocrx_word' id='word_1_402' title='bbox 2060 2504 2617 2642; x_wconf 36' lang='lat'>13313333153012.</span> <span class='ocrx_word' id='word_1_403' title='bbox 2648 2587 2698 2626; x_wconf 81' lang='lat'>98</span> <span class='ocrx_word' id='word_1_404' title='bbox 2725 2585 2930 2641; x_wconf 89' lang='lat' dir='ltr'>Diebus</span> <span class='ocrx_word' id='word_1_405' title='bbox 2955 2590 3021 2642; x_wconf 89' lang='lat'>28</span> <span class='ocrx_word' id='word_1_406' title='bbox 3053 2586 3276 2644; x_wconf 83' lang='lat' dir='ltr'>Hieron.</span> <span class='ocrx_word' id='word_1_407' title='bbox 3298 2584 3346 2624; x_wconf 77' lang='lat'>97</span> <span class='ocrx_word' id='word_1_408' title='bbox 3364 2585 3535 2641; x_wconf 83' lang='lat' dir='ltr'>Annis</span> <span class='ocrx_word' id='word_1_409' title='bbox 3568 2590 3631 2642; x_wconf 86' lang='grc'>11</span> <span class='ocrx_word' id='word_1_410' title='bbox 3664 2588 3857 2646; x_wconf 82' lang='lat' dir='ltr'>iidem.</span> 
     </span>
    </p>
   </div>
   <div class='ocr_carea' id='block_1_47' title="bbox 1957 2650 2457 2723">
    <p class='ocr_par' dir='ltr' id='par_1_47' title="bbox 1957 2650 2457 2723">
     <span class='ocr_line' id='line_1_48' title="bbox 1957 2650 2457 2723; baseline 0.004 -6"><span class='ocrx_word' id='word_1_411' title='bbox 1957 2650 2457 2723; x_wconf 86' lang='lat' dir='ltr'>Commentarius.</span> 
     </span>
    </p>
   </div>
   <div class='ocr_carea' id='block_1_48' title="bbox 622 2735 2144 2817">
    <p class='ocr_par' dir='ltr' id='par_1_48' title="bbox 622 2735 2144 2817">
     <span class='ocr_line' id='line_1_49' title="bbox 622 2735 2144 2817; baseline -0.009 -17"><span class='ocrx_word' id='word_1_412' title='bbox 622 2745 736 2817; x_wconf 77' lang='grc'>(41)</span> <span class='ocrx_word' id='word_1_413' title='bbox 787 2739 988 2799; x_wconf 84' lang='lat' dir='ltr'>Diebus</span> <span class='ocrx_word' id='word_1_414' title='bbox 1036 2741 1124 2817; x_wconf 56' lang='lat' dir='ltr'>13f.</span> <span class='ocrx_word' id='word_1_415' title='bbox 1165 2739 1294 2817; x_wconf 75' lang='lat' dir='ltr'>Post</span> <span class='ocrx_word' id='word_1_416' title='bbox 1342 2735 1645 2817; x_wconf 78' lang='lat' dir='ltr'>Caligulam</span> <span class='ocrx_word' id='word_1_417' title='bbox 1688 2748 1955 2817; x_wconf 74' lang='lat' dir='ltr'>regnasse</span> <span class='ocrx_word' id='word_1_418' title='bbox 1978 2735 2144 2815; x_wconf 82' lang='lat' dir='ltr'>Clau-</span> 
     </span>
    </p>
   </div>
   <div class='ocr_carea' id='block_1_49' title="bbox 552 2804 2147 2878">
    <p class='ocr_par' dir='ltr' id='par_1_49' title="bbox 552 2804 2147 2878">
     <span class='ocr_line' id='line_1_50' title="bbox 552 2804 2147 2878; baseline -0.006 -7"><span class='ocrx_word' id='word_1_419' title='bbox 552 2804 901 2871; x_wconf 55' lang='lat' dir='ltr'>dium&#39;nemo</span> <span class='ocrx_word' id='word_1_420' title='bbox 950 2811 1144 2866; x_wconf 84' lang='lat' dir='ltr'>nescit.</span> <span class='ocrx_word' id='word_1_421' title='bbox 1179 2809 1412 2878; x_wconf 76' lang='lat' dir='ltr'>Ideoque</span> <span class='ocrx_word' id='word_1_422' title='bbox 1466 2804 1586 2877; x_wconf 76' lang='lat' dir='ltr'>ejus</span> <span class='ocrx_word' id='word_1_423' title='bbox 1631 2804 1914 2878; x_wconf 83' lang='lat' dir='ltr'>imperium</span> <span class='ocrx_word' id='word_1_424' title='bbox 1945 2806 2031 2861; x_wconf 88' lang='lat' dir='ltr'>hic</span> <span class='ocrx_word' id='word_1_425' title='bbox 2061 2824 2147 2863; x_wconf 91' lang='lat' dir='ltr'>re-</span> 
     </span>
    </p>
   </div>
   <div class='ocr_carea' id='block_1_50' title="bbox 552 2877 2147 2959">
    <p class='ocr_par' dir='ltr' id='par_1_50' title="bbox 552 2877 2147 2959">
     <span class='ocr_line' id='line_1_51' title="bbox 552 2877 2147 2959; baseline -0.006 -16"><span class='ocrx_word' id='word_1_426' title='bbox 552 2894 762 2959; x_wconf 89' lang='lat' dir='ltr'>ponunt</span> <span class='ocrx_word' id='word_1_427' title='bbox 795 2887 966 2939; x_wconf 84' lang='lat' dir='ltr'>Rhen.</span> <span class='ocrx_word' id='word_1_428' title='bbox 1008 2889 1061 2959; x_wconf 79' lang='lat' dir='ltr'>et</span> <span class='ocrx_word' id='word_1_429' title='bbox 1116 2877 1339 2959; x_wconf 81' lang='lat' dir='ltr'>Obert.,</span> <span class='ocrx_word' id='word_1_430' title='bbox 1387 2885 1457 2959; x_wconf 61' lang='lat' dir='ltr'>ut</span> <span class='ocrx_word' id='word_1_431' title='bbox 1485 2877 1775 2959; x_wconf 36' lang='lat' dir='ltr'>sequitur}.</span> <span class='ocrx_word' id='word_1_432' title='bbox 1816 2898 1837 2959; x_wconf 59' lang='grc' dir='ltr'>ς</span> <span class='ocrx_word' id='word_1_433' title='bbox 1901 2878 2147 2959; x_wconf 76' lang='lat' dir='ltr'>Tiberius</span> 
     </span>
    </p>
   </div>
   <div class='ocr_carea' id='block_1_51' title="bbox 560 2948 2140 3019">
    <p class='ocr_par' dir='ltr' id='par_1_51' title="bbox 560 2948 2140 3019">
     <span class='ocr_line' id='line_1_52' title="bbox 560 2948 2140 3019; baseline -0.009 -5"><span class='ocrx_word' id='word_1_434' title='bbox 560 2948 832 3019; x_wconf 78' lang='lat' dir='ltr'>Claudius,</span> <span class='ocrx_word' id='word_1_435' title='bbox 903 2954 1059 3009; x_wconf 85' lang='lat' dir='ltr'>annis</span> <span class='ocrx_word' id='word_1_436' title='bbox 1126 2956 1212 3017; x_wconf 89' lang='grc'>13,</span> <span class='ocrx_word' id='word_1_437' title='bbox 1273 2950 1550 3005; x_wconf 88' lang='lat' dir='ltr'>mensibus</span> <span class='ocrx_word' id='word_1_438' title='bbox 1601 2952 1667 3017; x_wconf 85' lang='lat'>7,</span> <span class='ocrx_word' id='word_1_439' title='bbox 1725 2948 2078 3017; x_wconf 82' lang='lat' dir='ltr'>diebus,20;</span> <span class='ocrx_word' id='word_1_440' title='bbox 2118 2970 2140 2999; x_wconf 77' lang='grc'><strong>»</strong></span> 
     </span>
    </p>
   </div>
   <div class='ocr_carea' id='block_1_52' title="bbox 559 3019 2147 3095">
    <p class='ocr_par' dir='ltr' id='par_1_52' title="bbox 559 3019 2147 3095">
     <span class='ocr_line' id='line_1_53' title="bbox 559 3019 2147 3095; baseline -0.005 -12"><span class='ocrx_word' id='word_1_441' title='bbox 559 3030 688 3084; x_wconf 90' lang='lat' dir='ltr'>licet</span> <span class='ocrx_word' id='word_1_442' title='bbox 738 3028 855 3081; x_wconf 78' lang='lat' dir='ltr'>haec</span> <span class='ocrx_word' id='word_1_443' title='bbox 911 3041 1019 3079; x_wconf 93' lang='lat' dir='ltr'>non</span> <span class='ocrx_word' id='word_1_444' title='bbox 1078 3023 1326 3095; x_wconf 84' lang='lat' dir='ltr'>legamus</span> <span class='ocrx_word' id='word_1_445' title='bbox 1382 3038 1493 3095; x_wconf 8' lang='lat' dir='ltr'>nec,</span> <span class='ocrx_word' id='word_1_446' title='bbox 1533 3022 1679 3095; x_wconf 85' lang='lat' dir='ltr'>apud</span> <span class='ocrx_word' id='word_1_447' title='bbox 1739 3019 1993 3089; x_wconf 89' lang='lat' dir='ltr'>llieron.,</span> <span class='ocrx_word' id='word_1_448' title='bbox 2047 3037 2147 3076; x_wconf 90' lang='lat' dir='ltr'>ne-</span> 
     </span>
    </p>
   </div>
   <div class='ocr_carea' id='block_1_53' title="bbox 561 3093 2150 3172">
    <p class='ocr_par' dir='ltr' id='par_1_53' title="bbox 561 3093 2150 3172">
     <span class='ocr_line' id='line_1_54' title="bbox 561 3093 2150 3172; baseline -0.006 -15"><span class='ocrx_word' id='word_1_449' title='bbox 561 3117 668 3172; x_wconf 89' lang='lat' dir='ltr'>que</span> <span class='ocrx_word' id='word_1_450' title='bbox 698 3098 843 3172; x_wconf 85' lang='lat' dir='ltr'>apud</span> <span class='ocrx_word' id='word_1_451' title='bbox 878 3097 1119 3172; x_wconf 74' lang='lat' dir='ltr'>Pomer_.,</span> <span class='ocrx_word' id='word_1_452' title='bbox 1141 3093 1278 3172; x_wconf 58' lang='lat' dir='ltr'>&#39;imo</span> <span class='ocrx_word' id='word_1_453' title='bbox 1327 3094 1518 3172; x_wconf 67' lang='lat' dir='ltr'>omitti</span> <span class='ocrx_word' id='word_1_454' title='bbox 1549 3093 1903 3172; x_wconf 77' lang='lat' dir='ltr'>debeant,__ut</span> <span class='ocrx_word' id='word_1_455' title='bbox 1939 3101 2150 3172; x_wconf 82' lang='lat' dir='ltr'>constet</span> 
     </span>
    </p>
   </div>
   <div class='ocr_carea' id='block_1_54' title="bbox 563 3164 2148 3227">
    <p class='ocr_par' dir='ltr' id='par_1_54' title="bbox 563 3164 2148 3227">
     <span class='ocr_line' id='line_1_55' title="bbox 563 3164 2148 3227; baseline -0.006 0"><span class='ocrx_word' id='word_1_456' title='bbox 563 3164 829 3227; x_wconf 77' lang='lat' dir='ltr'>sententia</span> <span class='ocrx_word' id='word_1_457' title='bbox 864 3165 1112 3222; x_wconf 84' lang='lat' dir='ltr'>Auctoris</span> <span class='ocrx_word' id='word_1_458' title='bbox 1157 3165 1223 3218; x_wconf 91' lang='lat' dir='ltr'>de</span> <span class='ocrx_word' id='word_1_459' title='bbox 1278 3166 1432 3219; x_wconf 89' lang='lat' dir='ltr'>annis</span> <span class='ocrx_word' id='word_1_460' title='bbox 1489 3164 1750 3217; x_wconf 84' lang='lat' dir='ltr'>duntaxat</span> <span class='ocrx_word' id='word_1_461' title='bbox 1807 3166 1903 3226; x_wconf 81' lang='grc'>52,</span> <span class='ocrx_word' id='word_1_462' title='bbox 1954 3166 2148 3219; x_wconf 81' lang='lat' dir='ltr'>mensi-</span> 
     </span>
    </p>
   </div>
   <div class='ocr_carea' id='block_1_55' title="bbox 562 3234 2143 3308">
    <p class='ocr_par' dir='ltr' id='par_1_55' title="bbox 562 3234 2143 3308">
     <span class='ocr_line' id='line_1_56' title="bbox 562 3234 2143 3308; baseline -0.004 -13"><span class='ocrx_word' id='word_1_463' title='bbox 562 3243 665 3297; x_wconf 90' lang='lat' dir='ltr'>bus</span> <span class='ocrx_word' id='word_1_464' title='bbox 690 3244 746 3303; x_wconf 84' lang='grc' dir='ltr'>Ἷ,</span> <span class='ocrx_word' id='word_1_465' title='bbox 780 3247 838 3294; x_wconf 89' lang='lat' dir='ltr'>ut</span> <span class='ocrx_word' id='word_1_466' title='bbox 873 3238 1110 3308; x_wconf 87' lang='lat' dir='ltr'>loquitur</span> <span class='ocrx_word' id='word_1_467' title='bbox 1156 3236 1443 3308; x_wconf 84' lang='lat' dir='ltr'>Pamelius,</span> <span class='ocrx_word' id='word_1_468' title='bbox 1503 3235 1597 3305; x_wconf 89' lang='lat' dir='ltr'>qui</span> <span class='ocrx_word' id='word_1_469' title='bbox 1653 3250 1778 3308; x_wconf 83' lang='lat' dir='ltr'>mox</span> <span class='ocrx_word' id='word_1_470' title='bbox 1824 3234 2143 3308; x_wconf 64' lang='lat' dir='ltr'>subjungit:</span> 
     </span>
    </p>
   </div>
   <div class='ocr_carea' id='block_1_56' title="bbox 567 3304 2147 3378">
    <p class='ocr_par' dir='ltr' id='par_1_56' title="bbox 567 3304 2147 3378">
     <span class='ocr_line' id='line_1_57' title="bbox 567 3304 2147 3378; baseline -0.003 -15"><span class='ocrx_word' id='word_1_471' title='bbox 567 3334 590 3363; x_wconf 68' lang='grc' dir='ltr'><strong>α</strong></span> <span class='ocrx_word' id='word_1_472' title='bbox 631 3314 821 3370; x_wconf 85' lang='lat' dir='ltr'>Videre</span> <span class='ocrx_word' id='word_1_473' title='bbox 861 3304 1042 3378; x_wconf 74' lang='lat' dir='ltr'>itaque</span> <span class='ocrx_word' id='word_1_474' title='bbox 1071 3317 1151 3361; x_wconf 88' lang='lat' dir='ltr'>est</span> <span class='ocrx_word' id='word_1_475' title='bbox 1187 3308 1273 3361; x_wconf 86' lang='lat' dir='ltr'>vel</span> <span class='ocrx_word' id='word_1_476' title='bbox 1321 3306 1443 3378; x_wconf 89' lang='lat' dir='ltr'>hinc</span> <span class='ocrx_word' id='word_1_477' title='bbox 1474 3304 1661 3378; x_wconf 81' lang='lat' dir='ltr'>parum</span> <span class='ocrx_word' id='word_1_478' title='bbox 1710 3304 1885 3374; x_wconf 90' lang='lat' dir='ltr'>ipsum</span> <span class='ocrx_word' id='word_1_479' title='bbox 1909 3304 2147 3378; x_wconf 86' lang='lat' dir='ltr'>_(Tertul-</span> 
     </span>
    </p>
   </div>
   <div class='ocr_carea' id='block_1_57' title="bbox 560 3375 2146 3453">
    <p class='ocr_par' dir='ltr' id='par_1_57' title="bbox 560 3375 2146 3453">
     <span class='ocr_line' id='line_1_58' title="bbox 560 3375 2146 3453; baseline -0.005 -13"><span class='ocrx_word' id='word_1_480' title='bbox 560 3384 786 3453; x_wconf 90' lang='lat' dir='ltr'>lianum)</span> <span class='ocrx_word' id='word_1_481' title='bbox 817 3375 1087 3437; x_wconf 80' lang='lat' dir='ltr'>curiosum</span> <span class='ocrx_word' id='word_1_482' title='bbox 1120 3378 1282 3432; x_wconf 87' lang='lat' dir='ltr'>fuisse</span> <span class='ocrx_word' id='word_1_483' title='bbox 1322 3375 1589 3453; x_wconf 65' lang='lat' dir='ltr'>historiae,</span> <span class='ocrx_word' id='word_1_484' title='bbox 1622 3377 1867 3453; x_wconf 77' lang='lat' dir='ltr'>fortassis</span> <span class='ocrx_word' id='word_1_485' title='bbox 1905 3375 2146 3453; x_wconf 62' lang='lat' dir='ltr'>imitatus</span> 
     </span>
    </p>
   </div>
   <div class='ocr_carea' id='block_1_58' title="bbox 560 3446 2147 3522">
    <p class='ocr_par' dir='ltr' id='par_1_58' title="bbox 560 3446 2147 3522">
     <span class='ocr_line' id='line_1_59' title="bbox 560 3446 2147 3522; baseline -0.006 -10"><span class='ocrx_word' id='word_1_486' title='bbox 560 3457 615 3511; x_wconf 91' lang='lat' dir='ltr'>in</span> <span class='ocrx_word' id='word_1_487' title='bbox 647 3446 1085 3511; x_wconf 43' lang='lat' dir='ltr'>hoc&#39;Matthaaum</span> <span class='ocrx_word' id='word_1_488' title='bbox 1132 3450 1540 3522; x_wconf 79' lang='lat' dir='ltr'>evangelistam,</span> <span class='ocrx_word' id='word_1_489' title='bbox 1580 3446 1672 3517; x_wconf 87' lang='lat' dir='ltr'>qui</span> <span class='ocrx_word' id='word_1_490' title='bbox 1712 3447 1765 3499; x_wconf 89' lang='lat' dir='ltr'>in</span> <span class='ocrx_word' id='word_1_491' title='bbox 1803 3446 2147 3522; x_wconf 77' lang='lat' dir='ltr'>libroGene-</span> 
     </span>
    </p>
   </div>
   <div class='ocr_carea' id='block_1_59' title="bbox 560 3517 2141 3590">
    <p class='ocr_par' dir='ltr' id='par_1_59' title="bbox 560 3517 2141 3590">
     <span class='ocr_line' id='line_1_60' title="bbox 560 3517 2141 3590; baseline -0.006 -7"><span class='ocrx_word' id='word_1_492' title='bbox 560 3528 783 3583; x_wconf 85' lang='lat' dir='ltr'>rationis</span> <span class='ocrx_word' id='word_1_493' title='bbox 814 3524 1036 3589; x_wconf 87' lang='lat' dir='ltr'>Christi,</span> <span class='ocrx_word' id='word_1_494' title='bbox 1082 3529 1192 3576; x_wconf 90' lang='lat' dir='ltr'>tres</span> <span class='ocrx_word' id='word_1_495' title='bbox 1242 3517 1620 3590; x_wconf 69' lang='lat' dir='ltr'>g&#39;euerationes</span> <span class='ocrx_word' id='word_1_496' title='bbox 1653 3517 2011 3589; x_wconf 64' lang='lat' dir='ltr'>praetermisit,</span> <span class='ocrx_word' id='word_1_497' title='bbox 2060 3526 2141 3589; x_wconf 90' lang='lat' dir='ltr'>ut,</span> 
     </span>
    </p>
   </div>
   <div class='ocr_carea' id='block_1_60' title="bbox 551 3589 2142 3662">
    <p class='ocr_par' dir='ltr' id='par_1_60' title="bbox 551 3589 2142 3662">
     <span class='ocr_line' id='line_1_61' title="bbox 551 3589 2142 3662; baseline -0.005 -9"><span class='ocrx_word' id='word_1_498' title='bbox 551 3601 846 3662; x_wconf 85' lang='lat' dir='ltr'>interprete</span> <span class='ocrx_word' id='word_1_499' title='bbox 876 3596 937 3649; x_wconf 92' lang='lat' dir='ltr'>B.</span> <span class='ocrx_word' id='word_1_500' title='bbox 990 3589 1338 3662; x_wconf 84' lang='lat' dir='ltr'>Hieronymo,</span> <span class='ocrx_word' id='word_1_501' title='bbox 1392 3589 1977 3662; x_wconf 86' lang='lat' dir='ltr'>tres_tesseradecades</span> <span class='ocrx_word' id='word_1_502' title='bbox 2033 3605 2142 3645; x_wconf 92' lang='lat' dir='ltr'>non</span> 
     </span>
    </p>
   </div>
   <div class='ocr_carea' id='block_1_61' title="bbox 557 3659 2141 3723">
    <p class='ocr_par' dir='ltr' id='par_1_61' title="bbox 557 3659 2141 3723">
     <span class='ocr_line' id='line_1_62' title="bbox 557 3659 2141 3723; baseline -0.005 0"><span class='ocrx_word' id='word_1_503' title='bbox 557 3659 862 3723; x_wconf 84' lang='lat' dir='ltr'>excederet.</span> <span class='ocrx_word' id='word_1_504' title='bbox 887 3663 1167 3719; x_wconf 90' lang='lat' dir='ltr'>Consentit</span> <span class='ocrx_word' id='word_1_505' title='bbox 1197 3659 1410 3717; x_wconf 81' lang='lat' dir='ltr'>interim</span> <span class='ocrx_word' id='word_1_506' title='bbox 1432 3659 1562 3715; x_wconf 90' lang='lat' dir='ltr'>satis</span> <span class='ocrx_word' id='word_1_507' title='bbox 1592 3676 1848 3715; x_wconf 85' lang='lat' dir='ltr'>numerus</span> <span class='ocrx_word' id='word_1_508' title='bbox 1876 3676 2141 3717; x_wconf 86' lang='lat' dir='ltr'>annorum</span> 
     </span>
    </p>
   </div>
   <div class='ocr_carea' id='block_1_62' title="bbox 555 3731 1563 3794">
    <p class='ocr_par' dir='ltr' id='par_1_62' title="bbox 555 3731 1563 3794">
     <span class='ocr_line' id='line_1_63' title="bbox 555 3731 1563 3794; baseline -0.007 0"><span class='ocrx_word' id='word_1_509' title='bbox 555 3755 676 3794; x_wconf 90' lang='lat' dir='ltr'>cum</span> <span class='ocrx_word' id='word_1_510' title='bbox 710 3738 984 3792; x_wconf 85' lang='lat' dir='ltr'>Clemente</span> <span class='ocrx_word' id='word_1_511' title='bbox 1013 3732 1393 3788; x_wconf 80' lang='lat' dir='ltr'>Alexandrino.</span> <span class='ocrx_word' id='word_1_512' title='bbox 1426 3731 1563 3787; x_wconf 86' lang='lat' dir='ltr'>Eon.</span> 
     </span>
    </p>
   </div>
   <div class='ocr_carea' id='block_1_63' title="bbox 626 3802 2139 3879">
    <p class='ocr_par' dir='ltr' id='par_1_63' title="bbox 626 3802 2139 3879">
     <span class='ocr_line' id='line_1_64' title="bbox 626 3802 2139 3879; baseline -0.005 -16"><span class='ocrx_word' id='word_1_513' title='bbox 626 3810 741 3879; x_wconf 74' lang='grc'>(42)</span> <span class='ocrx_word' id='word_1_514' title='bbox 764 3811 900 3879; x_wconf 65' lang='lat' dir='ltr'>Erat</span> <span class='ocrx_word' id='word_1_515' title='bbox 928 3808 1081 3879; x_wconf 79' lang='lat' dir='ltr'>enim</span> <span class='ocrx_word' id='word_1_516' title='bbox 1098 3804 1440 3879; x_wconf 64' lang='lat' dir='ltr'>praedictum</span> <span class='ocrx_word' id='word_1_517' title='bbox 1459 3802 1971 3879; x_wconf 63' lang='lat' dir='ltr'>exterminariillie</span> <span class='ocrx_word' id='word_1_518' title='bbox 1992 3818 2139 3879; x_wconf 80' lang='lat' dir='ltr'>unc-</span> 
     </span>
    </p>
   </div>
   <div class='ocr_carea' id='block_1_64' title="bbox 556 3872 2138 3953">
    <p class='ocr_par' dir='ltr' id='par_1_64' title="bbox 556 3872 2138 3953">
     <span class='ocr_line' id='line_1_65' title="bbox 556 3872 2138 3953; baseline 0.009 -40"><span class='ocrx_word' id='word_1_519' title='bbox 556 3872 787 3936; x_wconf 60' lang='lat' dir='ltr'>tio‘nm&#39;n.</span> <span class='ocrx_word' id='word_1_520' title='bbox 829 3872 1204 3953; x_wconf 45' lang='grc' dir='ltr'>Ἰἰνὸεὶξιχιᾶμὸξδ</span> <span class='ocrx_word' id='word_1_521' title='bbox 1233 3875 1363 3953; x_wconf 70' lang='lat' dir='ltr'>juge</span> <span class='ocrx_word' id='word_1_522' title='bbox 1415 3872 1787 3953; x_wconf 29' lang='lat' dir='ltr'>sacriﬁcium,”</span> <span class='ocrx_word' id='word_1_523' title='bbox 1816 3873 2037 3953; x_wconf 62' lang='lat' dir='ltr'>I_I_i_erpn.</span> <span class='ocrx_word' id='word_1_524' title='bbox 2083 3874 2138 3927; x_wconf 91' lang='lat' dir='ltr'>in</span> 
     </span>
    </p>
   </div>
   <div class='ocr_carea' id='block_1_65' title="bbox 552 3944 2135 4019">
    <p class='ocr_par' dir='ltr' id='par_1_65' title="bbox 552 3944 2135 4019">
     <span class='ocr_line' id='line_1_66' title="bbox 552 3944 2135 4019; baseline -0.003 -15"><span class='ocrx_word' id='word_1_525' title='bbox 552 3966 670 4019; x_wconf 91' lang='lat' dir='ltr'>cap.</span> <span class='ocrx_word' id='word_1_526' title='bbox 722 3962 827 4019; x_wconf 74' lang='lat' dir='ltr'>vin</span> <span class='ocrx_word' id='word_1_527' title='bbox 864 3944 1121 4019; x_wconf 66' lang='lat' dir='ltr'>Danielis.</span> <span class='ocrx_word' id='word_1_528' title='bbox 1170 3944 1585 4019; x_wconf 26' lang='lat' dir='ltr'>Josephus,‘li‘b.</span> <span class='ocrx_word' id='word_1_529' title='bbox 1630 3958 1710 4019; x_wconf 73' lang='lat' dir='ltr'>vit</span> <span class='ocrx_word' id='word_1_530' title='bbox 1753 3944 1901 4019; x_wconf 71' lang='lat' dir='ltr'>Belli</span> <span class='ocrx_word' id='word_1_531' title='bbox 1927 3944 2052 4019; x_wconf 78' lang='lat' dir='ltr'>Jud.</span> <span class='ocrx_word' id='word_1_532' title='bbox 2085 3961 2135 3999; x_wconf 92' lang='lat' dir='ltr'>c.</span> 
     </span>
    </p>
   </div>
   <div class='ocr_carea' id='block_1_66' title="bbox 552 4009 2137 4089">
    <p class='ocr_par' dir='ltr' id='par_1_66' title="bbox 552 4009 2137 4089">
     <span class='ocr_line' id='line_1_67' title="bbox 552 4009 2137 4089; baseline -0.004 -15"><span class='ocrx_word' id='word_1_533' title='bbox 552 4009 723 4085; x_wconf 46' lang='lat' dir='ltr'>8,.rbv</span> <span class='ocrx_word' id='word_1_534' title='bbox 753 4016 1095 4089; x_wconf 65' lang='grc' dir='ltr'>ἐνδελεχῳμὸν</span> <span class='ocrx_word' id='word_1_535' title='bbox 1129 4009 1419 4086; x_wconf 60' lang='grc' dir='ltr'>καλούμενον</span> <span class='ocrx_word' id='word_1_536' title='bbox 1450 4009 1637 4084; x_wconf 66' lang='grc' dir='ltr'>ἀνδρῶν</span> <span class='ocrx_word' id='word_1_537' title='bbox 1668 4014 1848 4085; x_wconf 66' lang='grc' dir='ltr'>ἀπορίᾳ</span> <span class='ocrx_word' id='word_1_538' title='bbox 1886 4015 2137 4068; x_wconf 84' lang='grc' dir='ltr'>διαλελοι-</span> 
     </span>
    </p>
   </div>
   <div class='ocr_carea' id='block_1_67' title="bbox 549 4088 1091 4164">
    <p class='ocr_par' dir='ltr' id='par_1_67' title="bbox 549 4088 1091 4164">
     <span class='ocr_line' id='line_1_68' title="bbox 549 4088 1091 4164; baseline -0.007 -20"><span class='ocrx_word' id='word_1_539' title='bbox 549 4094 689 4145; x_wconf 79' lang='grc' dir='ltr'>πέναι</span> <span class='ocrx_word' id='word_1_540' title='bbox 711 4098 784 4164; x_wconf 81' lang='grc' dir='ltr'>τῷ</span> <span class='ocrx_word' id='word_1_541' title='bbox 940 4088 1091 4164; x_wconf 32' lang='lat' dir='ltr'>lini.</span> 
     </span>
    </p>
   </div>
   <div class='ocr_carea' id='block_1_68' title="bbox 618 4156 2134 4233">
    <p class='ocr_par' dir='ltr' id='par_1_68' title="bbox 618 4156 2134 4233">
     <span class='ocr_line' id='line_1_69' title="bbox 618 4156 2134 4233; baseline -0.002 -16"><span class='ocrx_word' id='word_1_542' title='bbox 618 4164 732 4233; x_wconf 81' lang='grc'>(43)</span> <span class='ocrx_word' id='word_1_543' title='bbox 754 4156 1007 4233; x_wconf 79' lang='lat' dir='ltr'>Rubellio</span> <span class='ocrx_word' id='word_1_544' title='bbox 1036 4158 1261 4215; x_wconf 84' lang='lat' dir='ltr'>Gemino</span> <span class='ocrx_word' id='word_1_545' title='bbox 1285 4157 1761 4233; x_wconf 69' lang='lat' dir='ltr'>RuﬁnoGemino.</span> <span class='ocrx_word' id='word_1_546' title='bbox 1788 4156 1876 4233; x_wconf 80' lang='lat' dir='ltr'>Sic</span> <span class='ocrx_word' id='word_1_547' title='bbox 1890 4156 2134 4233; x_wconf 67' lang='lat' dir='ltr'>ediderat</span> 
     </span>
    </p>
   </div>
   <div class='ocr_carea' id='block_1_69' title="bbox 546 4227 2130 4299">
    <p class='ocr_par' dir='ltr' id='par_1_69' title="bbox 546 4227 2130 4299">
     <span class='ocr_line' id='line_1_70' title="bbox 546 4227 2130 4299; baseline -0.003 -11"><span class='ocrx_word' id='word_1_548' title='bbox 546 4227 844 4289; x_wconf 81' lang='lat' dir='ltr'>Rhenanus</span> <span class='ocrx_word' id='word_1_549' title='bbox 871 4232 1108 4286; x_wconf 81' lang='lat' dir='ltr'>editione</span> <span class='ocrx_word' id='word_1_550' title='bbox 1138 4229 1391 4284; x_wconf 88' lang='lat' dir='ltr'>secunda.</span> <span class='ocrx_word' id='word_1_551' title='bbox 1424 4227 1601 4299; x_wconf 89' lang='lat' dir='ltr'>Prima</span> <span class='ocrx_word' id='word_1_552' title='bbox 1628 4236 1681 4283; x_wconf 90' lang='lat' dir='ltr'>et</span> <span class='ocrx_word' id='word_1_553' title='bbox 1712 4228 1891 4293; x_wconf 89' lang='lat' dir='ltr'>tertia,</span> <span class='ocrx_word' id='word_1_554' title='bbox 1934 4231 2130 4299; x_wconf 85' lang='lat' dir='ltr'>Ruﬁno</span> 
     </span>
    </p>
   </div>
   <div class='ocr_carea' id='block_1_70' title="bbox 552 4298 2129 4372">
    <p class='ocr_par' dir='ltr' id='par_1_70' title="bbox 552 4298 2129 4372">
     <span class='ocr_line' id='line_1_71' title="bbox 552 4298 2129 4372; baseline -0.004 -10"><span class='ocrx_word' id='word_1_555' title='bbox 552 4307 801 4362; x_wconf 81' lang='lat' dir='ltr'>Gemino.</span> <span class='ocrx_word' id='word_1_556' title='bbox 846 4305 1006 4359; x_wconf 86' lang='lat' dir='ltr'>Varia</span> <span class='ocrx_word' id='word_1_557' title='bbox 1045 4302 1098 4355; x_wconf 89' lang='lat' dir='ltr'>in</span> <span class='ocrx_word' id='word_1_558' title='bbox 1143 4300 1297 4372; x_wconf 78' lang='lat' dir='ltr'>libris</span> <span class='ocrx_word' id='word_1_559' title='bbox 1323 4298 1579 4372; x_wconf 81' lang='lat' dir='ltr'>antiquis</span> <span class='ocrx_word' id='word_1_560' title='bbox 1598 4300 1814 4372; x_wconf 84' lang='lat' dir='ltr'>_ltorum</span> <span class='ocrx_word' id='word_1_561' title='bbox 1844 4298 2129 4355; x_wconf 90' lang='lat' dir='ltr'>nominum</span> 
     </span>
    </p>
   </div>
   <div class='ocr_carea' id='block_1_71' title="bbox 545 4370 2126 4448">
    <p class='ocr_par' dir='ltr' id='par_1_71' title="bbox 545 4370 2126 4448">
     <span class='ocr_line' id='line_1_72' title="bbox 545 4370 2126 4448; baseline -0.004 -17"><span class='ocrx_word' id='word_1_562' title='bbox 545 4380 808 4448; x_wconf 89' lang='lat' dir='ltr'>scriptura</span> <span class='ocrx_word' id='word_1_563' title='bbox 836 4392 861 4448; x_wconf 88' lang='lat'>_:</span> <span class='ocrx_word' id='word_1_564' title='bbox 892 4372 1034 4448; x_wconf 78' lang='lat' dir='ltr'>Fasti</span> <span class='ocrx_word' id='word_1_565' title='bbox 1086 4370 1287 4448; x_wconf 79' lang='lat' dir='ltr'>S_icu_1i,</span> <span class='ocrx_word' id='word_1_566' title='bbox 1320 4370 1491 4427; x_wconf 59' lang='lat' dir='ltr'>Rufo&#39;</span> <span class='ocrx_word' id='word_1_567' title='bbox 1515 4380 1567 4448; x_wconf 75' lang='lat' dir='ltr'>et</span> <span class='ocrx_word' id='word_1_568' title='bbox 1596 4370 1879 4448; x_wconf 60' lang='lat' dir='ltr'>Rubellinp</span> <span class='ocrx_word' id='word_1_569' title='bbox 1914 4388 1926 4427; x_wconf 94' lang='lat'><strong>:</strong></span> <span class='ocrx_word' id='word_1_570' title='bbox 1961 4371 2126 4448; x_wconf 62' lang='lat' dir='ltr'>Capi-</span> 
     </span>
    </p>
   </div>
   <div class='ocr_carea' id='block_1_72' title="bbox 545 4440 2126 4515">
    <p class='ocr_par' dir='ltr' id='par_1_72' title="bbox 545 4440 2126 4515">
     <span class='ocr_line' id='line_1_73' title="bbox 545 4440 2126 4515; baseline -0.003 -13"><span class='ocrx_word' id='word_1_571' title='bbox 545 4440 717 4515; x_wconf 82' lang='lat' dir='ltr'>tolirii,</span> <span class='ocrx_word' id='word_1_572' title='bbox 750 4445 998 4502; x_wconf 85' lang='lat' dir='ltr'>Rubellio</span> <span class='ocrx_word' id='word_1_573' title='bbox 1028 4452 1080 4497; x_wconf 90' lang='lat' dir='ltr'>et</span> <span class='ocrx_word' id='word_1_574' title='bbox 1108 4442 1291 4515; x_wconf 83' lang='lat' dir='ltr'>Fuﬁo,</span> <span class='ocrx_word' id='word_1_575' title='bbox 1332 4440 1605 4515; x_wconf 81' lang='lat' dir='ltr'>quomde</span> <span class='ocrx_word' id='word_1_576' title='bbox 1644 4450 1697 4515; x_wconf 83' lang='lat' dir='ltr'>et</span> <span class='ocrx_word' id='word_1_577' title='bbox 1737 4441 1971 4515; x_wconf 65' lang='lat' dir='ltr'>Tacitus.</span> <span class='ocrx_word' id='word_1_578' title='bbox 2006 4440 2126 4499; x_wconf 83' lang='lat' dir='ltr'>Sul-</span> 
     </span>
    </p>
   </div>
   <div class='ocr_carea' id='block_1_73' title="bbox 543 4513 2125 4588">
    <p class='ocr_par' dir='ltr' id='par_1_73' title="bbox 543 4513 2125 4588">
     <span class='ocr_line' id='line_1_74' title="bbox 543 4513 2125 4588; baseline -0.001 -17"><span class='ocrx_word' id='word_1_579' title='bbox 543 4513 710 4588; x_wconf 87' lang='lat' dir='ltr'>pitins</span> <span class='ocrx_word' id='word_1_580' title='bbox 734 4519 986 4581; x_wconf 84' lang='lat' dir='ltr'>Séverus,</span> <span class='ocrx_word' id='word_1_581' title='bbox 1032 4513 1320 4588; x_wconf 65' lang='lat' dir='ltr'>Rubellio;</span> <span class='ocrx_word' id='word_1_582' title='bbox 1353 4513 1441 4588; x_wconf 79' lang='lat' dir='ltr'>alii</span> <span class='ocrx_word' id='word_1_583' title='bbox 1488 4513 1830 4588; x_wconf 76' lang='lat' dir='ltr'>Rubellione.</span> <span class='ocrx_word' id='word_1_584' title='bbox 1857 4513 2003 4588; x_wconf 72' lang='lat' dir='ltr'>Sunt</span> <span class='ocrx_word' id='word_1_585' title='bbox 2034 4516 2125 4585; x_wconf 90' lang='lat' dir='ltr'>qui</span> 
     </span>
    </p>
   </div>
   <div class='ocr_carea' id='block_1_74' title="bbox 540 4583 2125 4651">
    <p class='ocr_par' dir='ltr' id='par_1_74' title="bbox 540 4583 2125 4651">
     <span class='ocr_line' id='line_1_75' title="bbox 540 4583 2125 4651; baseline -0.002 -8"><span class='ocrx_word' id='word_1_586' title='bbox 540 4583 753 4645; x_wconf 79' lang='lat' dir='ltr'>duobus</span> <span class='ocrx_word' id='word_1_587' title='bbox 784 4588 1047 4645; x_wconf 87' lang='lat' dir='ltr'>Geminis.</span> <span class='ocrx_word' id='word_1_588' title='bbox 1078 4585 1221 4640; x_wconf 88' lang='lat' dir='ltr'>Fasti</span> <span class='ocrx_word' id='word_1_589' title='bbox 1254 4585 1455 4651; x_wconf 90' lang='lat' dir='ltr'>Siculi,</span> <span class='ocrx_word' id='word_1_590' title='bbox 1487 4583 1716 4641; x_wconf 90' lang='lat' dir='ltr'>Gemino</span> <span class='ocrx_word' id='word_1_591' title='bbox 1763 4592 1817 4639; x_wconf 89' lang='lat' dir='ltr'>et</span> <span class='ocrx_word' id='word_1_592' title='bbox 1847 4583 2080 4640; x_wconf 85' lang='lat' dir='ltr'>Gemino</span> <span class='ocrx_word' id='word_1_593' title='bbox 2113 4605 2125 4643; x_wconf 89' lang='lat'>:</span> 
     </span>
    </p>
   </div>
   <div class='ocr_carea' id='block_1_75' title="bbox 538 4655 2130 4730">
    <p class='ocr_par' dir='ltr' id='par_1_75' title="bbox 538 4655 2130 4730">
     <span class='ocr_line' id='line_1_76' title="bbox 538 4655 2130 4730; baseline -0.003 -15"><span class='ocrx_word' id='word_1_594' title='bbox 538 4677 664 4718; x_wconf 90' lang='lat' dir='ltr'>mox</span> <span class='ocrx_word' id='word_1_595' title='bbox 718 4659 1074 4730; x_wconf 86' lang='lat' dir='ltr'>subjunctim,</span> <span class='ocrx_word' id='word_1_596' title='bbox 1125 4655 1268 4730; x_wconf 78' lang='lat' dir='ltr'>Rufo</span> <span class='ocrx_word' id='word_1_597' title='bbox 1310 4668 1363 4711; x_wconf 90' lang='lat' dir='ltr'>et</span> <span class='ocrx_word' id='word_1_598' title='bbox 1420 4655 1725 4730; x_wconf 73' lang='lat' dir='ltr'>Rubellino.</span> <span class='ocrx_word' id='word_1_599' title='bbox 1783 4656 1937 4730; x_wconf 66' lang='lat' dir='ltr'>[Inde</span> <span class='ocrx_word' id='word_1_600' title='bbox 1974 4665 2130 4730; x_wconf 69' lang='lat' dir='ltr'>natus</span> 
     </span>
    </p>
   </div>
   <div class='ocr_carea' id='block_1_76' title="bbox 535 4726 2127 4789">
    <p class='ocr_par' dir='ltr' id='par_1_76' title="bbox 535 4726 2127 4789">
     <span class='ocr_line' id='line_1_77' title="bbox 535 4726 2127 4789; baseline -0.003 -2"><span class='ocrx_word' id='word_1_601' title='bbox 535 4748 714 4789; x_wconf 87' lang='lat' dir='ltr'>errror</span> <span class='ocrx_word' id='word_1_602' title='bbox 752 4726 1174 4786; x_wconf 79' lang='lat' dir='ltr'>existimantium</span> <span class='ocrx_word' id='word_1_603' title='bbox 1206 4728 1416 4783; x_wconf 89' lang='lat' dir='ltr'>duobus</span> <span class='ocrx_word' id='word_1_604' title='bbox 1449 4726 1695 4782; x_wconf 90' lang='lat' dir='ltr'>Geminis</span> <span class='ocrx_word' id='word_1_605' title='bbox 1723 4726 1979 4783; x_wconf 82' lang='lat' dir='ltr'>suffectos</span> <span class='ocrx_word' id='word_1_606' title='bbox 2016 4728 2127 4783; x_wconf 90' lang='lat' dir='ltr'>Ru-</span> 
     </span>
    </p>
   </div>
   <div class='ocr_carea' id='block_1_77' title="bbox 534 4798 2123 4869">
    <p class='ocr_par' dir='ltr' id='par_1_77' title="bbox 534 4798 2123 4869">
     <span class='ocr_line' id='line_1_78' title="bbox 534 4798 2123 4869; baseline -0.003 -12"><span class='ocrx_word' id='word_1_607' title='bbox 534 4804 653 4859; x_wconf 89' lang='lat' dir='ltr'>fum</span> <span class='ocrx_word' id='word_1_608' title='bbox 683 4813 735 4859; x_wconf 91' lang='lat' dir='ltr'>et</span> <span class='ocrx_word' id='word_1_609' title='bbox 758 4803 1099 4858; x_wconf 88' lang='lat' dir='ltr'>Rubellinum</span> <span class='ocrx_word' id='word_1_610' title='bbox 1133 4821 1144 4857; x_wconf 90' lang='lat'><strong>:</strong></span> <span class='ocrx_word' id='word_1_611' title='bbox 1194 4816 1314 4853; x_wconf 92' lang='lat' dir='ltr'>cum</span> <span class='ocrx_word' id='word_1_612' title='bbox 1365 4801 1467 4853; x_wconf 90' lang='lat' dir='ltr'>hoc</span> <span class='ocrx_word' id='word_1_613' title='bbox 1498 4799 1629 4852; x_wconf 88' lang='lat' dir='ltr'>nihil</span> <span class='ocrx_word' id='word_1_614' title='bbox 1673 4799 1742 4853; x_wconf 90' lang='lat' dir='ltr'>sit</span> <span class='ocrx_word' id='word_1_615' title='bbox 1790 4798 1934 4853; x_wconf 88' lang='lat' dir='ltr'>aliud</span> <span class='ocrx_word' id='word_1_616' title='bbox 1962 4815 2123 4869; x_wconf 91' lang='lat' dir='ltr'>quam</span> 
     </span>
    </p>
   </div>
   <div class='ocr_carea' id='block_1_78' title="bbox 533 4869 2119 4937">
    <p class='ocr_par' dir='ltr' id='par_1_78' title="bbox 533 4869 2119 4937">
     <span class='ocr_line' id='line_1_79' title="bbox 533 4869 2119 4937; baseline -0.001 -10"><span class='ocrx_word' id='word_1_617' title='bbox 533 4875 743 4929; x_wconf 83' lang='lat' dir='ltr'>duobus</span> <span class='ocrx_word' id='word_1_618' title='bbox 774 4873 1040 4937; x_wconf 88' lang='lat' dir='ltr'>Geminis,</span> <span class='ocrx_word' id='word_1_619' title='bbox 1076 4875 1176 4926; x_wconf 90' lang='lat' dir='ltr'>hoc</span> <span class='ocrx_word' id='word_1_620' title='bbox 1205 4880 1306 4936; x_wconf 91' lang='lat' dir='ltr'>est,</span> <span class='ocrx_word' id='word_1_621' title='bbox 1340 4871 1400 4925; x_wconf 91' lang='lat' dir='ltr'>C.</span> <span class='ocrx_word' id='word_1_622' title='bbox 1434 4870 1675 4924; x_wconf 82' lang='lat' dir='ltr'>Rubellio</span> <span class='ocrx_word' id='word_1_623' title='bbox 1705 4869 1935 4925; x_wconf 90' lang='lat' dir='ltr'>Gemino</span> <span class='ocrx_word' id='word_1_624' title='bbox 1975 4881 2028 4924; x_wconf 82' lang='lat' dir='ltr'>et</span> <span class='ocrx_word' id='word_1_625' title='bbox 2059 4872 2119 4926; x_wconf 88' lang='lat' dir='ltr'>C.</span> 
     </span>
    </p>
   </div>
   <div class='ocr_carea' id='block_1_79' title="bbox 532 4940 2117 5010">
    <p class='ocr_par' dir='ltr' id='par_1_79' title="bbox 532 4940 2117 5010">
     <span class='ocr_line' id='line_1_80' title="bbox 532 4940 2117 5010; baseline -0.002 -11"><span class='ocrx_word' id='word_1_626' title='bbox 532 4946 690 4999; x_wconf 86' lang='lat' dir='ltr'>Fufio</span> <span class='ocrx_word' id='word_1_627' title='bbox 740 4944 993 4999; x_wconf 81' lang='lat' dir='ltr'>Gemino.</span> <span class='ocrx_word' id='word_1_628' title='bbox 1045 4942 1133 4997; x_wconf 88' lang='lat' dir='ltr'>Sic</span> <span class='ocrx_word' id='word_1_629' title='bbox 1180 4941 1615 4997; x_wconf 83' lang='lat' dir='ltr'>manifestissime</span> <span class='ocrx_word' id='word_1_630' title='bbox 1661 4942 1811 5010; x_wconf 88' lang='lat' dir='ltr'>apud</span> <span class='ocrx_word' id='word_1_631' title='bbox 1856 4940 2117 5010; x_wconf 91' lang='lat' dir='ltr'>Tacitum,</span> 
     </span>
    </p>
   </div>
   <div class='ocr_carea' id='block_1_80' title="bbox 530 5011 2113 5082">
    <p class='ocr_par' dir='ltr' id='par_1_80' title="bbox 530 5011 2113 5082">
     <span class='ocr_line' id='line_1_81' title="bbox 530 5011 2113 5082; baseline 0 -15"><span class='ocrx_word' id='word_1_632' title='bbox 530 5015 684 5069; x_wconf 91' lang='lat' dir='ltr'>initio</span> <span class='ocrx_word' id='word_1_633' title='bbox 731 5016 820 5070; x_wconf 81' lang='lat' dir='ltr'>Im.</span> <span class='ocrx_word' id='word_1_634' title='bbox 862 5031 893 5070; x_wconf 91' lang='lat' dir='ltr'>v</span> <span class='ocrx_word' id='word_1_635' title='bbox 950 5034 960 5068; x_wconf 91' lang='lat'>:</span> <span class='ocrx_word' id='word_1_636' title='bbox 1001 5035 1023 5066; x_wconf 69' lang='lat' dir='ltr'>cz</span> <span class='ocrx_word' id='word_1_637' title='bbox 1058 5012 1325 5079; x_wconf 80' lang='lat' dir='ltr'>Rubellio,</span> <span class='ocrx_word' id='word_1_638' title='bbox 1388 5013 1578 5082; x_wconf 89' lang='lat' dir='ltr'>inquit,</span> <span class='ocrx_word' id='word_1_639' title='bbox 1612 5020 1666 5067; x_wconf 90' lang='lat' dir='ltr'>et</span> <span class='ocrx_word' id='word_1_640' title='bbox 1709 5011 1860 5067; x_wconf 88' lang='lat' dir='ltr'>Fuﬁo</span> <span class='ocrx_word' id='word_1_641' title='bbox 1909 5029 2050 5067; x_wconf 85' lang='lat' dir='ltr'>coss.</span> <span class='ocrx_word' id='word_1_642' title='bbox 2089 5034 2113 5067; x_wconf 71' lang='grc' dir='ltr'><strong>υ</strong></span> 
     </span>
    </p>
   </div>
   <div class='ocr_carea' id='block_1_81' title="bbox 528 5084 2042 5156">
    <p class='ocr_par' dir='ltr' id='par_1_81' title="bbox 528 5084 2042 5156">
     <span class='ocr_line' id='line_1_82' title="bbox 528 5084 2042 5156; baseline -0.001 -17"><span class='ocrx_word' id='word_1_643' title='bbox 528 5102 757 5156; x_wconf 90' lang='lat' dir='ltr'>quorum</span> <span class='ocrx_word' id='word_1_644' title='bbox 778 5085 989 5156; x_wconf 74' lang='lat' dir='ltr'>utrique</span> <span class='ocrx_word' id='word_1_645' title='bbox 1019 5084 1278 5140; x_wconf 90' lang='lat' dir='ltr'>Geminus</span> <span class='ocrx_word' id='word_1_646' title='bbox 1304 5093 1719 5155; x_wconf 76' lang='lat' dir='ltr'>cognomentum</span> <span class='ocrx_word' id='word_1_647' title='bbox 1752 5094 1888 5140; x_wconf 90' lang='lat' dir='ltr'>erat.</span> <span class='ocrx_word' id='word_1_648' title='bbox 1919 5085 2042 5140; x_wconf 83' lang='lat' dir='ltr'>th.</span> 
     </span>
    </p>
   </div>
   <div class='ocr_carea' id='block_1_82' title="bbox 599 5156 2115 5281">
    <p class='ocr_par' dir='ltr' id='par_1_82' title="bbox 599 5156 2115 5281">
     <span class='ocr_line' id='line_1_83' title="bbox 599 5156 2115 5281; baseline 0.001 -70"><span class='ocrx_word' id='word_1_649' title='bbox 599 5160 715 5281; x_wconf 59' lang='grc'>(44)</span> <span class='ocrx_word' id='word_1_650' title='bbox 737 5160 833 5214; x_wconf 80' lang='lat' dir='ltr'>Die</span> <span class='ocrx_word' id='word_1_651' title='bbox 858 5158 1049 5228; x_wconf 81' lang='lat' dir='ltr'>prima</span> <span class='ocrx_word' id='word_1_652' title='bbox 1071 5156 1681 5227; x_wconf 68' lang='lat' dir='ltr'>azymorum.Nondum</span> <span class='ocrx_word' id='word_1_653' title='bbox 1696 5156 1942 5209; x_wconf 86' lang='lat' dir='ltr'>assentiri</span> <span class='ocrx_word' id='word_1_654' title='bbox 1962 5159 2115 5227; x_wconf 90' lang='lat' dir='ltr'>potui</span> 
     </span>
     <span class='ocr_line' id='line_1_84' title="bbox 605 5227 2113 5281; baseline 0 0"><span class='ocrx_word' id='word_1_655' title='bbox 605 5245 689 5281; x_wconf 90' lang='lat' dir='ltr'>me</span> <span class='ocrx_word' id='word_1_656' title='bbox 715 5232 784 5281; x_wconf 90' lang='lat' dir='ltr'>io.</span> <span class='ocrx_word' id='word_1_657' title='bbox 818 5230 910 5281; x_wconf 86' lang='lat' dir='ltr'>oui</span> <span class='ocrx_word' id='word_1_658' title='bbox 930 5245 994 5281; x_wconf 87' lang='lat' dir='ltr'>ex</span> <span class='ocrx_word' id='word_1_659' title='bbox 1017 5228 1118 5281; x_wconf 94' lang='lat' dir='ltr'>hoc</span> <span class='ocrx_word' id='word_1_660' title='bbox 1148 5238 1267 5281; x_wconf 91' lang='lat' dir='ltr'>loco</span> <span class='ocrx_word' id='word_1_661' title='bbox 1296 5227 1517 5281; x_wconf 88' lang='lat' dir='ltr'>nrobari</span> <span class='ocrx_word' id='word_1_662' title='bbox 1539 5243 1692 5281; x_wconf 90' lang='lat' dir='ltr'>nosse</span> <span class='ocrx_word' id='word_1_663' title='bbox 1724 5227 2113 5281; x_wconf 83' lang='lat' dir='ltr'>existimatEc-</span> 
     </span>
    </p>
   </div>
   <div class='ocr_carea' id='block_1_83' title="bbox 526 5227 2113 5299">
    <p class='ocr_par' dir='ltr' id='par_1_83' title="bbox 526 5227 2113 5299">
     <span class='ocr_line' id='line_1_85' title="bbox 526 5227 2113 5299; baseline 0.003 -18"><span class='ocrx_word' id='word_1_664' title='bbox 526 5227 784 5295; x_wconf 90' lang='lat' dir='ltr'>Pamelio,</span> <span class='ocrx_word' id='word_1_665' title='bbox 818 5227 910 5299; x_wconf 83' lang='lat' dir='ltr'>qui</span> <span class='ocrx_word' id='word_1_666' title='bbox 930 5245 994 5283; x_wconf 88' lang='lat' dir='ltr'>ex</span> <span class='ocrx_word' id='word_1_667' title='bbox 1017 5228 1120 5287; x_wconf 83' lang='lat' dir='ltr'>hoc</span> <span class='ocrx_word' id='word_1_668' title='bbox 1148 5238 1267 5282; x_wconf 92' lang='lat' dir='ltr'>loco</span> <span class='ocrx_word' id='word_1_669' title='bbox 1296 5227 1517 5299; x_wconf 89' lang='lat' dir='ltr'>probari</span> <span class='ocrx_word' id='word_1_670' title='bbox 1539 5243 1692 5296; x_wconf 90' lang='lat' dir='ltr'>posse</span> <span class='ocrx_word' id='word_1_671' title='bbox 1724 5227 2113 5299; x_wconf 81' lang='lat' dir='ltr'>existimatEc-</span> 
     </span>
    </p>
   </div>
   <div class='ocr_carea' id='block_1_84' title="bbox 524 5298 2114 5370">
    <p class='ocr_par' dir='ltr' id='par_1_84' title="bbox 524 5298 2114 5370">
     <span class='ocr_line' id='line_1_86' title="bbox 524 5298 2114 5370; baseline 0 -15"><span class='ocrx_word' id='word_1_672' title='bbox 524 5299 705 5355; x_wconf 70' lang='lat' dir='ltr'>clesiaa</span> <span class='ocrx_word' id='word_1_673' title='bbox 746 5298 943 5355; x_wconf 80' lang='lat' dir='ltr'>nostrae</span> <span class='ocrx_word' id='word_1_674' title='bbox 975 5299 1137 5353; x_wconf 89' lang='lat' dir='ltr'>ritum</span> <span class='ocrx_word' id='word_1_675' title='bbox 1167 5314 1274 5369; x_wconf 90' lang='lat' dir='ltr'>quo</span> <span class='ocrx_word' id='word_1_676' title='bbox 1300 5298 1445 5369; x_wconf 38' lang='lat' dir='ltr'>’paue</span> <span class='ocrx_word' id='word_1_677' title='bbox 1473 5298 1870 5370; x_wconf 85' lang='lat' dir='ltr'>azymoChristi</span> <span class='ocrx_word' id='word_1_678' title='bbox 1899 5299 2114 5355; x_wconf 88' lang='lat' dir='ltr'>Domini</span> 
     </span>
    </p>
   </div>
   <div class='ocr_carea' id='block_1_85' title="bbox 519 5370 2112 5443">
    <p class='ocr_par' dir='ltr' id='par_1_85' title="bbox 519 5370 2112 5443">
     <span class='ocr_line' id='line_1_87' title="bbox 519 5370 2112 5443; baseline -0.001 -16"><span class='ocrx_word' id='word_1_679' title='bbox 519 5387 721 5443; x_wconf 91' lang='lat' dir='ltr'>corpus</span> <span class='ocrx_word' id='word_1_680' title='bbox 768 5374 822 5427; x_wconf 91' lang='lat' dir='ltr'>in</span> <span class='ocrx_word' id='word_1_681' title='bbox 870 5370 1201 5425; x_wconf 82' lang='lat' dir='ltr'>Eucharistia</span> <span class='ocrx_word' id='word_1_682' title='bbox 1231 5370 1531 5427; x_wconf 85' lang='lat' dir='ltr'>conﬁcitur.</span> <span class='ocrx_word' id='word_1_683' title='bbox 1562 5370 1895 5443; x_wconf 34' lang='lat' dir='ltr'>Estouenim,</span> <span class='ocrx_word' id='word_1_684' title='bbox 1923 5373 2112 5439; x_wconf 87' lang='lat' dir='ltr'>jusse-</span> 
     </span>
    </p>
   </div>
   <div class='ocr_carea' id='block_1_86' title="bbox 518 5440 2113 5520">
    <p class='ocr_par' dir='ltr' id='par_1_86' title="bbox 518 5440 2113 5520">
     <span class='ocr_line' id='line_1_88' title="bbox 518 5440 2113 5520; baseline 0 -22"><span class='ocrx_word' id='word_1_685' title='bbox 518 5445 587 5520; x_wconf 83' lang='lat' dir='ltr'>_r_i_t</span> <span class='ocrx_word' id='word_1_686' title='bbox 619 5440 804 5501; x_wconf 78' lang='lat' dir='ltr'>Moses</span> <span class='ocrx_word' id='word_1_687' title='bbox 837 5444 1034 5512; x_wconf 75' lang='lat' dir='ltr'>(Exod.</span> <span class='ocrx_word' id='word_1_688' title='bbox 1068 5443 1176 5520; x_wconf 67' lang='lat' dir='ltr'>xit)</span> <span class='ocrx_word' id='word_1_689' title='bbox 1216 5450 1274 5498; x_wconf 92' lang='lat' dir='ltr'>ut</span> <span class='ocrx_word' id='word_1_690' title='bbox 1303 5457 1442 5520; x_wconf 84' lang='lat' dir='ltr'>pane</span> <span class='ocrx_word' id='word_1_691' title='bbox 1469 5457 1656 5520; x_wconf 67' lang='lat' dir='ltr'>azymo</span> <span class='ocrx_word' id='word_1_692' title='bbox 1687 5440 1753 5520; x_wconf 81' lang='lat' dir='ltr'>iis</span> <span class='ocrx_word' id='word_1_693' title='bbox 1775 5442 1962 5520; x_wconf 75' lang='lat' dir='ltr'>diebus</span> <span class='ocrx_word' id='word_1_694' title='bbox 1998 5446 2113 5514; x_wconf 91' lang='lat' dir='ltr'>qui-</span> 
     </span>
    </p>
   </div>
   <div class='ocr_carea' id='block_1_87' title="bbox 515 5513 2107 5583">
    <p class='ocr_par' dir='ltr' id='par_1_87' title="bbox 515 5513 2107 5583">
     <span class='ocr_line' id='line_1_89' title="bbox 515 5513 2107 5583; baseline -0.001 -13"><span class='ocrx_word' id='word_1_695' title='bbox 515 5515 649 5572; x_wconf 91' lang='lat' dir='ltr'>libet</span> <span class='ocrx_word' id='word_1_696' title='bbox 681 5524 961 5581; x_wconf 89' lang='lat' dir='ltr'>uteretur,</span> <span class='ocrx_word' id='word_1_697' title='bbox 993 5530 1060 5568; x_wconf 91' lang='lat' dir='ltr'>an</span> <span class='ocrx_word' id='word_1_698' title='bbox 1105 5514 1227 5567; x_wconf 91' lang='lat' dir='ltr'>ideo</span> <span class='ocrx_word' id='word_1_699' title='bbox 1292 5514 1544 5583; x_wconf 81' lang='lat' dir='ltr'>probatur</span> <span class='ocrx_word' id='word_1_700' title='bbox 1588 5513 1843 5569; x_wconf 69' lang='lat' dir='ltr'>Ecclesiae</span> <span class='ocrx_word' id='word_1_701' title='bbox 1874 5513 2107 5569; x_wconf 89' lang='lat' dir='ltr'>consuc-</span> 
     </span>
    </p>
   </div>
   <div class='ocr_carea' id='block_1_88' title="bbox 518 5584 2107 5656">
    <p class='ocr_par' dir='ltr' id='par_1_88' title="bbox 518 5584 2107 5656">
     <span class='ocr_line' id='line_1_90' title="bbox 518 5584 2107 5656; baseline 0.001 -15"><span class='ocrx_word' id='word_1_702' title='bbox 518 5588 698 5647; x_wconf 83' lang='lat' dir='ltr'>tudo?</span> <span class='ocrx_word' id='word_1_703' title='bbox 728 5590 786 5642; x_wconf 90' lang='lat' dir='ltr'>In</span> <span class='ocrx_word' id='word_1_704' title='bbox 834 5603 935 5643; x_wconf 92' lang='lat' dir='ltr'>usu</span> <span class='ocrx_word' id='word_1_705' title='bbox 980 5586 1107 5641; x_wconf 91' lang='lat' dir='ltr'>olim</span> <span class='ocrx_word' id='word_1_706' title='bbox 1156 5584 1323 5641; x_wconf 86' lang='lat' dir='ltr'>fuisse</span> <span class='ocrx_word' id='word_1_707' title='bbox 1362 5584 1738 5656; x_wconf 75' lang='lat' dir='ltr'>fermentatum</span> <span class='ocrx_word' id='word_1_708' title='bbox 1796 5598 1994 5656; x_wconf 91' lang='lat' dir='ltr'>panem</span> <span class='ocrx_word' id='word_1_709' title='bbox 2039 5585 2107 5643; x_wconf 89' lang='lat' dir='ltr'>ad</span> 
     </span>
    </p>
   </div>
   <div class='ocr_carea' id='block_1_89' title="bbox 514 5654 2108 5735">
    <p class='ocr_par' dir='ltr' id='par_1_89' title="bbox 514 5654 2108 5735">
     <span class='ocr_line' id='line_1_91' title="bbox 514 5654 2108 5735; baseline 0.003 -23"><span class='ocrx_word' id='word_1_710' title='bbox 514 5672 671 5714; x_wconf 87' lang='lat' dir='ltr'>sacra</span> <span class='ocrx_word' id='word_1_711' title='bbox 698 5658 949 5718; x_wconf 79' lang='lat' dir='ltr'>facienda</span> <span class='ocrx_word' id='word_1_712' title='bbox 993 5665 1187 5735; x_wconf 88' lang='lat' dir='ltr'>putant</span> <span class='ocrx_word' id='word_1_713' title='bbox 1228 5654 1382 5715; x_wconf 88' lang='lat' dir='ltr'>multi</span> <span class='ocrx_word' id='word_1_714' title='bbox 1417 5672 1431 5729; x_wconf 85' lang='lat'><strong>;</strong></span> <span class='ocrx_word' id='word_1_715' title='bbox 1463 5672 1568 5732; x_wconf 88' lang='lat' dir='ltr'>qua</span> <span class='ocrx_word' id='word_1_716' title='bbox 1604 5657 1672 5714; x_wconf 86' lang='lat' dir='ltr'>de</span> <span class='ocrx_word' id='word_1_717' title='bbox 1716 5672 1775 5715; x_wconf 90' lang='lat' dir='ltr'>re</span> <span class='ocrx_word' id='word_1_718' title='bbox 1798 5654 1978 5714; x_wconf 80' lang='lat' dir='ltr'>exstat</span> <span class='ocrx_word' id='word_1_719' title='bbox 2003 5658 2108 5717; x_wconf 83' lang='lat' dir='ltr'>ele-</span> 
     </span>
    </p>
   </div>
   <div class='ocr_carea' id='block_1_90' title="bbox 2295 2736 3856 2812">
    <p class='ocr_par' dir='ltr' id='par_1_90' title="bbox 2295 2736 3856 2812">
     <span class='ocr_line' id='line_1_92' title="bbox 2295 2736 3856 2812; baseline 0.004 -20"><span class='ocrx_word' id='word_1_720' title='bbox 2295 2754 2407 2812; x_wconf 11' lang='lat' dir='ltr'>aus,</span> <span class='ocrx_word' id='word_1_721' title='bbox 2444 2744 2703 2812; x_wconf 81' lang='lat' dir='ltr'>tractatus</span> <span class='ocrx_word' id='word_1_722' title='bbox 2754 2738 2820 2812; x_wconf 67' lang='grc' dir='ltr'>Β.</span> <span class='ocrx_word' id='word_1_723' title='bbox 2855 2737 2912 2792; x_wconf 89' lang='grc' dir='ltr'>Ρ.</span> <span class='ocrx_word' id='word_1_724' title='bbox 2978 2736 3164 2812; x_wconf 69' lang='lat' dir='ltr'>Jacobi</span> <span class='ocrx_word' id='word_1_725' title='bbox 3220 2736 3490 2793; x_wconf 89' lang='lat' dir='ltr'>Sirmondi</span> <span class='ocrx_word' id='word_1_726' title='bbox 3550 2742 3856 2812; x_wconf 68' lang='grc' dir='ltr'>μακαρίτου.</span> 
     </span>
    </p>
   </div>
   <div class='ocr_carea' id='block_1_91' title="bbox 2284 2808 3859 2883">
    <p class='ocr_par' dir='ltr' id='par_1_91' title="bbox 2284 2808 3859 2883">
     <span class='ocr_line' id='line_1_93' title="bbox 2284 2808 3859 2883; baseline 0.004 -20"><span class='ocrx_word' id='word_1_727' title='bbox 2284 2810 2317 2863; x_wconf 93' lang='lat' dir='ltr'>d</span> <span class='ocrx_word' id='word_1_728' title='bbox 2342 2810 2473 2883; x_wconf 76' lang='lat' dir='ltr'>olim</span> <span class='ocrx_word' id='word_1_729' title='bbox 2495 2808 2727 2883; x_wconf 85' lang='lat' dir='ltr'>conjecit</span> <span class='ocrx_word' id='word_1_730' title='bbox 2759 2809 3063 2883; x_wconf 82' lang='lat' dir='ltr'>Demetrius</span> <span class='ocrx_word' id='word_1_731' title='bbox 3085 2809 3462 2883; x_wconf 81' lang='lat' dir='ltr'>Chomatenus,</span> <span class='ocrx_word' id='word_1_732' title='bbox 3486 2808 3859 2883; x_wconf 82' lang='lat' dir='ltr'>archiepisco-</span> 
     </span>
    </p>
   </div>
   <div class='ocr_carea' id='block_1_92' title="bbox 2253 2880 3857 2954">
    <p class='ocr_par' dir='ltr' id='par_1_92' title="bbox 2253 2880 3857 2954">
     <span class='ocr_line' id='line_1_94' title="bbox 2253 2880 3857 2954; baseline 0.002 -18"><span class='ocrx_word' id='word_1_733' title='bbox 2253 2898 2358 2952; x_wconf 91' lang='lat' dir='ltr'>pus</span> <span class='ocrx_word' id='word_1_734' title='bbox 2410 2881 2702 2952; x_wconf 70' lang='lat' dir='ltr'>Bulgariae,</span> <span class='ocrx_word' id='word_1_735' title='bbox 2762 2881 2815 2935; x_wconf 92' lang='lat' dir='ltr'>in</span> <span class='ocrx_word' id='word_1_736' title='bbox 2866 2881 3049 2954; x_wconf 52' lang='lat' dir='ltr'>Resp.</span> <span class='ocrx_word' id='word_1_737' title='bbox 3083 2881 3149 2934; x_wconf 90' lang='lat' dir='ltr'>ad</span> <span class='ocrx_word' id='word_1_738' title='bbox 3187 2880 3502 2954; x_wconf 76' lang='lat' dir='ltr'>episcopum</span> <span class='ocrx_word' id='word_1_739' title='bbox 3546 2880 3857 2954; x_wconf 71' lang='lat' dir='ltr'>Dyrrachii,</span> 
     </span>
    </p>
   </div>
   <div class='ocr_carea' id='block_1_93' title="bbox 2253 2947 3861 3024">
    <p class='ocr_par' dir='ltr' id='par_1_93' title="bbox 2253 2947 3861 3024">
     <span class='ocr_line' id='line_1_95' title="bbox 2253 2947 3861 3024; baseline 0.001 -18"><span class='ocrx_word' id='word_1_740' title='bbox 2253 2947 2380 3006; x_wconf 77' lang='lat' dir='ltr'>dum</span> <span class='ocrx_word' id='word_1_741' title='bbox 2432 2947 2578 3008; x_wconf 41' lang='lat' dir='ltr'>ait“:</span> <span class='ocrx_word' id='word_1_742' title='bbox 2640 2958 2907 3005; x_wconf 81' lang='grc' dir='ltr'>Λατινυιῶν</span> <span class='ocrx_word' id='word_1_743' title='bbox 2972 2951 3162 3024; x_wconf 62' lang='grc' dir='ltr'>ἀζύμςιξν</span> <span class='ocrx_word' id='word_1_744' title='bbox 3217 2947 3636 3024; x_wconf 42' lang='grc' dir='ltr'>ὸὺδεὶς-οὖδαμόῦ</span> <span class='ocrx_word' id='word_1_745' title='bbox 3698 2947 3861 3010; x_wconf 58' lang='lat' dir='ltr'>iian</span> 
     </span>
    </p>
   </div>
   <div class='ocr_carea' id='block_1_94' title="bbox 2256 3021 3853 3148">
    <p class='ocr_par' dir='ltr' id='par_1_94' title="bbox 2256 3021 3853 3148">
     <span class='ocr_line' id='line_1_96' title="bbox 2283 3021 3853 3096; baseline 0.005 -23"><span class='ocrx_word' id='word_1_746' title='bbox 2283 3025 2494 3096; x_wconf 76' lang='grc' dir='ltr'>,ἐμνηται</span> <span class='ocrx_word' id='word_1_747' title='bbox 2536 3041 2547 3076; x_wconf 89' lang='lat'>:</span> <span class='ocrx_word' id='word_1_748' title='bbox 2588 3045 2610 3074; x_wconf 87' lang='grc'>‹‹</span> <span class='ocrx_word' id='word_1_749' title='bbox 2645 3023 2971 3094; x_wconf 79' lang='lat' dir='ltr'>Azymorum</span> <span class='ocrx_word' id='word_1_750' title='bbox 3022 3021 3218 3094; x_wconf 84' lang='lat' dir='ltr'>quibus</span> <span class='ocrx_word' id='word_1_751' title='bbox 3256 3032 3473 3078; x_wconf 87' lang='lat' dir='ltr'>utuntur</span> <span class='ocrx_word' id='word_1_752' title='bbox 3518 3021 3700 3079; x_wconf 83' lang='lat' dir='ltr'>Latini</span> <span class='ocrx_word' id='word_1_753' title='bbox 3747 3029 3853 3081; x_wconf 81' lang='lat' dir='ltr'>nul-</span> 
     </span>
     <span class='ocr_line' id='line_1_97' title="bbox 2256 3044 3852 3148; baseline 0 0"><span class='ocrx_word' id='word_1_754' title='bbox 2256 3044 2341 3148; x_wconf 39' lang='lat' dir='ltr'>lius</span> <span class='ocrx_word' id='word_1_755' title='bbox 2370 3111 2608 3148; x_wconf 84' lang='lat' dir='ltr'>unauam</span> <span class='ocrx_word' id='word_1_756' title='bbox 2653 3110 2824 3148; x_wconf 88' lang='lat' dir='ltr'>canon</span> <span class='ocrx_word' id='word_1_757' title='bbox 2880 3095 3145 3148; x_wconf 89' lang='lat' dir='ltr'>meminit.</span> <span class='ocrx_word' id='word_1_758' title='bbox 3182 3113 3204 3144; x_wconf 73' lang='grc' dir='ltr'><strong><em>ι</em></strong></span> <span class='ocrx_word' id='word_1_759' title='bbox 3260 3095 3486 3148; x_wconf 88' lang='lat' dir='ltr'>Sanctus</span> <span class='ocrx_word' id='word_1_760' title='bbox 3526 3105 3714 3148; x_wconf 84' lang='lat' dir='ltr'>tamen</span> <span class='ocrx_word' id='word_1_761' title='bbox 3749 3100 3852 3148; x_wconf 77' lang='lat' dir='ltr'>Cv-</span> 
     </span>
    </p>
   </div>
   <div class='ocr_carea' id='block_1_95' title="bbox 2280 3095 3852 3169">
    <p class='ocr_par' dir='ltr' id='par_1_95' title="bbox 2280 3095 3852 3169">
     <span class='ocr_line' id='line_1_98' title="bbox 2280 3095 3852 3169; baseline 0.003 -21"><span class='ocrx_word' id='word_1_762' title='bbox 2280 3095 2341 3169; x_wconf 82' lang='lat' dir='ltr'>us</span> <span class='ocrx_word' id='word_1_763' title='bbox 2370 3111 2608 3169; x_wconf 78' lang='lat' dir='ltr'>unquam</span> <span class='ocrx_word' id='word_1_764' title='bbox 2653 3110 2824 3169; x_wconf 83' lang='lat' dir='ltr'>canon</span> <span class='ocrx_word' id='word_1_765' title='bbox 2880 3095 3145 3169; x_wconf 75' lang='lat' dir='ltr'>meminit.</span> <span class='ocrx_word' id='word_1_766' title='bbox 3171 3113 3204 3169; x_wconf 12' lang='lat' dir='ltr'>is</span> <span class='ocrx_word' id='word_1_767' title='bbox 3260 3095 3494 3169; x_wconf 82' lang='lat' dir='ltr'>S_anc_tus</span> <span class='ocrx_word' id='word_1_768' title='bbox 3526 3105 3714 3169; x_wconf 79' lang='lat' dir='ltr'>tamen</span> <span class='ocrx_word' id='word_1_769' title='bbox 3749 3100 3852 3169; x_wconf 72' lang='lat' dir='ltr'>Cy-</span> 
     </span>
    </p>
   </div>
   <div class='ocr_carea' id='block_1_96' title="bbox 2254 3166 3849 3239">
    <p class='ocr_par' dir='ltr' id='par_1_96' title="bbox 2254 3166 3849 3239">
     <span class='ocr_line' id='line_1_99' title="bbox 2254 3166 3849 3239; baseline 0.003 -20"><span class='ocrx_word' id='word_1_770' title='bbox 2254 3166 2495 3236; x_wconf 88' lang='lat' dir='ltr'>prianus,</span> <span class='ocrx_word' id='word_1_771' title='bbox 2527 3167 2619 3221; x_wconf 91' lang='lat' dir='ltr'>lib.</span> <span class='ocrx_word' id='word_1_772' title='bbox 2647 3168 2722 3221; x_wconf 91' lang='lat' dir='ltr'>De</span> <span class='ocrx_word' id='word_1_773' title='bbox 2765 3182 2926 3221; x_wconf 78' lang='lat' dir='ltr'>coma</span> <span class='ocrx_word' id='word_1_774' title='bbox 2951 3166 3178 3221; x_wconf 86' lang='lat' dir='ltr'>Domini</span> <span class='ocrx_word' id='word_1_775' title='bbox 3216 3185 3234 3220; x_wconf 90' lang='lat'><strong><em>:</em></strong></span> <span class='ocrx_word' id='word_1_776' title='bbox 3284 3167 3443 3239; x_wconf 82' lang='lat' dir='ltr'>Panis</span> <span class='ocrx_word' id='word_1_777' title='bbox 3486 3166 3573 3221; x_wconf 92' lang='lat' dir='ltr'>hic</span> <span class='ocrx_word' id='word_1_778' title='bbox 3625 3166 3849 3239; x_wconf 79' lang='lat' dir='ltr'>azymus</span> 
     </span>
    </p>
   </div>
   <div class='ocr_carea' id='block_1_97' title="bbox 2254 3236 3855 3306">
    <p class='ocr_par' dir='ltr' id='par_1_97' title="bbox 2254 3236 3855 3306">
     <span class='ocr_line' id='line_1_100' title="bbox 2254 3236 3855 3306; baseline 0.001 -15"><span class='ocrx_word' id='word_1_779' title='bbox 2254 3238 2407 3292; x_wconf 90' lang='lat' dir='ltr'>cibus</span> <span class='ocrx_word' id='word_1_780' title='bbox 2436 3254 2598 3293; x_wconf 91' lang='lat' dir='ltr'>verus</span> <span class='ocrx_word' id='word_1_781' title='bbox 2628 3244 2680 3291; x_wconf 87' lang='lat' dir='ltr'>et</span> <span class='ocrx_word' id='word_1_782' title='bbox 2726 3238 2969 3292; x_wconf 88' lang='lat' dir='ltr'>sincerus</span> <span class='ocrx_word' id='word_1_783' title='bbox 2992 3278 3005 3305; x_wconf 91' lang='lat'>,</span> <span class='ocrx_word' id='word_1_784' title='bbox 3041 3253 3142 3306; x_wconf 81' lang='lat' dir='ltr'>per</span> <span class='ocrx_word' id='word_1_785' title='bbox 3189 3236 3423 3306; x_wconf 89' lang='lat' dir='ltr'>speciem</span> <span class='ocrx_word' id='word_1_786' title='bbox 3464 3248 3517 3292; x_wconf 90' lang='lat' dir='ltr'>et</span> <span class='ocrx_word' id='word_1_787' title='bbox 3554 3236 3855 3295; x_wconf 79' lang='lat' dir='ltr'>sacramen-</span> 
     </span>
    </p>
   </div>
   <div class='ocr_carea' id='block_1_98' title="bbox 2256 3305 3854 3389">
    <p class='ocr_par' dir='ltr' id='par_1_98' title="bbox 2256 3305 3854 3389">
     <span class='ocr_line' id='line_1_101' title="bbox 2256 3305 3854 3389; baseline 0.003 -28"><span class='ocrx_word' id='word_1_788' title='bbox 2256 3319 2385 3389; x_wconf 56' lang='lat' dir='ltr'>Lam,</span> <span class='ocrx_word' id='word_1_789' title='bbox 2428 3324 2529 3364; x_wconf 90' lang='lat' dir='ltr'>nos</span> <span class='ocrx_word' id='word_1_790' title='bbox 2574 3317 2720 3389; x_wconf 70' lang='lat' dir='ltr'>tactu</span> <span class='ocrx_word' id='word_1_791' title='bbox 2761 3305 3074 3389; x_wconf 69' lang='lat' dir='ltr'>sanctiﬁcat,</span> <span class='ocrx_word' id='word_1_792' title='bbox 3117 3305 3228 3389; x_wconf 75' lang='lat' dir='ltr'>ﬁde</span> <span class='ocrx_word' id='word_1_793' title='bbox 3274 3307 3854 3389; x_wconf 48' lang='lat' dir='ltr'>illuminat,hveritat_e</span> 
     </span>
    </p>
   </div>
   <div class='ocr_carea' id='block_1_99' title="bbox 2254 3378 3851 3451">
    <p class='ocr_par' dir='ltr' id='par_1_99' title="bbox 2254 3378 3851 3451">
     <span class='ocr_line' id='line_1_102' title="bbox 2254 3378 3851 3451; baseline 0.001 -19"><span class='ocrx_word' id='word_1_794' title='bbox 2254 3378 2467 3451; x_wconf 89' lang='lat' dir='ltr'>Christo</span> <span class='ocrx_word' id='word_1_795' title='bbox 2497 3379 2831 3447; x_wconf 76' lang='lat' dir='ltr'>conformat;</span> <span class='ocrx_word' id='word_1_796' title='bbox 2863 3381 2906 3432; x_wconf 93' lang='lat' dir='ltr'>si</span> <span class='ocrx_word' id='word_1_797' title='bbox 2936 3380 3093 3433; x_wconf 86' lang='lat' dir='ltr'>modo</span> <span class='ocrx_word' id='word_1_798' title='bbox 3117 3378 3253 3451; x_wconf 80' lang='lat' dir='ltr'>liber</span> <span class='ocrx_word' id='word_1_799' title='bbox 3272 3379 3361 3451; x_wconf 91' lang='lat' dir='ltr'>hic</span> <span class='ocrx_word' id='word_1_800' title='bbox 3380 3380 3447 3451; x_wconf 87' lang='lat' dir='ltr'>sit</span> <span class='ocrx_word' id='word_1_801' title='bbox 3476 3380 3535 3433; x_wconf 88' lang='grc' dir='ltr'>Β.</span> <span class='ocrx_word' id='word_1_802' title='bbox 3570 3380 3851 3451; x_wconf 80' lang='lat' dir='ltr'>Cypriani.</span> 
     </span>
    </p>
   </div>
   <div class='ocr_carea' id='block_1_100' title="bbox 2252 3449 3856 3523">
    <p class='ocr_par' dir='ltr' id='par_1_100' title="bbox 2252 3449 3856 3523">
     <span class='ocr_line' id='line_1_103' title="bbox 2252 3449 3856 3523; baseline 0.002 -20"><span class='ocrx_word' id='word_1_803' title='bbox 2252 3450 2327 3523; x_wconf 59' lang='grc' dir='ltr'>[λε</span> <span class='ocrx_word' id='word_1_804' title='bbox 2356 3451 2452 3504; x_wconf 78' lang='lat' dir='ltr'>Pn.</span> <span class='ocrx_word' id='word_1_805' title='bbox 2494 3480 2564 3492; x_wconf 90' lang='lat'><strong>—</strong></span> <span class='ocrx_word' id='word_1_806' title='bbox 2617 3452 2814 3508; x_wconf 85' lang='lat' dir='ltr'>Octavo</span> <span class='ocrx_word' id='word_1_807' title='bbox 2863 3451 2983 3505; x_wconf 86' lang='lat' dir='ltr'>Kal.</span> <span class='ocrx_word' id='word_1_808' title='bbox 3016 3450 3196 3523; x_wconf 81' lang='lat' dir='ltr'>April.</span> <span class='ocrx_word' id='word_1_809' title='bbox 3228 3449 3353 3523; x_wconf 82' lang='lat' dir='ltr'>hinc</span> <span class='ocrx_word' id='word_1_810' title='bbox 3381 3450 3436 3505; x_wconf 90' lang='lat' dir='ltr'>in</span> <span class='ocrx_word' id='word_1_811' title='bbox 3487 3449 3688 3523; x_wconf 78' lang='lat' dir='ltr'>primis</span> <span class='ocrx_word' id='word_1_812' title='bbox 3740 3470 3856 3510; x_wconf 87' lang='lat' dir='ltr'>con-</span> 
     </span>
    </p>
   </div>
   <div class='ocr_carea' id='block_1_101' title="bbox 2250 3520 3854 3591">
    <p class='ocr_par' dir='ltr' id='par_1_101' title="bbox 2250 3520 3854 3591">
     <span class='ocr_line' id='line_1_104' title="bbox 2250 3520 3854 3591; baseline 0.002 -17"><span class='ocrx_word' id='word_1_813' title='bbox 2250 3520 2491 3576; x_wconf 87' lang='lat' dir='ltr'>ﬁrmatur</span> <span class='ocrx_word' id='word_1_814' title='bbox 2537 3538 2726 3577; x_wconf 88' lang='lat' dir='ltr'>eorum</span> <span class='ocrx_word' id='word_1_815' title='bbox 2767 3524 2987 3577; x_wconf 86' lang='lat' dir='ltr'>Patrum</span> <span class='ocrx_word' id='word_1_816' title='bbox 3017 3520 3303 3586; x_wconf 80' lang='lat' dir='ltr'>sententia,</span> <span class='ocrx_word' id='word_1_817' title='bbox 3354 3523 3448 3591; x_wconf 85' lang='lat' dir='ltr'>qui</span> <span class='ocrx_word' id='word_1_818' title='bbox 3492 3522 3698 3577; x_wconf 89' lang='lat' dir='ltr'>eodem</span> <span class='ocrx_word' id='word_1_819' title='bbox 3754 3527 3854 3587; x_wconf 81' lang='lat' dir='ltr'>die,</span> 
     </span>
    </p>
   </div>
   <div class='ocr_carea' id='block_1_102' title="bbox 2250 3593 3855 3663">
    <p class='ocr_par' dir='ltr' id='par_1_102' title="bbox 2250 3593 3855 3663">
     <span class='ocr_line' id='line_1_105' title="bbox 2250 3593 3855 3663; baseline 0.003 -18"><span class='ocrx_word' id='word_1_820' title='bbox 2250 3609 2448 3663; x_wconf 89' lang='lat' dir='ltr'>nempe</span> <span class='ocrx_word' id='word_1_821' title='bbox 2476 3609 2571 3649; x_wconf 86' lang='lat' dir='ltr'>vut</span> <span class='ocrx_word' id='word_1_822' title='bbox 2611 3593 2727 3647; x_wconf 88' lang='lat' dir='ltr'>Kal.</span> <span class='ocrx_word' id='word_1_823' title='bbox 2774 3594 2969 3662; x_wconf 87' lang='lat' dir='ltr'>April.,</span> <span class='ocrx_word' id='word_1_824' title='bbox 3016 3608 3231 3662; x_wconf 88' lang='lat' dir='ltr'>passum</span> <span class='ocrx_word' id='word_1_825' title='bbox 3262 3593 3507 3647; x_wconf 91' lang='lat' dir='ltr'>scribunt</span> <span class='ocrx_word' id='word_1_826' title='bbox 3541 3595 3855 3662; x_wconf 85' lang='lat' dir='ltr'>Christum,</span> 
     </span>
    </p>
   </div>
   <div class='ocr_carea' id='block_1_103' title="bbox 2251 3664 3855 3733">
    <p class='ocr_par' dir='ltr' id='par_1_103' title="bbox 2251 3664 3855 3733">
     <span class='ocr_line' id='line_1_106' title="bbox 2251 3664 3855 3733; baseline 0.003 -16"><span class='ocrx_word' id='word_1_827' title='bbox 2251 3679 2358 3733; x_wconf 93' lang='lat' dir='ltr'>quo</span> <span class='ocrx_word' id='word_1_828' title='bbox 2405 3664 2463 3719; x_wconf 92' lang='lat' dir='ltr'>B.</span> <span class='ocrx_word' id='word_1_829' title='bbox 2518 3664 2724 3732; x_wconf 81' lang='lat' dir='ltr'>Virgini</span> <span class='ocrx_word' id='word_1_830' title='bbox 2782 3664 3151 3719; x_wconf 85' lang='lat' dir='ltr'>anuunliatum</span> <span class='ocrx_word' id='word_1_831' title='bbox 3209 3679 3221 3718; x_wconf 93' lang='lat'>:</span> <span class='ocrx_word' id='word_1_832' title='bbox 3273 3664 3467 3719; x_wconf 89' lang='lat' dir='ltr'>deinde</span> <span class='ocrx_word' id='word_1_833' title='bbox 3528 3664 3855 3722; x_wconf 83' lang='lat' dir='ltr'>Latinorum</span> 
     </span>
    </p>
   </div>
   <div class='ocr_carea' id='block_1_104' title="bbox 2249 3734 3852 3806">
    <p class='ocr_par' dir='ltr' id='par_1_104' title="bbox 2249 3734 3852 3806">
     <span class='ocr_line' id='line_1_107' title="bbox 2249 3734 3852 3806; baseline 0.001 -17"><span class='ocrx_word' id='word_1_834' title='bbox 2249 3735 2492 3790; x_wconf 88' lang='lat' dir='ltr'>omnium</span> <span class='ocrx_word' id='word_1_835' title='bbox 2527 3734 2821 3789; x_wconf 88' lang='lat' dir='ltr'>conformis</span> <span class='ocrx_word' id='word_1_836' title='bbox 2867 3735 3130 3804; x_wconf 87' lang='lat' dir='ltr'>expositio</span> <span class='ocrx_word' id='word_1_837' title='bbox 3163 3735 3625 3806; x_wconf 70' lang='lat' dir='ltr'>evangelistarum</span> <span class='ocrx_word' id='word_1_838' title='bbox 3662 3740 3852 3806; x_wconf 81' lang='lat' dir='ltr'>trium,</span> 
     </span>
    </p>
   </div>
   <div class='ocr_carea' id='block_1_105' title="bbox 2248 3806 3853 3877">
    <p class='ocr_par' dir='ltr' id='par_1_105' title="bbox 2248 3806 3853 3877">
     <span class='ocr_line' id='line_1_108' title="bbox 2248 3806 3853 3877; baseline 0.003 -20"><span class='ocrx_word' id='word_1_839' title='bbox 2248 3806 2431 3860; x_wconf 81' lang='lat' dir='ltr'>Matth.</span> <span class='ocrx_word' id='word_1_840' title='bbox 2467 3821 2628 3870; x_wconf 75' lang='lat' dir='ltr'>xxvr,</span> <span class='ocrx_word' id='word_1_841' title='bbox 2660 3806 2988 3877; x_wconf 10' lang='lat' dir='ltr'>Marc.7xw,</span> <span class='ocrx_word' id='word_1_842' title='bbox 3032 3806 3156 3860; x_wconf 92' lang='lat' dir='ltr'>Luc.</span> <span class='ocrx_word' id='word_1_843' title='bbox 3198 3820 3341 3877; x_wconf 76' lang='lat' dir='ltr'>xxii,</span> <span class='ocrx_word' id='word_1_844' title='bbox 3375 3808 3514 3877; x_wconf 85' lang='lat' dir='ltr'>quod</span> <span class='ocrx_word' id='word_1_845' title='bbox 3548 3822 3657 3861; x_wconf 77' lang='lat' dir='ltr'>xw</span> <span class='ocrx_word' id='word_1_846' title='bbox 3705 3810 3853 3871; x_wconf 78' lang='lat' dir='ltr'>luna,</span> 
     </span>
    </p>
   </div>
   <div class='ocr_carea' id='block_1_106' title="bbox 2242 3876 3857 3957">
    <p class='ocr_par' dir='ltr' id='par_1_106' title="bbox 2242 3876 3857 3957">
     <span class='ocr_line' id='line_1_109' title="bbox 2242 3876 3857 3957; baseline 0.001 -26"><span class='ocrx_word' id='word_1_847' title='bbox 2242 3878 2429 3957; x_wconf 76' lang='lat' dir='ltr'>primo</span> <span class='ocrx_word' id='word_1_848' title='bbox 2443 3892 2793 3957; x_wconf 39' lang='lat' dir='ltr'>“azymorum.</span> <span class='ocrx_word' id='word_1_849' title='bbox 2818 3876 2935 3945; x_wconf 87' lang='lat' dir='ltr'>die,</span> <span class='ocrx_word' id='word_1_850' title='bbox 2963 3876 3077 3945; x_wconf 87' lang='lat' dir='ltr'>jam</span> <span class='ocrx_word' id='word_1_851' title='bbox 3102 3876 3332 3957; x_wconf 39' lang='lat' dir='ltr'>vesperi.</span> <span class='ocrx_word' id='word_1_852' title='bbox 3360 3876 3686 3957; x_wconf 64' lang='lat' dir='ltr'>incipiente,</span> <span class='ocrx_word' id='word_1_853' title='bbox 3721 3881 3857 3935; x_wconf 53' lang='lat' dir='ltr'>cclcc</span> 
     </span>
    </p>
   </div>
   <div class='ocr_carea' id='block_1_107' title="bbox 2245 3947 3547 4017">
    <p class='ocr_par' dir='ltr' id='par_1_107' title="bbox 2245 3947 3547 4017">
     <span class='ocr_line' id='line_1_110' title="bbox 2245 3947 3547 4017; baseline 0.002 -18"><span class='ocrx_word' id='word_1_854' title='bbox 2245 3947 2411 4003; x_wconf 90' lang='lat' dir='ltr'>brarit</span> <span class='ocrx_word' id='word_1_855' title='bbox 2442 3947 2641 4002; x_wconf 87' lang='lat' dir='ltr'>Pascha</span> <span class='ocrx_word' id='word_1_856' title='bbox 2670 3948 2912 4003; x_wconf 90' lang='lat' dir='ltr'>Christus</span> <span class='ocrx_word' id='word_1_857' title='bbox 2932 3964 3054 4002; x_wconf 91' lang='lat' dir='ltr'>cum</span> <span class='ocrx_word' id='word_1_858' title='bbox 3084 3947 3383 4017; x_wconf 89' lang='lat' dir='ltr'>discipulis.</span> <span class='ocrx_word' id='word_1_859' title='bbox 3408 3949 3547 4004; x_wconf 67' lang='grc' dir='ltr'>ΡΑΜ.</span> 
     </span>
    </p>
   </div>
   <div class='ocr_carea' id='block_1_108' title="bbox 2316 4018 3856 4092">
    <p class='ocr_par' dir='ltr' id='par_1_108' title="bbox 2316 4018 3856 4092">
     <span class='ocr_line' id='line_1_111' title="bbox 2316 4018 3856 4092; baseline 0.001 -19"><span class='ocrx_word' id='word_1_860' title='bbox 2316 4018 2430 4089; x_wconf 76' lang='grc'>(45)</span> <span class='ocrx_word' id='word_1_861' title='bbox 2461 4019 2583 4075; x_wconf 89' lang='lat' dir='ltr'>Non</span> <span class='ocrx_word' id='word_1_862' title='bbox 2601 4020 2881 4092; x_wconf 87' lang='lat' dir='ltr'>pusillum</span> <span class='ocrx_word' id='word_1_863' title='bbox 2912 4021 3058 4075; x_wconf 86' lang='lat' dir='ltr'>vobis</span> <span class='ocrx_word' id='word_1_864' title='bbox 3079 4020 3556 4092; x_wconf 66' lang='lat' dir='ltr'>certameanaiaa</span> <span class='ocrx_word' id='word_1_865' title='bbox 3590 4021 3759 4078; x_wconf 88' lang='lat' dir='ltr'>locus</span> <span class='ocrx_word' id='word_1_866' title='bbox 3782 4030 3856 4077; x_wconf 82' lang='lat' dir='ltr'>est</span> 
     </span>
    </p>
   </div>
   <div class='ocr_carea' id='block_1_109' title="bbox 2244 4089 3852 4159">
    <p class='ocr_par' dir='ltr' id='par_1_109' title="bbox 2244 4089 3852 4159">
     <span class='ocr_line' id='line_1_112' title="bbox 2244 4089 3852 4159; baseline 0.001 -15"><span class='ocrx_word' id='word_1_867' title='bbox 2244 4103 2363 4159; x_wconf 89' lang='lat' dir='ltr'>cap.</span> <span class='ocrx_word' id='word_1_868' title='bbox 2395 4105 2475 4145; x_wconf 79' lang='lat' dir='ltr'>vn</span> <span class='ocrx_word' id='word_1_869' title='bbox 2519 4108 2533 4144; x_wconf 90' lang='lat'><strong>:</strong></span> <span class='ocrx_word' id='word_1_870' title='bbox 2574 4089 2765 4146; x_wconf 68' lang='lat' dir='ltr'>verum</span> <span class='ocrx_word' id='word_1_871' title='bbox 2816 4100 2873 4146; x_wconf 93' lang='lat' dir='ltr'>ut</span> <span class='ocrx_word' id='word_1_872' title='bbox 2917 4092 3035 4145; x_wconf 65' lang='lat' dir='ltr'>haec</span> <span class='ocrx_word' id='word_1_873' title='bbox 3080 4089 3449 4159; x_wconf 80' lang='lat' dir='ltr'>interpretatio</span> <span class='ocrx_word' id='word_1_874' title='bbox 3492 4091 3695 4148; x_wconf 85' lang='lat' dir='ltr'>Latina</span> <span class='ocrx_word' id='word_1_875' title='bbox 3728 4110 3852 4149; x_wconf 79' lang='lat' dir='ltr'>con-</span> 
     </span>
    </p>
   </div>
   <div class='ocr_carea' id='block_1_110' title="bbox 2241 4160 3848 4236">
    <p class='ocr_par' dir='ltr' id='par_1_110' title="bbox 2241 4160 3848 4236">
     <span class='ocr_line' id='line_1_113' title="bbox 2241 4160 3848 4236; baseline 0.002 -21"><span class='ocrx_word' id='word_1_876' title='bbox 2241 4163 2431 4236; x_wconf 78' lang='lat' dir='ltr'>veniat</span> <span class='ocrx_word' id='word_1_877' title='bbox 2471 4160 2716 4236; x_wconf 73' lang='lat' dir='ltr'>Graecis,</span> <span class='ocrx_word' id='word_1_878' title='bbox 2770 4171 2928 4233; x_wconf 88' lang='lat' dir='ltr'>atque</span> <span class='ocrx_word' id='word_1_879' title='bbox 2972 4160 3152 4236; x_wconf 70' lang='lat' dir='ltr'>etiam</span> <span class='ocrx_word' id='word_1_880' title='bbox 3210 4161 3452 4236; x_wconf 71' lang='lat' dir='ltr'>vulgatae</span> <span class='ocrx_word' id='word_1_881' title='bbox 3508 4164 3848 4236; x_wconf 63' lang='lat' dir='ltr'>scripturae,</span> 
     </span>
    </p>
   </div>
   <div class='ocr_carea' id='block_1_111' title="bbox 2245 4231 3849 4304">
    <p class='ocr_par' dir='ltr' id='par_1_111' title="bbox 2245 4231 3849 4304">
     <span class='ocr_line' id='line_1_114' title="bbox 2245 4231 3849 4304; baseline 0.001 -18"><span class='ocrx_word' id='word_1_882' title='bbox 2245 4231 2529 4304; x_wconf 72' lang='lat' dir='ltr'>legendum</span> <span class='ocrx_word' id='word_1_883' title='bbox 2576 4250 2589 4287; x_wconf 73' lang='grc' dir='ltr'>ε</span> <span class='ocrx_word' id='word_1_884' title='bbox 2641 4235 2786 4290; x_wconf 81' lang='lat' dir='ltr'>Num</span> <span class='ocrx_word' id='word_1_885' title='bbox 2834 4231 3109 4304; x_wconf 78' lang='lat' dir='ltr'>pusillum</span> <span class='ocrx_word' id='word_1_886' title='bbox 3166 4233 3312 4290; x_wconf 86' lang='lat' dir='ltr'>vobis</span> <span class='ocrx_word' id='word_1_887' title='bbox 3368 4231 3661 4290; x_wconf 77' lang='lat' dir='ltr'>certamen</span> <span class='ocrx_word' id='word_1_888' title='bbox 3720 4253 3849 4291; x_wconf 83' lang='lat' dir='ltr'>cum</span> 
     </span>
    </p>
   </div>
   <div class='ocr_carea' id='block_1_112' title="bbox 2240 4302 3851 4377">
    <p class='ocr_par' dir='ltr' id='par_1_112' title="bbox 2240 4302 3851 4377">
     <span class='ocr_line' id='line_1_115' title="bbox 2240 4302 3851 4377; baseline 0.002 -21"><span class='ocrx_word' id='word_1_889' title='bbox 2240 4302 2601 4359; x_wconf 81' lang='lat' dir='ltr'>hominibus?</span> <span class='ocrx_word' id='word_1_890' title='bbox 2635 4305 2762 4358; x_wconf 90' lang='lat' dir='ltr'>dein</span> <span class='ocrx_word' id='word_1_891' title='bbox 2792 4302 3050 4377; x_wconf 84' lang='lat' dir='ltr'>sequatur</span> <span class='ocrx_word' id='word_1_892' title='bbox 3074 4320 3098 4377; x_wconf 90' lang='lat'>:_</span> <span class='ocrx_word' id='word_1_893' title='bbox 3125 4304 3401 4377; x_wconf 84' lang='lat' dir='ltr'>Quoniam</span> <span class='ocrx_word' id='word_1_894' title='bbox 3422 4307 3569 4377; x_wconf 80' lang='lat' dir='ltr'>Deus</span> <span class='ocrx_word' id='word_1_895' title='bbox 3592 4312 3851 4377; x_wconf 67' lang='lat' dir='ltr'>prastat</span> 
     </span>
    </p>
   </div>
   <div class='ocr_carea' id='block_1_113' title="bbox 2158 4374 3868 4467">
    <p class='ocr_par' dir='ltr' id='par_1_113' title="bbox 2158 4374 3868 4467">
     <span class='ocr_line' id='line_1_116' title="bbox 2158 4374 3868 4467; baseline 0.001 -38"><span class='ocrx_word' id='word_1_896' title='bbox 2158 4390 2204 4467; x_wconf 72' lang='grc' dir='ltr'><strong>Β</strong></span> <span class='ocrx_word' id='word_1_897' title='bbox 2234 4380 2565 4467; x_wconf 63' lang='lat' dir='ltr'>pertamen;</span> <span class='ocrx_word' id='word_1_898' title='bbox 2612 4377 2717 4456; x_wconf 79' lang='lat' dir='ltr'>hoc</span> <span class='ocrx_word' id='word_1_899' title='bbox 2746 4387 2846 4458; x_wconf 77' lang='lat' dir='ltr'>est,</span> <span class='ocrx_word' id='word_1_900' title='bbox 2873 4374 3001 4467; x_wconf 77' lang='lat' dir='ltr'>quia</span> <span class='ocrx_word' id='word_1_901' title='bbox 3031 4374 3189 4467; x_wconf 67' lang='lat' dir='ltr'>etiam</span> <span class='ocrx_word' id='word_1_902' title='bbox 3220 4376 3503 4467; x_wconf 56' lang='lat' dir='ltr'>adversusn</span> <span class='ocrx_word' id='word_1_903' title='bbox 3518 4374 3713 4433; x_wconf 75' lang='lat' dir='ltr'>Deum</span> <span class='ocrx_word' id='word_1_904' title='bbox 3746 4395 3868 4467; x_wconf 59' lang='lat' dir='ltr'>cer.</span> 
     </span>
    </p>
   </div>
   <div class='ocr_carea' id='block_1_114' title="bbox 2234 4452 2867 4511">
    <p class='ocr_par' dir='ltr' id='par_1_114' title="bbox 2234 4452 2867 4511">
     <span class='ocr_line' id='line_1_117' title="bbox 2234 4452 2867 4511; baseline 0.005 -13"><span class='ocrx_word' id='word_1_905' title='bbox 2234 4452 2410 4502; x_wconf 86' lang='lat' dir='ltr'>tamen</span> <span class='ocrx_word' id='word_1_906' title='bbox 2440 4452 2674 4511; x_wconf 90' lang='lat' dir='ltr'>certatis,</span> <span class='ocrx_word' id='word_1_907' title='bbox 2706 4452 2867 4501; x_wconf 88' lang='lat' dir='ltr'>etiam</span> 
     </span>
    </p>
   </div>
   <div class='ocr_carea' id='block_1_115' title="bbox 2948 4445 3867 4518">
    <p class='ocr_par' dir='ltr' id='par_1_115' title="bbox 2948 4445 3867 4518">
     <span class='ocr_line' id='line_1_118' title="bbox 2948 4445 3867 4518; baseline 0.002 -16"><span class='ocrx_word' id='word_1_908' title='bbox 2948 4461 3013 4502; x_wconf 89' lang='lat' dir='ltr'>eo</span> <span class='ocrx_word' id='word_1_909' title='bbox 3043 4445 3253 4500; x_wconf 86' lang='lat' dir='ltr'>molesti</span> <span class='ocrx_word' id='word_1_910' title='bbox 3292 4447 3439 4501; x_wconf 90' lang='lat' dir='ltr'>estis.</span> <span class='ocrx_word' id='word_1_911' title='bbox 3471 4447 3867 4518; x_wconf 82' lang='lat' dir='ltr'>Symmachus</span> 
     </span>
    </p>
   </div>
   <div class='ocr_carea' id='block_1_116' title="bbox 2235 4517 3869 4589">
    <p class='ocr_par' dir='ltr' id='par_1_116' title="bbox 2235 4517 3869 4589">
     <span class='ocr_line' id='line_1_119' title="bbox 2235 4517 3869 4589; baseline 0.002 -19"><span class='ocrx_word' id='word_1_912' title='bbox 2235 4517 2392 4589; x_wconf 79' lang='lat' dir='ltr'>dixit:</span> <span class='ocrx_word' id='word_1_913' title='bbox 2414 4519 2534 4574; x_wconf 87' lang='lat' dir='ltr'>Non</span> <span class='ocrx_word' id='word_1_914' title='bbox 2556 4520 2775 4589; x_wconf 78' lang='lat' dir='ltr'>sufﬁcit</span> <span class='ocrx_word' id='word_1_915' title='bbox 2795 4518 2940 4573; x_wconf 88' lang='lat' dir='ltr'>vobis</span> <span class='ocrx_word' id='word_1_916' title='bbox 2960 4518 3278 4575; x_wconf 85' lang='lat' dir='ltr'>molestiam</span> <span class='ocrx_word' id='word_1_917' title='bbox 3304 4517 3568 4575; x_wconf 73' lang='lat' dir='ltr'>exhibere</span> <span class='ocrx_word' id='word_1_918' title='bbox 3593 4519 3814 4577; x_wconf 81' lang='lat' dir='ltr'>homin</span> <span class='ocrx_word' id='word_1_919' title='bbox 3825 4523 3869 4573; x_wconf 81' lang='lat' dir='ltr'>i-</span> 
     </span>
    </p>
   </div>
   <div class='ocr_carea' id='block_1_117' title="bbox 2242 4587 3869 4661">
    <p class='ocr_par' dir='ltr' id='par_1_117' title="bbox 2242 4587 3869 4661">
     <span class='ocr_line' id='line_1_120' title="bbox 2242 4587 3869 4661; baseline 0.003 -20"><span class='ocrx_word' id='word_1_920' title='bbox 2242 4587 2339 4661; x_wconf 87' lang='lat' dir='ltr'>bus</span> <span class='ocrx_word' id='word_1_921' title='bbox 2360 4590 2387 4642; x_wconf 63' lang='grc' dir='ltr'>ἴ)</span> <span class='ocrx_word' id='word_1_922' title='bbox 2417 4587 2685 4661; x_wconf 85' lang='lat' dir='ltr'>quoniam</span> <span class='ocrx_word' id='word_1_923' title='bbox 2702 4590 2923 4647; x_wconf 87' lang='lat' dir='ltr'>molesti</span> <span class='ocrx_word' id='word_1_924' title='bbox 2951 4591 3085 4645; x_wconf 85' lang='lat' dir='ltr'>estis</span> <span class='ocrx_word' id='word_1_925' title='bbox 3105 4591 3279 4661; x_wconf 74' lang='lat' dir='ltr'>etiam</span> <span class='ocrx_word' id='word_1_926' title='bbox 3303 4591 3407 4646; x_wconf 87' lang='lat' dir='ltr'>Deo</span> <span class='ocrx_word' id='word_1_927' title='bbox 3427 4606 3570 4646; x_wconf 88' lang='lat' dir='ltr'>meo.</span> <span class='ocrx_word' id='word_1_928' title='bbox 3602 4591 3869 4661; x_wconf 79' lang='lat' dir='ltr'>Septua-</span> 
     </span>
    </p>
   </div>
   <div class='ocr_carea' id='block_1_118' title="bbox 2236 4659 3869 4733">
    <p class='ocr_par' dir='ltr' id='par_1_118' title="bbox 2236 4659 3869 4733">
     <span class='ocr_line' id='line_1_121' title="bbox 2236 4659 3869 4733; baseline 0.003 -21"><span class='ocrx_word' id='word_1_929' title='bbox 2236 4660 2387 4732; x_wconf 80' lang='lat' dir='ltr'>ginta</span> <span class='ocrx_word' id='word_1_930' title='bbox 2414 4659 2438 4733; x_wconf 59' lang='lat' dir='ltr'>i</span> <span class='ocrx_word' id='word_1_931' title='bbox 2464 4660 2557 4712; x_wconf 74' lang='grc' dir='ltr'>Καὶ</span> <span class='ocrx_word' id='word_1_932' title='bbox 2586 4665 2691 4721; x_wconf 85' lang='grc' dir='ltr'>πῶς</span> <span class='ocrx_word' id='word_1_933' title='bbox 2730 4661 2895 4733; x_wconf 78' lang='grc' dir='ltr'>Κυρίῳ</span> <span class='ocrx_word' id='word_1_934' title='bbox 2919 4661 3161 4733; x_wconf 61' lang='grc' dir='ltr'>παρέχεῖε</span> <span class='ocrx_word' id='word_1_935' title='bbox 3207 4659 3377 4733; x_wconf 57' lang='grc' dir='ltr'>ἀγῶνα</span> <span class='ocrx_word' id='word_1_936' title='bbox 3414 4665 3622 4716; x_wconf 81' lang='lat' dir='ltr'>Auctor</span> <span class='ocrx_word' id='word_1_937' title='bbox 3660 4659 3869 4733; x_wconf 77' lang='lat' dir='ltr'>inter-</span> 
     </span>
    </p>
   </div>
   <div class='ocr_carea' id='block_1_119' title="bbox 2238 4731 3863 4803">
    <p class='ocr_par' dir='ltr' id='par_1_119' title="bbox 2238 4731 3863 4803">
     <span class='ocr_line' id='line_1_122' title="bbox 2238 4731 3863 4803; baseline 0.004 -20"><span class='ocrx_word' id='word_1_938' title='bbox 2238 4731 2548 4803; x_wconf 83' lang='lat' dir='ltr'>pretationis</span> <span class='ocrx_word' id='word_1_939' title='bbox 2576 4746 2733 4801; x_wconf 90' lang='lat' dir='ltr'>quam</span> <span class='ocrx_word' id='word_1_940' title='bbox 2767 4731 2937 4787; x_wconf 83' lang='lat' dir='ltr'>secuti</span> <span class='ocrx_word' id='word_1_941' title='bbox 2955 4731 3085 4787; x_wconf 80' lang='lat' dir='ltr'>sunt</span> <span class='ocrx_word' id='word_1_942' title='bbox 3108 4731 3395 4802; x_wconf 89' lang='lat' dir='ltr'>Septimius</span> <span class='ocrx_word' id='word_1_943' title='bbox 3422 4742 3477 4787; x_wconf 90' lang='lat' dir='ltr'>et</span> <span class='ocrx_word' id='word_1_944' title='bbox 3498 4732 3863 4803; x_wconf 79' lang='lat' dir='ltr'>Cyprianus,</span> 
     </span>
    </p>
   </div>
   <div class='ocr_carea' id='block_1_120' title="bbox 2231 4800 3865 4927">
    <p class='ocr_par' dir='ltr' id='par_1_120' title="bbox 2231 4800 3865 4927">
     <span class='ocr_line' id='line_1_123' title="bbox 2231 4800 3865 4927; baseline 0.002 -73"><span class='ocrx_word' id='word_1_945' title='bbox 2231 4800 2427 4890; x_wconf 38' lang='lat' dir='ltr'>legisse</span> <span class='ocrx_word' id='word_1_946' title='bbox 2456 4800 2665 4927; x_wconf 40' lang='lat' dir='ltr'>vli‘detur</span> <span class='ocrx_word' id='word_1_947' title='bbox 2694 4802 2748 4857; x_wconf 89' lang='lat' dir='ltr'>in</span> <span class='ocrx_word' id='word_1_948' title='bbox 2792 4803 3000 4858; x_wconf 83' lang='lat' dir='ltr'>Graecis</span> <span class='ocrx_word' id='word_1_949' title='bbox 3042 4820 3055 4859; x_wconf 87' lang='lat'><strong>:</strong></span> <span class='ocrx_word' id='word_1_950' title='bbox 3088 4800 3193 4855; x_wconf 20' lang='lat' dir='ltr'>Itali</span> <span class='ocrx_word' id='word_1_951' title='bbox 3219 4804 3324 4863; x_wconf 79' lang='grc' dir='ltr'>πῶς</span> <span class='ocrx_word' id='word_1_952' title='bbox 3353 4803 3529 4875; x_wconf 79' lang='grc' dir='ltr'>Κύριος</span> <span class='ocrx_word' id='word_1_953' title='bbox 3545 4800 3865 4879; x_wconf 60' lang='grc' dir='ltr'>ἓτέιριχέτιι</span> 
     </span>
     <span class='ocr_line' id='line_1_124' title="bbox 2231 4888 2609 4927; baseline 0.013 -5"><span class='ocrx_word' id='word_1_954' title='bbox 2231 4889 2439 4927; x_wconf 74' lang='grc' dir='ltr'>αγωναζ</span> <span class='ocrx_word' id='word_1_955' title='bbox 2532 4888 2609 4927; x_wconf 76' lang='grc' dir='ltr'>ιϐ.</span> 
     </span>
    </p>
   </div>
   <div class='ocr_carea' id='block_1_121' title="bbox 2231 4877 2609 4940">
    <p class='ocr_par' dir='ltr' id='par_1_121' title="bbox 2231 4877 2609 4940">
     <span class='ocr_line' id='line_1_125' title="bbox 2231 4877 2609 4940; baseline 0.013 -18"><span class='ocrx_word' id='word_1_956' title='bbox 2231 4877 2403 4940; x_wconf 82' lang='grc' dir='ltr'>ἀγῶνα</span> <span class='ocrx_word' id='word_1_957' title='bbox 2427 4889 2439 4940; x_wconf 75' lang='grc' dir='ltr'>ς</span> <span class='ocrx_word' id='word_1_958' title='bbox 2483 4877 2609 4927; x_wconf 82' lang='grc' dir='ltr'><strong>Βῐϐ.</strong></span> 
     </span>
    </p>
   </div>
   <div class='ocr_carea' id='block_1_122' title="bbox 2264 4892 3866 5018">
    <p class='ocr_par' dir='ltr' id='par_1_122' title="bbox 2264 4892 3866 5018">
     <span class='ocr_line' id='line_1_126' title="bbox 2264 4892 3866 5018; baseline 0.004 -21"><span class='ocrx_word' id='word_1_959' title='bbox 2264 4892 2760 5017; x_wconf 46' lang='grc' dir='ltr'>γῗέἕίΕἳὲἓύἱνθο</span> <span class='ocrx_word' id='word_1_960' title='bbox 2789 4947 3086 5018; x_wconf 86' lang='lat' dir='ltr'>concipiet.</span> <span class='ocrx_word' id='word_1_961' title='bbox 3119 4946 3176 5000; x_wconf 92' lang='lat' dir='ltr'>In</span> <span class='ocrx_word' id='word_1_962' title='bbox 3206 4944 3397 5001; x_wconf 54' lang='lat' dir='ltr'>Graeca</span> <span class='ocrx_word' id='word_1_963' title='bbox 3424 4947 3693 5003; x_wconf 82' lang='lat' dir='ltr'>versione</span> <span class='ocrx_word' id='word_1_964' title='bbox 3730 4963 3866 5003; x_wconf 51' lang='lat' dir='ltr'>cors</span> 
     </span>
    </p>
   </div>
   <div class='ocr_carea' id='block_1_123' title="bbox 2229 5018 3859 5091">
    <p class='ocr_par' dir='ltr' id='par_1_123' title="bbox 2229 5018 3859 5091">
     <span class='ocr_line' id='line_1_127' title="bbox 2229 5018 3859 5091; baseline 0.004 -20"><span class='ocrx_word' id='word_1_965' title='bbox 2229 5023 2385 5091; x_wconf 81' lang='lat' dir='ltr'>rupta</span> <span class='ocrx_word' id='word_1_966' title='bbox 2421 5026 2500 5070; x_wconf 89' lang='lat' dir='ltr'>est</span> <span class='ocrx_word' id='word_1_967' title='bbox 2523 5018 3155 5091; x_wconf 47' lang='lat' dir='ltr'>seiugadolescenlula,</span> <span class='ocrx_word' id='word_1_968' title='bbox 3190 5032 3319 5082; x_wconf 90' lang='lat' dir='ltr'>non,</span> <span class='ocrx_word' id='word_1_969' title='bbox 3351 5018 3613 5091; x_wconf 58' lang='lat' dir='ltr'>nuptiivoc,</span> <span class='ocrx_word' id='word_1_970' title='bbox 3650 5022 3859 5091; x_wconf 80' lang='lat' dir='ltr'>virgo,</span> 
     </span>
    </p>
   </div>
   <div class='ocr_carea' id='block_1_124' title="bbox 2225 5087 3867 5161">
    <p class='ocr_par' dir='ltr' id='par_1_124' title="bbox 2225 5087 3867 5161">
     <span class='ocr_line' id='line_1_128' title="bbox 2225 5087 3867 5161; baseline 0.002 -20"><span class='ocrx_word' id='word_1_971' title='bbox 2225 5098 2296 5161; x_wconf 73' lang='lat' dir='ltr'>ut</span> <span class='ocrx_word' id='word_1_972' title='bbox 2315 5089 2367 5141; x_wconf 91' lang='lat' dir='ltr'>in</span> <span class='ocrx_word' id='word_1_973' title='bbox 2396 5087 2646 5161; x_wconf 83' lang='lat' dir='ltr'>versione</span> <span class='ocrx_word' id='word_1_974' title='bbox 2692 5089 3037 5161; x_wconf 79' lang='lat' dir='ltr'>Septuaginta</span> <span class='ocrx_word' id='word_1_975' title='bbox 3066 5088 3323 5161; x_wconf 87' lang='lat' dir='ltr'>virorum.</span> <span class='ocrx_word' id='word_1_976' title='bbox 3352 5089 3408 5142; x_wconf 87' lang='lat' dir='ltr'>In</span> <span class='ocrx_word' id='word_1_977' title='bbox 3452 5089 3703 5161; x_wconf 65' lang='lat' dir='ltr'>Hebraeo</span> <span class='ocrx_word' id='word_1_978' title='bbox 3740 5087 3867 5144; x_wconf 77' lang='lat' dir='ltr'>dis-</span> 
     </span>
    </p>
   </div>
   <div class='ocr_carea' id='block_1_125' title="bbox 2224 5158 3864 5232">
    <p class='ocr_par' dir='ltr' id='par_1_125' title="bbox 2224 5158 3864 5232">
     <span class='ocr_line' id='line_1_129' title="bbox 2224 5158 3864 5232; baseline 0.001 -19"><span class='ocrx_word' id='word_1_979' title='bbox 2224 5158 2427 5232; x_wconf 86' lang='lat' dir='ltr'>crimen</span> <span class='ocrx_word' id='word_1_980' title='bbox 2451 5167 2534 5232; x_wconf 84' lang='lat' dir='ltr'>est</span> <span class='ocrx_word' id='word_1_981' title='bbox 2555 5158 2794 5231; x_wconf 80' lang='lat' dir='ltr'>aliquod,</span> <span class='ocrx_word' id='word_1_982' title='bbox 2827 5158 3016 5231; x_wconf 83' lang='lat' dir='ltr'>dequo</span> <span class='ocrx_word' id='word_1_983' title='bbox 3046 5161 3106 5214; x_wconf 92' lang='lat' dir='ltr'>B.</span> <span class='ocrx_word' id='word_1_984' title='bbox 3140 5160 3582 5232; x_wconf 84' lang='lat' dir='ltr'>Hieronymusin</span> <span class='ocrx_word' id='word_1_985' title='bbox 3613 5163 3704 5229; x_wconf 87' lang='lat' dir='ltr'>Qu</span> <span class='ocrx_word' id='word_1_986' title='bbox 3718 5168 3864 5219; x_wconf 66' lang='lat' dir='ltr'>est.</span> 
     </span>
    </p>
   </div>
   <div class='ocr_carea' id='block_1_126' title="bbox 2224 5231 3861 5302">
    <p class='ocr_par' dir='ltr' id='par_1_126' title="bbox 2224 5231 3861 5302">
     <span class='ocr_line' id='line_1_130' title="bbox 2224 5231 3861 5302; baseline 0.001 -18"><span class='ocrx_word' id='word_1_987' title='bbox 2224 5232 2383 5287; x_wconf 82' lang='lat' dir='ltr'>Hebr.</span> <span class='ocrx_word' id='word_1_988' title='bbox 2407 5231 2483 5286; x_wconf 82' lang='lat' dir='ltr'>LE</span> <span class='ocrx_word' id='word_1_989' title='bbox 2518 5231 2614 5285; x_wconf 81' lang='lat' dir='ltr'>Pa.</span> <span class='ocrx_word' id='word_1_990' title='bbox 2648 5262 2717 5273; x_wconf 91' lang='lat'><strong><em>—</em></strong></span> <span class='ocrx_word' id='word_1_991' title='bbox 2746 5232 2834 5287; x_wconf 91' lang='lat' dir='ltr'>Sic</span> <span class='ocrx_word' id='word_1_992' title='bbox 2870 5239 3174 5287; x_wconf 88' lang='lat' dir='ltr'>constanter</span> <span class='ocrx_word' id='word_1_993' title='bbox 3205 5231 3401 5302; x_wconf 91' lang='lat' dir='ltr'>ubique</span> <span class='ocrx_word' id='word_1_994' title='bbox 3428 5231 3861 5302; x_wconf 80' lang='lat' dir='ltr'>Tertullianus,</span> 
     </span>
    </p>
   </div>
   <div class='ocr_carea' id='block_1_127' title="bbox 2220 5301 3861 5372">
    <p class='ocr_par' dir='ltr' id='par_1_127' title="bbox 2220 5301 3861 5372">
     <span class='ocr_line' id='line_1_131' title="bbox 2220 5301 3861 5372; baseline 0.003 -19"><span class='ocrx_word' id='word_1_995' title='bbox 2220 5308 2339 5355; x_wconf 89' lang='lat' dir='ltr'>tum</span> <span class='ocrx_word' id='word_1_996' title='bbox 2369 5303 2526 5371; x_wconf 88' lang='lat' dir='ltr'>paulo</span> <span class='ocrx_word' id='word_1_997' title='bbox 2556 5313 2694 5372; x_wconf 89' lang='lat' dir='ltr'>post,</span> <span class='ocrx_word' id='word_1_998' title='bbox 2753 5310 2806 5357; x_wconf 92' lang='lat' dir='ltr'>et</span> <span class='ocrx_word' id='word_1_999' title='bbox 2860 5303 2979 5359; x_wconf 90' lang='lat' dir='ltr'>loco</span> <span class='ocrx_word' id='word_1_1000' title='bbox 3014 5303 3198 5370; x_wconf 89' lang='lat' dir='ltr'>citato,</span> <span class='ocrx_word' id='word_1_1001' title='bbox 3233 5301 3347 5359; x_wconf 86' lang='lat' dir='ltr'>tum</span> <span class='ocrx_word' id='word_1_1002' title='bbox 3402 5301 3564 5357; x_wconf 87' lang='lat' dir='ltr'>etiam</span> <span class='ocrx_word' id='word_1_1003' title='bbox 3626 5305 3742 5358; x_wconf 89' lang='lat' dir='ltr'>lib.</span> <span class='ocrx_word' id='word_1_1004' title='bbox 3781 5304 3861 5358; x_wconf 84' lang='lat' dir='ltr'>de</span> 
     </span>
    </p>
   </div>
   <div class='ocr_carea' id='block_1_128' title="bbox 2226 5373 3859 5445">
    <p class='ocr_par' dir='ltr' id='par_1_128' title="bbox 2226 5373 3859 5445">
     <span class='ocr_line' id='line_1_132' title="bbox 2226 5373 3859 5445; baseline 0 -16"><span class='ocrx_word' id='word_1_1005' title='bbox 2226 5374 2406 5445; x_wconf 86' lang='lat' dir='ltr'>Carne</span> <span class='ocrx_word' id='word_1_1006' title='bbox 2450 5373 2693 5443; x_wconf 81' lang='lat' dir='ltr'>Christi;</span> <span class='ocrx_word' id='word_1_1007' title='bbox 2723 5389 2891 5445; x_wconf 89' lang='lat' dir='ltr'>quare</span> <span class='ocrx_word' id='word_1_1008' title='bbox 2917 5374 3241 5439; x_wconf 87' lang='lat' dir='ltr'>addidimus,</span> <span class='ocrx_word' id='word_1_1009' title='bbox 3276 5375 3341 5429; x_wconf 86' lang='lat' dir='ltr'>in</span> <span class='ocrx_word' id='word_1_1010' title='bbox 3368 5376 3551 5445; x_wconf 83' lang='lat' dir='ltr'>utero,</span> <span class='ocrx_word' id='word_1_1011' title='bbox 3586 5377 3859 5431; x_wconf 78' lang='lat' dir='ltr'>maxime</span> 
     </span>
    </p>
   </div>
   <div class='ocr_carea' id='block_1_129' title="bbox 2218 5444 3856 5517">
    <p class='ocr_par' dir='ltr' id='par_1_129' title="bbox 2218 5444 3856 5517">
     <span class='ocr_line' id='line_1_133' title="bbox 2218 5444 3856 5517; baseline 0.002 -20"><span class='ocrx_word' id='word_1_1012' title='bbox 2218 5458 2337 5517; x_wconf 83' lang='lat' dir='ltr'>cum</span> <span class='ocrx_word' id='word_1_1013' title='bbox 2378 5444 2593 5517; x_wconf 81' lang='lat' dir='ltr'>legatur</span> <span class='ocrx_word' id='word_1_1014' title='bbox 2622 5444 2779 5500; x_wconf 88' lang='lat' dir='ltr'>etiam</span> <span class='ocrx_word' id='word_1_1015' title='bbox 2807 5462 2840 5517; x_wconf 88' lang='lat' dir='ltr'>a</span> <span class='ocrx_word' id='word_1_1016' title='bbox 2874 5446 2931 5500; x_wconf 90' lang='grc' dir='ltr'><strong>Β.</strong></span> <span class='ocrx_word' id='word_1_1017' title='bbox 2956 5445 3225 5517; x_wconf 85' lang='lat' dir='ltr'>Cypriane</span> <span class='ocrx_word' id='word_1_1018' title='bbox 3270 5453 3505 5517; x_wconf 82' lang='lat' dir='ltr'>utroque</span> <span class='ocrx_word' id='word_1_1019' title='bbox 3535 5444 3856 5517; x_wconf 12' lang='lat' dir='ltr'>locoimox</span> 
     </span>
    </p>
   </div>
   <div class='ocr_carea' id='block_1_130' title="bbox 2216 5516 3629 5659">
    <p class='ocr_par' dir='ltr' id='par_1_130' title="bbox 2216 5516 3629 5659">
     <span class='ocr_line' id='line_1_134' title="bbox 2217 5516 3629 5588; baseline 0.003 -19"><span class='ocrx_word' id='word_1_1020' title='bbox 2217 5516 2377 5571; x_wconf 89' lang='lat' dir='ltr'>citato</span> <span class='ocrx_word' id='word_1_1021' title='bbox 2423 5516 2453 5583; x_wconf 38' lang='lat'>,’</span> <span class='ocrx_word' id='word_1_1022' title='bbox 2477 5516 2544 5571; x_wconf 92' lang='lat' dir='ltr'>de</span> <span class='ocrx_word' id='word_1_1023' title='bbox 2582 5531 2690 5588; x_wconf 92' lang='lat' dir='ltr'>quo</span> <span class='ocrx_word' id='word_1_1024' title='bbox 2726 5516 2887 5572; x_wconf 88' lang='lat' dir='ltr'>latius</span> <span class='ocrx_word' id='word_1_1025' title='bbox 2931 5516 3129 5573; x_wconf 87' lang='lat' dir='ltr'>ibidem</span> <span class='ocrx_word' id='word_1_1026' title='bbox 3184 5516 3239 5571; x_wconf 90' lang='lat' dir='ltr'>in</span> <span class='ocrx_word' id='word_1_1027' title='bbox 3281 5516 3466 5572; x_wconf 87' lang='lat' dir='ltr'>adnot.</span> <span class='ocrx_word' id='word_1_1028' title='bbox 3513 5530 3629 5573; x_wconf 78' lang='lat' dir='ltr'>nost</span> 
     </span>
     <span class='ocr_line' id='line_1_135' title="bbox 2216 5587 3629 5659; baseline 0.003 -16"><span class='ocrx_word' id='word_1_1029' title='bbox 2216 5587 2377 5659; x_wconf 89' lang='lat' dir='ltr'>epist.</span> <span class='ocrx_word' id='word_1_1030' title='bbox 2408 5592 2461 5659; x_wconf 91' lang='lat'>6,</span> <span class='ocrx_word' id='word_1_1031' title='bbox 2502 5604 2649 5645; x_wconf 91' lang='lat' dir='ltr'>num.</span> <span class='ocrx_word' id='word_1_1032' title='bbox 2684 5592 2773 5656; x_wconf 84' lang='grc'>16,</span> <span class='ocrx_word' id='word_1_1033' title='bbox 2806 5596 2857 5645; x_wconf 85' lang='lat' dir='ltr'>et</span> <span class='ocrx_word' id='word_1_1034' title='bbox 2885 5588 2977 5646; x_wconf 91' lang='lat' dir='ltr'>lib.</span> <span class='ocrx_word' id='word_1_1035' title='bbox 3012 5590 3286 5647; x_wconf 80' lang='lat' dir='ltr'>Adversus</span> <span class='ocrx_word' id='word_1_1036' title='bbox 3315 5588 3444 5645; x_wconf 76' lang='lat' dir='ltr'>Iud.</span> <span class='ocrx_word' id='word_1_1037' title='bbox 3478 5588 3629 5647; x_wconf 72' lang='lat' dir='ltr'>Pu.</span> 
     </span>
    </p>
   </div>
   <div class='ocr_carea' id='block_1_131' title="bbox 2582 5516 3857 5588">
    <p class='ocr_par' dir='ltr' id='par_1_131' title="bbox 2582 5516 3857 5588">
     <span class='ocr_line' id='line_1_136' title="bbox 2582 5516 3857 5588; baseline 0 -17"><span class='ocrx_word' id='word_1_1038' title='bbox 2582 5531 2690 5588; x_wconf 92' lang='lat' dir='ltr'>quo</span> <span class='ocrx_word' id='word_1_1039' title='bbox 2726 5516 2887 5572; x_wconf 87' lang='lat' dir='ltr'>latius</span> <span class='ocrx_word' id='word_1_1040' title='bbox 2931 5516 3129 5573; x_wconf 87' lang='lat' dir='ltr'>ibidem</span> <span class='ocrx_word' id='word_1_1041' title='bbox 3184 5516 3239 5571; x_wconf 90' lang='lat' dir='ltr'>in</span> <span class='ocrx_word' id='word_1_1042' title='bbox 3281 5516 3466 5572; x_wconf 87' lang='lat' dir='ltr'>adnot.</span> <span class='ocrx_word' id='word_1_1043' title='bbox 3513 5516 3731 5573; x_wconf 80' lang='lat' dir='ltr'>nostris</span> <span class='ocrx_word' id='word_1_1044' title='bbox 3764 5516 3857 5571; x_wconf 83' lang='lat' dir='ltr'>ad</span> 
     </span>
    </p>
   </div>
  </div>
