3992 6174
185 324 281 388 657

1483 321 1586 382 LIB
1594 322 1675 385 ER
1714 323 1867 384 ADV.
1907 320 2186 385 JUDJEOS.

3370 325 3475 385 658

179 454 522 530 priusquam
580 454 877 521 cognoscat
923 449 1121 520 infans
1171 465 1368 507 uocare
1405 454 1627 524 patrem
1675 455 1782 507 aut
1809 469 1856 550 Α
1887 467 1978 506 rus
2005 451 2125 521 (i8;
2179 462 2280 505 nec
2309 464 2374 505 ex
2413 462 2554 520 equo
2591 447 2674 504 vel
2705 449 2772 505 de
2802 465 2978 524 muro,
3010 452 3107 508 sed
3135 453 3203 508 de
3251 452 3476 510 nutricis

180 547 445 609 matrem,
491 540 736 611 accipiet
767 541 1041 596 virtutem
1069 541 1351 605 Damasci,
1384 543 1440 597 et
1469 541 1649 613 spolia
1683 541 1782 598 Sa-

178 635 380 689 maria:
411 630 678 686 adversus
706 644 892 700 regem
921 629 1277 701 Assyriorum
1302 629 1430 698 (Isa.
1453 644 1550 696 vn,
1584 629 1781 700 13-16)

175 725 360 794 Itaque
389 719 578 776 dicunt
604 718 778 774 Judaei
810 736 821 775 :
860 719 1217 775 Provocemus
1259 718 1416 774 istam
1448 718 1782 788 praedicatio-

177 829 294 868 nem
327 809 507 877 Isaiae,
541 817 596 864 et
635 807 902 864 faciamus
931 807 1422 879 comparationem,
1469 823 1536 862 an
1564 807 1780 864 Christo

172 901 258 974 qui
288 900 404 968 jam
437 897 604 965 venit,
634 903 906 967 competat
921 895 997 951 illi
1017 896 1195 966 primo
1226 912 1424 952 nomen
1442 897 1590 969 quod
1611 897 1778 954 Isaias

172 987 512 1059 praedicavit,
561 993 615 1042 et
662 985 897 1058 insignia
945 985 1064 1054 ejus
1101 1001 1221 1056 quae
1267 985 1336 1040 de
1378 1000 1443 1042 eo
1490 985 1774 1042 nuntiavit.

170 1077 439 1148 Equidem
477 1074 643 1130 Isaias
671 1073 930 1145 praedicat
974 1089 1093 1128 eum
1133 1071 1542 1128 Emmanuelem
1593 1071 1780 1128 vocari

169 1173 448 1236 Oportere,
497 1161 693 1218 dehinc
741 1163 996 1218 virtutem
1045 1170 1380 1232 sumpturum
1429 1161 1678 1218 Damasci
1722 1169 1780 1218 et

165 1253 349 1324 spolia
380 1250 643 1306 Samaria:
667 1249 932 1308 adversus
961 1264 1152 1323 regem
1181 1249 1552 1321 Assyriorum.
1585 1251 1778 1320 Porro,

162 1341 450 1413 inquiunt,
481 1340 584 1396 iste
613 1337 705 1411 qui
745 1339 908 1403 venit,
943 1355 1114 1410 neque
1143 1338 1244 1394 sub
1268 1338 1533 1408 ejusmodi
1561 1339 1778 1395 nomine

162 1437 247 1485 est
281 1430 486 1496 editus,
519 1444 701 1500 neque
738 1443 798 1483 re
839 1426 1026 1483 bellica
1070 1427 1308 1484 functus.
1335 1427 1407 1482 At
1436 1444 1536 1484 nos
1563 1445 1594 1484 e
1641 1444 1778 1484 con-

164 1518 336 1573 trario
368 1517 748 1572 admonendos
777 1531 872 1571 eos
891 1515 1333 1581 existimavimus,
1352 1516 1430 1571 uti
1451 1516 1779 1573 cohaerentia

161 1623 393 1680 quoque
425 1607 587 1675 hujus
623 1604 846 1676 capituli
876 1615 1272 1678 recognoscant
1304 1623 1316 1659 :
1364 1605 1646 1674 subjuncta
1692 1613 1775 1661 est

161 1697 326 1750 enim
375 1704 427 1750 et
471 1694 845 1765 interpretatio
883 1694 1213 1760 Emmanuel,
1260 1695 1559 1751 Nobiscum
1600 1697 1767 1760 Deus,

1889 549 1942 596 et
1973 540 2176 615 gerulae
2204 555 2315 595 suae
2345 539 2508 596 dorso
2537 541 2651 596 sive
2678 539 2816 596 collo
2837 539 3042 595 hostem
3075 541 3472 613 destinaturus;

1889 639 2047 703 atque
2102 631 2175 687 ita
2226 630 2546 686 Damascum
2601 639 2654 685 et
2711 630 3010 685 Samariam
3076 645 3176 701 pro
3232 633 3477 688 mammis

1889 722 2229 777 subacturus.
2261 719 2424 776 Aliud
2452 727 2550 786 est,
2582 721 2626 773 si
2657 735 2822 789 penes
2858 734 2955 775 vos
2985 717 3220 775 infantes
3249 721 3302 775 in
3341 739 3480 794 prae-

1886 809 2022 866 lium
2065 819 2370 882 erumpunt,
2410 809 2571 865 credo
2600 808 2666 862 ad
2696 808 2865 864 solem
2894 809 2917 845 ²
2947 807 3064 880 (49)
3116 809 3259 863 uncti
3304 809 3473 878 prius,

1888 898 2082 955 dehinc
2127 897 2322 970 pannis
2378 896 2586 967 armati,
2633 905 2686 954 et
2733 896 2931 968 butyro
2988 896 3320 967 stipendiali,
3385 897 3479 968 qui

1889 997 2012 1044 ante
2044 987 2220 1043 norint
2248 987 2491 1043 lanceare
2524 1001 2682 1058 quam
2715 985 2992 1042 lancinare
3018 986 3154 1058 (50).
3187 986 3477 1042 Enimvero

1888 1075 1934 1132 si
1992 1091 2258 1147 nusquam
2307 1077 2413 1132 hoc
2477 1085 2666 1132 natura
2724 1075 2991 1144 concedit,
3049 1085 3170 1131 ante
3243 1075 3477 1130 militare

1889 1178 2048 1233 quam
2093 1164 2264 1220 virum
2317 1162 2492 1220 facere
2537 1164 2689 1236 (51),
2732 1174 2856 1220 ante
2914 1163 3161 1220 virtutem
3226 1163 3477 1221 Damasci

1888 1267 2102 1308 sumere
2147 1267 2305 1323 quam
2359 1261 2564 1323 patrem
2612 1268 2793 1324 nosse,
2840 1251 3082 1324 sequitur
3137 1261 3197 1310 ut
3251 1253 3480 1326 ﬁgurate

1890 1341 2292 1411 pronuntiatum
2339 1340 2598 1396 videatur.
2631 1341 2737 1398 Sed
2782 1349 2836 1398 et
2880 1341 3174 1416 virginem,
3206 1341 3476 1413 inquiunt,

1889 1445 2079 1500 parere
2108 1437 2297 1486 natura
2326 1444 2435 1485 non
2479 1430 2699 1500 patitur,
2733 1438 2788 1485 et
2820 1439 2999 1485 tamen
3028 1431 3366 1487 credendum
3395 1439 3479 1487 est

1887 1519 2182 1589 praphetaa.
2213 1519 2279 1573 Et
2307 1517 2520 1577 merito.
2556 1519 2868 1575 Praestruxit
2898 1519 3045 1575 enim
3088 1519 3244 1576 fidem
3292 1521 3475 1576 incre-

1885 1603 2042 1659 dibili
2080 1605 2174 1671 rei,
2236 1605 2466 1661 dicendo
2512 1607 2660 1676 quod
2724 1609 2942 1678 signum
2997 1615 3143 1664 esset
3208 1607 3473 1664 futurum.

1882 1695 2206 1764 Propterea,
2227 1693 2416 1764 inquit,
2440 1693 2670 1750 dabitur
2696 1697 2842 1751 vobis
2869 1698 3099 1767 signum
3126 1714 3136 1750 :
3165 1698 3301 1752 Ecce
3322 1700 3476 1768 virgo

159 1785 249 1840 uti
315 1799 426 1839 non
473 1783 644 1838 solum
688 1798 882 1837 sonum
936 1783 1166 1838 nominis
1203 1791 1415 1852 spectes
1466 1784 1535 1850 98,
1581 1783 1675 1838 sed
1717 1793 1770 1839 et
1803 1758 1846 1834 Β
1880 1783 2156 1854 concipiet
2185 1783 2246 1838 in
2277 1787 2439 1838 utero
2469 1786 2526 1838 et
2541 1785 2958 1855 pariet/ilium.
2992 1785 3218 1854 Signum
3249 1794 3425 1840 autem
3446 1801 3477 1840 a

166 1887 431 1926 sensum.
471 1872 646 1926 Sonus
669 1871 811 1926 enim
861 1871 1180 1938 Hebraicus,
1224 1872 1371 1942 quod
1416 1879 1500 1926 est
1550 1872 1775 1928 Emma-

165 1959 339 2028 nuel,
368 1974 483 2013 suae
526 1958 696 2029 gentis
724 1969 834 2026 est;
864 1976 1056 2017 sensus
1105 1967 1289 2016 autem
1328 1960 1465 2029 ejus,
1513 1959 1659 2032 quod
1696 1968 1776 2016 est

161 2049 324 2102 Deus
371 2047 653 2103 nobiscum
699 2050 825 2118 (47),
861 2065 928 2104 ex
982 2049 1421 2121 interpretatione
1475 2049 1775 2105 communis

160 2144 270 2189 est.
329 2135 528 2205 Quaro
557 2136 606 2174 99
649 2151 782 2207 ergo
829 2153 897 2191 an
944 2138 1050 2192 ista
1095 2154 1220 2209 vox,
1273 2139 1567 2195 Nobiscum
1609 2139 1772 2208 Deus,

159 2225 314 2295 quod
342 2231 426 2279 est
465 2225 804 2292 Emmanuel,
857 2227 1049 2283 exinde
1095 2242 1205 2299 quo
1255 2227 1504 2283 Christus
1543 2226 1769 2292 induxit,

161 2314 407 2386 agitetur
435 2313 488 2368 in
520 2315 784 2371 Christo?
811 2316 878 2370 Et
917 2325 1068 2387 puto,
1102 2331 1167 2370 ex
1207 2323 1320 2371 toto
1364 2331 1472 2372 non
1523 2317 1770 2387 negabis.

158 2402 310 2456 Nam
339 2402 436 2472 qui
463 2417 537 2457 ex
586 2402 864 2458 Judaismo
908 2405 1135 2460 credunt
1181 2403 1421 2474 Christo,
1453 2419 1520 2460 ex
1567 2419 1673 2474 quo
1721 2405 1773 2459 in

161 2506 290 2545 eum
322 2489 574 2558 credunt,
606 2491 930 2546 Emmanuel
959 2508 1081 2547 eum
1113 2493 1294 2548 volent
1332 2492 1536 2556 dicere,
1584 2493 1772 2547 nobis-

160 2593 292 2633 cum
323 2579 496 2634 Deum
527 2594 650 2635 esse
699 2578 1024 2651 signiﬁcant.
1071 2580 1249 2651 Atque
1281 2582 1352 2636 ita
1403 2590 1616 2637 constat
1659 2581 1770 2650 jam

160 2669 384 2725 venisse
443 2668 596 2722 illum
660 2669 754 2739 qui
810 2669 1204 2740 praedicabatur
1247 2670 1597 2736 Emmanuel,
1647 2669 1773 2741 quia

165 2756 316 2827 quod
365 2755 637 2828 signiﬁcat
703 2758 1054 2824 Emmanuel,
1104 2759 1292 2825 venit,
1347 2757 1404 2813 id
1448 2766 1530 2814 est
1577 2756 1772 2813 Nobis-

163 2862 292 2901 cum
374 2847 544 2900 Deus.
615 2846 786 2917 Eque
865 2855 918 2902 et
987 2862 1124 2904 sono
1198 2848 1435 2903 nominis
1505 2847 1770 2902 inducun-

166 2942 281 3003 tur,
312 2932 476 2990 6I8
507 2951 632 2989 cum
664 2935 916 2992 virtutem
959 2936 1226 3007 Damasci,
1257 2944 1312 2991 et
1358 2935 1531 3007 spolia
1578 2936 1769 2990 Sama-

166 3025 263 3077 ria:
330 3024 590 3078 adversus
646 3039 834 3098 regem
900 3025 1268 3098 Assyriorum,
1328 3025 1408 3081 sic
1462 3024 1762 3096 accipiunt,

165 3111 326 3183 quasi
385 3111 697 3168 bellatorem
755 3114 1078 3184 portendant
1130 3114 1431 3178 Christum,
1490 3129 1598 3168 non
1655 3111 1768 3167 ani-

166 3199 567 3255 madvertentes
604 3201 737 3272 quid
777 3202 1058 3272 Scriptura
1095 3203 1384 3274 praemittat
1423 3220 1437 3258 :
1491 3202 1767 3270 Quoniam

164 3293 505 3361 priusquam
531 3296 822 3360 cognoscat
846 3309 990 3364 puer
1009 3307 1206 3348 vocare
1242 3297 1467 3365 patrem
1504 3295 1607 3346 aut
1637 3307 1766 3344 ma-

170 3381 334 3442 trem,
357 3379 604 3450 accipiet
634 3382 904 3437 virtutem
940 3383 1205 3437 Damasci
1239 3385 1296 3438 et
1343 3381 1528 3452 spolia
1573 3380 1769 3436 Sama-

168 3469 270 3522 νίίε
297 3466 568 3523 adversus
586 3484 770 3541 regem
800 3471 1178 3542 Assyriorum.
1211 3471 1353 3525 Ante
1382 3478 1465 3524 est
1492 3468 1636 3523 enim
1665 3467 1771 3522 ins-

170 3555 339 3625 picias
368 3556 388 3593 1
417 3557 590 3611 aetatis
618 3557 1152 3625 demonstrationem,
1175 3575 1242 3614 an
1265 3559 1436 3614 virum
1462 3559 1568 3628 jam
1593 3555 1768 3613 Chris-

170 3653 280 3699 tum
313 3644 577 3700 exhibere
596 3645 694 3702 ista
725 3653 853 3702 tetas
891 3649 1080 3718 possit,
1107 3647 1308 3705 nedum
1345 3647 1762 3718 imperatorem;

169 3733 376 3788 scilicet
399 3731 587 3807 vagitu
630 3734 696 3788 ad
727 3750 878 3790 arma
925 3744 1068 3792 esset
1113 3744 1504 3793 convocaturus
1549 3733 1762 3800 infans;

171 3832 227 3877 et
261 3821 481 3892 signum
534 3822 680 3888 belli,
720 3839 828 3879 non
874 3825 1050 3890 turba,
1096 3825 1192 3882 sed
1239 3824 1568 3895 crepitacillo
1608 3823 1768 3877 datu-

1882 1871 2018 1937 Deo,
2051 1870 2155 1927 nisi
2190 1869 2402 1927 novitas
2429 1871 2606 1943 aliqua
2637 1879 2984 1928 monstruosa
3010 1872 3222 1937 fuisset,
3257 1873 3476 1944 signum

1884 1975 1992 2015 non
2023 1958 2318 2016 videretur.
2353 1961 2621 2034 Denique,
2663 1959 2710 2015 si
2757 1960 2972 2032 quando
3019 1962 3086 2015 ad
3135 1959 3477 2030 dejiciendos

1883 2048 2094 2119 aliquos
2145 2049 2260 2120 (52)
2301 2049 2368 2104 ab
2415 2049 2515 2105 hac
2556 2049 2734 2106 divina
2779 2048 3176 2121 praedicatione,
3209 2048 3297 2103 vel
3342 2064 3475 2103 con-

1883 2147 2089 2194 vertere
2118 2136 2368 2210 singulos
2397 2137 2670 2208 simplices
2700 2153 2949 2210 quosque
2981 2137 3215 2211 gestitis,
3257 2135 3476 2192 mentiri

1883 2226 2108 2293 audetis,
2139 2227 2294 2298 quasi
2326 2242 2436 2281 non
2465 2227 2754 2298 virginem,
2800 2227 2898 2284 sed
2925 2227 3272 2296 juvenculatn
3328 2240 3469 2282 con-

1884 2323 2166 2386 cepturam
2214 2323 2266 2369 et
2318 2313 2617 2386 parituram
2675 2315 2951 2384 Scriptura
3003 2313 3307 2379 contineat;
3350 2313 3477 2367 hinc

1883 2417 2106 2474 quoque
2155 2401 2512 2466 revincimini,
2544 2401 2690 2473 quod
2732 2402 2865 2457 nihil
2911 2402 3048 2473 signi
3094 2400 3265 2457 videri
3307 2403 3476 2472 possit

1885 2507 1968 2545 res
1995 2489 2323 2562 quotidiana,
2351 2489 2656 2559 juvenculae
2693 2487 2871 2546 6I9
2917 2489 3121 2546 scilicet
3169 2497 3476 2561 praegnatus

1880 2586 1933 2633 et
1962 2586 2164 2648 partus.
2203 2579 2262 2632 In
2291 2578 2505 2652 signum
2536 2593 2670 2650 ergo
2720 2577 2876 2634 nobis
2905 2578 3082 2648 posita
3107 2577 3258 2649 virgo
3307 2587 3476 2634 mater

1883 2668 2072 2722 merito
2093 2667 2350 2730 creditur,
2375 2667 2551 2721 infans
2580 2681 2709 2722 vero
2740 2666 2967 2721 bellator
2995 2681 3103 2722 non
3135 2682 3311 2736 mque.
3355 2665 3473 2721 Non

1879 2755 2022 2810 enim
2053 2755 2076 2793 3
2104 2763 2155 2809 ct
2185 2754 2272 2809 hic
2297 2753 2439 2824 signi
2470 2757 2605 2810 ratio
2654 2762 2900 2809 versatur
2928 2756 2970 2822 4;
3006 2754 3102 2809 sed
3135 2755 3299 2824 signo
3331 2755 3472 2810 nati-

1881 2843 2063 2900 vitatis
2110 2859 2263 2900 novaz
2327 2843 2580 2912 ascripto,
2638 2842 2833 2899 exinde
2885 2852 3008 2914 post
3063 2842 3283 2916 signum
3334 2843 3473 2898 alius

1877 2933 1987 3003 jam
2018 2931 2150 2987 ordo
2193 2930 2413 2986 infantis
2454 2931 2680 2988 edicitur
2718 2933 2822 2987 mel
2851 2939 2906 2987 et
2939 2931 3193 3003 butyrum
3240 2931 3472 2986 mandu-

1873 3019 2068 3075 caturi.
2107 3019 2222 3074 Nec
2250 3019 2351 3075 hoc
2380 3019 2566 3091 utique
2610 3020 2662 3072 in
2696 3019 2915 3093 signum
2957 3031 3057 3090 est,
3091 3029 3145 3075 et
3189 3020 3293 3075 hoc
3323 3019 3471 3075 enim

1884 3106 2121 3163 infantiae
2151 3115 2233 3162 est
2261 3106 2324 3171 5;
2359 3107 2455 3162 sed
2506 3113 2850 3177 accepturum
2891 3107 3147 3162 virtutem
3200 3108 3468 3176 Damasci,

1879 3206 1930 3253 et
1968 3194 2139 3268 spolia
2165 3195 2419 3250 Samariae
2449 3196 2705 3251 adversus
2735 3211 2921 3268 regem
2967 3195 3333 3267 Assyriorum,
3367 3196 3472 3251 hoc

1876 3293 1958 3340 est
2014 3282 2254 3338 mirabile
2309 3283 2542 3352 signum.
2599 3282 2821 3339 Servate
2879 3284 3099 3338 modum
3154 3283 3362 3355 aetatis,
3415 3289 3469 3338 et

1878 3372 2101 3445 quaerite
2190 3388 2410 3426 sensum
2487 3371 2948 3443 praedicationis:
3021 3372 3188 3428 immo
3261 3371 3470 3427 reddite

1878 3463 2109 3528 veritati,
2132 3479 2252 3534 qum
2282 3462 2502 3518 credere
2556 3478 2665 3517 non
2717 3463 2898 3533 vultis,
2932 3472 2986 3519 et
3022 3471 3130 3518 tam
3158 3461 3472 3534 intelligitur

1883 3551 2180 3624 prOphetia,
2214 3568 2374 3623 quam
2405 3552 2737 3607 renuntiatur
2775 3562 3042 3624 expuncta
3070 3553 3095 3591 6
3118 3552 3252 3624 (53).
3289 3553 3469 3607 Acce-

1882 3640 1964 3713 pit
1990 3641 2238 3697 Christus
2267 3639 2444 3695 infans
2471 3639 2720 3696 virtutem
2767 3641 3012 3697 Damasci
3054 3649 3108 3696 et
3157 3640 3328 3711 spolia
3365 3641 3468 3695 Sa-

1881 3730 2086 3786 mariae.
2145 3731 2394 3784 Maneant
2452 3728 2597 3784 enim
2662 3728 2961 3786 Orientales
3015 3730 3094 3785 illi
3137 3731 3280 3802 Magi
3333 3729 3470 3801 (54),

1878 3819 2157 3874 infantiam
2179 3817 2378 3876 Christi
2407 3826 2681 3875 recentem
2709 3819 2730 3856 Ἰ
2762 3834 2896 3876 auro
2936 3826 2991 3876 et
3021 3820 3177 3877 thure
3207 3820 3233 3856 ⁸
3282 3835 3474 3875 mune-

1546 3989 1740 4053 Variaa
1767 3989 2072 4050 lectiones.

241 4123 298 4162 9⁸
325 4122 596 4193 Expectes
626 4123 801 4181 Rhen.
831 4125 1050 4182 Oberth.
1074 4126 1124 4165 99
1155 4125 1335 4194 Quare
1367 4125 1537 4182 Seml.
1573 4123 1590 4161 ι
1622 4119 1800 4194 Enim.
1823 4116 2389 4194 Inspiciamus_lun._2
2417 4118 2624 4194 solium
2663 4122 2803 4194 (un.
2835 4122 3007 4194 Seml.
3047 4121 3262 4179 Oberth.
3296 4121 3320 4159 3
3358 4124 3473 4194 Non

173 4194 387 4264 aeque?
418 4188 468 4247 et
489 4195 574 4249 hic
601 4195 778 4253 Rhen.
821 4197 1038 4253 Oberth.
1072 4197 1095 4236 ἰ
1132 4188 1414 4254 versatur.
1474 4193 1578 4250 Sed
1629 4193 1820 4248 iidem.
1853 4188 1965 4264 5E_t
1991 4188 2311 4264 hoeutique
2333 4189 2404 4264 in
2435 4190 2646 4264 signum
2688 4191 2926 4264 infantia:
2946 4201 3026 4246 est
3055 4194 3184 4264 Par.
3234 4191 3476 4264 Proquti«

175 4257 290 4333 qu'e
356 4265 674 4338 legiti’am.
698 4267 936 4337 utrique.
958 4269 1072 4324 Nec
1109 4269 1216 4323 hoc
1245 4269 1431 4338 utique
1458 4265 1520 4338 in
1552 4263 1764 4336 signum
1792 4257 2152 4338 est,_infant_ia
2199 4257 2283 4315 est
2315 4257 2536 4338 Oberth.
2568 4262 2740 4338 senti.
2781 4261 2805 4298 δ
2838 4263 3131 4338 i’rOphetia
3145 4261 3476 4338 genunt'mta,

175 4328 346 4417 quam
391 4328 620 4393 creditur
657 4328 919 4410 expuncta
961 4339 1179 4399 Oberth.
1218 4328 1392 4396 Rhen.
1425 4337 1564 4392 Tum
1594 4328 1633 4390 Σ
1665 4349 1834 4405 quum
1877 4332 2008 4388 Jun.
2040 4330 2061 4368 Ἰ
2095 4328 2163 4384 Ut
2192 4345 2379 4403 regem
2407 4332 2568 4388 Pam.
2605 4333 2777 4388 Rhen.
2827 4328 3052 4389 Oberth.
3085 4333 3111 4370 3
3144 4333 3213 4387 Et
3260 4332 3480 4402 myrrha

178 4407 382 4464 iidem.

1568 4475 2068 4541 Commentarios.

253 4614 372 4694 (5'!)
407 4613 614 4694 Sensus
643 4621 836 4674 autem
864 4619 1002 4694 ejus,
1027 4617 1270 4694 quodest
1295 4619 1435 4694 Deus
1463 4612 1774 4694 nobiscum,

177 4693 278 4739 etc.
326 4684 505 4740 Verba
540 4688 671 4750 haec,
703 4696 838 4744 teste
858 4683 1084 4755 Semler,
1118 4690 1172 4743 in
1197 4684 1593 4744 Paterniacensi
1624 4683 1772 4740 codi-

178 4755 350 4831 ce_ad
381 4758 678 4831 marginem
718 4770 842 4814 sunt
870 4761 1121 4831 ascripta,
1153 4760 1249 4816 sed
1277 4759 1354 4815 sic
1383 4766 1444 4815 ut
1469 4758 1773 4831 viderentur

181 4828 469 4900 referenda
497 4831 550 4900 in
589 4840 897 4887 contextum
928 4849 942 4886 :
969 4827 1031 4886 ea
1060 4841 1236 4888 tamen
1260 4830 1519 4900 expunxit
1548 4827 1772 4894 Semler,

181 4898 280 4954 etsi
310 4899 576 4972 invenerit
604 4902 747 4972 apud
779 4905 946 4971 Pam.,
969 4903 1143 4958 Rhen.
1178 4913 1232 4958 et
1258 4898 1455 4972 Rigalt.
1487 4902 1629 4954 Enn.

251 4969 371 5044 (48)
404 4970 505 5027 Sed
551 4969 895 5044 crepitaciilo
939 4969 1200 5030 "daturus.
1262 4969 1682 5044 Crépitacillum,
1710 4986 1775 5025 ex

181 5039 407 5113 ludicris
453 5039 750 5113 puerilibus
796 5054 892 5100 est.
927 5045 1099 5099 forma
1127 5039 1459 5107 diminutiva,
1495 5043 1776 5112 acrepita-

180 5111 313 5186 culo
338 5111 652 5186 deductum.
687 5115 871 5170 sicula
899 5117 1121 5179 speculo
1151 5116 1451 5186 specillum.
1485 5113 1620 5182 Apte
1644 5111 1777 5168 vero

182 5181 508 5257 diminutive
539 5185 724 5250 utitur,
765 5187 830 5240 dc
854 5186 1112 5241 infantulo
1145 5181 1388 5257 loquens.
1423 5181 1605 5240 RHEN.

259 5252 372 5329 (£591
397 5255 487 5329 _Ad
525 5257 718 5313 solem.
753 5259 972 5314 Solitum
1011 5258 1183 5329 magis
1217 5252 1421 5312 arridet
1466 5257 1658 5323 Seml.,
1689 5255 1781 5326 qui

184 5315 370 5448 πὺἐλῖξ
395 5325 778 5397 interpretatur
809 5350 821 5385 :
855 5329 1026 5387 vasin
1075 5315 1182 5400 quo
1225 5329 1469 5384 sedentes
1507 5315 1784 5400 angeban-

186 5405 299 5448 tur.
347 5412 465 5448 λιιι).

186 5405 299 5449 tur.
329 5405 465 5452 ΕΜ).

1957 4604 2072 4674 (51)
2100 4605 2243 4660 Ante
2270 4603 2526 4677 militare
2555 4621 2724 4677 quam
2747 4608 2938 4662 virum
2965 4607 3174 4677 facere.
3209 4605 3349 4661 Ante
3380 4622 3480 4673 pu-

1883 4676 2151 4748 bertatem
2186 4677 2276 4732 vix
2318 4676 2515 4748 legitur
2561 4676 2716 4731 miles
2751 4695 2762 4733 :
2794 4688 2848 4732 et
2879 4685 3069 4732 natura
3113 4676 3287 4748 virum
3334 4677 3480 4748 facit,

1885 4763 2004 4802 cum
2039 4747 2295 4816 puberem
2325 4747 2678 4804 demonstrat.
2714 4748 2970 4802 Eamdem
3003 4747 3326 4804 sententiam
3356 4747 3484 4800 Ter-

1881 4818 2137 4875 tullianus
2175 4817 2268 4873 lib.
2323 4835 2405 4887 ιιι,
2435 4818 2705 4876 adversus
2746 4821 3102 4882 Marcionem,
3137 4818 3216 4873 sic
3266 4816 3436 4872 edidit
3470 4841 3482 4878 ε

1886 4909 1912 4941 α
1932 4891 2223 4962 Nusquam
2243 4889 2342 4945 hoc
2362 4895 2582 4962 natura
2601 4892 2854 4949 concedit
2875 4896 3011 4947 ante
3031 4890 3282 4962 militare
3298 4905 3467 4962 quam

1881 4960 2083 5026 vivere,
2122 4980 2144 5010 »
2179 4961 2382 5028 Nempe
2413 4960 2675 5017 infantem
2706 4962 2813 5019 vita
2842 4963 3022 5017 virum
3052 4961 3201 5017 facit.
3230 4960 3357 5016 me.

1956 5032 2070 5105 (52)
2100 5034 2344 5105 Denique
2371 5033 2688 5105 siquando
2730 5034 2802 5089 ad
2849 5032 3188 5104 dejiciendos
3234 5035 3486 5105 aliquos.

1884 5102 2107 5158 Brevius
2136 5110 2189 5158 et
2217 5102 2517 5171 expeditius
2561 5105 2820 5161 adversus
2853 5102 3188 5163 Marcionem
3219 5121 3280 5158 ιιι
3311 5102 3338 5158 ε’
3359 5107 3467 5160 De—

1887 5175 2063 5248 nique
2091 5179 2145 5248 et
2165 5175 2368 5239 Judaei,
2391 5177 2441 5231 si
2460 5176 2680 5248 quando
2698 5177 2770 5232 ad
2799 5193 2898 5233 nos
2958 5177 3296 5248 dejiciendos
3317 5191 3489 5231 men—

1890 5246 2248 5321 tiriaucient,
2273 5250 2431 5319 quasi
2457 5246 2574 5304 non
2605 5249 2912 5321 virginem,
2933 5246 3040 5303 etc’.
3069 5248 3194 5321 Rig.

1895 5388 1905 5398 _
1963 5316 2076 5442 (5‘3:
2103 5316 2498 5444 Reéruntiatur
2527 5316 2837 5391 expuncto,
2868 5319 2984 5376 Hoc
3019 5327 3119 5388 est,
3142 5316 3360 5374 'eventu
3389 5316 3488 5370 ad-

1895 5404 2004 5444 nnn
2028 5404 2054 5442 e
2081 5405 2129 5442 a.
2214 5407 2285 5444 tu.

1895 5391 2129 5460 impleta.
2162 5391 2285 5460 Rig.

1990 5460 2080 5528 54)
2106 5461 2366 5532 Maneant
2397 5463 2551 5518 enim
2572 5462 2889 5532 Orientales
2915 5462 3074 5532 Magi.
3099 5461 3367 5532 Maneant,
3395 5471 3493 5525 pro

1898 5531 2407 5604 exspesctentﬂuo
2439 5531 2745 5604 significatu
2773 5531 3064 5588 Terentius
3083 5531 3301 5587 Phorm.
3332 5544 3497 5583 man-

1900 5617 2068 5657 surus
2091 5606 2319 5673 patrem
2347 5601 2515 5658 dixit.‘
2533 5604 2670 5660 Pw.

257 5467 381 5546 (50)
412 5472 555 5525 Ante
579 5473 838 5529 lanceare
867 5489 1037 5546 quam
1054 5473 1373 5546 lancinare.
1396 5471 1629 5546 Infantes
1646 5470 1783 5546 den-

186 5540 382 5664 alioue
413 5546 736 5613 exasperati,
773 5540 1031 5600 mammas
1052 5545 1188 5600 inter
1205 5541 1792 5618 sugendumlancinant

231 5625 317 5664 ια.

231 5625 317 5667 10.
