3972 6190
506 303 611 365 659

1183 307 1622 371 TERTULLIANI
1679 312 1941 375 OPERUM
1988 314 2155 378 PARS
2202 314 2269 376 Il.
2310 343 2383 357 -—
2417 307 2646 373 SERIES
2683 308 2724 380 l,
2765 303 3105 367 POLEMICA.

3683 293 3802 356 660

503 437 684 536 rant/es
713 430 847 503 (55),
882 439 935 487 ct
982 439 1255 504 acceperit
1299 437 1324 475 9
1361 433 1544 493 infans
1582 438 1834 495 virtutem
1881 441 2084 498 Dama-
2120 457 2167 536 Α
2196 440 2396 499 Israel:
2429 442 2621 502 Pater,
2643 433 2834 507 inquit,
2867 437 2997 536 tuus
3024 412 3369 494 Amorhceus,
3393 428 3449 485 et
3466 429 3656 482 mater
3686 428 3800 480 tua

500 518 579 575 sci
610 519 728 593 (56)
775 521 891 578 sine
936 522 1120 596 praelio
1165 532 1219 580 et
1266 526 1447 584 armis.
1495 527 1652 594 Nam,
1704 536 1898 597 praeter
1942 531 2088 602 quod

503 611 763 668 omnibus
793 620 977 668 notum
1008 620 1110 683 est,
1130 613 1648 684 Orientisvirtutem,
1675 616 1731 672 id
1751 627 1835 674 est
1864 620 2004 677 vires
2026 621 2093 687 ιο,

508 715 644 757 auro
672 710 726 757 et
755 701 1013 758 odoribus
1060 703 1267 775 pollere
1315 705 1549 772 solitam,
1579 714 1787 763 certum
1835 716 1917 764 est
1955 710 2002 748 ιι
2047 717 2101 766 et

500 805 567 846 ex
624 789 826 846 divinis
871 791 1184 865 Scripturis,
1218 794 1473 850 virtutem
1514 812 1735 869 quoque
1781 806 2101 855 caeterarum

507 880 752 952 gentium
803 895 995 937 aurum
1041 882 1410 951 constituere;
1453 885 1591 941 sicut
1634 902 1729 956 per
1790 888 2102 943 Zachariam

500 970 630 1026 dicit
659 987 675 1025 :
707 970 784 1025 Et
814 969 986 1026 ludas
1008 975 1303 1044 pertendet
1333 975 1647 1033 Jerusalem
1696 977 1763 1042 12,
1789 983 1845 1033 et
1879 994 2103 1050 congre-

506 1060 662 1131 gabit
699 1076 924 1120 omnem
946 1061 1258 1119 volentiam
1288 1065 1630 1137 populorum
1650 1084 1752 1139 per
1765 1068 2100 1133 circuitum,

500 1165 715 1205 aurum
751 1153 809 1205 et
828 1155 1130 1222 argentum
1164 1152 1490 1222 (Zach.x1v,
1516 1154 1620 1223 14).
1639 1156 1770 1207 Nam
1790 1155 1855 1209 de
1873 1156 1978 1210 hoc
1989 1154 2107 1211 auri

510 1253 737 1293 munere
775 1238 938 1294 etiam
974 1241 1144 1297 David
1173 1241 1308 1297 dixit
1340 1258 1352 1298 :
1386 1243 1460 1298 Et
1487 1242 1717 1299 dabitur
1744 1244 1836 1300 illi
1865 1245 1931 1300 de
1961 1261 2105 1303 auro

507 1328 730 1383 Arabiae
758 1326 933 1398 (Psal.
967 1342 1126 1399 LXXI,
1152 1330 1262 1399 15).
1297 1331 1361 1384 Ει
1388 1329 1579 1386 iterum
1615 1346 1628 1386 :
1665 1334 1831 1402 Reges
1859 1332 2108 1387 Arabum

504 1419 560 1471 et
584 1417 723 1473 Saba
752 1432 995 1474 munera
1017 1420 1269 1488 afferent
1290 1419 1384 1473 illi
1404 1418 1561 1489 (Ibid.
1595 1422 1708 1488 70).
1742 1421 1875 1474 Nam
1905 1427 1959 1476 et
1985 1435 2108 1475 ma-

518 1517 622 1576 gos
668 1517 831 1574 reges
877 1503 992 1560 fere
1035 1506 1221 1562 habuit
1268 1506 1464 1562 Oriens
1512 1508 1646 1577 (57),
1710 1515 1764 1562 et
1818 1508 2112 1564 Damascus

512 1593 732 1667 Arabiae
777 1600 923 1649 retro
983 1593 1364 1666 deputabatur,
1431 1602 1719 1667 antequam
1787 1597 2107 1668 transcripta

518 1689 661 1738 esset
702 1680 758 1736 in
803 1681 1253 1753 Serpbcenicem
1300 1699 1368 1738 ex
1413 1682 1758 1739 distinctione
1810 1682 2104 1755 Syriarum,

508 1772 669 1839 cujus
718 1780 846 1826 tunc
889 1770 1142 1828 virtutem
1208 1771 1452 1827 Christus
1493 1772 1719 1842 accepit,
1787 1772 2107 1845 accipiendo

520 1858 754 1931 insignia
781 1863 916 1929 ejus,
938 1876 1125 1916 aurum
1153 1860 1354 1917 scilicet
1379 1867 1433 1917 et
1461 1861 1657 1919 odores
1681 1879 1694 1915 :
1728 1862 1902 1933 spolia
1929 1864 2111 1918 autem

512 1948 794 2012 Samariae,
826 1949 973 2019 ipsos
1004 1950 1209 2022 Magos,
1242 1951 1334 2023 qui
1362 1966 1483 2006 cum
1532 1951 1681 2005 illum
1729 1953 2115 2024 cognovissent

510 2045 564 2091 et
619 2037 934 2092 muneribus
984 2038 1590 2104 honorassent,‘620
1636 2046 1689 2095 et
1749 2057 1886 2113 genu
1936 2041 2112 2112 posito

512 2124 851 2193 adorassent,
881 2130 1034 2198 quasi
1085 2128 1369 2184 Dominum
1402 2129 1449 2168 13
1495 2137 1547 2183 et
1586 2129 1794 2201 Regem
1824 2131 1924 2184 sub
1954 2130 2111 2185 testi-

512 2213 696 2269 monio
738 2214 929 2271 indicis
985 2226 1040 2272 et
1084 2216 1237 2273 ducis
1287 2219 1333 2257 14
1378 2219 1543 2274 stellae
1596 2219 1773 2289 spolia
1822 2227 1945 2273 sunt
1988 2218 2116 2274 facti

514 2300 791 2368 Samariae,
844 2304 895 2358 id
944 2314 1035 2359 est
1081 2304 1421 2374 idololatriae,
1456 2307 1735 2363 credentes
1778 2306 2034 2364 videlicet
2061 2308 2117 2361 in

516 2390 813 2446 Christum.
833 2392 1199 2449 Idololatriam
1220 2393 1365 2449 enim
1384 2395 1639 2450 Samariae
1651 2394 1868 2452 nomine
1893 2396 2114 2461 notavit,

518 2490 577 2537 ut
612 2478 991 2550 ignominiosae
1012 2484 1083 2539 ob
1113 2483 1496 2553 idololatriam,
1529 2503 1640 2558 qua
1668 2487 1970 2546 desciverat
1995 2496 2121 2545 tunc

519 2583 551 2623 a
590 2569 704 2625 Deo
734 2571 837 2625 sub
882 2587 1013 2644 rege
1067 2573 1377 2630 Jeroboam.
1429 2575 1539 2631 Nec
1576 2576 1682 2632 hoc
1720 2576 1867 2632 enim
1921 2592 2120 2633 novum

519 2658 814 2731 Scripturis
864 2660 1066 2719 divinis
1123 2664 1277 2735 (58),
1335 2662 1565 2737 ﬁgurate
1625 2666 1702 2721 uti
1774 2666 2123 2723 translatione

520 2748 802 2803 nominum
862 2765 925 2804 ex
994 2751 1397 2824 comparatione
1468 2754 1751 2810 criminum
1810 2776 1823 2812 :
1894 2771 2015 2810 nam
2071 2762 2126 2812 et

526 2835 831 2895 archontas
884 2840 1248 2897 Sodomorum
1279 2844 1407 2911 (lsa.
1437 2860 1477 2908 1,
1521 2843 1610 2915 16)
1639 2844 1873 2916 appellat
1897 2845 2125 2901 archon-

526 2931 611 2978 tas
640 2932 870 2993 vestros,
900 2935 955 2982 et
986 2928 1245 2999 populum
1293 2939 1529 2987 vestrum
1572 2934 1845 3006 populum
1895 2934 2120 2991 Gomor-

2208 532 2406 591 Cethea
2454 525 2676 599 (Ezech.
2706 540 2822 591 xvr,
2876 522 2960 593 3);
3032 534 3262 592 quorum
3306 532 3373 573 ex
3416 528 3619 590 genere
3672 527 3806 585 pro-

2204 618 2370 677 creati
2423 632 2531 673 non
2584 622 2727 682 sunt,
2783 612 2880 669 sed
2932 610 3003 667 ob
3040 608 3373 668 consimilem
3408 604 3798 677 impietatem:

2206 724 2343 782 quos
2372 706 2660 779 aliquando
2714 704 2875 760 etiam
2900 701 3044 759 filios
3069 715 3200 757 suos
3227 698 3439 753 dixerat
3466 710 3563 767 per
3600 693 3801 749 Isaiam

2206 800 2526 871 praphetam
2556 812 2571 849 :
2596 795 2765 852 Filios
2809 793 3074 866 generavi
3099 795 3154 848 et
3199 787 3452 848 exaltari
3477 785 3617 856 (lsa.
3647 800 3689 850 ι,
3720 783 3800 853 2).

2208 887 2296 944 Sic
2324 895 2379 942 et
2431 888 2701 958 ngyptus
2730 882 2865 954 (Isa.
2908 898 3036 948 xxx,
3083 880 3139 951 1)
3193 890 3600 947 nonnumquam
3655 880 3806 928 totus

2209 976 2357 1033 orbis
2386 975 2699 1047 intelligitur
2743 973 2854 1045 (59)
2905 972 3047 1043 apud
3082 968 3258 1034 illum,
3300 962 3700 1038 superstitionis
3754 969 3807 1017 et

2209 1064 2601 1121 maledictionis
2644 1061 2843 1133 elogio.
2898 1061 2987 1118 Sic
3037 1066 3091 1115 et
3145 1058 3388 1129 Babylon
3442 1054 3557 1127 (60)
3606 1051 3803 1125 (Apoc.

2210 1169 2351 1221 xvu,
2401 1155 2482 1223 5),
2538 1151 2682 1224 apud
2732 1153 2994 1208 Joannem
3047 1155 3309 1212 nostrum,
3338 1147 3595 1203 Romana:
3648 1140 3810 1195 urbis

2211 1243 2387 1315 ﬁgura
2413 1249 2515 1307 est,
2548 1239 2772 1312 proinde
2801 1247 2854 1294 et
2879 1254 3109 1313 magnae,
3142 1245 3194 1291 et
3247 1249 3416 1309 regno
3443 1230 3727 1303 superbae,
3757 1237 3813 1284 et

2215 1339 2521 1388 sanctorum
2576 1326 2954 1385 debellatricis.
3003 1326 3117 1382 Hoc
3162 1325 3342 1394 itaque
3393 1320 3559 1377 modo
3618 1332 3814 1391 magos

2217 1436 2432 1493 quoque
2487 1418 2947 1475 Samaritanorum
3011 1414 3367 1487 appellatione
3447 1407 3705 1474 titulavit,
3763 1414 3814 1460 et

2215 1508 2558 1580 despoliatos,
2611 1508 2757 1578 quod
2831 1506 3129 1562 habuerant
3188 1519 3312 1560 cum
3399 1497 3699 1564 Samaritis,
3758 1504 3816 1549 ut

2217 1598 2470 1664 diximus,
2503 1595 2883 1652 idololatriam.
2923 1596 3195 1652 Adversus
3223 1607 3411 1665 regem
3438 1597 3621 1646 autem
3653 1588 3817 1655 Assy-

2219 1687 2440 1753 riorum,
2470 1686 2727 1741 adversus
2754 1684 3046 1749 diabolum,
3098 1682 3190 1755 qui
3226 1682 3294 1737 ad
3344 1680 3450 1736 hoc
3475 1693 3535 1733 se
3579 1689 3817 1747 regnare

2220 1783 2388 1848 putat,
2421 1775 2468 1832 si
2498 1780 2716 1831 sanctos
2745 1788 2775 1828 a
2804 1773 3064 1845 religione
3114 1771 3212 1827 Dci
3269 1768 3540 1825 deturbat.
3570 1766 3815 1836 Adjuva-

2216 1866 2363 1923 bitur
2394 1871 2573 1920 autem
2603 1863 2720 1918 haec
2761 1870 2946 1918 nostra
2993 1858 3386 1933 interpretatio,
3433 1857 3564 1912 dum
3595 1862 3650 1911 et
3685 1852 3818 1909 alibi

2218 1954 2533 2011 bellatorem
2561 1950 2834 2007 Christum
2879 1948 3166 2019 Scriptura:
3195 1947 3477 2018 designant
3505 1943 3577 2001 ob
3635 1958 3818 2000 armo-

2220 2060 2341 2100 rum
2378 2040 2736 2113 quorumdam
2774 2040 3033 2095 vocabula
3079 2045 3134 2093 et
3159 2034 3431 2107 ejusmodi
3482 2033 3669 2090 verba.
3712 2032 3817 2087 Sed

2220 2147 2286 2188 ex
2340 2131 2681 2201 reliquorum
2726 2144 2985 2184 sensuum
3033 2123 3439 2199 comparatione
3481 2120 3820 2179 convincen-

2223 2229 2310 2277 tur
2345 2216 2520 2276 Judaei
2552 2238 2564 2275 :
2609 2218 2931 2289 Accingere,
2966 2214 3141 2288 inquit
3166 2213 3357 2281 David,
3401 2227 3591 2269 ensem
3644 2225 3823 2281 supra

2222 2311 2417 2380 femur
2480 2309 2648 2375 (Psal.
2705 2320 2863 2371 xuv,
2905 2304 2980 2376 4).
3032 2303 3137 2359 Sed
3190 2302 3322 2374 quid
3367 2316 3530 2371 supra
3564 2298 3710 2370 legis
3760 2297 3824 2353 de

2222 2395 2387 2455 62]
2447 2396 2707 2453 Christo?
2745 2397 3119 2469 Tempestivus
3156 2394 3350 2450 decore
3382 2392 3428 2429 ιδ
3473 2406 3651 2462 super
3675 2389 3824 2458 ﬁlios

2228 2488 2561 2554 hominum;
2590 2487 2777 2557 effusa
2804 2489 2889 2542 est
2915 2485 3109 2557 gratia
3136 2483 3201 2537 in
3232 2481 3392 2538 labiis
3424 2482 3537 2536 tuis
3570 2478 3734 2547 (ibid.
3752 2479 3823 2545 3).

2228 2576 2394 2633 Valde
2450 2582 2629 2630 autem
2686 2574 2981 2629 absurdum
3035 2580 3140 2641 est,
3204 2572 3251 2626 si
3287 2586 3447 2642 quem
3502 2570 3570 2623 ab
3626 2568 3825 2624 bellum

2228 2678 2358 2721 ense
2412 2658 2684 2738 cingebat,
2741 2663 2793 2719 ei
2865 2663 2934 2718 de
2988 2659 3404 2733 tempestivitate
3474 2657 3699 2715 decoris
3782 2664 3826 2710 et

2230 2752 2494 2809 labiorum
2549 2751 2721 2824 gratia
2768 2750 3169 2818 blandiebatur;
3227 2748 3295 2805 de
3319 2763 3430 2822 qua
3466 2747 3825 2819 subiungam,

2230 2842 2439 2898 dicebat
2457 2859 2471 2896 :
2491 2842 2762 2909 Extende,
2786 2846 2840 2895 et
2857 2856 3145 2913 prospera,
3180 2843 3239 2895 et
3260 2854 3455 2911 regna,
3482 2837 3530 2875 ιδ
3549 2836 3717 2907 (ibid.
3753 2837 3826 2902 5);

2227 2938 2281 2987 et
2328 2930 2522 3002 adjecit
2558 2949 2571 2985 :
2612 2932 2850 3002 Propter
2904 2930 3203 2987 lenitatem
3250 2932 3305 2984 et
3339 2927 3641 2999 justitiam
3672 2929 3829 2981 tuam

530 3013 651 3069 rhte
688 3014 869 3084 (ibid)
918 3026 1092 3082 vocat,
1143 3033 1267 3074 cum
1322 3019 1432 3090 jam
1488 3020 1617 3076 olim
1646 3030 1826 3078 ess-.nt
1878 3021 2120 3078 civitates
2171 3091 2191 3094 Α
2229 3019 2412 3094 (ibid).
2467 3017 2603 3087 Quis
2634 3018 2781 3074 enim
2833 3034 2963 3075 ense
3000 3018 3311 3089 operabitur
3342 3016 3409 3082 ιτ,
3448 3023 3502 3071 et
3550 3029 3661 3071 non
3702 3029 3829 3069 con-

533 3100 655 3159 isla:
682 3104 975 3161 exstinctae.
1009 3107 1077 3161 Et
1107 3106 1237 3163 alibi
1267 3123 1367 3181 per
1393 3111 1706 3181 prophetam
1752 3110 1819 3167 ad
1868 3111 2130 3182 populum
2159 3091 2203 3170 B
2232 3091 2396 3166 traria
2449 3107 2654 3166 lenitati
2689 3118 2745 3165 et
2767 3106 2995 3178 justitiee
3022 3113 3240 3163 exercet
3265 3106 3374 3176 (61)
3395 3105 3424 3161 ?
3453 3103 3509 3159 id
3538 3111 3626 3160 est
3653 3102 3833 3161 dolum

613 3283 639 3361 εξ
669 3281 893 3361 Accepit
923 3285 1111 3342 Iidem.
1140 3285 1261 3342 101d
1298 3294 1378 3342 est
1397 3288 1709 3361 \‘iresabest
1727 3306 1761 3345 a
1782 3210 2119 3348 ϐοά.νῶἓῇ

2232 3220 2501 3361 ’ἓξὲξξῄ
2530 3284 2758 3361 creatori
2778 3287 2935 3361 fam.
2960 3283 3134 3361 B_hen.
3171 3282 3354 3361 Obert.
3371 3278 3834 3361 Creatorisfran.

542 3354 772 3412 videtur
799 3351 874 3411 ea:
899 3366 1041 3412 certe
1070 3366 1153 3413 est
1179 3362 1390 3413 ortum.
1422 3360 1592 3417 Seml.
1628 3360 1674 3397 12
1702 3360 1989 3415 Przetendit
2006 3360 2169 3415 Israel
2227 3359 2401 3416 Rhen.
2450 3359 2671 3416 Oberth.
2706 3357 2752 3396 13
2781 3356 2955 3411 Deum
2985 3354 3165 3411 Fran.
3218 3354 3263 3392 ιθ
3289 3351 3494 3407 Judicis
3547 3359 3603 3405 et
3644 3351 3836 3406 iudicis

541 3428 718 3483 Rhen.
758 3426 977 3484 Oberth.
1013 3429 1058 3504 1_5
1094 3427 1283 3504 “potius
1309 3437 1384 3504 τῷ
1411 3431 1579 3484 κάλλει
1614 3430 1741 3504 add.
1782 3431 2119 3504 0berth.§en

2232 3430 2362 3504 {Et
2392 3444 2731 3504 prosperare,
2763 3441 2995 3501 pr0pera
3023 3433 3077 3483 ct
3115 3440 3283 3498 regna
3311 3427 3483 3482 Fran.
3504 3422 3574 3478 Et
3606 3436 3836 3493 prospe-

542 3512 662 3553 rare
692 3505 745 3553 et
800 3514 968 3569 regna
1010 3501 1146 3557 Jun.
1174 3501 1216 3539 17
1248 3500 1381 3570 Quis
1409 3517 1595 3557 ensem
1625 3503 1978 3575 accingetur‘?
2011 3502 2185 3558 Rhen.
2221 3501 2439 3560 Oberth.

1922 3591 2426 3657 Commentarius.

614 3667 730 3737 (55)
755 3666 1074 3737 Infantiam
1119 3670 1331 3728 Christi
1370 3675 1653 3728 recentem
1700 3687 1842 3728 auro
1871 3675 1927 3729 et
1959 3671 2129 3729 thure

540 3742 933 3818 munerantes.
958 3741 1104 3818 _Hanc
1128 3742 1443 3818 scripturam
1472 3743 1721 3798 omnibus
1749 3741 1868 3818 aliis
1898 3742 2129 3818 praetuli,

545 3811 783 3864 auctoris
811 3811 977 3884 menti
988 3812 1596 3884 Aconvenieutissimam,
1630 3822 1790 3882 atque
1839 3811 1943 3884 ipsi
1972 3814 2131 3868 etiam

544 3888 883 3948 usurpatam,
945 3880 1081 3936 libro
1134 3897 1195 3935 ιιι
1241 3882 1500 3939 adversus
1547 3880 1877 3940 Marcioneni
1935 3902 1947 3938 :
2012 3885 2129 3939 Ma-

545 3954 724 4028 neant
772 3951 946 4028 enim,
988 3950 1506 4028 inquit,0rientales
1544 3957 1638 4028 illi
1670 3956 1807 4028 Magi
1838 3956 1898 4009 in
1938 3956 2133 4025 infan-

542 4023 631 4146 ἔτι
649 4019 941 4077 Christum
962 4019 1243 4079 recentem
1272 4039 1411 4084 auro
1449 4030 1505 4082 et
1537 4027 1706 4084 thure
1736 4019 2129 4083 munerantes.

592 4105 671 4146 ια.

592 4105 671 4146 IG.

620 4162 738 4233 (56)
769 4164 1323 4223 VirtutemDamasci.
1345 4167 1469 4224 Mox
1481 4167 1618 4225 dicet
1638 4170 1914 4227 virtutem
1933 4169 2133 4226 Orien-

546 4234 639 4296 tis.
666 4233 718 4287 id
749 4236 1233 4291 est‘abundantiam
1262 4245 1317 4292 et
1338 4238 1497 4294 vires.
1531 4240 1754 4296 Servius
1781 4242 1847 4296 ad
1875 4239 1963 4294 illa
2000 4240 2131 4296 Vir-

544 4304 660 4373 gilii
690 4307 816 4361 Ain.
841 4321 941 4371 xu,
975 4306 1442 4405 Mpvetarmaleo
1475 4328 1486 4367 :
1519 4312 1661 4395 vires
1691 4311 2125 4405 suasex‘peritgr,
2161 4328 2206 4405 ο

548 4391 669 4453 nam
716 4392 863 4453 arma
910 4387 1052 4453 sunt
1079 4380 1509 4453 uniuscujusque
1534 4385 1610 4436 rei
1644 4380 1992 4451 possibilitas.
2036 4382 2127 4437 Sic

545 4446 861 4515 Columella,
886 4450 1148 4519 principio
1176 4451 1267 4506 lib.
1292 4446 1383 4519 vn,
1408 4446 1534 4509 dixit
1569 4446 1860 4509 :bonorem
1891 4453 2131 4510 Arcadiae

543 4520 762 4586 asellos,
794 4520 949 4590 queis
995 4523 1225 4577 maxime
1262 4525 1669 4580 commendatur
1709 4524 1961 4581 Arcadia.
2001 4525 2127 4581 RIG.

618 4592 734 4667 (57)
755 4593 907 4667 Nam
926 4596 1196 4667 et_magos
1226 4610 1377 4667 reges
1412 4598 1535 4665 fere
1567 4596 1763 4653 habuit
1795 4598 2009 4653 Oriens.
2054 4595 2131 4649 Ex

546 4662 649 4738 hoc
676 4662 797 4718 loco
826 4662 1010 4738 inferri
1049 4662 1156 4719 non
1203 4662 1381 4734 potest
1412 4662 1694 4722 Persarum
1744 4682 1899 4738 reges
1943 4681 2132 4737 magos

542 4732 726 4810 fuisse,
747 4750 939 4810 verum
963 4734 1078 4791 fere
1108 4732 1323 4810 magos:
1347 4752 1480 4810 cum
1517 4738 1657 4794 enim
1690 4732 1968 4810 magorum
1998 4732 2135 4810 prae-

542 4806 1138 4878 ceptisimbucrentur,
1196 4806 1397 4878 aliquid
1452 4809 1577 4864 indc
1630 4806 1951 4866 retinebant.
1999 4806 2132 4875 Ὀιιί

542 4876 689 4954 magi
718 4876 857 4954 apud
891 4876 1445 4954 Persasndicebantur,
1475 4880 1515 4954 ii
1543 4888 1696 4954 erant
1724 4896 1909 4954 regum
1943 4880 2129 4954 paeda-

543 4949 709 5024 gogi;
735 4948 884 5002 testis
914 4947 1057 5024 Tull.
1089 4947 1182 5024 lib.
1215 4966 1296 5024 ιιι,
1321 4951 1386 5024 de
1434 4953 1563 5008 Nat.
1594 4947 1855 5018 deor.,'et
1881 4947 2132 5024 Apuhiu

543 5017 705 5097 ltpol.
738 5029 899 5097 atque
930 5019 1401 5097 eod_em_Apuleio,
1422 5023 1612 5097 Magus
1634 5017 1774 5079 idem
1794 5039 1855 5079 ac
1883 5017 2134 5080 sacerdos

538 5088 724 5157 lingua
755 5088 989 5144 Persica.
1019 5090 1097 5147 LE
1130 5088 1226 5148 Pn'.

612 5162 860 5239 (58)_1Vec
886 5161 999 5239 hoc
1010 5165 1166 5239 enim
1191 5181 1397 5221 novum
1427 5167 1636 5225 divinis
1665 5168 2000 5239 Scripturis.
2048 5164 2133 5219 Li-

539 5230 640 5287 bro
681 5233 945 5290 adversus
975 5236 1308 5295 Marcioncm
1329 5253 1388 5291 ιιι
1417 5255 1431 5292 :
1465 5242 1574 5296 Nec
1605 5240 1705 5294 hoc
1738 5230 1889 5295 enim
1927 5253 2133 5295 novum

542 5302 797 5377 Creatori
833 5307 1076 5377 ﬁgurate
1104 5310 1195 5364 uti
1219 5310 1621 5373 translatione,
1662 5312 1787 5366 Rw.

608 5376 844 5461 (ψη-δῖε
872 5376 1215 5461 ἐιιᾸΕραρξιιε
1239 5395 1659 5461 nonnunquam
1692 5384 1846 5436 totus
1874 5379 2023 5461 orbis
2048 5379 2134 5434 in-

537 5448 847 5523 telligitur.
878 5448 1092 5523 Alludit
1116 5451 1346 5523 fortasse
1375 5451 1443 5505 ad
1472 5448 1632 5523 Isaia:
1650 5466 1773 5523 cap.
1799 5465 1924 5515 xxx,
1958 5451 2009 5504 in
2029 5465 2135 5523 quo

534 5518 677 5573 cum’
715 5518 972 5592 pleraque
1028 5520 1097 5575 ad
1152 5522 1444 5592 Egyptum
1504 5518 1827 5591 pertineant,
1884 5522 2135 5592 quaedam

535 5595 715 5646 tamen
744 5605 853 5649 non
884 5590 1063 5647 solum
1091 5590 1326 5663 veteres,
1356 5593 1455 5652 sed
1491 5590 1545 5651 et
1583 5594 1751 5667 judaei
1779 5590 2134 5667 interpretan-

2236 3678 2341 3743 tur,
2362 3668 2662 3743 dehmundo
2678 3666 2976 3743 _1Egyptiis
3022 3665 3258 3722 tenebris
3287 3663 3546 3743 involuto,
3579 3670 3633 3743 et
3664 3662 3837 3717 nomi-

2236 3742 2402 3796 natim
2422 3740 2552 3794 illud
2583 3740 2649 3794 de
2678 3733 2918 3794 Ecclesia
2956 3753 3057 3809 per
3083 3744 3248 3793 totum
3282 3734 3540 3809 mundum
3566 3733 3833 3809 dispersa.

2237 3813 2305 3868 In
2350 3813 2455 3867 illa
2499 3811 2587 3867 die
2628 3811 2739 3868 erit
2765 3807 3208 3868 altare‘Domini
3227 3808 3293 3863 in
3324 3807 3503 3865 medio
3534 3809 3713 3863 terra:
3743 3807 3834 3861 τευ

2235 3884 2407 3955 gypti-
2450 3884 2589 3955 PAM-

2310 3947 2428 4024 (60)
2468 3954 2557 4009 Sic
2586 3957 2642 4008 et
2673 3953 2935 4025 Babylon.
2974 3950 3343 4025 Expungenda
3373 3965 3494 4025 quae
3522 3947 3592 4001 ad
3626 3948 3833 4025 mai-gi:

2238 4018 2671 4099 nemadscripta
2700 4018 2805 4099 fuif
2853 4018 3128 4099 a_dnota_tio
3159 4018 3405 4099 Babylon
3443 4022 3640 4099 item";
3683 4018 3831 4099 qupd

2242 4096 2385 4151 haud
2411 4090 2593 4150 dubie'
2619 4096 2687 4150 ab
2733 4093 2981 4150 hostibus
3036 4090 3294 4148 Romanae
3333 4091 3591 4148 Ecclesiae
3648 4090 3833 4146 addita

2242 4166 2347 4230 sit;
2387 4166 2587 4237 quippe
2615 4182 2735 4223 cum
2766 4166 2910 4237 hunc
2938 4165 3114 4219 locum
3146 4172 3334 4237 contra
3362 4178 3479 4237 eam
3510 4160 3832 4237 detorquere

2241 4254 2349 4293 non
2371 4233 2674 4306 vereantur,
2704 4236 2800 4307 qui
2832 4246 3010 4292 tamen
3038 4251 3145 4291 non
3177 4236 3246 4291 de
3274 4233 3534 4298 Ecclesia,
3563 4233 3681 4307 sed
3706 4233 3830 4307 urbe

2240 4309 2411 4382 Roma
2436 4310 2596 4382 agit,
2614 4302 2784 4382 eaque
2804 4323 2871 4364 eo
2899 4315 3141 4377 tempore
3169 4322 3279 4382 quo
3308 4312 3614 4382 sanctorum
3648 4302 3829 4359 debel-

2241 4380 2394 4435 latrix
2432 4375 2511 4434 inv
2543 4375 2880 4435 Christianos
2927 4375 3356 4449 persecutionem
3405 4375 3674 4449 mpvebat,
3744 4388 3830 4445 per

2237 4451 2660 4527 suosantistitcs
2687 4466 2783 4527 seu
2821 4448 3094 4505 idolOrum
3122 4448 3418 4527 pontiﬁces.
3450 4448 3587 4501 ΡΑιι.
3663 4521 3675 4527 _
3799 4519 3806 4527 '

2310 4522 2424 4597 (61)
2452 4523 2773 4597 Quisenim
2791 4536 2922 4578 ense
2949 4521 3286 4597 operabitur.
3314 4526 3515 4597 etnon
3541 4521 3829 4597 contraria

2244 4589 2479 4649 lenitati
2494 4598 2550 4648 et
2572 4594 2825 4663 justitia:
2853 4589 3129 4663 exercet!
3160 4589 3472 4663 Tertulliani
3505 4589 3711 4663 scripta
3752 4589 3827 4663 vix

2240 4663 2522 4737 indulgent
2551 4661 2798 4737 militiam
2847 4662 3184 4737 Christianis.
3224 4662 3383 4737 Libro
3424 4661 3488 4716 de
3518 4661 3823 4737 Patientia.

2239 4730 2456 4809 Domini
2503 4734 2838 4809 patientiam
2884 4734 3040 4809 Adicit
3102 4734 3155 4809 in
3197 4734 3441 4809 “Malcho
3497 4730 3820 4809 vulneratam

2240 4805 2449 4878 fuisse;
2499 4800 2681 4878 itaque
2736 4807 3030 4878 Dominum
3085 4804 3254 4877 gladii
3288 4818 3455 4878 opera
3493 4800 3818 4878 maledixissc

2241 4876 2295 4951 in
2328 4872 2621 4951 posterum}
2652 4877 2718 4951 Et
2761 4877 2857 4933 lib.
2889 4877 2953 4934 de
2982 4872 3482 4951 corona,_gladiu_m
3514 4887 3617 4929 nec
3648 4872 3821 4951 Domi-

2241 4944 2375 5003 nicae
2420 4947 2720 5004 defensioni
2763 4950 3128 5018 necessarium
3166 4944 3353 5003 fuisse.
3393 4945 3469 5018 Et
3507 4944 3829 5018 generaliter

2242 5020 2334 5075 lib.
2369 5018 2435 5074 de
2470 5021 2805 5077 Idololatria
2848 5040 2866 5076 :
2913 5039 2936 5069 ι
2970 5017 3275 5087 Quomodo,
3331 5016 3743 5089 inquit,'qetia_m
3786 5016 3835 5070 in

2240 5106 2373 5215 ﬁace
2402 5090 2649 5172 militabit
2678 5092 2795 5172 sine
2823 5090 3189 5172 gladio,qucm
3221 5087 3485 5172 Dominus
3518 5087 3767 5170 abstulit.
3815 5107 3835 5133 ι

2291 5177 2366 5215 ιο.
2398 5193 2467 5202 -
2508 5162 2826 5215 Christianis
2870 5163 3125 5215 ommbus
3181 5161 3381 5215 ubique
3416 5161 3611 5215 militia
3664 5169 3835 5213 tutere

2291 5177 2366 5239 lG_.
2398 5193 2467 5202 —
2508 5158 2851 5239 Christianis:
2870 5158 3125 5217 omnibus
3181 5161 3381 5239 ubique
3416 5158 3611 5239 militia
3647 5158 3847 5239 inter!

2240 5233 2372 5287 dicit
2425 5243 2632 5297 auctor,
2688 5232 2832 5304 quod
2859 5243 2982 5291 ante
3037 5249 3123 5288 me
3152 5229 3515 5289 observatum.
3548 5231 3611 5304 Β.
3647 5229 3853 5304 Hiero,

2242 5320 2437 5370 nymus
2493 5306 2559 5360 ad
2595 5302 2947 5360 Gerontiam:
2986 5327 3008 5356 ι
3043 5304 3139 5360 Illo
3195 5314 3436 5375 tempore
3481 5302 3862 5359 bellatoribué

2241 5374 2510 5455 dicebatur
2541 5378 2857 5455 :Accingere
2875 5376 3074 5455 gladia
3092 5392 3265 5448 super
3292 5379 3487 5455 femur
3523 5377 3716 5455 tuum,
3730 5391 3869 5455 po/

2244 5448 2589 5525 tentissime;
2628 5434 2788 5525 modo
2846 5434 3003 5525 audit
3041 5434 3228 5525 Ifetr'us
3272 5434 3303 5502 τ’
3339 5446 3551 5525 ϐργιάί-
3582 5434 3873 5525 gladii»;

2244 5521 2410 5576 tunm
2457 5520 2848 5593 inpaginam.
2889 5539 2915 5571 ιι
2960 5518 3073 5593 Etsi
3116 5533 3244 5593 vero
3292 5517 3445 5573 multi
3491 5517 3867 5593 Christiano!

2243 5606 2383 5658 rum,
2408 5589 2559 5648 multi
2583 5587 2843 5663 martyres
2863 5589 3197 5647 exercituum
3224 5589 3580 5662 imperatores
3610 5587 3883 5643 fuerint,
