4016 6188
324 250 430 312 663

326 369 641 438 meo,David
673 367 928 442 praedicat
960 370 1135 440 (Psal.
1170 386 1373 439 cxxxt,
1397 350 1405 357 ’
1427 370 1532 441 17).
1574 370 1755 439 Qaure
1792 372 1909 445 ipse

329 460 574 516 Christus
619 456 840 514 veniens
891 457 1189 528 adimplere
1244 459 1533 529 prephetas
1576 498 1590 526 ,
1652 457 1782 515 dicit
1843 459 1911 513 ad

1018 240 1463 304 TEBTULLIANI
1500 241 1765 305 OPERUM
1799 242 1965 306 PARS
2002 243 2072 307 II.
2110 273 2182 288 -—
2215 240 2442 305 SERIES
2478 239 2520 312 Ι,
2560 237 2913 302 POLEMICA.

3502 234 3611 298 664

2020 371 2185 438 ditur,
2223 368 2338 440 ipse
2367 367 2469 423 erit
2496 366 2762 431 Christus,
2794 365 2885 437 qui
2928 362 3096 421 venit.
3156 364 3239 420 De
3293 364 3400 420 hoc
3461 361 3607 419 enim

2019 460 2280 531 propheta
2315 455 2478 513 dicit:
2515 459 2681 514 Homo
2737 455 2802 510 in
2849 455 3016 527 plaga
3051 453 3292 526 positus,
3351 454 3408 509 et
3436 453 3616 510 sciens

326 548 543 605 Judaeos
568 565 581 602 ε
625 547 725 603 Ille
751 547 892 618 fuit,
920 548 1110 620 inquit,
1146 548 1382 603 lucerna
1419 548 1623 604 ardens
1652 550 1707 604 et
1723 548 1913 605 lucens
2018 554 2139 622 fere
2165 547 2593 604 imbecilitatem
2622 545 2750 617 (Isa.
2783 558 2898 611 Lm,
2920 547 3018 614 L);
3047 543 3138 617 qui
3168 548 3446 616 tanquam
3500 545 3618 601 ovis

332 638 522 708 (Joan.
553 653 607 705 v,
648 636 739 707 35)
773 651 787 691 :
823 643 1030 707 utpote,
1075 634 1168 705 qui
1219 650 1328 690 non
1375 643 1575 691 tantum
1624 636 1740 692 vias
1796 636 1916 705 ejus

332 728 555 797 parabat
583 725 640 780 in
668 741 850 780 eremo
880 725 1070 795 (Joan.
1102 740 1143 793 ι,
1195 725 1307 794 23),
1340 725 1435 779 sed
1465 732 1519 779 et
1573 741 1771 797 agnum
1816 722 1918 779 Dei

330 812 752 870 demonstrando
783 814 935 881 (ibid.
969 814 1086 882 29),
1116 812 1452 868 illuminabat
1482 820 1688 868 montes
1732 812 1919 870 homi-

332 920 462 959 num
500 902 769 973 praaconio
800 916 919 967 suo,
944 909 1002 956 ut
1030 918 1149 958 cum
1181 918 1300 957 esse
1328 902 1695 974 intelligerent
1722 918 1921 974 agnum

333 1009 492 1064 quem
521 993 738 1063 Moyses
769 1007 1052 1061 passurum
1095 991 1376 1047 nuntiabat
1440 991 1488 1030 35
1536 992 1715 1061 (Exod
1767 991 1918 1062 xm),

335 1081 423 1136 Sic
453 1088 505 1135 et
541 1079 717 1143 Jesus,
748 1078 818 1135 ob
850 1078 1082 1133 nominis
1106 1078 1190 1134 sui
1212 1077 1451 1134 futurum
1481 1087 1873 1135 sacramentum
1905 1096 1918 1136 :

338 1168 389 1222 id
428 1167 573 1222 enim
603 1181 801 1222 nomen
857 1183 1017 1223 suum
1073 1166 1458 1233 conﬁrmavit,
1520 1166 1668 1240 quod
1709 1167 1828 1238 ipse
1874 1168 1924 1223 ei

340 1255 627 1321 indiderat,
658 1256 783 1325 quia
809 1269 917 1309 non
939 1254 1208 1328 angelum,
1243 1271 1339 1311 nec
1365 1255 1571 1320 Ausen,
1602 1255 1700 1312 sed
1737 1256 1924 1312 Jesum

344 1343 940 1413 eumjusseratrxixzcle
987 1343 1164 1399 \ocari
1200 1385 1214 1399 .
1276 1343 1367 1400 Sic
1423 1344 1582 1418 igitur
1637 1354 1928 1417 utrumque

344 1449 541 1489 nomen
570 1431 831 1503 competit
859 1432 1074 1488 Christo
1106 1432 1295 1500 Dei,ut
1313 1442 1366 1490 et
1394 1435 1550 1489 Jesus
1570 1434 1931 1505 appellaretur

339 1523 406 1577 Et
432 1521 681 1592 quoniam
719 1538 791 1578 ex
836 1522 1042 1577 semine
1088 1523 1258 1578 David
1309 1539 1483 1594 genus
1522 1525 1735 1580 trahere
1768 1523 1929 1579 debe-

347 1619 427 1665 ret
453 1610 609 1682 virgo
638 1626 705 1665 ex
755 1626 863 1682 qua
891 1610 1039 1667 nasci
1070 1610 1306 1681 oportuit
1326 1609 1615 1678 Christum,
1666 1620 1726 1666 ut
1765 1626 1929 1683 supra

347 1697 786 1762 memoravimus,
819 1698 1096 1753 evidenter
1125 1697 1293 1752 Isaias
1318 1697 1582 1769 prepheta
1612 1697 1666 1752 in
1684 1712 1925 1769 sequen-

346 1786 491 1842 tibus
520 1785 647 1840 dicit
679 1804 691 1842 ε
726 1788 798 1841 Et
825 1790 1116 1849 nascetur,
1163 1784 1354 1856 inquit,
1413 1788 1571 1858 virga
1618 1787 1683 1860 de
1737 1786 1928 1857 radice

346 1872 664 1944 Jesse,quod
684 1880 767 1927 est
787 1873 1145 1940 Maria,etﬂos
1170 1873 1236 1929 de
1258 1873 1447 1930 radice
1468 1878 1588 1946 ejus
1609 1876 1933 1933 adscendet.

353 1966 419 2018 Et
448 1964 754 2035 requiescet
779 1977 952 2032 super
972 1962 1137 2017 illum
1158 1962 1207 2001 35
1228 1964 1476 2035 Spiritus
1498 1967 1676 2034 Dei,et
1694 1967 1936 2037 spiritus

351 2050 651 2121 sapientiae
680 2054 734 2106 et
766 2049 1092 2107 intellectus
1118 2093 1131 2119 ,
1172 2052 1412 2123 spiritus
1464 2054 1691 2109 consilii
1725 2058 1784 2110 et
1822 2055 1938 2109 vir-

354 2140 496 2195 tutis
526 2139 594 2202 ³⁷,
626 2139 863 2211 spiritus
887 2141 1196 2211 agnitionis
1216 2145 1270 2196 et
1296 2143 1548 2213 pietatis,
1571 2145 1814 2214 spiritus
1839 2143 1939 2199 Dei

357 2230 579 2285 timoris
599 2228 855 2300 implebit
884 2229 1050 2284 illum
1079 2230 1211 2299 (Isa.
1243 2246 1323 2293 x1,
1360 2234 1413 2299 l,
1442 2230 1518 2302 2).
1567 2233 1758 2302 Neque
1796 2231 1938 2287 enim

354 2317 451 2372 ulli
483 2316 761 2371 hominum
817 2317 1143 2373 universitas
1186 2316 1361 2374 624
1411 2318 1729 2389 Spiritalium
1775 2319 1941 2377 docu-

358 2415 661 2462 mentorum
691 2407 1032 2476 compelebat
1069 2406 1173 2461 nisi
1220 2406 1274 2461 in
1313 2406 1605 2478 Christum,
1647 2408 1769 2464 ﬂori
1823 2410 1941 2480 qui-

357 2495 483 2550 dem
512 2496 582 2550 ob
629 2493 851 2565 gratiam
908 2493 958 2534 38
1011 2494 1351 2566 adatquatum
1408 2512 1472 2552 ex
1532 2497 1700 2567 stirpe
1763 2506 1943 2554 autem

358 2584 513 2638 Jesse
541 2583 873 2652 deputatum,
904 2599 1004 2655 per
1033 2583 1253 2638 Mariam
1300 2584 1511 2640 scilicet
1538 2585 1665 2640 inde
1719 2602 1944 2643 censen-

363 2668 491 2724 dum
523 2672 660 2741 (68).
700 2669 820 2725 Fuit
873 2670 1016 2725 enim
1075 2671 1145 2727 de
1200 2672 1374 2744 patria
1420 2674 1734 2729 Bethlehem
1780 2683 1832 2730 et
1879 2675 1946 2730 de

357 2759 521 2814 domo
550 2758 893 2825 David,sicut
920 2758 1063 2828 apud
1094 2762 1365 2817 Romanos
1386 2761 1440 2818 in
1469 2779 1636 2819 censu
1678 2763 1948 2834 descripta

361 2856 442 2902 est
465 2848 628 2902 Maria
660 2848 813 2917 (Luc.
831 2852 925 2914 11,1
963 2850 1162 2921 seqq.),
1195 2866 1262 2906 ex
1282 2867 1386 2923 qua
1406 2850 1645 2907 nascitur
1671 2852 1947 2909 Christus.

357 2935 653 3006 Expostulo
682 2936 865 3007 etiam,
895 2943 947 2991 et
995 2939 1120 3008 quia
1160 2956 1191 2994 a
1228 2940 1510 3013 prephetis
1556 2939 1952 3013 praedicabatur

2023 637 2095 695 ad
2124 638 2418 693 victimam
2452 636 2663 691 ductus
2691 636 2859 700 est,'et
2881 634 3030 689 sicut
3059 650 3237 705 agnus
3265 649 3458 690 coram
3486 636 3619 689 ton-

2023 728 2191 785 dente
2220 743 2277 784 se
2293 742 2411 784 non
2456 725 2685 797 aperuit
2723 740 2780 780 os
2833 740 2999 779 suum
3025 722 3181 793 (ibid.
3218 722 3306 793 7).
3337 724 3399 780 Si
3440 738 3626 795 neque

2023 816 2517 887 contendit,neque
2545 813 3013 883 clamavit,neque
3031 811 3233 868 audita
3244 814 3329 867 est
3347 812 3489 882 foris
3518 825 3625 867 vos:

2026 907 2169 978 ejus,
2200 905 2298 977 qui
2330 902 2673 959 arundinem
2686 899 3187 971 contusam(‘70),id
3202 907 3286 956 est
3306 914 3555 971 quassam
3576 899 3626 937 39

2025 992 2244 1051 Israelis
2270 991 2450 1058 ﬁdem,
2482 1009 2600 1050 non
2626 992 2999 1059 comminuit;
3030 992 3129 1063 qui
3158 990 3345 1046 linum
3398 989 3626 1058 ardens,

2029 1083 2085 1138 id
2122 1091 2205 1139 est
2230 1090 2645 1137 monentaneum
2685 1080 2935 1136 ardorem
2979 1078 3219 1150 gentium
3249 1118 3266 1149 ,
3324 1094 3443 1135 non
3498 1094 3629 1135 exs-

2032 1172 2214 1229 tinxit
2251 1170 2382 1242 (Isa.
2412 1184 2553 1241 XLII,
2593 1172 2646 1233 2,
2672 1166 2747 1239 3),
2780 1165 3087 1223 sed'lucere
3139 1165 3311 1238 magis
3338 1165 3463 1223 fecit
3508 1173 3630 1222 ortu

2032 1259 2256 1316 luminis
2293 1258 2375 1313 sui
2418 1260 2531 1331 (71,
2580 1272 2690 1313 non
2747 1263 2926 1329 potest
2959 1254 3096 1311 alius
3147 1271 3267 1312 esse
3299 1296 3313 1322 ,
3370 1242 3633 1328 quamqui

2034 1347 2419 1419 prmﬁcabatur
2462 1346 2531 1399 4ο.
2580 1343 2806 1416 Oportet
2846 1343 3023 1416 itaque
3059 1350 3242 1399 actum
3286 1342 3485 1398 Christi
3512 1343 3635 1411 ejus

2035 1435 2125 1507 qui
2154 1434 2314 1500 venit,
2373 1433 2441 1487 ad
2498 1432 2892 1503 Scripturarum
2966 1432 3205 1503 regulam
3267 1429 3632 1503 recognosci,

2036 1523 2243 1595 Duplici
2272 1522 2433 1588 enim,
2473 1521 2580 1577 nisi
2615 1521 2790 1587 fallor,
2830 1520 3140 1594 operatione
3168 1519 3479 1577 distinctum
3506 1535 3637 1575 eum

2035 1612 2281 1686 legimus,
2312 1609 2711 1684 praedicationis
2751 1617 2807 1666 et
2859 1610 3096 1666 virtutis.
3125 1609 3234 1665 Sed
3283 1609 3353 1665 de
3407 1618 3637 1680 utroque

1959 1708 2003 1786 Β
2032 1703 2189 1757 titulo
2244 1702 2324 1757 sic
2379 1700 2665 1770 disponam
2710 1698 2756 1737 ἰι
2790 1717 2804 1770 ;
2837 1698 3017 1770 itaque
3067 1697 3371 1770 specialiter
3403 1697 3637 1768 dispun-

2041 1806 2233 1865 gamus
2266 1788 2510 1845 ordinem
2534 1798 2795 1859 emptum,
2819 1787 3074 1843 docentes
3102 1785 3510 1857 praedicatorem
3534 1785 3638 1840 ad-

2043 1878 2347 1935 nuntiatum
2376 1876 2668 1941 Christum,
2690 1887 2750 1931 ut
2778 1890 2876 1947 per
2912 1874 3099 1930 Isaiam
3144 1892 3158 1928 :
3204 1876 3501 1945 Exclama,
3556 1874 3643 1928 in-

2043 1967 2160 2038 quit
2192 2010 2206 2034 ,
2235 1970 2300 2023 in
2336 1967 2543 2038 vigore,
2583 1969 2643 2021 et
2668 1981 2742 2022 ne
2766 1965 3080 2038 peperceris
3109 1983 3129 2031 ;
3161 1964 3359 2021 exaltu
3397 1968 3464 2019 ut
3510 1964 3645 2019 tuba

2043 2072 2231 2115 vocem
2260 2060 2442 2121 tuam,
2477 2059 2534 2110 et
2550 2055 2833 2110 adnuntia
2857 2052 3010 2125 plebi
3043 2070 3185 2109 mete
3213 2054 3475 2123 facinora
3502 2054 3648 2123 ipso-

2046 2162 2194 2210 rum,
2228 2149 2283 2202 et
2309 2144 2501 2201 domui
2542 2142 2705 2199 Jacob
2736 2143 2947 2198 delicta
2979 2157 3189 2199 eorum.
3224 2142 3300 2198 Me
3341 2141 3408 2197 de
3444 2140 3536 2197 die
3584 2141 3647 2195 in

2051 2234 2199 2289 diem
2244 2236 2528 2304 quierunt,
2559 2234 2614 2287 et
2653 2245 2975 2303 cognoscere
3000 2232 3122 2286 vias
3178 2245 3331 2286 meas
3381 2229 3643 2300 cupiunt.

2055 2323 2223 2391 Quasi
2247 2321 2489 2393 papulas
2518 2320 2611 2391 qui
2631 2321 2922 2392 justitiam
2950 2318 3152 2390 fecerit
3176 2322 3235 2374 et
3244 2316 3535 2390 judicium
3553 2317 3652 2373 Dei

2048 2425 2167 2466 non
2203 2409 2570 2481 dereliquerit
2593 2408 2707 2480 (lsa
2735 2423 2896 2464 Lxut.
2932 2412 2983 2471 t,
3015 2408 3095 2476 2),
3129 2415 3184 2461 et
3210 2405 3438 2478 reliqua.
3470 2405 3653 2461 Virtuo

2051 2508 2132 2556 trs
2150 2506 2324 2553 autem
2355 2496 2620 2553 facturum
2656 2512 2688 2551 a
2718 2499 2873 2552 Patre
2910 2495 3098 2554 Esaias
3126 2494 3290 2563 dicit;
3322 2497 3460 2551 Ecce
3512 2496 3654 2551 Deus

2051 2590 2241 2643 noster
2243 2586 2530 2658 judicium
2551 2584 2967 2654 retribuit,ipse
2986 2586 3252 2650 veniet,et
3272 2584 3453 2639 salvos
3482 2582 3658 2653 faciet

2052 2690 2173 2731 nos.
2215 2676 2363 2731 Tunc
2406 2674 2631 2743 inﬁrmi
2676 2672 3052 2743 curabuntur,
3085 2679 3137 2729 et
3184 2673 3337 2729 oculi
3380 2685 3657 2727 caecorum

2054 2762 2340 2828 videbunt,
2373 2766 2429 2817 et
2475 2778 2642 2818 aures
2670 2760 2977 2817 surdorum
3020 2760 3278 2826 audient,
3311 2764 3368 2815 et
3422 2758 3661 2815 claudus

2055 2852 2221 2908 saliet
2248 2850 2403 2909 velut
2452 2867 2665 2917 cervus,
2705 2855 2764 2907 et
2796 2855 3093 2907 mutorum
3141 2850 3351 2921 linguae
3376 2850 3664 2906 solventur

2057 2938 2234 2997 625
2261 2941 2394 3010 (Isa.
2425 2954 2612 3006 xxxv,
2644 2940 2697 2995 4.
2724 2941 2775 2993 5.
2801 2937 2878 3009 6),
2907 2946 2961 2994 et
2986 2944 3182 2993 caetera
3202 2951 3332 3009 ,quse
3383 2942 3664 3009 cperatum

358 3041 425 3078 ex
466 3024 622 3080 Jesse
663 3041 859 3097 genere
905 3033 1187 3096 venturus,
1235 3037 1289 3083 et
1333 3045 1551 3086 omnem
1597 3030 1953 3087 humilitatem
1987 3018 2029 3096 Β
2060 3029 2328 3085 Christum
2352 3043 2453 3084 nec
2506 3042 2605 3085 vos
2641 3026 2964 3096 difﬁtemini,
3015 3033 3204 3097 utpote
3235 3027 3327 3098 qui
3382 3023 3660 3088 dicebatis,

358 3120 413 3168 et
452 3114 761 3185 patientiam
800 3114 918 3187 (69)
965 3124 1021 3172 et
1067 3118 1510 3191 tranquillitatem
1557 3126 1701 3175 esset
1737 3118 1953 3176 exhibi-

364 3209 544 3268 turus,
573 3217 639 3256 an
666 3203 922 3259 venerit?
954 3212 1113 3278 atque
1142 3206 1213 3262 ita
1239 3207 1286 3262 is
1316 3209 1480 3264 homo
1507 3207 1601 3281 qui
1631 3207 1751 3265 talis
1770 3215 1955 3265 osten-

2062 3118 2203 3189 quod
2235 3124 2455 3189 propter
2486 3132 2650 3188 Opera
2678 3130 2801 3171 eum
2845 3130 2955 3171 non
3010 3114 3343 3186 lapidaretis,
3377 3112 3475 3170 sed
3528 3126 3669 3185 quo-

2065 3206 2205 3262 niam
2237 3206 2344 3261 ista
2369 3206 2607 3263 sabbatis
2634 3203 2863 3261 faciebat
2883 3205 3070 3276 (Joan.
3109 3219 3167 3271 v,
3200 3204 3288 3275 t8)
3317 3201 3452 3275 (72).

1744 3334 1938 3395 Variae
1954 3335 2267 3396 lectiones.

438 3454 487 3493 35
513 3453 837 3510 Nominahat
859 3456 1015 3510 Pam.
1043 3455 1214 3513 Rhen.
1245 3456 1294 3495 35
1322 3457 1401 3511 De
1426 3455 1623 3513 radice.
1654 3455 1926 3512 Ascendet
1954 3453 2008 3509 in
2035 3453 2186 3509 illum
2219 3451 2400 3511 Rhen.
2437 3452 2658 3509 Oberth.
2683 3450 2732 3490 37
2756 3448 3015 3506 Veritatis
3043 3451 3175 3505 Par.
3207 3449 3257 3487 ³⁸
3301 3440 3416 3503 Nisi
3462 3444 3674 3502 Christo

296 3570 300 3577 .
366 3525 909 3605 tiorido_quidem_ab
930 3527 1284 3605 g_|oriam,__ob
1309 3527 1543 3605 gratiam
1562 3526 1777 3605 Qberth‘.
1805 3525 2139 3605 Seml,_39_l_d
2174 3533 2258 3605 est
2285 3539 2535 3605 quassam
2563 3525 2778 3605 abest_a
2811 3522 2984 3580 Rhen.
3006 3525 3065 3577 et
3088 3520 3307 3579 Oberth.
3341 3521 3393 3559 40
3408 3514 3677 3573 Praedice-

374 3598 532 3652 batur
550 3595 708 3654 Pam.
733 3598 779 3635 ἰι
808 3595 1014 3668 Pepulo
1052 3597 1129 3653 sic
1158 3597 1477 3669 dispositam
1508 3597 1685 3655 Rhen.
1710 3600 1765 3656 et
1810 3596 2012 3655 Oberth
2053 3596 2237 3651 Titulo
2267 3595 2346 3651 sic
2373 3595 2689 3667 dispositam
2711 3595 2845 3650 Jun.

1773 3724 2275 3787 Commentarius.

444 3826 560 3897 (68)
599 3827 706 3881 Per
724 3826 958 3881 Mariam
999 3828 1217 3883 scilicet
1247 3827 1376 3884 inde
1405 3829 1769 3886 censendum.
1790 3828 1958 3883 Paulo

383 3906 529 3970 post,
570 3897 732 3970 sicut.
748 3898 898 3970 apud
947 3900 1223 3970 Bemanos
1249 3900 1314 3951 in
1343 3914 1513 3954 censu
1563 3901 1843 3970 descripta
1880 3904 1963 3970 est

385 3965 581 4023 Maria.
626 3965 809 4020 Multis
854 3966 907 4019 in
944 3966 1076 4022 locis
1106 3969 1270 4036 hujus
1319 3984 1514 4024 census
1560 3970 1684 4025 facit
1734 3965 1965 4023 mentio-

384 4054 530 4100 nem,
563 4036 794 4107 ideoque
825 4038 1036 4093 remitto
1086 4039 1153 4092 ad
1209 4047 1423 4095 nostras
1479 4040 1857 4096 adnotationes
1905 4040 1962 4095 in

381 4124 501 4178 cap.
524 4107 579 4171 7,
609 4105 718 4160 libi
741 4122 820 4175 tv,
842 4113 1041 4165 contra
1091 4111 1441 4167 Marcionem.
1474 4111 1665 4168 Obiter
1718 4111 1802 4167 hic
1845 4111 1968 4167 dico

385 4194 732 4259 nonnparum
788 4193 907 4234 esse
961 4179 1292 4259 difficultatis
1349 4183 1403 4236 in
1456 4183 1549 4259 illa
1603 4183 1970 4259 descriptione

390 4249 712 4324 explicanda
744 4267 761 4324 ξ
788 4265 856 4303 an
895 4251 997 4324 sub
1041 4251 1229 4308 Sentio
1256 4253 1569 4324 Saturnino,
1601 4270 1668 4308 an
1698 4249 1798 4308 sub
1828 4252 1971 4324 Qui-

398 4320 808 4395 rinoiactasit,
844 4328 901 4395 u_t
928 4323 1087 4395 habet
1125 4326 1184 4378 S.
1223 4324 1394 4381 Lucas
1424 4342 1438 4379 :
1488 4320 1564 4379 an
1585 4326 1744 4379 etiam
1772 4323 1974 4395 duplex

388 4393 572 4463 censio
602 4382 844 4463 instituta
869 4391 1464 4463 fuerit,quodasseruut
1491 4395 1752 4451 nonnulli.
1777 4382 1973 4450 LaPtt.
2008 4382 2054 4460 υ

465 4461 581 4533 (69)
614 4462 845 4519 Omnem
875 4461 1275 4524 humilitatem
1303 4471 1360 4523 et
1384 4465 1889 4533 patientiam.Lib.
1911 4466 1977 4522 dc

400 4538 520 4612 Part.
554 4549 672 4612 cap.
706 4535 933 4612 3,__idem
973 4537 1133 4591 habet
1165 4556 1176 4592 :
1206 4560 1269 4612 7«_
1293 4535 1400 4593 Sed
1428 4537 1661 4611 saginari
1704 4537 1979 4607 voluptate

404 4606 667 4660 oatientiaa
737 4605 1078 4663 discessurus
1133 4609 1391 4673 volebat;
1456 4605 1849 4663 {vocaverat
1873 4622 1981 4663 non

399 4676 568 4730 multo
626 4683 750 4732 ante
788 4696 812 4728 ι
865 4678 1173 4747 patientiam
1232 4679 1614 4735 misericordiae
1674 4690 1922 4733 matrem.
1959 4698 1983 4728 s

399 4748 573 4821 Quem
622 4747 678 4802 in
733 4763 953 4821 sensum
999 4750 1058 4803 B.
1118 4750 1550 4821 Chrysostomus,
1610 4752 1759 4805 hom.
1809 4751 1863 4816 4,
1920 4750 1986 4821 ad

402 4818 705 4891 populum;
753 4817 813 4891 Εἰ
840 4821 1021 4891 βοῗύλειΑ
1050 4817 1253 4891 τρυφᾷν’,
1284 4822 1365 4873 καὶ
1389 4817 1593 4882 dvenam;
1622 4821 1884 4875 ἀπολαύειν
1912 4819 1994 4872 καὶ

398 4888 586 4964 ᾗδονῆς,
631 4888 697 4961 μὴ
724 4890 857 4964 ζήτει
882 4888 1230 4964 ἥδογήνῇμῆἡὲε
1258 4893 1451 4964 ἄνεσιν,
1498 4893 1626 4945 ἀλλὰ
1664 4893 1802 4964 ζήτειῄ
1834 4891 1990 4964 ψυχὴν

399 4960 653 5030 ὒπομσνῆς
679 4960 927 5031 γέμουσαν
959 4962 1014 5015 Si
1038 4960 1122 5016 vis
1160 4962 1369 5017 deliciis
1409 4960 1535 5032 frui,
1567 4973 1619 5018 et
1674 4960 1992 5019 remissione

405 5031 528 5106 truj,
578 5039 740 5097 atque
795 5032 1085 5099 voluptate,
1141 5049 1468 5106 neiquteras
1522 5037 1868 5106 voluptatem,
1901 5040 1994 5087 aut

408 5098 641 5225 quiclgem
675 5116 855 5155 verum
896 5098 1105 5171 quaeras
1152 5098 1385 5159 animum
1413 5104 1624 5176 plenum
1648 5098 1926 5175 patientia.
1962 5122 1989 5154 n

454 5185 489 5223 ε
563 5187 616 5224 n.

454 5185 489 5223 Ε
522 5185 616 5224 γε.

479 5242 594 5312 (80)
622 5244 725 5311 Qui
741 5244 1039 5301 arudinem
1066 5249 1379 5304 contusam.
1412 5246 1580 5313 Cap.3
1616 5248 1682 5303 de
1712 5248 1997 5303 Patientia

410 5316 600 5388 eadem
653 5314 1103 5388 fermciloquitur
1152 5336 1167 5373 ε
1233 5339 1256 5370 ι
1307 5319 1637 5374 Arundinem
1693 5327 1997 5388 quassatam

407 5400 516 5465 non
548 5383 731 5465 fre-git,
780 5405 802 5436 ι
839 5383 954 5465 Hic’
985 5393 1313 5465 contusam,
1357 5391 1433 5446 ibi
1476 5383 1806 5465 quassatam
1850 5387 1999 5465 quod

404 5455 550 5511 idem
577 5456 734 5512 sicuti
763 5460 905 5531 apud
935 5462 1255 5531 prophetam
1293 5463 1393 5518 Isa.
1438 5455 1996 5531 χῐιιρυγκεκλᾳσιὶένονς

404 5533 460 5582 et
487 5529 1233 5602 auvrs-cptpptvovapud'Matth.
1268 5533 1476 5594 xu.Hic
1501 5540 1623 5591 utar
1639 5529 2000 5603 explicatione

2075 3829 2132 3883 Β.
2168 3826 2375 3891 Hilarii,
2401 3825 2493 3898 qui
2524 3824 2579 3880 in
2634 3826 2781 3881 hunc
2826 3825 3006 3898 locum
3040 3825 3317 3898 AMatthaei‘
3348 3840 3455 3898 pet:
3489 3840 3680 3880 arun-

2074 3900 2266 3970 dinem
2285 3895 2618 3970 quassatam
2643 3898 2887 3970 ethnicos
2922 3896 3195 3968 intelligit,
3228 3895 3319 3970 qui
3336 3912 3373 3970 _a
3426 3895 3542 3970 Deo
3570 3910 3683 3951 non

2075 3966 2488 4040 quidem'fracti,
2526 3967 2621 4023 sed
2652 3969 2719 4023 ad
2747 3969 2977 4040 salutem
3017 3966 3412 4040 reservatisLB
3438 3967 3536 4040 Pa.

2148 4040 2260 4108 (7t)
2288 4041 2426 4096 Ortu
2454 4041 2693 4111 luminis
2722 4041 2832 4095 sui.
2863 4038 3026 4111 Juxta
3062 4038 3195 4093 illud
3227 4057 3240 4093 :
3294 4038 3542 4109 Populus
3589 4038 3686 4111 qui

2077 4110 2407 4168 ambulabat
2436 4113 2501 4166 in
2532 4110 2783 4166 tenebris
2811 4110 2955 4166 vidit
3006 4110 3190 4166 lucem
3217 4124 3523 4181 magnam;
3572 4122 3686 4179 quo

2080 4182 2200 4237 loco
2231 4192 2384 4236 antea
2416 4198 2548 4237 usus
2577 4190 2679 4236 est.
3300 4199 3311 4207 ·

2152 4251 2267 4323 (72)
2298 4254 2377 4308 Ex
2406 4268 2550 4307 nono
2572 4252 2739 4322 hujus
2762 4250 2886 4306 libri
2914 4250 3088 4321 capite
3133 4249 3499 4323 primamsibi
3536 4247 3690 4323 visus

2083 4320 2172 4379 est
2209 4320 2481 4379 Sémlerus
2535 4320 2804 4380 invenisse
2841 4320 3058 4378 causam
3105 4320 3381 4377 asserendi
3431 4322 3577 4375 hunc
3613 4321 3687 4375 li-

2084 4394 2236 4448 brum
2277 4393 2588 4450 Tertulliani
2635 4410 2742 4450 non
2793 4408 2913 4449 esse
2942 4433 2957 4461 ,
2999 4393 3093 4447 sed
3134 4408 3331 4447 meram
3372 4408 3493 4448 esse
3537 4406 3691 4447 com-

2087 4464 2398 4537 pilationem
2427 4464 2660 4520 hominis
2690 4463 2854 4537 inepti
2878 4479 2942 4519 ex
2993 4463 3171 4537 libris;
3195 4467 3397 4537 contra
3446 4463 3689 4537 Ματθίο-

2087 4532 2240 4592 nem.
2294 4536 2456 4591 Suam
2518 4551 2646 4590 vero
2724 4532 3091 4604 conjecturam
3139 4534 3413 4589 Senderus
3444 4532 3690 4588 instituta

2094 4607 2250 4661 istius
2278 4606 2399 4662 libri
2438 4605 2703 4662 adversus
2731 4605 2952 4662 Judazos
2991 4621 3115 4661 cum
3141 4605 3278 4661 libro
3308 4604 3463 4661 tertio
3488 4609 3691 4662 contra

2099 4678 2437 4735 Marcionem
2484 4677 2885 4746 comparatione
2937 4678 3095 4732 unice
3138 4677 3490 4733 corroborare
3527 4689 3688 4746 cona-

2097 4757 2184 4803 tur
2223 4764 2236 4816 ;
2273 4749 2373 4803 hac
2408 4755 2583 4802 autem
2612 4744 2902 4818 Vargutandi
2940 4748 3151 4818 ratione
3186 4746 3387 4802 frustra
3448 4761 3579 4800 sane
3624 4744 3691 4818 Ais

2100 4827 2353 4875 tractatus
2416 4816 2757 4887 abjudicatur
2817 4817 3169 4884 Tertulliano,
3235 4818 3322 4873 cui
3378 4827 3569 4887 praeter
3622 4816 3688 4870 D.

2099 4890 2481 4959 Hieronymum
2507 4931 2520 4955 ,
2563 4898 2836 4946 auctorem
2889 4890 3278 4957 Quaestionum
3332 4904 3363 4960 e
3393 4890 3696 4960 Scriptura

2097 4962 2436 5086 petitarum,
2485 4962 2586 5016 sub
2640 4961 2856 5016 nomine
2913 4960 3203 5032 Augustini
3244 4958 3550 5030 evulgatth
3590 5001 3608 5025 ,
3642 4965 3698 5010 et

2147 5031 2437 5086 iacentium
2469 5032 2818 5086 Lirinensem.
2852 5045 3038 5086 omnes
3083 5032 3185 5085 viri
3232 5030 3377 5086 docti
3404 5029 3473 5084 ad
3527 5043 3697 5084 nova-

2147 5031 2437 5086 incentium
2469 5032 2818 5102 Lirinensem,
2852 5029 3038 5086 omnes
3083 5032 3185 5102 viri
3232 5029 3389 5086 docti
3404 5029 3473 5102 ad
3527 5043 3697 5084 nova-

2104 5103 2394 5158 turientem
2454 5103 2751 5159 Semlerum
2783 5118 2984 5173 usque
3016 5101 3266 5158 eumdem
3311 5101 3696 5173 ascripserunt.

2105 5174 2174 5249 Et
2194 5173 2289 5249 qui
2317 5172 2435 5249 tieri
2451 5174 2621 5249 potuit
2649 5183 2708 5229 ut
2737 5171 2884 5249 liber
2913 5171 3180 5249 adversus
3206 5173 3423 5249 Iudaeos
3444 5172 3513 5249 sit
3539 5186 3696 5229 com-

2107 5244 2286 5314 pilatio
2317 5243 2546 5299 libri‘m
2575 5249 2779 5302 contra
2812 5246 3143 5302 Marcionem
3166 5288 3179 5310 ,
3214 5244 3262 5298 si
3309 5244 3355 5298 is
3386 5243 3537 5315 prior
3609 5249 3699 5296 aut

2108 5325 2354 5388 tempore
2380 5316 2571 5371 saltem
2634 5316 2855 5388 aequalis
2884 5315 3048 5371 fuerit
3103 5320 3305 5374 contra
3365 5314 3698 5388 Marcionem

2108 5385 2261 5457 libris
2288 5387 2316 5441 ?
2344 5387 2578 5442 Tandem
2627 5384 2935 5457 paradoxon
2975 5395 3065 5442 aut
3123 5395 3361 5442 monstro
3417 5384 3599 5441 simile
3638 5385 3702 5438 sit

2106 5456 2237 5530 illud
2264 5472 2372 5514 non
2393 5459 2568 5523 video,
2611 5456 2655 5515 si
2692 5458 2838 5530 idem
2891 5466 3077 5530 auctor
3125 5458 3323 5530 (eadem
3366 5465 3698 5530 argumenta.

2109 5528 2433 5602 easdemque
2492 5529 2747 5603 loquendi
2802 5528 3064 5587 formulas
3120 5529 3175 5584 in
3232 5526 3465 5585 diversis
3519 5528 3586 5584 ad
3620 5526 3698 5581 di-
