3972 6190
452 348 558 408 667

1163 349 1601 414 TERTULLIANI
1639 351 1906 417 OPERUM
1940 353 2106 417 PARS
2143 352 2210 414 II.
2248 383 2318 393 -—
2354 348 2583 411 SERIES
2616 350 2659 418 l,
2682 348 3026 411 POLEMICA.

3636 349 3737 409 668

451 472 615 544 nique
643 470 837 529 virtute
881 474 1075 545 crucis,
1106 484 1162 532 et
1204 476 1306 534 hoc
1334 492 1482 534 more
1511 488 1788 548 cornutus,
1820 496 2039 537 umver—
2070 497 2115 576 Α
2146 478 2398 551 positum,
2442 475 2723 548 pendentis
2773 476 2958 531 habitu
3014 474 3070 530 in
3135 472 3503 545 spectaculum
3558 475 3743 531 Israeli

452 577 539 616 sas
577 569 769 634 gentes
807 571 861 619 et
907 579 1054 620 nunc
1098 565 1321 620 ventilat
1369 582 1463 637 per
1499 565 1681 633 ﬁdem,
1729 567 1981 625 auferens
2008 584 2038 622 a

2142 567 2377 623 salutare
2425 565 2725 638 proposuit,
2792 580 2858 620 eo
2904 572 3141 635 tempore
3187 558 3294 635 quo
3332 581 3361 618 a
3399 564 3742 635 serpentibus

452 658 593 705 terra
624 650 676 706 in
709 653 923 722 coelum,
956 660 1009 708 et
1052 662 1180 710 tunc
1215 654 1489 710 ventilabit
1516 671 1612 725 per
1635 655 1918 725 judicium,
1950 657 2042 713 de-
2143 667 2265 728 post
2316 654 2682 712 idololatriam
2733 653 3225 711 exterminabantur
3273 655 3459 725 (Num.
3516 671 3633 721 nu,
3664 658 3738 725 9),

446 736 646 810 jiciens
667 741 714 778 46
744 741 808 796 de
832 741 968 798 coelo
1000 741 1051 796 in
1082 750 1301 798 terram.
1323 743 1470 800 Idem
1493 744 1594 799 erit
1620 753 1674 800 et
1699 745 1827 800 alibi
1856 752 2038 800 taurus

452 829 595 898 apud
625 830 869 886 eamdem
900 830 1250 902 Scripturam,
1281 848 1400 889 cum
1446 833 1612 889 Jacob
1646 835 1701 890 in
1732 834 2038 891 Simeonem

453 923 506 970 et
535 916 661 972 Levi
691 919 928 988 porrexit
956 919 1403 987 benedictionem,
1436 921 1503 976 de
1526 922 1731 979 Scribis
1766 933 1820 981 et
1846 924 2037 978 Phari-

454 1006 576 1061 swis
616 1010 931 1079 prophetat;
966 1026 1031 1065 ex
1061 1010 1167 1066 illis
1204 1010 1347 1067 enim
1387 1011 1666 1069 deducitur
1692 1030 1886 1069 census
1912 1013 2037 1068 illo-

455 1112 593 1150 rum.
637 1098 1018 1169 Intcrpretatur
1053 1100 1197 1155 enim
1227 1100 1542 1169 spiritatiter
1571 1103 1647 1156 sic
1679 1114 1691 1155 :
1731 1104 1951 1162 Simeon
1986 1109 2039 1160 et

454 1187 580 1240 Levi
595 1190 963 1258 perfecerunt
992 1191 1356 1262 iniquitatem
1383 1206 1455 1246 ex
1475 1208 1579 1248 sua
1600 1197 1751 1248 secta
1778 1192 1914 1262 (80),
1937 1209 2040 1264 qua

453 1273 655 1330 scilicet
681 1275 947 1332 Christum
977 1288 1099 1334 sunt
1141 1278 1433 1349 persecwi.
1469 1280 1536 1335 In
1583 1284 1896 1339 concilium
1944 1298 2039 1341 eo-

454 1379 587 1419 rum
632 1381 704 1419 ne
732 1368 950 1422 venerit
985 1371 1182 1425 anima
1225 1386 1371 1433 mea,
1412 1375 1463 1427 et
1510 1370 1574 1426 in
1622 1374 1919 1430 stationem
1949 1389 2040 1431 eo-

456 1469 583 1508 rum
604 1470 674 1509 ne
697 1456 1063 1514 incubuerint
1082 1459 1267 1526 iecora
1286 1460 1332 1497 ἰἿ
1349 1476 1493 1517 mea:
1506 1463 1771 1533 quoniam
1790 1461 2045 1533 indigna-

456 1542 610 1599 tione
645 1560 748 1601 sua
776 1546 1188 1619 interfecerunt
1218 1548 1491 1614 homines,
1536 1549 1588 1603 id
1622 1558 1701 1603 est
1728 1551 2039 1619 prophetas,

453 1636 508 1687 et
554 1633 617 1686 in
647 1638 1112 1707 concupiscentia
1157 1653 1263 1692 sua
1289 1637 1773 1693 subnervaverunt
1812 1642 2044 1694 taurum

446 1720 607 1787 (Gen.
641 1737 798 1793 xux,
832 1724 907 1794 6),
942 1725 992 1777 id
1042 1734 1126 1779 est
1170 1724 1464 1790 Christum,
1508 1742 1667 1795 quem
1700 1734 1820 1795 post
1851 1743 2039 1782 necem

452 1810 831 1879 pr0phetarum
888 1812 1294 1879 interfecerunt,
1354 1822 1407 1868 et
1462 1828 1659 1871 nervos
1711 1815 1831 1884 ejus
1885 1815 2041 1870 sufﬁ-

450 1897 627 1969 gendo
655 1899 817 1954 clavis
864 1900 1237 1957 desaevierunt.
1285 1900 1546 1957 Caeterum
1585 1920 1804 1970 vanum,
1841 1906 1885 1960 si
1923 1916 2042 1975 post

451 1984 794 2040 homicidium
822 1986 929 2058 jam
969 1991 1036 2044 ab
1085 1989 1163 2044 eis
1201 1990 1570 2060 commissum,
1602 1992 1833 2062 alicujus
1887 1995 2039 2050 bovis

450 2073 583 2142 ipsis
614 2075 663 2112 48
705 2076 992 2149 eXprobrat
1040 2077 1426 2136 carnificinam.
1476 2081 1593 2135 Jam
1639 2097 1767 2137 vero
1807 2083 2037 2154 Moyses,

453 2158 581 2227 quid
613 2160 796 2233 utique
828 2172 955 2220 tunc
983 2172 1189 2221 tantum
1212 2184 1335 2222 curn
1362 2169 1518 2224 Jesus
1542 2170 1799 2226 adversus
1818 2171 2041 2228 Amalec

449 2248 813 2320 praebebatur,
846 2257 1109 2326 expansis
1140 2258 1401 2315 manibus
1422 2258 1616 2315 orabat
1649 2260 1760 2329 (81)
1794 2262 2041 2317 residens

451 2335 652 2404 (Exod.
701 2358 842 2411 xvn,
892 2344 1025 2413 ll);
1076 2345 1296 2416 quando
1337 2346 1390 2399 in
1438 2348 1599 2402 rebus
1654 2358 1757 2402 tam
1800 2350 2040 2405 attonitis

450 2429 624 2503 magis
655 2430 846 2502 utique
874 2434 1103 2504 genibus
1150 2434 1363 2505 positis,
1397 2442 1448 2488 et
1493 2434 1745 2493 manibus
1789 2438 2041 2493 caedenti-

452 2516 555 2572 bus
587 2515 760 2575 628
799 2528 1003 2593 pectus,
1037 2531 1090 2576 et
1121 2521 1253 2577 facie
1282 2522 1432 2576 humi
1481 2522 1714 2578 volutata
1743 2526 1878 2595 (82),
1920 2540 2041 2581 ora-

454 2604 652 2661 tionem
698 2611 1081 2665 commendare
1137 2610 1433 2679 debuisset,
1480 2610 1579 2665 nisi
1617 2611 1741 2682 quia
1790 2612 1900 2668 illic
1948 2614 2039 2669 ubi

453 2707 649 2748 nomen
696 2694 822 2750 Jesu
871 2696 1176 2765 dimicabat,
1235 2698 1537 2755 dimicaturi
1582 2700 1902 2772 quandoque
1948 2703 2039 2757 ad-

452 2798 638 2838 versus
686 2783 979 2856 diabolum,
1026 2786 1206 2844 crucis
1273 2786 1485 2842 habitus
1527 2802 1741 2859 quoque
1782 2797 1895 2844 erat
1936 2804 2038 2843 ne-

452 2874 738 2940 cessarius,
772 2891 864 2945 per
907 2893 1067 2948 quam
1105 2876 1266 2931 Jesus
1315 2876 1596 2932 victoriam
1647 2885 1789 2932 esset
1840 2878 2037 2933 relatu-

454 2963 593 3017 rus?
635 2961 785 3017 Idem
832 2980 1017 3019 rursus
1058 2966 1270 3036 Moyses
1328 2972 1452 3036 post
1506 2965 1831 3020 interdictam
1867 2968 2043 3023 omnis

455 3050 532 3106 rei
572 3050 997 3119 similitudinem,
1029 3068 1123 3108 cur
1160 3069 1371 3109 aeneum
1415 3064 1712 3124 serpentem
1744 3053 1893 3125 ligno
1940 3055 2043 3109 im-

2142 745 2243 801 nisi
2295 743 2440 817 quod
2502 744 2591 800 hic
2646 742 2983 799 Dominicam
3028 759 3238 799 crucem
3291 742 3609 812 intentabat,
3640 763 3746 817 qua

2146 850 2369 905 serpens
2423 833 2671 889 diabolus
2718 833 3023 904 publicatur
3052 834 3119 899 49,
3170 841 3222 888 et
3251 835 3384 889 laeso
3441 834 3644 905 cuique
3672 836 3744 889 ab

2146 921 2413 995 ejusmodi
2443 921 2697 988 colubris,
2728 921 2782 976 id
2812 928 2893 978 est
2921 921 3131 994 angelis
3179 921 3319 990 ejus,
3352 937 3383 976 a
3423 921 3746 977 delictorum

2144 1011 2418 1084 peccantia
2466 1010 2534 1065 ad
2581 1010 2777 1066 Christi
2823 1010 3001 1065 crucis
3030 1017 3371 1066 sacramenta
3399 1010 3625 1077 intento,
3661 1027 3747 1066 sa-

2148 1103 2233 1156 lus
2270 1100 2603 1157 efﬁciebatur
2623 1101 2650 1154 ?
2678 1101 2813 1155 Nam
2845 1098 2936 1169 qui
2969 1098 3021 1153 in
3062 1098 3209 1153 illam
3241 1109 3368 1154 tunc
3398 1100 3741 1170 respiciebat,

2147 1205 2181 1245 a
2223 1205 2409 1245 morsu
2451 1188 2786 1259 serpentium
2841 1186 3192 1242 liberabatur.
3243 1188 3360 1259 Age
3389 1202 3557 1255 nunc,
3587 1188 3631 1242 si
3659 1189 3748 1243 Ie-

2147 1278 2277 1353 gisti
2306 1294 2476 1350 penes
2507 1277 2824 1348 prophetam
2855 1276 2911 1331 in
2959 1276 3204 1341 Psalmis,
3237 1278 3380 1333 Deus
3428 1280 3689 1350 regnavit
3717 1295 3753 1333 a

2150 1368 2299 1440 ligno
2328 1368 2443 1439 (83)
2474 1367 2647 1436 (Psal.
2698 1381 2829 1432 xcv,
2866 1365 2975 1435 10),
3009 1373 3261 1435 exspecto
3290 1364 3422 1435 quid
3451 1364 3749 1440 intelligas,

2149 1473 2216 1512 ne
2246 1456 2383 1512 forte
2419 1456 2707 1529 lignarium
2737 1453 2973 1526 aliquem
3021 1468 3209 1525 regem
3255 1452 3550 1526 signiﬁcari
3599 1463 3751 1524 pute-

2149 1545 2236 1615 tis,
2268 1554 2322 1601 et
2352 1560 2457 1601 non
2475 1544 2767 1610 Christum,
2793 1543 2883 1615 qui
2912 1542 3103 1597 exinde
3132 1559 3163 1597 a
3192 1541 3444 1612 passione
3473 1542 3679 1598 Christi
3700 1544 3748 1582 ⁵ο

2151 1641 2408 1705 superata
2435 1640 2609 1689 morte
2666 1631 2926 1706 regnavit.
2962 1629 3193 1686 Proinde
3230 1640 3284 1685 et
3327 1631 3496 1701 Isaias
3547 1646 3559 1684 :
3613 1632 3755 1700 Quo-

2150 1724 2309 1778 niam
2338 1737 2501 1793 puer,
2539 1719 2732 1792 inquit,
2764 1724 2939 1775 natus
2980 1724 3065 1776 est
3092 1718 3268 1785 nobis,
3300 1723 3354 1776 et
3384 1720 3556 1776 datus
3601 1723 3757 1776 nobis

2078 1784 2119 1861 Β
2151 1815 2232 1868 est
2266 1784 2423 1881 ﬁlius
2457 1784 2583 1881 (Isa.
2614 1784 2697 1878 ix,
2721 1784 2843 1881 '6.).
2902 1808 3042 1877 Quid
3090 1784 3311 1876 novum,
3344 1809 3390 1863 si
3430 1825 3540 1865 non
3576 1818 3661 1864 est
3688 1809 3760 1864 de

2150 1900 2285 1956 Filio
2325 1899 2444 1964 Dei,
2474 1898 2638 1955 dicit:
2669 1899 2849 1954 Filius
2880 1902 3055 1954 natus
3085 1903 3169 1953 est
3216 1898 3393 1966 nobis,
3433 1901 3597 1970 cujus
3646 1900 3761 1953 im-

2146 1990 2374 2061 per-ium
2393 1988 2438 2026 51
2460 1990 2677 2059 factum
2696 1992 2781 2044 est
2806 2003 2978 2059 super
3001 1987 3307 2044 humerum
3330 1988 3512 2060 ipsius
3537 1988 3762 2059 (ibid.)?

2149 2076 2284 2145 Quis
2304 2077 2523 2135 omnino
2551 2074 2732 2134 629
2752 2091 2946 2149 regum
2974 2076 3188 2148 insigne
3214 2076 3495 2149 potestatis
3523 2092 3643 2132 sua:
3672 2078 3763 2130 bu-

2149 2181 2298 2223 mero
2319 2165 2559 2239 priefert,
2583 2173 2637 2221 et
2656 2181 2764 2221 non
2784 2173 2874 2220 aut
2896 2164 3070 2235 capite
3092 2164 3363 2233 diadema,
3394 2172 3485 2220 aut
3513 2164 3567 2218 in
3602 2181 3762 2219 manu

2150 2264 2440 2326 sceptrum,
2497 2260 2590 2309 aut
2636 2253 2930 2326 aliquando
2966 2252 3195 2324 propriae
3238 2252 3400 2309 vestis
3428 2261 3615 2310 notam
3656 2253 3706 2291 ⁵2
3735 2253 3761 2306 ‘i

2150 2344 2257 2401 Sed
2312 2344 2460 2400 solus
2505 2358 2678 2399 novus
2743 2359 2834 2399 rex
2903 2342 3230 2398 saeculorum
3289 2340 3535 2398 Christus
3590 2341 3753 2397 Jesus

2150 2450 2300 2490 novae
2330 2432 2518 2506 gloriae
2553 2432 2602 2471 53
2630 2439 2682 2487 et
2719 2438 3037 2502 potestatem
3066 2438 3120 2486 et
3150 2430 3536 2487 sublimitatem
3592 2446 3754 2485 suam

2149 2522 2205 2576 in
2264 2523 2488 2577 humero
2535 2520 2745 2590 extulit,
2805 2534 3022 2575 crucem
3072 2518 3293 2588 scilicet,
3344 2526 3406 2575 ut
3458 2517 3761 2575 secundum

2147 2610 2481 2681 superiorem
2509 2610 2557 2648 ⁵4
2597 2608 2933 2680 prophetiam
2962 2607 3153 2664 exinde
3199 2606 3461 2664 Dominus
3509 2617 3764 2678 regnaret

2148 2718 2179 2756 a
2207 2701 2375 2772 ligno.
2419 2700 2497 2754 De
2528 2700 2629 2754 hoc
2672 2697 2816 2755 enim
2854 2697 3003 2771 ligno
3032 2698 3193 2753 etiam
3222 2698 3370 2753 Deus
3398 2695 3638 2752 insinuat
3669 2712 3762 2767 per

2146 2788 2430 2846 leremiam
2456 2786 2603 2858 quod
2645 2787 2841 2841 essetis
2869 2784 3063 2840 dicturi
3112 2805 3126 2843 :
3189 2786 3401 2851 Venite,
3450 2786 3759 2842 mittamus

2149 2878 2213 2933 in
2227 2893 2431 2949 panem
2459 2880 2583 2949 ejus
2629 2876 2850 2946 lignum
2872 2879 2929 2932 et
2957 2878 3316 2931 conteramus
3346 2891 3482 2932 eum
3527 2890 3563 2928 a
3595 2877 3759 2930 terra

2150 2970 2426 3031 vivorum,
2450 2970 2505 3024 et
2523 2981 2731 3023 nomen
2750 2965 2910 3021 illius
2941 2980 3058 3019 non
3079 2964 3487 3020 memorabitur
3506 2962 3761 3034 amplius

2152 3055 2378 3123 (Jerem.
2432 3069 2508 3119 χι,
2578 3053 2689 3124 19).
2764 3052 2961 3125 Utique
3018 3051 3073 3106 in
3123 3065 3323 3124 corpus
3377 3052 3497 3121 ejus
3544 3050 3758 3122 lignum

523 3202 573 3240 4⁵
602 3202 948 3259 Descendens
980 3204 1160 3262 Obert.
1197 3206 1364 3261 Seml.
1397 3205 1443 3243 4⁷
1475 3204 1696 3260 Viscera
1729 3126 2039 3263 Οὺεῖῧιιῖιῗξὶ

2155 3138 2383 3260 tit?
2410 3213 2462 3260 et
2490 3220 2596 3261 non
2615 3204 2752 3276 ipsis
2784 3202 2959 3276 Enen,
2997 3175 3224 3276 Obgert‘h:
3254 3203 3305 3276 ἤιε)
3351 3202 3757 3276 Designabatur

459 3273 638 3330 Obert.
672 3276 923 3347 Seml.r5°
950 3276 1145 3332 Christi
1179 3278 1404 3332 tollitur
1430 3294 1466 3332 a
1495 3279 1681 3332 Latin.
1714 3281 1817 3331 aut
1851 3273 2222 3334 substituitur
2242 3277 2396 3347 ligni.
2429 3278 2475 3315 51
2505 3273 2721 3331 Initium
2750 3274 2910 3331 addit
2929 3274 3098 3332 Seml.
3129 3274 3179 3313 ⁵³
3206 3274 3398 3346 Aliqua
3427 3273 3757 3346 proprietate

454 3361 587 3401 usus
618 3361 759 3401 nova
794 3346 971 3404 Rhen.
1008 3348 1226 3405 Oberth.
1255 3348 1304 3386 53
1332 3348 1537 3404 Novam
1567 3346 1794 3419 gloriam
1819 3348 2011 3404 Iidem.
2043 3349 2090 3387 54
2122 3346 2361 3401 Priorem
2383 3348 2575 3404 Iidem.
3678 3386 3682 3387 κ

1836 3420 2332 3490 Commentarius.

523 3497 639 3569 (80)
670 3498 895 3555 Simeon
928 3504 984 3556 et
1020 3500 1147 3556 Levi
1184 3501 1553 3570 perfecerunt
1583 3498 1947 3570 iniquitatem
1977 3516 2051 3557 ea:

451 3586 554 3641 sua
573 3574 745 3625 secta.
777 3570 856 3624 Ad
878 3574 1100 3625 verbum
1125 3570 1396 3625 transtulit
1425 3570 1556 3624 illud
1586 3572 1725 3641 quod
1752 3570 1938 3625 Graece
1958 3578 2040 3624 est

452 3638 499 3713 ἐξ
536 3641 761 3710 αἱρέσεως
810 3642 990 3705 αὓτῶν,
1041 3656 1138 3713 pro
1169 3657 1234 3695 eo
1280 3642 1424 3711 quod
1456 3638 1663 3713 Latina
1691 3641 2041 3712 Septuaginta

452 3710 807 3784 interpretum
837 3710 1147 3776 editio,'sui
1175 3710 1470 3784 propositi.
1506 3712 1647 3784 Pan.

524 3780 638 3853 (8i)
670 3785 951 3853 Expansis
977 3780 1237 3838 manibus
1276 3780 1490 3840 orabat.
1525 3782 1611 3835 Sic
1638 3780 1823 3837 habuit
1853 3799 2041 3837 exem-

452 3850 565 3921 plar
598 3850 795 3908 Ursini.
830 3854 893 3906 Et
933 3852 1259 3907 verissimam
1288 3868 1409 3908 esse
1436 3852 1823 3922 scripturarum
1857 3853 2038 3908 decla-

455 3930 570 3975 rant
616 3938 737 3992 quaz
785 3932 1123 3993 sequuntur:
1164 3943 1185 3971 α
1230 3923 1574 3978 Dimicaturis
1633 3923 1887 3977 adversus
1925 3924 2038 3977 dia-

453 3993 634 4065 bolum
662 3993 838 4065 crucis
869 3994 1083 4065 habitus
1120 4007 1333 4065 quoque
1362 4003 1477 4048 erat
1504 3993 1854 4065 necessarius.
1892 4014 1914 4043 υ
1950 3995 2040 4051 Sic

450 4064 547 4118 lzb.
582 4064 648 4118 de
683 4064 955 4136 Oratione,
994 4085 1016 4113 «
1051 4062 1277 4118 Orantcs
1317 4064 1677 4136 eXpandimus
1703 4080 1732 4119 e
1758 4066 2040 4121 Dominica

451 4137 703 4205 passione
733 4135 1124 4190 mondulatum.
1164 4155 1185 4184 ι
1222 4136 1344 4190 Βια.

522 4205 636 4277 (82)
665 4209 827 4264 Facie
866 4207 1027 4261 humi
1072 4206 1348 4263 volutata.
1382 4205 1439 4260 In
1491 4206 1674 4261 codice
1722 4207 2041 4264 Divionensi

451 4276 673 4350 legitur,
714 4280 1027 4335 voluntate.
1064 4277 1216 4333 Unde
1264 4279 1321 4332 lit
1369 4287 1425 4331 ut
1471 4276 1772 4350 existimem
1824 4280 2041 4334 verissi-

451 4348 590 4403 mam
623 4364 743 4403 esse
799 4349 1115 4419 scripturam
1162 4364 1323 4419 quam
1379 4348 1707 4418 exemplaria
1752 4366 2039 4407 servavere

450 4420 590 4475 libro
641 4434 702 4474 III
752 4421 1012 4476 adversus
1071 4420 1421 4485 Marcionem,
1474 4442 1496 4470 α
1550 4419 1704 4474 Facie
1758 4420 1909 4476 humi
1946 4436 2041 4478 vo-

448 4491 667 4563 lutante.
704 4510 726 4540 »
762 4492 852 4547 Sic
882 4493 934 4545 in
964 4492 1197 4563 Apolog.
1234 4510 1246 4545 :
1282 4512 1306 4542 ››
1340 4492 1449 4546 Nos
1480 4506 1608 4547 vero
1632 4492 1848 4561 jejuniis
1877 4492 2033 4560 aridi,

450 4562 502 4617 in
534 4577 688 4617 sacco
718 4572 772 4617 et
802 4563 981 4617 cinere
1004 4564 1321 4617 volutantes.
1359 4583 1380 4613 ιι
1416 4563 1539 4617 Bia.

521 4632 636 4715 (83)
679 4635 948 4715 Dominus
988 4637 1311 4715 regnavita
1360 4634 1537 4715 ligno...
1573 4633 1660 4715 Sic
1716 4648 1783 4713 ex
1826 4650 1958 4715 mss.
1990 4643 2040 4689 et

447 4704 694 4772 excusis;
723 4706 877 4777 infra,
912 4720 1009 4777 pro
1035 4704 1308 4777 regnabit,
1333 4704 1455 4758 nam
1486 4704 1615 4777 illud
1640 4704 1833 4776 legitur
1853 4705 2043 4760 Greece

450 4784 501 4832 et
530 4777 732 4832 Latine.
767 4776 921 4832 Sicut
963 4776 1121 4831 etiam
1166 4776 1320 4839 illud,
1370 4792 1404 4829 a
1457 4776 1626 4847 ligno,
1660 4783 1800 4831 recte
1830 4777 2043 4832 additur

2082 3525 2125 3602 Β
2156 3501 2391 3555 carmine
2421 3498 2488 3554 de
2516 3496 2788 3562 Passione,
2820 3494 2875 3551 in
2895 3495 3010 3551 haec
3036 3496 3201 3552 verba
3234 3513 3248 3551 :

2597 3584 2816 3648 Impleta
2834 3590 2951 3648 sunt
2984 3597 3106 3648 quae,
3124 3583 3308 3634 cecinit

2577 3645 2741 3698 David
2791 3645 2927 3695 ﬁdeli
2955 3645 3193 3707 carmine,

2580 3708 2759 3758 Dicens
2783 3721 2793 3757 :
2828 3706 2884 3757 In
2918 3706 3210 3758 nationibus

2584 3770 2832 3834 Regnavit
2861 3783 2894 3818 a.
2924 3770 3057 3832 ligno
3086 3771 3238 3821 Deus.

2218 3849 2499 3919 Quomodo
2546 3849 2671 3921 legit
2714 3868 2816 3905 ms.
2859 3850 2963 3921 hoc
3019 3850 3159 3919 loco,
3208 3866 3407 3921 nempe
3444 3854 3609 3915 Deus,
3653 3847 3755 3903 sed

2146 3922 2300 3994 illud,
2360 3919 3038 3994 Dominustretinuimus.
3089 3923 3269 3994 Usque
3321 3919 3463 3977 adeo
3527 3928 3590 3977 ut
3641 3932 3761 3994 non

2148 3993 2352 4063 possim
2383 3992 2632 4066 assentiri
2662 3993 3069 4066 Jacobo‘Fabro
3099 3992 3439 4066 (comment.
3473 3994 3536 4048 in
3584 3993 3761 4066 quin.

2150 4066 2350 4137 tuplex
2369 4065 2773 4137 Psalterium),
2792 4063 2884 4134 qui
2905 4072 3053 4137 putat
3074 4063 3511 4137 paraphrasticais
3538 4063 3759 4117 tantum

2147 4134 2239 4192 ese
2295 4136 2566 4206 adjectum
2624 4137 2847 4206 prepria
2913 4134 3144 4205 alicujus
3198 4134 3509 4199 devotione;
3570 4152 3672 4189 seu
3731 4148 3761 4184 c

2147 4207 2414 4279 contrario
2461 4206 2633 4279 sentio
2681 4207 2972 4279 genuinam
3018 4222 3139 4262 esse
3170 4206 3759 4279 lectionem,_maxime_

2146 4293 2269 4357 cum
2310 4277 2636 4357 etiamnipse
2678 4274 2797 4357 Eam
2837 4277 3126 4357 lectionem
3170 4284 3427 4357 agnoscat
3462 4274 3529 4357 in
3572 4274 3757 4357 veteri

2148 4348 2387 4429 Psalterii
2410 4348 2650 4429 editione
2704 4355 2860 4429 ante
2883 4352 2941 4405 B.
2963 4418 2973 4428 '
2997 4348 3315 4429 Hieronymi
3354 4354 3590 4429 sitatam.
3625 4348 3761 4405 Nec

2146 4420 2273 4489 quid
2303 4421 2480 4475 obstat
2511 4420 2652 4490 quod
2680 4435 2734 4473 1n
2764 4418 3006 4477 Hebraeis
3053 4418 3330 4475 codicibus
3359 4434 3469 4490 non
3512 4419 3754 4489 legatur,

2146 4488 2269 4561 quia
2315 4492 2486 4561 potuit
2531 4488 2566 4545 ξι
2619 4490 2820 4562 Iudaeis
2885 4491 3144 4562 expungi,
3204 4490 3343 4562 sicut
3388 4488 3743 4562 aliaﬂrnulta,

2146 4558 2598 4632 quemadmodum
2644 4561 2805 4616 latius
2861 4558 3274 4633 prosequitur...
3304 4561 3370 4614 D.
3415 4558 3750 4616 Guillelmus

2146 4633 2438 4697 Lindauus,
2473 4633 2759 4703 episcopus
2794 4632 3272 4689 Ruremundensis.
3315 4633 3455 4703 Pan.

2222 4705 2379 4759 Plura
2427 4718 2536 4757 non
2573 4702 2858 4760 mediocris
2900 4703 3231 4760 auctoritatis
3266 4702 3446 4759 omisit
3478 4702 3756 4758 Pamelius

2152 4773 2476 4839 testimonia,
2534 4790 2655 4845 quae
2701 4775 2791 4830 hic
2848 4790 3132 4832 recensere
3183 4774 3315 4830 utile
3354 4772 3627 4828 duximus.
3690 4775 3753 4829 In

448 4849 518 4937 ab
545 4857 781 4937 auctore-
800 4856 908 4928 tum
942 4848 1051 4915 hic,
1101 4855 1156 4901 et
1195 4848 1387 4937 iterum
1414 4845 1674 4937 cap.)
1709 4854 1823 4937 tum
1853 4847 1944 4905 lib.
1980 4863 2040 4903 Ill
2074 4861 2119 4937 ο
2154 4848 2334 4937 fidem
2368 4845 2556 4937 igiturn
2579 4846 2855 4937 sen‘teatia'
2885 4846 3053 4902 fuisse
3098 4852 3303 4937 cp'nstat
3330 4860 3344 4897 :
3376 4845 3752 4937 Augustinum

447 4918 709 4975 adversus
734 4920 1086 4985 Marcionem,
1109 4933 1216 4971 non
1246 4918 1407 4989 modo
1427 4916 1482 4970 in
1510 4916 1747 4989 editione
1778 4919 2036 4989 Romana,

449 5004 652 5060 ex_qua
680 5005 867 5046 versus
895 4989 986 5060 ille
1014 4988 1280 5060 paschalis
1334 4988 1386 5042 in
1416 4988 1661 5043 Ecclesia
1704 4988 2034 5055 decantatur,

448 5058 545 5113 sed
566 5058 730 5115 etiam
780 5058 1225 5129 Gallieajsaltem
1278 5061 1433 5129 juxta
1478 5060 1877 5115 emendatiores
1933 5078 2036 5115 co-

447 5130 597 5185 dices
646 5130 881 5198 Latinos,
930 5142 984 5187 et
1028 5130 1169 5187 inter
1210 5140 1454 5197 caeteros,
1499 5132 1904 5187 Donatianicum
1951 5134 2038 5188 Bi-

447 5201 677 5257 bliorum
735 5219 882 5274 ms“,
923 5219 1086 5274 quem
1142 5218 1380 5259 aureum
1430 5210 1584 5274 vocat
1639 5203 1916 5268 Erasmus,
1967 5205 2036 5259 ob

446 5288 642 5328 aureas
694 5272 955 5343 capitales
1008 5274 1238 5330 litteras.
1286 5274 1356 5329 Et
1400 5272 1489 5327 alii
1541 5281 1755 5330 veteres
1800 5274 2033 5343 idipsum

446 5344 631 5417 legunt
682 5345 1025 5411 nominatim,
1085 5345 1221 5400 inter
1276 5346 1498 5417 Graecos
1547 5345 1805 5417 Justinus
1840 5347 2039 5417 Μία-[γυ

448 5415 649 5473 contra
682 5417 1057 5489 ,Tyrphonem,
1090 5424 1144 5489 et
1197 5433 1261 5472 ex
1317 5416 1538 5489 Latinis,
1570 5425 1758 5489 auctor
1797 5415 1915 5489 libri
1966 5420 2038 5473 De

447 5493 639 5547 monte
665 5487 808 5546 Sina
833 5495 887 5546 et
927 5490 1081 5553 Sion,
1113 5488 1253 5543 inter
1280 5503 1444 5556 Opera
1470 5488 1531 5541 B.
1567 5487 1839 5557 Cypriani,
1862 5487 2039 5543 Arno-

447 5560 571 5615 bius
599 5562 665 5615 in
693 5560 963 5626 Psalmos,
997 5576 1057 5615 ac
1079 5559 1350 5615 Theodul.
1372 5557 1795 5629 (Aurelianensis
1824 5559 2038 5628 episco-

446 5645 570 5702 pus,
629 5631 713 5689 vel
760 5632 939 5706 potius
984 5632 1307 5692 Fortunatus
1360 5628 1709 5687 Pictaviensis
1765 5630 2036 5703 antistes),

2151 4916 2483 4986 (Enarrfin
2513 4918 2710 4987 Psal.),
2742 4918 2799 4973 S.
2833 4917 3069 4973 Leonem
3124 4918 3379 4987 Magnum
3431 4916 3639 4985 (Serm.
3687 4920 3753 4972 in

2146 4991 2301 5061 Pass.
2336 4988 2603 5057 Domini),
2647 4988 2724 5061 Si
2754 4988 3084 5061 Gregorium
3131 4989 3382 5061 Magnum
3412 4987 3499 5061 (in
3541 4989 3745 5044 Bacch.

2145 5060 2241 5114 lib.
2274 5075 2314 5123 ι,
2349 5060 2491 5114 hom.
2526 5062 2587 5124 6;
2610 5061 2673 5130 in
2704 5060 2726 5113 Ι
2756 5058 2979 5130 Βεθῖν),
3012 5058 3392 5114 Cassiodorum
3432 5060 3509 5126 (in
3542 5060 3747 5127 Psal.),

2147 5131 2205 5185 S.
2250 5130 2467 5185 Petrum
2521 5129 2844 5202 Damianum
2901 5131 3131 5202 (Dialoy.
3182 5134 3345 5202 inter,
3376 5130 3643 5186 Judaeum
3694 5136 3751 5186 et

2149 5201 2647 5271 Christianum),S.
2673 5201 2997 5256 Βθτηδτᾱυιη
3020 5201 3221 5272 (Serm.
3242 5205 3291 5264 1,
3315 5201 3379 5258 de
3402 5203 3749 5271 Resurrect).

2146 5273 2349 5328 Eadem
2373 5275 2534 5328 etiam
2567 5272 2719 5329 lectio
2779 5273 3042 5344 reperitur
3071 5273 3125 5327 in
3178 5272 3344 5344 veteri
3400 5273 3587 5344 Italica
3626 5289 3749 5330 ver-

2144 5346 2314 5408 sione,
2346 5359 2377 5397 a
2422 5344 2577 5399 beato
2624 5342 2862 5416 Josepho
2891 5343 3494 5416 Tommasigeardinale,
3547 5342 3681 5400 dein
3719 5362 3746 5398 a

2146 5415 2211 5497 Ξ).
2234 5416 2400 5497 Retro
2416 5415 2714 5497 sabbatier,
2734 5414 2995 5497 monacho
3013 5414 3360 5497 Benedictino
3380 5425 3739 5497 econgregat.

2146 5487 2200 5568 ξ.
2234 5487 2423 5568 biauri,
2456 5487 2529 5568 in“
2565 5487 2738 5568 lucem
2768 5487 2943 5568 edita;
2968 5494 3137 5568 atque
3174 5487 3741 5568 in_perantiquissimis

2145 5559 2440 5632 Psalteri_is_
2494 5558 2550 5632 S.
2624 5558 2881 5632 Germani
2966 5557 3283 5632 Parbsiensis
3357 5557 3627 5632 episcopi,
3687 5564 3739 5612 et

2144 5630 2381 5687 caanohii
2409 5629 2463 5686 S.
2496 5630 2635 5686 Petri
2668 5629 3029 5687 Carnotensis.
3060 5629 3201 5686 Enn.
