4016 6188
336 373 434 435 669

1639 370 1828 431 LIBER
1867 371 2020 432 ιον.
2053 372 2336 436 ΙυΠλΕΟΞ.

3524 376 3630 436 670

331 501 562 558 missum
618 504 721 555 est.
775 497 866 554 Sic
921 497 1066 553 enim
1096 497 1347 554 Christus
1406 495 1696 566 revelavit,
1731 514 1929 570 panem
1959 515 2006 595 Α
2037 503 2456 570 tenebresceret,
2507 500 2678 557 Amos
2719 503 2983 573 prepheta
3029 473 3563 574 adnuntiat,.dicens
3608 522 3620 562 :

333 605 531 660 corpus
577 603 741 645 suum
777 585 1060 657 appellans
1091 587 1204 657 (48)
1226 629 1240 653 ,
1275 587 1428 656 cujus
1464 594 1609 644 retro
1639 603 1840 657 corpus
1868 590 1924 644 in

332 694 524 751 panem
558 677 852 751 prOphetes
884 674 1136 747 ﬁguravit
1171 677 1221 714 ⁵⁵
1249 675 1388 748 (85).
1424 675 1480 731 Si
1508 677 1685 732 adhuc
1713 694 1926 751 quaeres

332 767 634 825 Dominicae
670 763 866 821 crucis
896 764 1332 834 praedicationem
1353 806 1369 832 ,
1401 766 1534 822 satis
1569 767 1687 835 jam
1734 767 1929 836 poterit

329 857 426 913 tibi
453 855 638 912 facere
669 853 962 911 vicesimus
995 855 1202 924 primus
1229 853 1494 924 Psalmus,
1525 861 1694 910 totam
1725 855 1928 912 Christi

327 946 619 1004 continens
675 944 1021 1014 passionem,
1074 942 1312 998 canentis
1356 945 1470 1012 jam
1518 951 1649 1001 tunc
1697 945 1927 1016 gloriam

324 1052 481 1092 suam
524 1037 540 1092 ε’
591 1033 918 1101 Foderunt,
969 1031 1183 1104 inquit,
1228 1050 1440 1090 manus
1478 1050 1631 1092 meas
1679 1039 1734 1092 et
1760 1036 1927 1108 pedes

326 1127 507 1196 (Psal.
546 1139 672 1191 xxx,
709 1123 818 1192 17).
867 1120 999 1191 Quae
1052 1119 1274 1192 propria
1303 1130 1388 1177 est
1417 1124 1679 1179 atrocitas
1725 1125 1924 1181 crucis.

324 1217 394 1272 Et
424 1231 636 1280 rursus,
687 1229 811 1268 cum
851 1210 1108 1277 auxilium
1153 1211 1328 1267 Patris
1366 1212 1688 1284 imploraret
1733 1231 1746 1268 :
1802 1216 1929 1272 Sal-

323 1323 464 1363 vum
485 1321 577 1361 me
606 1306 718 1374 fac,
750 1300 945 1372 inquit,
977 1316 1049 1356 ex
1067 1317 1161 1358 ore
1199 1301 1396 1368 leonis,
1429 1302 1612 1372 utique
1638 1303 1849 1371 mortis,
1872 1308 1929 1361 et

325 1395 394 1453 de
414 1393 679 1451 cornibus
691 1392 1142 1447 unicornuorum
1159 1390 1544 1447 humilitatem
1555 1407 1739 1446 meam
1752 1393 1925 1461 (Psal.

328 1501 456 1551 nt,
488 1484 622 1554 22);
666 1481 734 1537 de
777 1479 1026 1552 apicibus
1071 1479 1280 1536 scilicet
1309 1479 1488 1536 crucis
1518 1480 1653 1552 (86),
1685 1488 1742 1535 ut
1764 1497 1930 1551 supra

329 1573 676 1630 ostendimus
718 1589 731 1624 :
765 1585 933 1641 quam
980 1585 1199 1625 crucem
1247 1585 1348 1626 nec
1385 1569 1503 1641 ipsa
1527 1569 1705 1626 David
1739 1586 1926 1641 passus

331 1670 436 1728 est,
466 1676 566 1716 nec
594 1659 740 1714 ullus
770 1673 964 1729 regum
991 1657 1307 1714 Iudaeorum
1338 1700 1351 1724 ,
1383 1674 1451 1713 ne
1480 1657 1677 1728 putetis
1705 1657 1929 1714 alterius

331 1749 568 1818 alicujus
598 1746 910 1818 prephetari
959 1746 1288 1818 passionem,
1322 1763 1484 1817 quam
1513 1748 1633 1816 ejus
1663 1747 1758 1818 qui
1787 1747 1930 1804 solus

336 1853 372 1892 a
397 1839 599 1908 populo
643 1845 748 1892 tam
794 1835 1077 1909 insigniter
1125 1834 1416 1892 cruciﬁxus
1464 1843 1562 1892 est.
1597 1836 1752 1891 Nunc
1776 1877 1790 1906 ,
1825 1835 1925 1891 etsi
1963 1800 2006 1877 Β

343 1941 532 1981 omnes
582 1924 1042 1995 interpretationes
1086 1923 1218 1979 istas
1265 1924 1530 1994 respuerit
1579 1934 1632 1980 et
1690 1924 1928 1980 inriserit

340 2013 542 2069 duritia
561 2013 731 2070 cordis
757 2012 1295 2082 vestri,probavimus
1317 2013 1568 2069 sufﬁcere
1590 2028 1751 2083 posse
1779 2029 1926 2068 mor-

334 2112 446 2158 tem
479 2101 674 2157 Cbristi
705 2103 1070 2174 prephetatam
1098 2144 1111 2170 ,
1144 2110 1202 2157 ut
1231 2118 1294 2157 ex
1326 2104 1432 2158 hoc
1469 2102 1616 2173 quod
1647 2118 1757 2158 non
1786 2112 1927 2157 esset

327 2191 472 2247 edita
533 2190 760 2264 qualitas
815 2191 1007 2247 mortis
1061 2191 1128 2256 ⁵6,
1180 2190 1518 2264 intelligatur
1555 2207 1651 2261 per
1704 2206 1924 2246 crucem

320 2279 589 2346 evenisse,
650 2296 750 2336 nec
806 2280 895 2334 alii
953 2280 1322 2352 deputandum
1388 2278 1558 2334 fuisse
1621 2279 1922 2348 passionem

318 2369 521 2435 crucis,
562 2383 729 2442 quam
775 2369 931 2438 cujus
960 2383 1110 2424 mors
1153 2369 1570 2440 prmdicabatur.
1605 2369 1736 2424 Nam
1772 2385 1919 2424 mor-

317 2467 426 2513 tem
458 2460 582 2528 ejus
606 2466 660 2513 et
688 2457 991 2528 passionem
1020 2467 1072 2513 et
1100 2457 1440 2528 sepulturam
1470 2473 1577 2511 una
1605 2472 1742 2514 voce
1770 2458 1923 2514 Isaiae

315 2548 444 2603 volo
476 2547 768 2603 ostendere
809 2564 823 2601 :
867 2548 908 2602 Α
940 2546 1312 2617 facinoribus,
1345 2545 1549 2616 inquit,
1578 2547 1774 2618 populi
1809 2548 1924 2602 mei

306 2638 634 2709 perductus
649 2641 733 2692 est
750 2637 824 2691 ad
836 2639 1166 2702 mortem,et
1182 2633 1318 2691 dabo
1337 2637 1619 2706 malospro
1629 2635 1924 2707 sepultura

310 2727 534 2798 ejus,et
555 2723 758 2780 divites
778 2740 878 2796 pro
898 2728 1082 2779 morte
1098 2725 1257 2794 ejus;
1280 2724 1416 2794 quia
1437 2724 1618 2780 scelus
1630 2740 1746 2779 non
1758 2726 1920 2795 fecit,

310 2813 594 2871 necdolus
612 2815 677 2868 in
697 2829 791 2871 ore
819 2814 942 2884 ejus
983 2814 1255 2869 inventus
1301 2816 1401 2880 est,
1452 2816 1508 2868 et
1555 2815 1701 2869 Deus
1741 2813 1922 2870 voluit

310 2904 578 2960 eximere
611 2904 726 2972 (8'7)
755 2919 791 2958 a
811 2905 993 2959 morte
1037 2903 1293 2958 animam
1312 2903 1432 2972 ejus
1462 2901 1595 2970 (Isa.
1626 2916 1744 2966 Llll,
1779 2906 1831 2965 8,
1866 2904 1918 2966 9,

315 2992 430 3055 t0),
465 2998 575 3045 etc.
602 2989 747 3045 Dicit
763 2990 926 3045 etiam
953 2989 1130 3045 adhuc
1160 3007 1175 3045 :
1211 2991 1522 3062 Sepultum
1542 2992 1663 3052 eius
1698 2990 1924 3046 sublata

2038 595 2108 648 Et
2138 594 2270 658 erit,
2300 590 2488 661 inquit,
2521 591 2583 646 in
2621 591 2709 647 die
2738 591 2862 653 illa,
2894 592 3033 648 dicit
3074 595 3364 662 Dominus,
3407 593 3624 652 occidet

2035 682 2117 738 sol
2144 680 2333 736 media
2360 679 2449 735 die
2478 680 2607 748 (88),
2643 683 2698 735 et
2718 680 3058 737 tenebrescet
3077 697 3250 753 super
3273 686 3488 740 terram
3510 685 3626 742 dies

2040 770 2299 834 luminis,
2319 771 2375 826 et
2395 772 2719 826 convertam
2739 769 2858 826 dies
2876 770 3046 839 festos
3066 774 3275 827 vestros
3297 772 3359 828 in
3380 773 3627 844 luctum,

2036 863 2092 916 et
2113 859 2308 914 omnia
2327 859 2556 915 cantica
2573 861 2763 916 vestra
2782 859 2847 914 in
2871 858 3354 927 lamentationem,
3372 866 3429 917 et
3451 864 3628 936 impo-

2037 965 2174 1003 nam
2203 965 2370 1020 super
2413 948 2626 1006 lumbos
2656 953 2867 1005 vestros
2894 964 3140 1018 saccum,
3173 954 3228 1004 et
3255 966 3428 1020 super
3465 967 3628 1008 omne

2038 1041 2212 1108 caput
2239 1038 2559 1101 calvitium,
2593 1042 2646 1093 et
2683 1052 2893 1107 ponam
2922 1052 3051 1094 eum
3079 1039 3242 1108 quasi
3291 1039 3507 1096 luctum
3536 1039 3629 1097 di-

2039 1125 2173 1182 lecti
2202 1125 2271 1194 δο,
2303 1131 2357 1181 et
2395 1142 2484 1183 eos
2514 1126 2612 1198 qui
2648 1142 2782 1182 cum
2833 1127 2935 1185 illo
2977 1129 3142 1198 quasi
3185 1126 3334 1182 diem
3371 1131 3628 1185 maeroris

2037 1215 2245 1284 (Amos,
2274 1230 2390 1280 νιιι,
2426 1218 2478 1282 9,
2514 1215 2624 1283 10).
2658 1214 2772 1270 Ηοο
2808 1214 2952 1269 enim
2993 1222 3046 1271 et
3085 1215 3298 1286 Moyses
3333 1215 3486 1272 initio
3526 1217 3632 1289 pri-

2036 1301 2110 1356 mi
2139 1303 2338 1360 mensis
2384 1317 2646 1360 novorum
2696 1303 2930 1359 facturos
2978 1319 3072 1360 vos
3114 1305 3470 1376 prephetavit,
3505 1321 3628 1362 cum

2034 1405 2196 1446 omne
2242 1390 2440 1463 vulgus
2489 1389 2722 1446 ﬁliorum
2768 1392 2934 1447 Israel
2982 1392 3048 1446 ad
3093 1408 3373 1462 vesperam
3429 1411 3629 1468 agnum

2035 1487 2182 1535 esset
2229 1479 2606 1536 immolaturus
2653 1480 2698 1518 δι
2735 1498 2748 1535 :
2797 1487 2850 1535 et
2896 1480 3037 1537 hanc
3082 1483 3482 1539 solemnitatem
3523 1485 3627 1540 diei

2034 1568 2214 1639 hujus,
2246 1569 2298 1622 id
2343 1577 2423 1624 est
2465 1558 2685 1626 Pascha:
2730 1584 3065 1640 azymorum,
3099 1585 3222 1624 cum
3270 1567 3628 1624 amaritudine

2039 1657 2460 1713 manducaturos
2505 1659 2874 1728 praecancbat;
2913 1664 2967 1713 et
3011 1656 3228 1726 adjecit,
3261 1655 3475 1714 Pascha
3505 1671 3627 1711 esse

2037 1745 2266 1801 Domini
2289 1745 2491 1815 (Exod.
2525 1744 2648 1815 xu),
2683 1745 2737 1798 id
2767 1754 2849 1800 est
2879 1745 3183 1815 passionem
3212 1744 3428 1798 Christi.
3471 1744 3628 1812 Quod

2035 1834 2109 1889 ita
2161 1850 2377 1908 quoque
2423 1834 2777 1904 adimpletum
2824 1841 2924 1899 est,
2957 1841 3016 1887 ut
3062 1833 3234 1902 prima
3285 1833 3369 1888 die
3415 1847 3629 1904 azymo-

2036 1940 2150 1979 rum
2201 1923 2571 1979 iuterﬁceretis
2635 1923 2907 1977 Christum
2950 1921 3166 1992 (Matth.
3215 1924 3403 1991 xxvr),
3467 1932 3518 1976 et
3574 1930 3632 1976 ut

2035 2013 2335 2084 prophetiae
2364 2012 2803 2084 adimplercntur,
2846 2010 3151 2083 properavit
3195 2010 3244 2048 62
3283 2009 3398 2064 dies
3438 2025 3630 2080 vespe-

2033 2117 2148 2156 ram
2205 2100 2400 2164 facere,
2447 2100 2502 2155 id
2551 2107 2635 2156 est
2684 2101 2934 2156 tenebras
2991 2099 3228 2164 efﬁcere,
3279 2115 3399 2170 quae
3456 2100 3634 2154 media

2032 2189 2121 2243 die
2169 2188 2325 2246 factae
2374 2198 2540 2245 sunt:
2573 2199 2732 2261 atque
2778 2188 2850 2243 ita
2889 2187 3007 2242 dies
3055 2187 3220 2242 festos
3259 2194 3466 2243 vestros
3495 2201 3631 2242 con-

2034 2279 2190 2336 vertit
2236 2281 2382 2335 Deus
2412 2278 2466 2332 in
2511 2277 2735 2344 luctum,
2769 2285 2824 2333 et
2867 2277 3076 2334 cantica
3120 2283 3301 2333 vestra
3329 2277 3383 2330 in
3427 2275 3631 2332 lamen-

2035 2369 2311 2424 tationem.
2339 2369 2464 2424 Post
2487 2366 2791 2439 passionem
2838 2369 2983 2423 enim
3026 2365 3222 2423 Christi
3274 2366 3435 2424 etiam
3465 2367 3632 2437 capti-

2033 2458 2172 2513 vitas
2228 2457 2383 2515 vobis
2437 2464 2490 2512 et
2552 2456 2822 2529 dispersio
2880 2455 3138 2528 obvenit,
3195 2455 3484 2528 praedicata
3539 2473 3633 2527 per

2033 2546 2289 2617 Spiritum
2319 2554 2583 2603 sanctum.

2636 2685 2863 2742 CAPUT
2931 2687 3028 2742 XI.

2102 2813 2237 2868 Nam
2264 2819 2318 2867 et
2346 2828 2443 2883 pro
2486 2811 2604 2868 istis
2650 2811 2854 2867 meritis
2895 2811 3107 2878 vestris,
3143 2811 3350 2866 cladem
3398 2819 3631 2866 vestram

2033 2900 2270 2956 futuram
2301 2901 2549 2957 Ezechiel
2595 2901 2803 2956 nuntiat
2838 2917 2852 2955 :
2883 2907 2939 2956 et
2968 2915 3078 2956 non
3105 2899 3280 2956 solum
3310 2899 3360 2954 in
3392 2899 3494 2956 isto
3524 2916 3628 2955 sm-

2035 2990 2172 3057 culo,
2204 3005 2325 3060 quae
2369 2990 2478 3060 jam
2509 2989 2706 3058 evenit,
2749 2989 2844 3044 sed
2875 2989 2930 3044 in
2960 2988 3045 3045 die
3086 2988 3474 3055 retributionis,
3506 3005 3626 3059 qum

305 3086 392 3137 est
434 3096 466 3136 e
518 3078 701 3136 medio
757 3078 959 3149 (ibid.).
1018 3080 1131 3136 Nec
1187 3078 1427 3150 sepultus
1482 3079 1628 3134 enim
1684 3087 1768 3134 est
1821 3078 1925 3133 nisi
1955 3084 1999 3163 ο
2031 3079 2416 3150 subsequatur.
2444 3077 2563 3147 Qua
2609 3077 2759 3134 clade
2806 3093 2962 3134 nemo
3011 3077 3353 3145 liberabitur,
3382 3078 3487 3133 nisi
3535 3078 3627 3149 qui

305 3176 594 3236 mortuus,
629 3183 731 3223 nec
775 3168 1054 3240 sepultura
1080 3169 1199 3237 ejus
1228 3166 1436 3224 sublata
1461 3175 1543 3224 est
1569 3183 1600 3223 e
1627 3167 1812 3224 medio
1851 3168 1920 3234 57,

303 3253 629 3314 mulsi
657 3273 754 3328 per
783 3256 1238 3313 resurrectionem
1268 3259 1388 3328 ejus
1418 3257 1487 3312 ⁵⁸.
1523 3257 1766 3328 Denique
1794 3257 1928 3314 sub-

301 3344 831 3418 jungit:Propterea
868 3345 983 3416 ipse
1016 3345 1225 3402 multos
1246 3346 1309 3400 in
1339 3345 1737 3402 hwreditatem
1759 3345 1928 3402 habe-

313 3436 424 3499 bit,
469 3439 527 3490 et
558 3435 872 3489 multorum
892 3433 1104 3490 dividet
1125 3435 1309 3505 spolia
1341 3435 1474 3505 (Isa.
1508 3449 1626 3504 Lm,
1650 3437 1762 3502 12).
1795 3433 1929 3500 Quis

317 3523 475 3581 enim
506 3522 667 3585 alius,
709 3520 813 3576 nisi
851 3522 942 3592 qui
995 3530 1151 3577 natus
1200 3531 1302 3588 est,
1360 3534 1419 3578 ut
1466 3540 1630 3592 supra
1684 3524 1930 3580 ostendi-

318 3628 474 3678 mus,
528 3625 628 3682 pro
681 3624 747 3665 eo
799 3611 946 3681 quod
999 3610 1198 3666 tradita
1253 3620 1336 3667 est
1389 3612 1444 3667 in
1491 3620 1722 3668 mortem
1750 3613 1933 3668 anima

327 3700 505 3771 ejus?
536 3697 774 3754 Ostensa
802 3698 948 3754 enim
995 3715 1156 3755 causa
1185 3700 1375 3772 gratiae
1405 3701 1546 3770 ejus,
1599 3717 1696 3771 pro
1734 3701 1935 3772 injuria

327 3789 545 3847 scilicet
605 3787 795 3843 mortis
831 3790 1206 3858 repensandaa,
1264 3790 1463 3860 pariter
1518 3799 1799 3846 ostensum
1854 3799 1938 3850 est

332 3881 458 3934 haec
507 3876 668 3931 illum
727 3885 946 3948 propter
1000 3885 1232 3932 mortem
1286 3886 1754 3947 consecuturum;
1813 3888 1940 3952 post

332 3973 571 4022 mortem
630 3965 812 4036 utique
887 3966 936 4003 59
984 3966 1437 4022 resurrectionem
1495 3976 1933 4024 consecuturum.

335 4054 476 4108 Nam
507 4051 658 4125 quod
707 4053 760 4107 in
807 4053 1059 4123 passione
1098 4055 1217 4124 ejus
1265 4054 1489 4122 accidit,
1524 4064 1580 4110 ut
1614 4057 1792 4111 media
1821 4057 1938 4118 dies

2035 3167 2288 3241 passione
2315 3166 2534 3232 Christi,
2567 3181 2728 3238 quem
2768 3166 3046 3238 respuitis,
3088 3167 3246 3222 fuerit
3294 3166 3628 3241 obsignatas.

2035 3257 2124 3312 Sic
2153 3255 2299 3312 enim
2326 3255 2586 3326 scriptum
2617 3263 2700 3310 est
2741 3272 2755 3310 :
2796 3256 2874 3312 Et
2901 3257 3048 3312 dixit
3076 3257 3348 3312 Dominus
3375 3256 3448 3311 ad
3491 3273 3580 3313 me
3609 3275 3626 3310 :

2037 3345 2151 3404 Fili
2163 3346 2628 3413 hominis,vidisti
2642 3362 2765 3418 qua:
2774 3347 3022 3403 seniores
3040 3346 3214 3404 Israel
3225 3349 3453 3418 faciunt
3464 3362 3638 3402 unus-

2037 3437 2265 3509 quisque
2283 3431 2448 3491 63]
2470 3450 2662 3492 eorum
2683 3436 2747 3490 in
2771 3434 3034 3501 tenebris,
3054 3435 3443 3506 unusquisque
3462 3436 3526 3490 in
3545 3449 3639 3489 cu-

2040 3525 2226 3582 biculo
2256 3525 2554 3593 absconso;
2573 3524 2846 3596 quoniam
2866 3522 3141 3580 dixerunt
3171 3542 3188 3578 :
3220 3524 3338 3579 Non
3357 3524 3508 3580 videt
3538 3539 3637 3579 nos

2041 3615 2199 3671 Domi
2204 3614 2640 3686 nus,dereliquit
2653 3614 2922 3669 Dominus
2937 3617 3172 3669 terram.
3189 3614 3257 3668 Et
3267 3612 3420 3668 dixit
3436 3611 3508 3667 ad
3520 3629 3637 3668 me:

2043 3703 2232 3760 Adhuc
2251 3719 2548 3760 conversus
2567 3702 2772 3759 videbis
2784 3703 3048 3774 facinora
3068 3704 3287 3772 majora
3301 3717 3428 3774 qua:
3439 3703 3540 3758 isti
3557 3703 3643 3772 fa-

2043 3797 2203 3849 cunt.
2213 3795 2280 3848 Et
2291 3792 2621 3849 introduxit
2636 3807 2727 3848 me
2740 3791 2811 3846 ad
2829 3791 3032 3846 limina
3045 3792 3248 3861 januae
3259 3789 3450 3846 domus
3467 3790 3646 3847 Domi-

2044 3882 2108 3936 ni
2127 3896 2255 3952 qua:
2265 3881 2469 3952 aspicit
2485 3879 2558 3935 ad
2572 3881 2913 3952 aquilonem,
2932 3881 2989 3936 et
3000 3894 3122 3935 ecce
3133 3878 3256 3933 illic
3272 3878 3538 3934 mulieres
3549 3893 3608 3933 se
3621 3906 3639 3917 ο

2047 3971 2242 4026 dentes
2264 3972 2320 4025 et
2333 3970 2670 4041 plangentes
2708 3968 3012 4024 Thammuz
3041 3968 3177 4038 (89);
3202 3971 3256 4024 et
3286 3967 3437 4022 dixit
3464 3967 3644 4023 Domi-

2048 4075 2156 4114 nus
2169 4057 2240 4112 ad
2259 4075 2349 4114 me
2372 4077 2388 4112 :
2407 4058 2525 4114 Fili
2547 4056 2814 4123 hominis,
2843 4055 3082 4114 vidisti?
3113 4057 3394 4129 Numquid
3419 4056 3643 4114 modica

1728 4172 1918 4235 Variae
1973 4177 2280 4235 lectiones.

418 4277 467 4313 ⁵⁵
493 4275 768 4349 Nuntiavit
799 4277 980 4349 Obert.
1003 4279 1173 4334 Seml.
1206 4278 1255 4316 ⁵6
1293 4278 1468 4343 Edita,
1498 4278 1674 4349 qualis
1728 4295 1872 4334 mors
1898 4280 2075 4336 Rhen.
2112 4280 2290 4334 Obert.
2349 4279 2394 4316 ὅτ
2429 4278 2470 4332 Ε
2547 4278 2750 4333 medio.
2799 4277 3088 4346 Quomodo
3128 4277 3254 4339 nisi,
3304 4286 3404 4334 etc.
3458 4280 3638 4337 Obert.

348 4347 518 4403 Seml.
541 4348 586 4384 ⁵⁸
611 4349 759 4420 Ejus,
781 4348 953 4420 abest
982 4365 1016 4404 a
1049 4349 1204 4406 Pam.
1239 4349 1412 4406 Rhen.
1451 4347 1636 4406 Obert.
1667 4351 1716 4397 ⁵9
1746 4350 1850 4406 Per
1877 4351 2036 4407 addit
2071 4351 2248 4407 Obert.
2281 4349 2517 4420 Seml.,60
2549 4349 2744 4405 Delicti
2766 4349 2946 4406 Obert.
2981 4349 3148 4407 Seml.
3173 4349 3218 4386 δι
3243 4350 3640 4406 Immolaturum

342 4419 504 4475 Pam.
530 4421 708 4476 Rhen.
732 4419 914 4476 Obert.
939 4420 989 4457 62
1019 4420 1366 4491 PrOphetabit
1394 4421 1566 4477 Seml.

1752 4492 2250 4556 Commentarius.

407 4599 772 4693 (85)JPaneLm
791 4614 990 4693 gqrp'us
1009 4615 1182 4693 suum
1208 4601 1534 4693 appellans;
1549 4599 1776 4693 videtur
1803 4600 1936 4693 al‘lu-
1972 4615 2018 4693 υ
2052 4601 2277 4693 habetur
2325 4597 2513 4693 Ggaec'e
2560 4605 2622 4678 et.
2662 4597 2857 4693 Latine.
2893 4596 3055 4693 apud;
3083 4596 3440 4693 Septuaginta
3477 4598 3642 4654 inter-

333 4670 467 4725 dere
497 4671 566 4724 ad
597 4671 759 4725 verba
788 4670 878 4724 illa
913 4670 1388 4742 Evangelisterum
1417 4679 1469 4725 et
1497 4671 1555 4724 Β.
1590 4670 1740 4725 Pauli
1775 4688 1788 4725 :
1827 4673 1936 4725 Ac-

333 4744 489 4815 cepit
514 4743 676 4798 Jesus
689 4757 917 4813 panem,
952 4749 1058 4796 etc.
1093 4746 1148 4796 et
1164 4743 1545 4815 ait:Accipite,
1576 4746 1630 4800 ct
1648 4743 1938 4807 co-meditc,

337 4811 439 4866 hoc
491 4811 836 4886 esteo—rpus
883 4828 1095 4886 meum.
1155 4811 1334 4878 Quare
1392 4811 1568 4886 magis
1624 4828 1752 4869 vera
1795 4821 1942 4868 esset

331 4884 664 4956 marginalia
717 4883 990 4938 adnotatio
1047 4883 1197 4938 ista:
1239 4902 1263 4935 ι
1306 4883 1512 4941 Panem
1550 4901 1708 4940 suum
1739 4899 1941 4956 corpus

333 4954 602 5034 appellat,
640 4975 662 5004 ι
696 4969 866 5025 quam
881 4968 1016 5034 qua:
1047 4956 1234 5010 nescio
1265 4972 1296 5011 a
1324 4973 1429 5025 quo
1467 4957 1703 5027 irrepsit,
1753 4976 1775 5006 «
1811 4954 1941 5011 cor-

331 5040 445 5096 pus
473 5027 527 5077 in
561 5040 780 5095 panem.
818 5045 842 5074 ι
879 5027 1022 5080 ΡΑιι.

409 5095 528 5170 (85)
553 5097 738 5170 Cujus
767 5103 916 5154 retro
945 5112 1144 5168 corpus
1173 5098 1238 5170 in
1253 5115 1463 5170 panem
1479 5098 1776 5170 prophetes
1802 5099 1943 5170 ﬁgu-

330 5169 510 5222 ravit.
548 5168 666 5222 Lib.
700 5168 766 5224 de
789 5170 1078 5232 Oratione,
1102 5189 1152 5242 _«_
1174 5168 1312 5223 Tum
1342 5168 1489 5240 quod
1510 5177 1566 5242 et
1578 5168 1794 5239 “corpus
1819 5168 1940 5242 ejus

1100 5239 1249 5294 Idem
1314 5239 1444 5296 vero
1492 5241 1741 5295 Jeremiae
1785 5239 1941 5296 locus

337 5308 618 5379 aliquanto
645 5310 808 5363 etiam
837 5310 1136 5380 explicatus
1174 5318 1432 5367 tractatur
1475 5312 1609 5368 libro
1639 5328 1699 5368 ιιι
1737 5313 1939 5369 adver-

355 5254 393 5291 n
456 5253 596 5307 pane
670 5247 942 5293 censetur.
1003 5259 1028 5290 ι)

337 5395 436 5435 sus
460 5382 798 5438 Marcionem
830 5382 956 5437 Rte.

412 5452 522 5527 (86)
549 5455 626 5509 De
666 5453 916 5527 apicibus
957 5455 1160 5510 crucis.
1189 5452 1388 5523 Apices
1413 5452 1578 5519 dicit,
1609 5471 1736 5526 quae
1777 5471 1943 5527 supra

311 5521 478 5592 ,dixit
505 5521 734 5579 Cornuti.
767 5524 894 5580 BIG.

397 5595 532 5680 _(8_'7)
553 5597 634 5680 _Et
651 5597 998 5680 Deushvoluit
1021 5613 1288 5654 eximere.
1320 5606 1424 5680 etc.
1457 5597 1602 5653 Istud
1638 5601 1939 5680 paraphra-

335 5671 520 5719 stict‘bs
552 5671 829 5724 transtutit
855 5683 922 5724 ex
941 5671 1007 5724 iis
1036 5685 1156 5740 quae
1182 5677 1517 5743 sequuntur;
1549 5684 1675 5726 nam
1704 5671 1942 5740 primum

2053 4679 2229 4741 pretcs
2264 4687 2276 4722 :
2316 4694 2332 4716 ι
2373 4669 2442 4723 Et
2469 4669 2728 4725 Dominus
2750 4668 2862 4741 vult
2891 4667 3152 4741 mundare
3170 4667 3360 4741 eum'a
3392 4668 3577 4740 plaga:
3615 4692 3635 4717 ιο

2051 4738 2104 4795 et
2136 4741 2294 4811 paulo
2346 4749 2466 4808 post
2497 4759 2510 4793 :
2548 4761 2574 4790 α
2605 4741 2673 4795 Ει
2721 4740 2836 4796 vult
2885 4738 3156 4811 Dominus,
3189 4738 3244 4791 in
3295 4738 3506 4811 manus
3523 4741 3642 4808 ejus

2049 4808 2295 4867 conferre
2339 4813 2582 4867 dolorem
2631 4811 2824 4865 animae
2876 4811 3013 4879 ejus.
3048 4831 3070 4859 ι
3107 4809 3318 4883 Plagam
3363 4808 3542 4880 itaque
3590 4818 3644 4864 et

2050 4884 2291 4939 dolorem
2320 4887 2563 4939 mortem
2592 4883 2997 4952 interpretatur.
3041 4883 3180 4937 Pan.

2124 4955 2488 5026 (88)70ccidet
2514 4955 2598 5010 sol
2627 4953 2816 5026 media
2845 4955 2954 5009 die.
3008 4955 3293 5026 Prophetas
3327 4954 3640 5026 Amoscap.

2050 5022 2461 5081 tx‘vaticinium
2503 5025 2749 5097 attingit;
2809 5026 2972 5097 hujus
3013 5022 3188 5097 autem
3247 5022 3646 5097 obscurationis

2050 5098 2380 5152 mentionem
2411 5095 2538 5152 fecit
2568 5095 2686 5167 cap.
2722 5100 2784 5151 2t
2837 5096 3091 5168 Apolog.,
3119 5096 3346 5168 loquens
3373 5096 3441 5151 de
3471 5106 3643 5151 morte

2051 5168 2244 5224 Christi
2287 5168 2503 5223 Domini
2538 5185 2549 5221 :
2589 5188 2614 5218 ι
2648 5169 2854 5224 Eodem
2884 5167 3182 5223 momento
3221 5167 3359 5236 dies,
3402 5168 3642 5223 medium

2049 5239 2196 5294 orbis
2239 5239 2488 5322 signante
2539 5239 2686 5320 sole,
2724 5241 2988 5322 subducta
3031 5249 3131 5294 est.
3181 5238 3645 5322 Deliquium_uti-

2048 5327 2170 5382 que,
2207 5333 2228 5360 ι
2266 5309 2370 5367 etc.
2417 5310 2538 5380 Quo
2567 5311 2874 5368 testimonio
2903 5311 2986 5367 usi
3035 5326 3222 5364 sumus
3266 5309 3554 5382 aliquando
3587 5320 3641 5363 ut

2049 5379 2150 5436 sub
2179 5383 2402 5439 Eusebii
2445 5379 2679 5438 Romani
2724 5383 2959 5447 nomine,
2991 5381 3046 5435 in
3091 5379 3646 5437 animadversionibus

2050 5456 2268 5526 nostris,
2302 5456 2587 5526 probarem
2635 5453 3004 5526 Prteadamitis
3034 5452 3320 5526 totoiorlle
3351 5450 3644 5520 contigisse

2047 5523 2344 5593 deliquium
2373 5543 2472 5582 seu
2505 5526 2634 5581 solis
2663 5525 3118 5580 obseruationem.
3153 5525 3229 5577 Le
3258 5523 3356 5576 Pa.

2122 5599 2237 5662 ('89)
2268 5599 2336 5668 Et
2363 5599 2715 5668 plangentes
2752 5596 3073 5668 Thammuz.
3111 5595 3185 5648 Ita
3221 5598 3275 5647 et
3311 5593 3500 5668 Graece
3541 5601 3642 5658 est,

2050 5682 2150 5739 pro
2181 5683 2287 5740 quo
2317 5663 2540 5723 Latinus
2585 5666 2638 5720 in
2671 5666 2838 5721 Hebr.
2880 5665 3196 5733 interpretes
3244 5663 3494 5735 vulgatus
3523 5679 3643 5719 ver.
