3972 6190
351 359 451 424 671

350 491 546 548 domui
561 490 803 559 Juda,ut
812 494 1037 566 faciant
1048 496 1311 567 facinora
1325 514 1450 570 quae
1465 498 1766 569 fecerunt?
1777 503 1834 556 et
1853 499 1947 556 ad-

352 581 462 637 huc
481 584 705 640 visurus
725 601 781 640 es
801 585 1143 655 adfectiones
1169 588 1414 656 majores
1432 603 1651 646 eorum.
1676 593 1747 646 Et
1767 593 1946 649 intro-

350 673 522 730 duxit
535 690 626 729 me
644 676 705 730 in
723 674 897 733 aedem
912 675 1110 732 domus
1129 678 1358 736 Domini
1368 681 1724 745 interiorem,
1741 698 1860 740 ecce
1881 681 1944 736 in

355 762 647 819 liminibus
676 765 875 836 templi
893 766 1138 829 Domini,
1163 767 1319 823 inter
1337 768 1592 825 medium
1612 771 1762 825 clam
1782 773 1839 825 et
1855 771 1944 824 in-

355 852 440 905 ter
456 852 704 907 medium
723 852 840 906 alta
850 854 947 919 ris,
971 855 1134 924 quasi
1154 855 1358 926 viginti
1379 859 1628 929 quinque
1647 858 1697 896 53
1718 859 1831 913 viri
1845 874 1944 929 po-

351 942 590 998 steriora
607 957 710 997 sua
729 940 1004 997 dederunt
1019 943 1091 997 ad
1113 944 1389 1016 templum
1410 947 1656 1011 Domini,
1687 951 1742 1003 et
1769 949 1945 1017 facies

352 1045 480 1084 suas
509 1032 709 1084 contra
743 1029 1048 1098 Orientem,
1068 1031 1127 1087 hi
1145 1034 1458 1090 adorabunt
1480 1037 1686 1103 solem;
1718 1040 1775 1093 et
1794 1035 1948 1091 dixit

353 1118 425 1171 ad
443 1135 533 1174 me
551 1138 569 1173 :
600 1120 772 1184 Vides,
796 1120 883 1189 ﬁli
904 1122 1147 1178 hominis
1162 1125 1190 1176 ε)
1213 1124 1505 1196 Numquid
1521 1126 1735 1198 pusilla
1755 1125 1948 1180 domui

355 1208 520 1273 Juda,
541 1213 610 1263 ut
627 1210 852 1279 faciant
866 1212 1127 1280 facinora
1148 1229 1274 1284 quae
1292 1217 1554 1286 fecerunt
1575 1216 1663 1270 hic
1691 1215 1739 1251 64
1753 1213 1782 1267 Ῡ
1811 1215 1948 1282 Quo-

353 1298 515 1353 niam
545 1301 918 1370 impleverunt
936 1301 1260 1372 impietates
1281 1320 1432 1367 suas,
1448 1309 1504 1360 et
1525 1320 1645 1360 ecce
1660 1305 1770 1376 ipsi
1789 1305 1950 1375 quasi

355 1387 769 1445 subsannantes
799 1407 817 1443 :
847 1403 941 1459 ego
970 1391 1182 1460 faciam
1221 1407 1350 1446 cum
1378 1393 1768 1464 indignatione
1797 1408 1945 1460 mea,

355 1495 471 1533 non
490 1480 685 1549 parcet
705 1479 905 1534 oculus
925 1495 1097 1544 meus,
1113 1496 1292 1551 neque
1311 1481 1627 1538 miserebor.
1651 1483 1951 1539 Exclama-

356 1564 500 1620 bunt
525 1565 597 1620 ad
616 1581 784 1621 aures
815 1581 969 1621 meas
998 1582 1123 1624 voce
1151 1585 1379 1640 magna,
1414 1573 1471 1626 et
1497 1587 1612 1627 non
1642 1570 1950 1626 exaudiam

357 1670 464 1718 eos,
486 1655 582 1710 sed
597 1671 772 1726 neque
792 1655 1095 1711 miserebor
1111 1657 1337 1725 (Ezech.
1360 1675 1479 1715 vm.
1509 1660 1717 1724 12-18).
1742 1662 1809 1714 Et
1829 1659 1951 1714 cla-

357 1745 537 1802 mavit
557 1747 620 1800 in
635 1761 800 1801 aures
821 1745 930 1815 (90)
948 1762 1103 1801 meas
1123 1763 1249 1804 voce
1268 1764 1476 1818 magna
1495 1749 1686 1804 dicens
1709 1768 1726 1803 :
1751 1749 1955 1820 Appro-

359 1834 602 1890 ximavit
623 1833 877 1888 vindicta
889 1834 1140 1889 civitatis
1160 1835 1351 1906 hujus,
1371 1841 1427 1892 et
1445 1837 1828 1908 unusquisque
1847 1837 1956 1892 ha-
1990 1799 2032 1876 Β

361 1923 482 1978 buit
512 1939 644 1980 vasa
674 1923 1008 1978 exterminii
1034 1925 1098 1978 in
1126 1941 1305 1980 manu
1327 1943 1447 1982 sua.
1473 1928 1538 1981 Et
1570 1941 1692 1981 ecce
1721 1942 1821 1983 sex
1847 1926 1960 1981 viri

363 2011 662 2069 veniebant
691 2009 762 2064 ad
790 2011 941 2065 viam
965 2016 1148 2081 portae
1185 2013 1344 2082 alite,
1378 2032 1503 2086 qua:
1531 2017 1860 2087 respiciebat
1889 2013 1960 2069 ad

365 2100 710 2172 aquilonem,
753 2103 806 2155 et
839 2099 1284 2173 uniuscujusque
1311 2102 1567 2174 bipennis
1597 2103 1959 2176 dispersionis

365 2191 565 2245 eratin
586 2207 765 2246 manu
786 2193 931 2262 ejus.
954 2194 1020 2247 Et
1036 2208 1187 2248 unus
1198 2194 1288 2249 vir
1304 2194 1367 2247 in
1387 2193 1570 2249 medio
1591 2210 1784 2250 eorum
1797 2193 1964 2248 indu-

369 2285 458 2335 tus
472 2281 695 2351 podere,
712 2286 766 2338 et
779 2298 920 2339 zona
940 2281 1161 2355 saphiri
1177 2284 1240 2337 in
1256 2282 1458 2338 lumbis
1478 2285 1619 2344 eius.
1638 2284 1707 2337 Et
1725 2282 1961 2338 introie-

368 2373 588 2436 runt,et
607 2374 892 2427 steterunt
904 2371 965 2426 in
976 2371 1253 2444 proximis
1266 2371 1472 2426 altaris
1489 2371 1644 2434 cerei,
1659 2374 1714 2424 et
1725 2373 1962 2426 claritas

367 2460 466 2514 Dei
489 2459 659 2516 Israel
677 2461 976 2517 ascendita
1001 2458 1275 2516 Cherubin
1296 2475 1418 2530 quae
1438 2461 1554 2529 fuit
1571 2459 1620 2496 6⁵
1638 2474 1810 2529 super
1829 2474 1892 2513 ea
1913 2457 1963 2496 θδ

368 2550 429 2600 in.
449 2548 912 2607 subdivaldomus
933 2551 1006 2617 (91
1021 2549 1136 2618 ).Et
1156 2550 1370 2604 vocavit
1389 2547 1673 2604 hominem
1686 2549 1780 2619 qui
1801 2547 1966 2602 indu-

360 2640 450 2691 tus
467 2642 594 2692 erat
609 2638 940 2710 podere,qui
959 2638 1155 2693 habuit
1175 2637 1569 2708 superlumbos
1592 2652 1717 2691 suos
1736 2653 1958 2701 zonam,

358 2729 413 2780 et
443 2723 598 2780 dixit
629 2728 700 2781 ad
732 2745 862 2783 eum
893 2729 1164 2782 Dominus
1198 2745 1216 2781 :
1255 2727 1452 2781 Transi
1477 2742 1581 2797 per
1606 2726 1852 2781 mediam
1883 2727 1964 2780 Je-

358 2815 612 2869 rusalem
643 2813 781 2886 (92),
807 2819 861 2871 et
882 2815 1058 2870 scribe
1077 2816 1305 2884 signum
1337 2819 1439 2869 tau
1468 2815 1531 2868 in
1559 2813 1845 2884 frontibus
1873 2816 1961 2868 vi-

360 2919 556 2957 rorum
585 2904 682 2974 qui
709 2909 942 2973 gemunt
973 2909 1029 2960 et
1067 2903 1258 2958 dolent
1284 2919 1453 2974 super
1481 2903 1673 2961 omnia
1702 2904 1963 2972 facinora

361 3006 486 3060 qua:
514 2991 667 3059 ﬁunt
695 2992 758 3044 in
789 2991 971 3046 medio
1005 3006 1224 3046 eorum.
1259 2993 1331 3047 Et
1368 2992 1433 3045 in
1463 2989 1550 3047 his
1579 2991 1732 3046 dixit
1761 2991 1832 3045 ad
1859 3008 1962 3046 au-

1063 361 1793 430 TERTULLIANIOPERUM
1834 369 2002 433 PARS
2040 373 2108 433 II.
2149 405 2214 418 —
2240 373 2464 436 SERIES
2503 373 2545 435 ῐ.
2588 372 2932 436 POLEMICA.

3539 369 3643 432 67'2

1975 513 2022 592 Α
2056 503 2447 571 mtroibitis,et
2458 503 2519 558 in
2534 502 2862 559 nationibus
2873 501 2993 558 illis
3010 516 3120 592 non
3133 500 3297 557 eritis
3307 501 3642 592 inrequiem.

2054 598 2122 650 Et
2150 610 2260 648 non
2284 595 2396 650 erit
2413 592 2696 648 stabilitas
2712 594 2944 663 vestigio
2969 590 3121 664 pedis
3140 592 3247 658 tui,
3281 595 3336 648 et
3365 588 3524 647 dabit
3548 591 3646 646 tibi

2053 685 2200 738 Deus
2230 697 2326 738 cor
2347 681 2668 746 taedians,et
2702 680 3074 738 tabescentem
3097 679 3372 748 animam,
3389 681 3444 733 et
3465 678 3650 734 oculos

2053 770 2392 839 deﬁcientes,
2407 773 2476 824 ut
2496 786 2610 826 non
2626 771 2938 837 videant;et
2958 769 3188 826 eritvita
3212 773 3315 824 tua
3325 767 3570 840 pendens
3591 767 3649 822 in

2057 861 2205 932 ligno
2219 866 2354 917 ante
2371 862 2555 916 oculos
2574 863 2696 916 tuos
2715 879 2733 925 ;
2752 863 2808 916 et
2828 875 2943 914 non
2960 858 3144 914 credes
3162 859 3299 913 vita:
3321 860 3438 912 iure
3459 857 3645 922 (Deut.

2056 964 2252 1018 xxvm,
2302 951 2393 1012 64,
2425 947 2538 1019 65).
2589 948 2798 1021 Itaque,
2861 946 3120 1020 quoniam
3151 945 3376 1016 impleta
3404 951 3487 999 est
3515 957 3646 1014 pro-

2057 1037 2236 1108 phetia
2272 1053 2370 1108 per
2425 1036 2708 1093 adventum
2754 1039 2891 1106 ejus,
2924 1035 2976 1090 id
3023 1045 3102 1090 est
3150 1050 3249 1105 per
3289 1031 3641 1099 nativitatem,

2057 1143 2214 1198 quam
2245 1141 2410 1196 supra
2438 1125 2883 1192 memoravimus,
2903 1132 2956 1179 et
2979 1123 3317 1196 passionem,
3349 1137 3515 1192 quam
3543 1119 3647 1174 evi-

2056 1215 2248 1269 denter
2285 1213 2550 1269 ediximus
2578 1255 2590 1281 ,
2625 1221 2915 1284 propterea
2941 1220 2993 1267 et
3023 1209 3214 1266 Daniel
3243 1210 3450 1280 signari
3479 1207 3645 1263 visio-

2060 1320 2180 1358 nem
2208 1311 2261 1358 et
2309 1304 2625 1375 pr0phetam
2665 1302 2936 1366 dicebant,
2989 1299 3246 1373 quoniam
3293 1298 3543 1354 Christus
3572 1298 3654 1353 est

2059 1392 2394 1467 signaculum
2424 1391 2661 1447 omnium
2694 1391 3101 1462 prophetarum,
3135 1387 3442 1458 adimplens
3471 1383 3654 1441 omnia

2059 1496 2180 1551 quae
2226 1489 2372 1537 retro
2400 1487 2553 1534 erant
2580 1479 2648 1536 de
2674 1494 2740 1534 eo
2787 1477 3031 1532 nuntiata
3062 1493 3075 1530 :
3108 1482 3232 1546 post
3271 1474 3414 1530 enim
3445 1474 3653 1528 adven-

2059 1577 2175 1624 tum
2203 1570 2320 1639 ejus
2366 1578 2419 1625 et
2465 1568 2770 1640 passionem
2816 1566 2990 1638 ipsius
3017 1566 3128 1635 jam
3173 1579 3281 1620 non
3308 1563 3450 1619 visio
3479 1577 3656 1632 neque

2063 1659 2370 1729 prophetes.
2431 1657 2581 1712 Unde
2645 1654 2953 1712 ﬁrmissime
2997 1652 3128 1708 dicit
3189 1651 3484 1708 adventum
3535 1650 3655 1718 ejus

2061 1748 2276 1819 signare
2303 1746 2475 1802 visum
2506 1754 2558 1800 et
2603 1744 2967 1816 prOphetiam.
3001 1743 3191 1812 Itaque
3221 1739 3580 1796 ostendentes
3605 1746 3658 1792 et

2067 1852 2350 1892 numerum
2379 1850 2664 1900 annorum,
2688 1842 2741 1889 et
2771 1841 2984 1905 tempus
3026 1847 3145 1887 Lm
3177 1837 3230 1885 et
3257 1828 3494 1884 dimidiae
3524 1826 3658 1883 heb-

2065 1925 2416 1981 domadarum
2465 1923 2917 1993 adimpletarum,
2982 1919 3324 1991 probavimus
3378 1925 3513 1973 tunc
3563 1931 3661 1972 ve-

2067 2015 2212 2068 nisse
2241 2013 2533 2082 Christum,
2565 2012 2618 2066 id
2650 2019 2732 2067 est
2769 2019 2952 2066 natum
2989 2028 3002 2064 :
3039 2008 3150 2080 (94)
3171 2017 3227 2063 et
3254 2014 3465 2077 septem
3493 2004 3663 2060 dimi-

2067 2103 2169 2158 diae
2198 2102 2686 2168 hebdomadarum,
2729 2116 2850 2172 quae
2880 2105 3006 2155 sunt
3050 2095 3342 2153 subdivisae
3369 2095 3424 2149 in
3455 2093 3666 2148 abscis-

2069 2192 2281 2246 sionem
2321 2191 2557 2261 priorum
2580 2189 3060 2252 hebdomadarum,
3095 2186 3239 2240 intra
3269 2199 3390 2255 quae
3423 2190 3668 2252 tempora

2070 2295 2284 2350 passum
2327 2277 2664 2336 ostendimus
2707 2277 2982 2333 Christum
3019 2293 3034 2346 ;
3077 2281 3239 2344 atque
3273 2271 3347 2326 ita
3376 2287 3495 2326 ιιι
3524 2271 3664 2325 heb-

2070 2367 2389 2422 domadibus
2442 2366 2741 2432 conclusis,
2791 2371 2845 2420 et
2900 2363 3115 2420 civitate
3169 2359 3550 2423 exterminata,
3609 2365 3662 2412 et

2070 2454 2388 2511 sacrificium
2436 2463 2491 2510 et
2540 2454 2853 2510 unctionem
2899 2451 3095 2508 exinde
3161 2463 3400 2504 cessare.
3451 2445 3666 2502 Sufﬁcit

2071 2545 2348 2614 hucusque
2377 2545 2442 2598 de
2471 2543 2554 2597 his
2593 2541 2806 2598 interim
2827 2540 3076 2596 ordinem
3103 2536 3302 2593 Christi
3328 2535 3659 2599 decurrisse,

2070 2647 2178 2702 quo
2217 2632 2337 2686 talis
2387 2631 2645 2702 probatur
2691 2629 2866 2701 qualis
2915 2627 3352 2690 adnuntiabatur,
3400 2623 3565 2677 etiam
3601 2638 3664 2677 ex

2073 2721 2175 2774 ista
2218 2719 2572 2775 censonantia
2607 2718 3028 2788 Scripturarum,
3074 2729 3208 2786 quas
3257 2713 3326 2778 ⁵⁷,
3361 2727 3429 2766 ex
3459 2710 3664 2782 praeju-

2072 2809 2211 2865 dicio
2256 2809 2479 2877 majoris
2532 2807 2701 2878 partis
2737 2808 3022 2862 adversum
3072 2804 3310 2868 Judaeos,
3341 2800 3538 2857 elocuti
3569 2817 3664 2854 su-

2073 2914 2214 2952 mus.
2245 2898 2430 2968 Neque
2457 2897 2604 2953 enim
2651 2897 2704 2950 in
2738 2893 2959 2949 dubium
3008 2892 3280 2947 deducant
3325 2890 3412 2947 vel
3444 2895 3655 2961 negent,

2072 3003 2194 3056 qua:
2223 2986 2424 3057 scripta
2473 2984 2797 3058 proferimus
2830 3000 2843 3038 :
2884 2991 2942 3036 ut
2973 2997 3046 3037 ex
3093 2981 3198 3036 hoc
3250 2993 3472 3051 quoque
3514 2975 3665 3047 paria

362 3076 609 3131 diente-m
644 3093 656 3132 :
683 3079 763 3132 Ite
779 3082 910 3150 post
935 3095 1062 3134 eum
1086 3080 1149 3133 in
1179 3079 1486 3149 civitatem,
1507 3084 1561 3136 et
1581 3080 1878 3144 concidite,
1902 3082 1962 3134 et
1993 3077 2038 3156 θ
2068 3090 2189 3130 esse
2226 3074 2526 3147 Scripturis
2569 3074 2766 3130 divinis
2793 3087 3000 3145 negare
3029 3085 3135 3126 non
3166 3067 3417 3140 possint;
3447 3074 3510 3156 ut
3540 3081 3664 3156 quae

360 3165 540 3220 nolite
557 3182 791 3239 parcere
820 3168 997 3222 oculis
1027 3168 1248 3234 vestris,
1271 3171 1328 3224 et
1350 3182 1422 3222 ne
1459 3169 1852 3224 misereamini
1877 3184 1962 3223 se-

361 3255 560 3320 nioris,
569 3258 675 3310 aut
694 3257 961 3327 virginis;
975 3260 1032 3312 et
1048 3256 1314 3328 parvulos
1330 3261 1385 3313 et
1402 3257 1672 3313 mulieres
1689 3255 1963 3325 interﬁci-

365 3346 421 3400 te
442 3360 653 3411 omnes,
675 3349 742 3400 ut
761 3343 1184 3418 perdeleantur.
1210 3347 1406 3401 Omnes
1426 3348 1618 3402 autem
1637 3361 1806 3416 super
1825 3360 1961 3416 quos

362 3435 448 3488 est
469 3437 571 3489 tau
591 3434 834 3505 signum,
861 3450 934 3490 ne
952 3433 1318 3490 accesseritis.
1340 3435 1409 3488 Et
1428 3450 1464 3488 a
1482 3435 1698 3488 sanctis
1714 3433 1853 3488 meis
1874 3433 1964 3486 in-

363 3523 536 3592 cipite
565 3524 778 3591 (Ezech.
816 3539 895 3591 rx,
940 3520 1263 3592 l-6).632
1294 3522 1466 3592 Hujus
1495 3531 1672 3577 autem
1699 3520 1842 3593 signi
1873 3536 1959 3576 sa-

365 3619 696 3666 cramentum
723 3610 883 3667 variis
911 3611 1088 3666 modis
1119 3611 1470 3684 praedicatum
1498 3619 1598 3676 est,
1633 3609 1686 3666 in
1717 3626 1826 3682 quo
1856 3609 1960 3665 vita

307 3741 314 3744 .
367 3699 681 3756 hominibus
729 3701 1177 3770 praestruebatur,
1223 3698 1279 3753 in
1327 3714 1437 3770 quo
1484 3698 1659 3752 Judaei
1716 3715 1823 3754 non
1870 3715 1962 3753 es-

365 3795 486 3840 sent
541 3786 842 3851 credituri;
897 3786 1038 3842 sicut
1105 3789 1322 3856 Moyses
1391 3794 1515 3840 ante
1578 3785 1856 3842 nuntiabat
1910 3787 1965 3841 in

364 3873 554 3930 Exodo
595 3875 708 3945 (93)
739 3875 972 3930 dicens:
1024 3876 1348 3946 Ejiciemini
1392 3875 1458 3930 de
1489 3878 1646 3932 terra
1693 3877 1755 3928 in
1793 3891 1965 3946 quam

2069 3175 2189 3236 post
2256 3165 2530 3221 Christum
2585 3164 2766 3219 futura
2827 3160 3313 3233 praecanebantur,
3372 3154 3667 3226 adimpleta

2068 3262 2482 3327 cognoscantur.
2532 3255 2722 3325 Neque
2777 3251 2919 3307 enim
2979 3246 3261 3318 dispositio
3310 3253 3578 3316 expuncta
3610 3245 3667 3298 in

2067 3342 2343 3397 veniretur
2372 3343 2442 3408 6⁸,
2474 3343 2581 3398 nisi
2612 3342 2703 3396 ille
2743 3339 2981 3395 venisset
3014 3343 3139 3408 post
3177 3350 3345 3407 quem
3389 3333 3670 3388 habebant

2069 3431 2306 3504 expungi
2355 3448 2476 3503 quae
2522 3431 2925 3494 nuntiabantur,
2976 3442 3096 3499 qua:
3139 3424 3408 3494 completa
3447 3438 3572 3478 esse
3617 3422 3669 3461 59

2071 3520 2233 3574 etiam
2263 3523 2640 3592 probarentur.

2663 3608 2892 3664 CAPUT
2930 3607 3056 3663 XII.

2143 3695 2372 3766 Adspice
2415 3697 2692 3753 universas
2734 3697 2998 3762 nationes,
3047 3694 3118 3750 de
3161 3691 3425 3766 voragine
3466 3691 3671 3748 erroris

2073 3786 2300 3842 humani
2327 3787 2520 3842 exinde
2549 3795 2891 3858 emergentes
2909 3787 2976 3842 ad
2996 3783 3287 3841 Dominum
3313 3784 3487 3837 Deum
3517 3797 3674 3837 crea-

2074 3883 2249 3931 torem
2275 3873 2452 3932 688
2478 3885 2530 3932 et
2576 3877 2642 3932 ad
2673 3875 2849 3933 Deum
2881 3877 2933 3916 ’³ο
2981 3873 3254 3931 Christum
3283 3871 3402 3942 ejus
3429 3871 3548 3942 (95)
3575 3889 3591 3938 ς
3621 3879 3677 3926 et

1736 3996 1926 4059 Varia:
1971 4000 2292 4060 lectiones.

441 4105 491 4142 53
529 4103 780 4175 Quinque
820 4104 973 4160 abest
1004 4121 1038 4160 a
1075 4103 1250 4160 Rhen.
1282 4107 1341 4175 et
1376 4102 1555 4175 Oberl.
1579 4102 1626 4141 ⁶⁴
1657 4103 1724 4158 Hi
1755 4103 1930 4160 Rhen.
1967 4103 2183 4160 Oberth.
2217 4104 2267 4142 6⁵
2297 4104 2539 4161 Fuerunt
2593 4105 2787 4162 Iidem.
2823 4105 2872 4144 66
2893 4106 3026 4161 Eam
3059 4104 3251 4162 Iidem.
3285 4100 3333 4175 9⁷
3363 4097 3482 4175 Qua
3517 4101 3686 4175 Pam-

377 4171 564 4232 Rhen.’
588 4171 801 4232 Oberth.
831 4176 881 4213 68
908 4176 1096 4238 Neque
1123 4177 1263 4228 enim
1289 4173 1572 4246 dispositio
1603 4175 2222 4246 expunctaiuveniretur
2251 4177 2403 4234 abest
2433 4195 2468 4235 a
2499 4178 2671 4236 Seml.
2707 4183 2762 4234 et
2792 4177 2972 4236 Obert.
2991 4177 3041 4216 59
3079 4179 3213 4236 Sunt
3246 4171 3466 4235 Oberth.
3505 4174 3684 4231 Seml.

371 4249 422 4286 ’³ο
450 4249 622 4303 Deum
654 4248 805 4305 abest
825 4265 860 4304 a
885 4247 1052 4304 Seml.
1077 4252 1136 4303 et
1160 4247 1342 4304 Obert.

379 4441 440 4536 tit
488 4441 819 4536 Adonidpm;
873 4441 1309 4536 videturuautem
1351 4440 1432 4536 bis
1462 4438 1710 4536 legisse,
1750 4455 1875 4497 cum
1904 4441 1973 4524 .in
2011 4459 2056 4536 υ

378 4512 588 4586 Graecis
614 4514 775 4586 hodie
812 4513 1216 4586 exemplaribus
1255 4512 1978 4586 semelgduntaxatreperia-l

381 4593 509 4656 tur,
531 4584 739 4640 Deinde
768 4584 856 4640 hic
886 4593 938 4639 et
968 4584 1130 4656 paulo
1160 4592 1282 4654 post
1311 4584 1404 4639 ubi
1433 4584 1628 4656 legitur
1661 4601 1674 4639 :
1700 4584 1987 4656 _Nunquid

381 4655 764 4728 modicaiseu
821 4664 881 4711 ut
925 4653 1048 4712 mox
1097 4653 1354 4728 loquitur,
1403 4653 1634 4728 pusilla,
1688 4653 1880 4710 Graece
1920 4654 1988 4728 μὴ

383 4725 780 4800 μικρὰ)ᾃάοηῑαὶ
847 4728 1039 4796 Iudae;
1087 4725 1208 4782 cum
1262 4725 1453 4783 Grazee
1517 4725 1726 4800 legatur
1757 4767 1771 4796 ,
1824 4725 1990 4782 malui

381 4799 533 4868 sequi
568 4798 856 4855 lectionem
887 4817 1012 4867 ms.,
1044 4800 1259 4855 domus.
1295 4801 1430 4852 Pu.

455 4867 568 4937 (90)
593 4873 659 4926 Et
679 4871 952 4926 clamavit
991 4873 1054 4926 in
1077 4887 1265 4927 aures.
1287 4869 1632 4925 Continuatio
1670 4867 1887 4940 quidem
1909 4875 1994 4923 est

383 4941 680 5012 verborum
709 4940 1011 4996 Ezechielis
1041 4942 1340 5012 prephette,
1379 4942 1477 4995 sed
1510 4941 1639 4996 noni
1673 4940 1866 5012 capitis
1891 4940 1994 5012 ini-

386 5010 540 5064 tium.
579 5011 801 5066 Rectius
830 5019 1009 5068 autem
1045 5010 1366 5067 transfertur
1395 5013 1463 5065 ab
1498 5019 1718 5068 auctore
1745 5010 1996 5081 bipennis

386 5095 488 5150 pro
518 5082 688 5144 πὲλυξ,
713 5084 819 5154 sed
850 5082 1016 5138 hodie
1045 5083 1237 5140 Graece
1264 5097 1374 5139 non
1402 5091 1576 5138 exstat
1605 5083 1992 5154 dispersionis,

391 5156 486 5205 sed
517 5155 662 5222 quod
687 5153 849 5208 vertit
873 5154 1094 5209 Latinus
1122 5171 1225 5209 Lxx
1247 5155 1534 5222 interpres,
1557 5153 1996 5212 exterminatio-

388 5224 500 5283 nis,
529 5232 582 5278 et
611 5225 669 5278 Β.
705 5223 1065 5296 Hieronymus
1093 5242 1158 5282 ex
1187 5227 1352 5283 Hebr.
1386 5227 1826 5296 interfectionis.
1852 5226 1992 5280 Pan.

459 5297 572 5367 (91)
605 5297 670 5350 1η
697 5294 956 5367 subdival
984 5297 1200 5354 domus.
1233 5299 1336 5352 Pro
1365 5294 1644 5356 subdivali
1665 5316 1682 5352 :
1703 5305 1788 5352 est
1816 5306 1996 5360 autem

389 5365 558 5422 idem
589 5383 652 5423 ac
691 5365 1019 5437 subdwum,
1066 5384 1188 5423 nam
1237 5369 1448 5424 Glossae
1498 5367 1786 5424 subdivum
1847 5368 1996 5420 ὑπαί-

389 5442 565 5518 οριονθῄ
603 5437 844 5518 subdival
879 5438 1112 5518 FIOPIOVL
1151 5447 1205 5494 at
1246 5455 1404 5496 voces
1463 5440 1568 5495 illa:
1615 5440 1997 5518 Grii'cae__idetn

389 5509 718 5581 signiﬁcant,
763 5509 1016 5566 nimirum
1067 5512 1272 5567 clarum
1301 5518 1355 5565 et
1398 5518 1661 5580 apertum,
1706 5509 1999 5581 subdivum

390 5578 535 5652 enim
567 5581 768 5637 domus
796 5589 879 5638 est
916 5582 1178 5639 serenitas
1232 5590 1383 5638 extra
1421 5578 1642 5647 tectum,
1673 5578 1859 5652 αἴθριον
1904 5580 2001 5635 ὑπὸ

392 5645 511 5722 ἀέρα
537 5655 790 5726 ποιμανεῖ,
809 5655 884 5711 ait
907 5653 1230 5727 Hesychius.
1260 5655 1338 5712 L3
1367 5654 1465 5709 PI.

1795 4317 2270 4383 Commentarius
2283 4361 2307 4387 .

2160 4443 2274 4518 (92)
2312 4445 2521 4518 Transi
2554 4460 2656 4516 per
2697 4446 2946 4518 mediam
2968 4444 3304 4518 Jerusalem.
3351 4445 3492 4518 Citat
3522 4447 3693 4502 etiam

2095 4513 2427 4588 Scripturam
2471 4513 2614 4572 illam
2656 4513 2722 4571 de
2753 4518 2909 4588 signo
2949 4519 3058 4572 Tau
3103 4517 3264 4584 infra,
3307 4517 3401 4573 lib.
3437 4534 3522 4584 ut,
3557 4519 3696 4573 adv.

2099 4586 2266 4641 Marc.
2303 4587 2380 4641 La
2408 4589 2502 4644 Pu.

2173 4660 2285 4731 (93)
2318 4659 2708 4731 Sicutillioyses
2738 4661 2875 4715 ante
2902 4659 3208 4716 nuntiabat
3225 4661 3288 4715 in
3309 4661 3517 4718 Exodo.
3551 4660 3700 4715 Cum

2100 4743 2202 4782 non
2247 4730 2300 4783 in
2359 4730 2563 4796 Exodo,
2595 4730 2708 4786 sed
2740 4731 3161 4786 'Deuterouomio
3210 4747 3389 4787 xxvm
3425 4733 3704 4786 habentur

2098 4801 2763 4873 Scripturasgerbagquae
2820 4801 2984 4871 citat,
3034 4805 3194 4856 etiam
3244 4803 3330 4858 hic
3376 4804 3560 4873 lapsus
3613 4810 3705 4873 est

2101 4871 2360 4925 memoria
2390 4871 2789 4943 ATcrtullianus,
2838 4884 2932 4928 aut
2966 4874 3257 4943 legendum
3308 4871 3500 4929 contra
3543 4872 3706 4928 codi-

2102 4957 2224 4997 cum
2255 4941 2491 4996 omnium
2524 4944 2679 4998 tidem
2715 4961 2728 4998 :
2769 4945 2835 4999 in
2856 4941 3305 5002 Deutéronomio.
3341 4948 3415 5000 Ls
3447 4946 3544 4998 Pa.

2177 5015 2289 5084 (94)
2320 5015 2396 5086 Et
2421 5018 2633 5086 septem
2680 5014 2932 5071 dimidia:
2963 5016 3452 5072 hebdomadarum.
3487 5016 3711 5085 Nempe

2104 5091 2334 5158 tempus.
2389 5085 2620 5158 ltavero
2651 5087 2962 5158 necessario
2993 5087 3304 5158 legendum,
3338 5103 3440 5142 non
3469 5091 3525 5142 et
3556 5103 3714 5158 qua-

2105 5159 2253 5230 tuor,
2286 5156 2440 5230 sicuti
2488 5157 2897 5226 corruptissime
2938 5156 3237 5230 legebatur,
3271 5161 3391 5226 plus
3420 5159 3551 5212 satis
3569 5156 3715 5211 ima-

2105 5226 2354 5282 uit'estum
2386 5227 2443 5282 ﬁt
2472 5243 2654 5297 supra,
2680 5245 2798 5299 cap.
2825 5235 2876 5291 8,
2912 5226 3015 5283 τιοῆ
3048 5232 3236 5287 semel.
3269 5232 3407 5284 Pan.

2175 5298 2290 5370 (95)
2321 5301 2390 5354 Et
2411 5300 2484 5354 ad
2502 5303 2681 5357 Deum
2725 5298 3014 5356 Christum
3036 5301 3178 5370 ejus.
3211 5301 3301 5356 Sic
3327 5316 3393 5356 ex
3422 5315 3566 5370 saepe
3615 5298 3717 5353 di—

2105 5376 2194 5423 cto
2217 5369 2308 5442 lib.
2339 5386 2428 5442 tu,
2459 5373 2582 5428 adv.
2633 5373 2904 5428 Marcion.
2930 5413 2942 5437 ,
2976 5369 3073 5440 pro
3105 5388 3214 5442 quo
3243 5380 3358 5427 erat
3383 5369 3653 5427 duntaxat
3690 5389 3706 5426 :

2107 5443 2161 5514 et
2211 5441 2496 5514 Christum
2529 5444 2686 5514 ejus.
2747 5445 2910 5514 Porro
2966 5443 3035 5497 de
3091 5441 3306 5499 Christo
3358 5443 3504 5514 quod
3554 5442 3714 5514 Deus

2109 5510 2289 5574 fuerit,
2337 5520 2426 5566 aut
2483 5510 2596 5568 illic
2653 5521 2741 5568 aut
2793 5513 2917 5568 alibi
2977 5514 3190 5570 dabitur
3226 5510 3392 5570 latius
3441 5513 3714 5570 tractandi

2107 5583 2319 5656 occasio
2360 5591 2555 5656 contra
2603 5586 2864 5655 quosdam
2908 5593 3105 5641 nostrae
3154 5587 3486 5656 tempestatis
3531 5593 3713 5642 secta-

2109 5653 2240 5720 rios,
2281 5655 2372 5726 qui
2402 5657 2456 5712 id
2490 5653 2688 5728 negare
2718 5672 2827 5715 non
2856 5665 3134 5716 verentur.
3166 5653 3305 5715 Pani.
