4016 6188
357 345 463 408 673

1641 342 1835 403 LIBER
1872 339 2026 404 ADV.
2068 339 2349 404 JUDEOS.

3458 315 3460 318 ’
3549 358 3652 420 674

356 480 400 533 Si
432 479 622 544 audes,
670 490 808 548 nega
835 475 882 514 τι
915 475 1250 547 prophetam,
1297 471 1492 529 Statim
1537 472 1634 527 tibi
1677 472 1960 544 promissio
1988 489 2038 568 Α
2068 473 2297 531 virtutes
2324 472 2378 527 in
2399 473 2570 545 gloria
2601 474 2699 529 Dei
2719 474 2910 542 Patris,
2942 481 2999 533 et
3017 479 3166 536 oculi
3196 484 3371 540 vestri
3387 485 3657 543 videbunt

357 567 528 624 Patris
573 566 808 621 occurrit
853 565 906 618 in
953 564 1182 619 Psalmis
1229 562 1452 620 dicens:
1494 563 1676 619 Filius
1713 580 1876 620 meus
1904 581 1959 620 es

359 662 442 724 tu,
473 673 569 724 ego
592 653 751 711 hodie
777 655 948 726 genui
973 660 1047 709 te.
1064 656 1198 710 Pete
1221 671 1256 709 a
1275 669 1384 717 me,
1407 658 1461 709 et
1485 651 1622 709 dabo
1653 653 1756 708 tibi
1770 658 1960 724 gentes

359 746 748 802 hcereditatem
791 749 972 809 tuam,
1005 749 1059 799 et
1081 745 1482 816 possessionem
1494 747 1657 798 tuam
1687 743 1961 800 terminos

358 841 530 893 terra:
559 836 732 902 (Psal.
765 848 826 888 ιι.
847 836 902 900 ’7,
937 834 1016 905 8).
1045 835 1158 889 Nec
1177 834 1382 904 poteris
1411 847 1536 887 eum
1566 831 1740 902 magis
1769 832 1819 869 ’¹²
1845 833 1959 888 Da-

355 924 442 981 vid
493 921 666 978 ﬁlium
735 923 934 988 dicere,
991 938 1153 994 quam
1190 922 1514 989 Christum;
1554 927 1644 976 aut
1700 920 1960 977 terminos

355 1021 518 1067 terra;
575 1009 750 1067 David
790 1010 973 1079 potius
1038 1009 1357 1080 promissos,
1407 1008 1495 1080 qui
1559 1008 1699 1064 intra
1744 1009 1958 1066 unicam

349 1101 598 1156 Judaeam
650 1099 920 1168 regnavit,
989 1115 1153 1170 quam
1213 1099 1446 1164 Christo,
1494 1098 1586 1170 qui
1638 1106 1806 1154 totum
1850 1101 1958 1167 jam

350 1189 546 1245 orbem
589 1187 878 1262 Evangelii
925 1189 1010 1243 sui
1041 1185 1147 1242 ﬁde
1193 1187 1354 1260 cepit,
1414 1188 1553 1244 sicut
1599 1204 1695 1257 per
1768 1188 1955 1243 Isaiam

350 1277 520 1333 dicit:
554 1279 691 1332 Ecce
721 1276 848 1333 dedi
871 1280 925 1334 te
941 1277 1005 1331 in
1035 1277 1458 1348 dispositionem
1493 1279 1712 1348 generis
1729 1278 1861 1344 mei,
1895 1280 1960 1333 in

353 1367 541 1422 lucem
579 1367 861 1437 gentium,
918 1367 1144 1437 aperire
1181 1367 1371 1423 oculos
1426 1381 1722 1430 amcorum,
1774 1367 1958 1437 utique

351 1455 675 1520 errantium,
699 1455 984 1511 exsolvere
1019 1456 1085 1512 de
1133 1457 1380 1510 vinculis
1405 1457 1645 1520 vinctos,
1680 1455 1731 1508 id
1766 1466 1850 1509 est
1891 1455 1958 1510 de

352 1544 568 1600 delictis
599 1543 832 1600 liberare
866 1561 878 1600 :
911 1549 964 1601 et
993 1544 1059 1601 de
1085 1543 1245 1600 domo
1265 1545 1530 1609 carceris,
1555 1543 1607 1597 id
1636 1551 1716 1596 est
1747 1543 1955 1609 mortis,

350 1633 606 1690 sedentes
625 1633 690 1687 in
722 1633 964 1689 tenebris
1010 1634 1139 1702 (Isa.
1171 1648 1311 1696 xm,
1336 1631 1474 1701 6,7),
1514 1622 1962 1703 ignorantiae'sci-

357 1721 516 1776 licet.
539 1719 676 1788 Quae
705 1721 749 1774 si
780 1735 878 1790 per
917 1719 1192 1775 Christum
1221 1719 1496 1788 eveniunt,
1546 1734 1655 1774 non
1693 1719 1749 1774 in
1797 1717 1957 1774 alium

360 1820 520 1863 erunt
548 1809 883 1880 prophetata,
916 1823 1077 1880 quam
1109 1824 1204 1880 per
1241 1824 1400 1878 quem
1439 1808 1489 1846 73
1518 1817 1786 1880 expuncta
1821 1823 1954 1863 con-

366 1895 676 1953 sideramus.

950 1986 1179 2042 CAPUT
1206 1985 1354 2042 XIII.

437 2075 623 2147 Igitur,
668 2074 922 2148 quoniam
969 2074 1070 2131 filii
1118 2077 1280 2132 Israel
1334 2074 1606 2132 afﬁrmant
1645 2090 1746 2130 nos
1776 2091 1956 2132 errare

359 2164 673 2236 recipiendo
721 2164 1012 2230 Christum,
1053 2165 1146 2236 qui
1199 2165 1306 2234 jam
1356 2164 1520 2231 venit,
1561 2164 1957 2237 prescribamns

366 2255 448 2309 eis
487 2269 555 2309 ex
598 2254 730 2324 ipsis
786 2253 1077 2325 Scripturis
1116 2254 1227 2324 jam
1298 2253 1514 2313 venisse
1551 2254 1820 2308 Christum
1864 2255 1956 2325 qui

357 2343 794 2416 prmdicabatur;
870 2343 1118 2414 quamvis
1177 2359 1243 2398 ex
1318 2343 1650 2414 temporibus
1710 2343 1956 2398 Danielis

357 2432 704 2503 prtedicantis
758 2431 1166 2505 probaverimus
1209 2433 1323 2502 jam
1369 2431 1581 2491 venisse
1656 2431 1951 2498 Christum,

354 2521 446 2592 qui
476 2521 847 2579 nuntiabatur.
889 2522 1050 2578 Nasci
1097 2520 1243 2577 enim
1280 2537 1404 2578 eum
1456 2520 1693 2592 oportuit
1743 2521 1798 2575 in
1844 2521 1953 2577 Be-

354 2610 585 2666 thlehem
641 2611 832 2676 Judae;
891 2610 1164 2675 sic,enim
1221 2611 1480 2679 scriptum
1555 2617 1639 2664 est
1690 2609 1748 2663 in
1822 2625 1955 2681 pro-

355 2699 547 2769 pheta:
584 2700 656 2754 Et
678 2702 764 2764 tu,
798 2697 1134 2762 Bethlehem,
1156 2713 1272 2754 non
1286 2699 1532 2754 minima
1560 2713 1616 2752 es
1641 2701 1703 2754 in
1723 2697 1956 2755 ducibus

355 2787 502 2843 Iuda
524 2788 671 2857 (96):
702 2802 775 2843 ex
787 2790 842 2842 te
852 2787 1005 2844 enim
1034 2787 1190 2843 extet
1210 2787 1328 2843 dux
1340 2787 1439 2859 qui
1456 2790 1651 2859 pascat
1676 2788 1954 2861 populum
1967 2848 1987 2874 Ὗ

355 2892 548 2932 meum
569 2876 747 2932 Israel
795 2875 981 2943 (Mich.
1021 2891 1074 2941 v,
1120 2876 1193 2947 1).
1258 2875 1313 2930 Si
1354 2885 1534 2931 autem
1581 2876 1756 2931 adhuc
1796 2885 1955 2930 natus

358 2979 470 3019 non
489 2963 683 3035 estqui
713 2977 1069 3033 processurus
1099 2965 1205 3018 dux
1236 2965 1302 3019 de
1342 2965 1484 3019 tribu
1513 2965 1652 3018 Juda
1695 2981 1759 3018 ex
1788 2964 1954 3018 Beth-

2070 566 2284 619 terram
2312 561 2379 616 de
2435 564 2735 635 longinquo
2775 565 2908 633 ((Isa
2948 581 3116 633 χχιιι,
3141 572 3271 638 17);
3314 573 3459 644 quod
3503 577 3658 632 vobis

2072 665 2171 720 pro
2204 649 2411 704 meritis
2446 651 2640 706 vestris
2669 661 2794 721 post
2823 657 3270 724 expugnationem
3298 661 3654 728 Hierusalem,

2070 738 2361 809 prohibitis
2389 739 2606 812 ingredi
2637 739 2690 794 in
2723 746 2920 795 terram
2969 753 3218 810 vestram,
3247 746 3316 801 de
3362 749 3655 822 longinquo

2071 843 2189 882 eam
2221 827 2393 882 oculis
2441 836 2643 883 tantum
2687 828 2871 884 videre
2921 832 3245 899 permissum
3286 844 3388 892 est.
3428 842 3654 908 Anima,

2070 913 2264 986 inquit,
2288 918 2476 972 vestra
2496 915 2866 972 meditabitur
2888 919 3150 975 timorem
3166 921 3322 991 (ibid.
3339 926 3660 991 I3),scilicet

2069 1019 2180 1074 quo
2227 1015 2465 1074 tempore
2502 1005 2774 1060 excidium
2815 1005 2900 1060 sui
2965 1008 3110 1078 passi
3167 1021 3309 1066 sunt.
3368 1012 3657 1079 Quomodo

2069 1093 2238 1165 igitur
2270 1103 2516 1149 nascetur
2555 1094 2662 1148 dux
2688 1095 2759 1149 de
2804 1095 3012 1164 Iudaea,
3054 1107 3108 1154 et
3147 1108 3411 1170 quatenus
3456 1118 3655 1172 proce-

2065 1182 2157 1237 det
2189 1183 2256 1237 de
2304 1183 2631 1250 Bethlehem,
2665 1183 2802 1240 sicut
2846 1185 3022 1243 divina
3069 1191 3446 1259 prophetarum
3492 1193 3656 1250 volu-

2069 1273 2210 1328 mina
2258 1274 2522 1336 nuntiant,
2553 1289 2676 1327 cum
2724 1274 2906 1329 nullus
2951 1278 3170 1333 omnino
3217 1279 3286 1334 sit
3323 1280 3432 1337 illic
3460 1281 3514 1337 in
3555 1283 3657 1339 ho-

2066 1360 2316 1416 diernum
2347 1361 2637 1417 derelictus
2677 1378 2744 1416 ex
2786 1364 2972 1429 Israel,
3012 1367 3168 1434 cujus
3194 1383 3260 1421 ex
3291 1370 3458 1440 stirpe
3488 1372 3662 1442 possit

2065 1451 2216 1504 nasci
2240 1449 2526 1505 Christus?
2557 1451 2610 1506 Si
2641 1452 2803 1519 enim,
2857 1455 3150 1508 secundum
3192 1456 3432 1525 Judaeos,
3483 1461 3659 1516 adhuc

2065 1555 2174 1594 non
2196 1538 2345 1594 venit
2366 1537 2434 1604 7",
2477 1556 2599 1594 cum
2652 1542 2833 1596 venire
2887 1543 3137 1616 cmperit,
3179 1547 3321 1600 unde
3377 1553 3659 1624 ungetur?

2067 1627 2178 1681 Lex
2228 1626 2367 1681 enim
2398 1628 2653 1698 prazcepit
2700 1630 2835 1700 (97),
2882 1630 2937 1685 in
2991 1634 3303 1702 captivitate
3349 1651 3456 1692 non
3493 1637 3658 1695 licere

2069 1713 2383 1770 unctionem
2420 1713 2730 1771 chrismatis
2760 1717 2959 1787 regalis
2986 1717 3198 1775 confici.
3230 1720 3284 1776 Si
3330 1734 3511 1780 autem
3545 1725 3656 1794 jam

2065 1818 2162 1860 nec
2195 1801 2380 1858 unctio
2401 1802 2452 1840 75
2480 1810 2565 1858 est
2590 1803 2722 1869 illis,
2755 1811 2815 1858 ut
2856 1805 3048 1862 Daniel
3097 1811 3471 1886 prophetavit;
3530 1814 3659 1870 dicit

2061 1890 2205 1949 enim
2237 1907 2252 1947 :
2283 1891 2784 1948 Exterminabitur
2836 1895 3030 1950 unctio
3049 1894 3216 1965 (Dan.
3253 1913 3333 1964 ιχ,
3366 1901 3493 1973 27):
3527 1917 3659 1976 ergo

2058 1983 2174 2054 jam
2203 1997 2311 2038 non
2329 1989 2414 2037 est
2431 1980 2542 2037 illic
2581 1983 2781 2048 unctio,
2821 1981 2948 2054 quia
2987 1999 3088 2038 nec
3118 1986 3376 2056 templum
3422 1989 3516 2044 ubi
3545 2000 3660 2047 erat

2061 2087 2233 2130 cornu
2265 2070 2380 2143 (98)
2408 2071 2476 2128 de
2519 2086 2628 2144 quo
2684 2086 2846 2143 reges
2883 2072 3246 2144 ungebantur.
3283 2074 3341 2132 Si
3379 2091 3510 2149 ergo
3549 2094 3660 2136 non

2063 2170 2147 2220 est
2177 2161 2384 2224 unctio,
2414 2161 2559 2215 unde
2606 2170 2839 2235 ungetur
2886 2161 2992 2216 dux
3040 2163 3133 2232 qui
3181 2175 3433 2221 nascetur
3467 2166 3522 2220 in
3552 2169 3659 2223 Be-

2062 2251 2341 2308 thlehem?
2371 2259 2460 2305 aut
2488 2249 2762 2320 quomodo
2792 2251 3049 2321 procedet
3078 2252 3145 2307 de
3182 2253 3515 2326 Bethlehem,
3538 2273 3659 2313 cum

2061 2340 2132 2396 de
2161 2340 2420 2414 germine
2452 2339 2502 2378 75
2529 2339 2694 2394 Israel
2753 2340 2940 2396 nullus
2987 2341 3208 2399 omnino
3243 2345 3313 2398 sit
3350 2344 3404 2399 in
3449 2347 3660 2403 Bethle-

2061 2430 2190 2485 hem
2207 2430 2235 2483 ‘l
2272 2429 2466 2484 Iterato
2494 2427 2729 2499 denique
2754 2429 3119 2496 ostendamus,
3151 2441 3205 2487 et
3231 2432 3342 2503 jam
3369 2433 3658 2505 Christum,

2062 2519 2357 2576 secundum
2401 2517 2712 2589 prOphetas,
2751 2528 2805 2574 et
2842 2534 3081 2590 passum,
3135 2527 3187 2576 et
3227 2520 3280 2574 in
3329 2521 3489 2577 caelis
3543 2525 3654 2593 jam

2062 2613 2360 2676 receptum,
2395 2614 2450 2661 et
2477 2603 2606 2660 inde
2644 2612 2929 2662 venturum
2982 2607 3283 2664 secundum
3313 2609 3658 2680 praedicatio-

2063 2711 2160 2752 nes
2191 2696 2597 2766 prophetarum.
2638 2695 2774 2748 Nam
2810 2701 2933 2764 post
2967 2697 3255 2754 adventum
3291 2714 3410 2767 ejus
3438 2715 3658 2756 secum-

2063 2784 2190 2839 dum
2246 2781 2544 2849 Danielem,
2592 2781 2738 2853 quod
2797 2782 2914 2852 ipsa
2949 2783 3139 2840 civitas
3173 2787 3517 2843 exterminari
3562 2790 3665 2844 ha-

2064 2871 2218 2926 beret
2266 2871 2521 2942 legimus,
2563 2880 2621 2925 et
2678 2870 2750 2923 ita
2781 2869 2984 2926 factum
3025 2874 3482 2943 recOgnoscimus.
3529 2877 3674 2935 Dicit

2062 2960 2207 3016 enim
2247 2959 2551 3030 Scriptura:
2601 2961 2691 3016 Sic
2721 2963 2777 3015 et
2797 2961 3089 3019 civitatem
3106 2967 3166 3019 et
3213 2969 3477 3020 sanctum
3491 2966 3676 3022 simul

358 3052 540 3108 lebem
570 3051 945 3118 nuntiabatur,
979 3063 1193 3124 Oportet
1220 3053 1364 3109 enim
1394 3069 1519 3108 eum
1549 3053 1615 3108 de
1646 3052 1789 3108 tribu
1816 3052 1950 3108 Juda
1981 3055 2024 3134 ο
2054 3050 2434 3106 exterminari
2475 3065 2605 3104 cum
2644 3049 2784 3105 duce
2841 3051 3037 3122 (ibid),
3086 3051 3407 3120 indubitate,
3460 3056 3551 3125 qui
3592 3056 3662 3110 de

364 3149 416 3196 et
443 3158 474 3196 a
500 3140 816 3196 Bethlehem
866 3141 1196 3211 procedere;
1242 3140 1726 3197 animadvertimus
1771 3151 1949 3196 autem

356 3245 498 3284 nunc
528 3230 799 3284 neminem
821 3228 887 3283 de
907 3245 1104 3300 genere
1125 3231 1295 3286 Israel
1317 3231 1369 3284 in
1399 3230 1616 3285 civitate
1634 3219 1948 3286 Bethlehem

356 3317 696 3383 remansisse,
746 3325 802 3372 et
843 3319 1042 3373 exinde
1080 3320 1224 3387 quod
1268 3319 1613 3375 interdictum
1641 3327 1724 3374 est
1779 3334 1849 3376 ne
1894 3319 1948 3374 in

353 3406 586 3462 confinio
601 3404 776 3476 ipsius
806 3406 1048 3479 regionis
1077 3407 1394 3463 demoretur
1421 3407 1702 3479 quisquam
1732 3407 1950 3463 Judaeo-

353 3511 495 3565 rum,
528 3503 587 3549 ut
618 3496 720 3550 hoc
747 3509 964 3567 quoque
1012 3503 1159 3551 esset
1187 3495 1538 3567 adimpletum
1571 3511 1664 3566 per
1717 3496 1949 3566 prophe-

356 3592 487 3640 tam:
513 3583 686 3641 Terra
707 3589 892 3640 vestra
904 3585 1144 3650 deserta,
1164 3585 1427 3642 civitates
1447 3588 1653 3642 vestrm
1671 3586 1949 3657 igniexu-

356 3677 479 3736 διας,
513 3671 568 3726 id
589 3681 670 3727 est
695 3673 837 3742 quod
857 3672 985 3727 belli
1014 3681 1258 3746 tempore
1271 3673 1350 3728 eis
1364 3673 1601 3728 evenerit
1627 3691 1644 3740 ;
1666 3675 1950 3745 regionem

354 3767 599 3820 vestram
628 3762 997 3832 inconspectu
1014 3769 1193 3819 vestro
1208 3765 1398 3821 exteri
1425 3762 1738 3828 comedent,
1763 3769 1819 3819 et
1850 3763 1948 3820 de-

349 3854 501 3906 serta
517 3855 574 3906 et
603 3849 863 3907 subversa
888 3852 1000 3906 erit
1026 3868 1061 3906 a
1095 3853 1321 3924 populis
1369 3851 1578 3908 alienis
1623 3853 1751 3920 (Isa.
1786 3867 1825 3916 ι,
1865 3851 1945 3921 7).

349 3939 411 3992 Ει
439 3937 546 3993 alio
587 3939 709 3994 loco
741 3937 820 3994 sic
857 3955 952 4010 per
978 3940 1293 4010 prophetam
1322 3939 1521 3996 dicitur
1542 3956 1556 3994 :
1581 3942 1783 4011 Regem
1804 3955 1946 4010 .cum

346 4027 614 4085 claritate
645 4027 921 4096 videbitis,
948 4028 1003 4086 id
1032 4037 1111 4084 est
1142 4028 1416 4086 Christum
1459 4027 1744 4086 facientem
1772 4026 1950 4086 634

2060 3139 2377 3194 Bethlehem
2409 3144 2463 3193 et
2491 3138 2561 3192 de
2589 3138 2726 3192 tribu
2747 3139 2888 3192 Juda
2919 3150 3066 3196 esset
3093 3157 3472 3212 processurus.
3513 3144 3670 3202 Unde

2057 3234 2113 3284 et
2141 3228 2484 3284 manifestum
2524 3234 2606 3283 est
2641 3227 2787 3298 quod
2833 3227 3024 3285 civitas
3064 3229 3230 3287 simul
3298 3248 3364 3289 eo
3410 3241 3657 3306 tempore

2059 3316 2404 3373 exterminari
2444 3317 2690 3383 deberet,
2721 3331 2845 3372 cum
2885 3317 3112 3374 ducatur
3155 3323 3274 3389 ejus
3330 3319 3382 3375 in
3431 3337 3494 3376 ea
3549 3323 3661 3392 pati

2059 3407 2304 3470 haberet,
2362 3408 2658 3461 secundum
2715 3406 3018 3477 Scripturas
3068 3410 3448 3479 prophetarum
3521 3411 3658 3481 (99),

2057 3495 2384 3551 dicentium:
2415 3495 2678 3566 Expandi
2721 3512 2929 3552 manus
2965 3512 3122 3552 meas
3163 3502 3283 3554 tota
3323 3499 3412 3555 die
3453 3500 3524 3555 ad
3557 3517 3658 3572 po-

2053 3587 2260 3656 pulum
2273 3587 2665 3641 contumacem
2678 3599 2780 3640 con
2789 3585 3160 3642 tradicenle-m
3177 3588 3342 3652 mihi,
3359 3588 3460 3659 qui
3470 3589 3666 3644 ambu-

2060 3675 2187 3730 lant
2209 3674 2362 3730 viam
2392 3688 2507 3728 non
2566 3672 2787 3739 bonam,
2835 3673 2930 3729 sed
2968 3679 3090 3746 post
3125 3679 3364 3747 peccata
3393 3693 3495 3732 sua
3525 3678 3658 3744 (Isa.

2057 3780 2189 3830 va,
2223 3763 2298 3836 2).
2322 3764 2386 3818 Et
2417 3762 2469 3816 in
2502 3762 2730 3817 Psalmis
2765 3761 2931 3818 dicit:
2960 3766 3506 3822 Exterminaverunt
3536 3782 3661 3821 ma-

2056 3870 2166 3909 nus
2181 3868 2333 3908 meas
2354 3856 2408 3907 et
2426 3851 2615 3923 pedes,
2639 3850 3146 3910 dinumeraverunt
3163 3856 3357 3909 omnia
3370 3869 3492 3912 ossa
3507 3871 3655 3912 mea.

2057 3942 2173 4015 Ipsi
2209 3945 2400 3998 autem
2450 3941 2824 4012 contemplati
2860 3945 2997 3996 sunt
3036 3945 3093 3998 et
3129 3941 3398 3998 viderunt
3428 3959 3550 4000 me:
3581 3951 3659 4013 et,

2060 4031 2136 4086 In
2162 4030 2264 4086 siti
2291 4044 2421 4086 mea
2440 4032 2788 4100 potaverunt
2809 4035 3061 4089 meaceto
3079 4030 3255 4102 (Psal.
3282 4046 3407 4091 XXI.
3433 4034 3522 4105 18,
3547 4034 3661 4104 19).

1711 4199 1905 4264 Varias
1961 4203 2274 4265 lectiones.

424 4345 469 4386 71
498 4349 706 4424 Negare
732 4350 966 4424 Oberth.
996 4349 1222 4411 Seml."2
1248 4350 1421 4424 Magis
1449 4347 1605 4424 abest
1633 4367 1667 4424 ᾳ
1699 4347 1853 4424 Bhen
1880 4350 2124 4408 etObert.
2149 4348 2207 4424 7³
2233 4349 2482 4424 Aliquem
2500 4349 2671 4424 Seml2
2693 4347 3351 4424 Al‘ChristusSecundum
3368 4347 3656 4411 Judteos...

347 4421 602 4490 cceperit.’
619 4423 778 4478 Unde
801 4424 982 4482 Obert.
1005 4426 1174 4482 Seml.
1195 4421 1442 4479 —Possit
1462 4421 1610 4478 nasci
1630 4423 1658 4479 ?
1687 4423 1931 4478 Christus
1961 4422 2278 4489 secundum,
2301 4421 2599 4480 etc.Latin.
2629 4422 2676 4461 ⁷⁵
2690 4422 2808 4478 Non
2829 4422 2991 4478 addit
3004 4422 3199 4491 Seml.,
3225 4437 3323 4481 nec
3342 4439 3458 4482 non
3485 4428 3658 4483 omit-

346 4495 488 4549 tens.
510 4494 560 4532 ἰδ
588 4494 670 4550 De
704 4495 911 4552 semine
944 4498 1070 4552 alii.

1758 4564 2260 4631 Commentarius.

415 4718 533 4813 (26)
553 4721 622 4801 Et
649 4725 713 4813 tu
747 4720 1160 4813 ῃίξιρειιεέηἰῃι
1175 4721 1408 4781 ducibus
1438 4721 1620 4813 {udae
1643 4719 1728 4777 Sic
1749 4734 1814 4775 ex
1845 4735 1949 4813 mis.
1990 4733 2034 4813 Β
2068 4719 2514 4813 paraphrastictbs
2541 4734 2608 4776 ex
2631 4716 3208 4813 Διιξψιρι-’ξοιιιιιιειιίεξ
3264 4719 3403 4813 hanc
3443 4731 3659 4813 senten-

340 4797 395 4844 et
423 4790 637 4866 Graecis
666 4793 734 4866 _B.
771 4794 961 4849 Matth.
1010 4792 1252 4850 fontibus
1293 4811 1390 4866 pro
1439 4795 1634 4866 Iudae;
1677 4792 1948 4866 quemad-

338 4861 770 4937 modum‘etiam
804 4868 1005 4937 pascat
1035 4881 1132 4936 pro
1169 4861 1379 4937 pascet,
1434 4865 1624 4921 Graece
1683 4861 1828 4937 enim
1866 4870 1948 4920 est

337 4934 631 5007 ﬂOtPIVEi.”
657 4933 820 5003 Quod
859 4953 977 4992 cum
1011 4933 1182 4992 vertat
1228 4939 1449 4992 Latinus
1493 4936 1948 5007 vetusiinterpres

331 5003 519 5076 regat,
552 5003 667 5062 illic
701 5017 754 5060 et
793 5007 1037 5062 eamdem
1073 5023 1259 5064 vocem
1289 5011 1434 5064 idem
1480 5006 1704 5064 Joannis
1733 5003 1944 5072 ultimo,

331 5074 501 5151 sicuti
533 5076 624 5131 hic
641 5085 865 5145 auctor;
900 5086 1046 5146 patet
1075 5080 1378 5151 antiquitus
1415 5089 1689 5151 acceptam
1719 5077 1946 5151 a_Patri-

331 5096 501 5130 SlCDll
533 5096 624 5131 mc
641 5096 865 5145 auctor;
900 5096 1046 5146 patet
1075 5096 1184 5134 anu
1228 5096 1378 5136 unus
1415 5096 1689 5151 acceptam
1719 5096 1750 5132 a
1781 5096 1943 5131 l’all'l-

331 5145 456 5231 bus
481 5163 716 5219 pascere
755 5164 852 5231 pro
910 5165 1120 5220 regere.
1181 5096 1340 5231 ὃιιρό
1404 5152 1659 5231 adnotatu
1718 5148 1943 5231 dignum

330 5228 527 5293 contra
556 5235 650 5293 eos
679 5219 772 5293 qui
800 5219 1026 5293 Omnem,
1076 5219 1303 5293 regendi
1362 5228 1678 5292 potestatem
1708 5219 1802 5293 ab
1850 5219 1945 5293 Ec-

333 5289 504 5364 clesia
535 5289 649 5364 tolli
671 5289 889 5364 volunt.
931 5289 1167 5348 Videtur
1184 5289 1374 5348 autem'
1389 5293 1446 5348 in
1484 5308 1549 5348 eo
1578 5291 1722 5364 quod
1756 5289 1942 5360 sequi-

337 5367 426 5414 tur
443 5360 808 5435 hyperbatou.
839 5363 963 5419 Sive
990 5374 1170 5421 autem
1194 5367 1380 5422 exteri
1415 5364 1566 5435 legas
1596 5360 1758 5434 paulo
1793 5369 1938 5432 post,

331 5438 400 5485 ut
417 5433 772 5506 excusi,_sive
810 5436 1038 5492 externi
1086 5443 1143 5491 ut
1170 5452 1294 5501 ms.,
1343 5433 1562 5506 perinde
1604 5433 1725 5504 est;
1778 5448 1942 5505 supra

331 5501 482 5570 enim
511 5519 599 5560 ver
612 5504 678 5559 tit
705 5505 906 5561 alieni.
941 5507 1078 5562 ΡΑιιι.

333 5641 340 5653 ,
417 5573 679 5653 (97)}ex
702 5578 858 5653 enim
872 5581 1166 5653 praecepit,
1199 5587 1303 5653 etc.
1334 5576 1529 5634 Nescio
1559 5574 1623 5632 ad
1645 5592 1807 5653 quem
1848 5575 1940 5630 lo-

329 5645 468 5706 tum
512 5645 737 5722 alludat,
807 5645 914 5708 nisi
962 5645 1099 5711 forte
1148 5645 1213 5709 ad
1262 5665 1384 5726 cap.
1435 5663 1623 5708 xxvm
1661 5645 1847 5716 Deut.,
1880 5658 1939 5711 ut

2068 4789 2216 4848 tiam'
2238 4794 2306 4848 de
2355 4807 2510 4848 more
2562 4806 2659 4848 suo
2698 4789 3051 4856 decerpserit,
3117 4797 3210 4844 aut
3267 4793 3510 4847 fortassis
3556 4795 3662 4851 alia

2059 4866 2222 4921 etiam
2281 4863 2522 4919 editione
2579 4871 2671 4918 aut
2719 4861 2956 4933 Aquilae,
3008 4873 3102 4917 aut
3149 4861 3539 4918 Thcodotionis
3597 4867 3668 4921 sit

2054 4952 2208 5063 gSuSt,
2255 4951 2362 5061 quo
2383 4950 2513 4992 casu
2543 4942 2822 5006 Oporteret
2857 4933 3028 5005 accipi
3062 4936 3336 5007 praecepit
3369 4949 3466 5006 pro
3505 4951 3669 5007 prte-

2091 5023 2178 5063 zxz
2215 5047 2228 5060 .
2303 5022 2402 5063 Αιί.

2091 5008 2228 5063 ixit.
2262 5008 2402 5063 Pw.
3675 5041 3680 5045 -

2129 5078 2248 5149 (98)
2277 5079 2390 5136 Nec
2423 5077 2703 5150 templum
2724 5077 2823 5132 ubi
2852 5081 3194 5150 eratcornu,
3223 5077 3430 5134 Alludit
3450 5077 3664 5134 adillud

2053 5150 2126 5224 Ill
2155 5151 2289 5224 Reg.
2325 5166 2363 5224 l_,
2395 5153 2502 5204 39:
2541 5149 2922 5224 sumpsitque
2970 5149 3147 5224 διιςίοΚ
3194 5151 3447 5210 sacerdos
3473 5167 3659 5224 cornu

2054 5221 2160 5278 olei
2179 5220 2263 5276 de'
2273 5220 2662 5284 tabernaculo,
2685 5220 2741 5278 et
2764 5220 2944 5275 unxit
2965 5222 3326 5278 Salomonem
3346 5223 3525 5291 ;uude
3540 5223 3657 5278 co!-

2051 5291 2238 5362 ligitur
2258 5292 2313 5347 in
2345 5293 2547 5365 templo
2577 5292 2921 5348 observatum
2956 5292 3136 5348 fuisse.
3174 5294 3311 5348 Pint.

2120 5365 2235 5437 (99)
2283 5364 2607 5437 Secundum
2636 5365 2964 5437 Scripturas
2979 5364 3655 5437 prophetarumliursum

2047 5434 2353 5508 Scripturas
2426 5436 2605 5508 affert,
2666 5434 2879 5508 quibus
2908 5434 3364 5508 prmdictum‘est
3429 5435 3530 5504 (uti
3581 5435 3649 5508 Β.

2047 5505 2352 5578 Cyprianus
2387 5508 2532 5563 hunc
2570 5505 2749 5564 locum
2791 5505 3049 5571 imitatus,
3101 5505 3297 5578 scribit
3316 5505 3408 5559 lib.
3452 5520 3491 5558 ιι
3520 5506 3648 5562 adv.

2002 5575 2366 5651 'judnrcap.
2431 5579 2522 5651 20)
2567 5579 2709 5651 quod
2756 5579 2906 5636 cruci
2951 5575 3300 5639 illum‘ﬁxcri
3343 5584 3522 5634 essent
3551 5577 3655 5636 Ju-

2046 5650 2170 5706 diei.
2207 5650 2351 5708 Pw.
