3972 6190
351 297 455 354 675

1067 286 1508 349 TERTULLIANI
1547 287 1815 350 OPERUM
1858 288 2023 348 PARS
2055 287 2120 345 ll.
2162 318 2232 328 ——
2259 283 2486 345 SERIES
2525 287 2566 356 Ι,
2586 283 2924 345 POLEMICA.

3538 283 3644 344 676

353 419 477 473 Haec
507 415 675 471 David
716 429 908 486 passus
951 427 1060 469 non
1099 424 1203 481 est,
1234 420 1291 467 ut
1320 413 1385 467 de
1427 428 1486 467 se
1533 414 1723 469 merito
1747 413 1945 468 dixisse
1978 427 2023 505 Α
2058 416 2169 470 tem
2187 412 2395 469 sitietis
2411 416 2512 468 eta
2532 393 3310 485 contribulatione“spiritus
3325 412 3643 470 ululabilis.

349 503 522 563 635
552 503 815 568 videatur,
849 502 940 558 sed
979 501 1224 557 Christus
1251 503 1344 574 qui
1391 501 1675 557 cruciﬁxus
1721 511 1802 558 est
1837 503 1937 575 (t).

350 596 536 649 Manus
599 601 773 648 autem
834 599 887 647 et
955 592 1118 662 pedes
1185 605 1293 645 non
1350 592 1790 658 exterminantnr,
1839 589 1945 644 nisi

351 688 474 753 ejus
501 683 652 754 quia
690 681 837 752 ligno
885 679 1251 750 suspenditur.
1310 679 1464 733 Unde
1513 685 1566 732 et
1613 677 1730 749 ipse
1772 678 1941 732 David

350 780 694 847 regnaturum
725 787 790 826 ex
835 770 982 841 ligno
1031 769 1316 824 Dominum
1357 767 1570 823 dicebat
1597 768 1774 836 (Psal.
1804 781 1942 833 xcv,

296 883 299 886 ν
355 862 473 931 10);
512 877 634 915 nam
683 871 736 914 et
791 858 919 913 alibi
975 858 1246 928 PrOpheta
1299 855 1434 928 ligni
1493 856 1653 925 hujus
1710 856 1942 912 fructum

356 951 614 1020 praedicat
661 948 880 1005 dicens:
935 949 1099 1003 Terra
1145 946 1299 1002 dedit
1354 945 1762 1002 benedictiones
1808 962 1943 1003 suas

355 1041 534 1110 (Psal.
563 1055 720 1105 vat,
750 1039 828 1110 ’7).
854 1037 1048 1109 Utique
1079 1029 1171 1090 illa
1200 1044 1344 1090 terra
1388 1037 1545 1105 virgo
1593 1035 1672 1107 (2)
1704 1036 1942 1091 nondum

347 1128 550 1201 pluviis
605 1128 793 1199 rigata,
855 1142 957 1183 nec
1003 1123 1266 1180 imbribus
1340 1123 1659 1191 faecundata,
1721 1139 1787 1179 ex
1840 1140 1945 1196 qua

349 1218 512 1273 homo
557 1225 685 1274 tunc
726 1216 1020 1287 plurimum
1073 1215 1364 1285 plasmatus
1409 1220 1508 1284 est,
1549 1228 1614 1268 ex
1661 1228 1766 1284 qua
1804 1228 1945 1268 nunc

349 1305 597 1362 Christus
644 1305 937 1361 secundum
1001 1319 1216 1359 carmen
1273 1319 1339 1360 ex
1375 1300 1586 1373 virgine
1653 1309 1809 1357 natus
1845 1308 1942 1358 est.

354 1399 424 1452 Et
448 1397 684 1466 lignum,
719 1394 916 1466 inquit,
949 1393 1163 1449 adtulit
1206 1394 1466 1464 fructum
1485 1408 1656 1448 suum
1689 1391 1847 1462 (Joel.
1882 1405 1943 1456 ιι,

358 1482 470 1554 22(.
501 1483 621 1538 Non
653 1481 786 1538 illud
822 1481 1028 1554 lignum
1084 1481 1141 1536 in
1194 1480 1469 1551 paradiso,
1529 1481 1676 1552 quod
1717 1486 1944 1535 mortem

357 1571 507 1627 dedit
566 1570 929 1644 protOplastis,
988 1570 1084 1626 sed
1127 1568 1656 1642 lignumpassionis
1723 1567 1939 1634 Christi,

348 1660 493 1716 unde
520 1661 638 1716 vita
675 1657 928 1735 pendens
957 1676 993 1715 a
1017 1658 1166 1716 vobis
1207 1657 1426 1712 credita
1473 1672 1584 1714 non
1624 1661 1709 1714 est
1753 1658 1939 1725 (Deut.

347 1765 552 1817 xxvm,
586 1749 700 1818 66).
748 1750 862 1802 Hoc
907 1747 1053 1802 enim
1099 1746 1304 1818 lignum
1347 1755 1472 1801 tunc
1501 1747 1555 1800 in
1607 1754 1944 1802 sacramento

348 1848 485 1906 erat,
515 1853 622 1910 quo
643 1839 855 1906 Moyses
897 1849 1094 1904 aquam
1142 1848 1377 1887 amaram
1425 1832 1762 1906 indulcavit;
1803 1834 1945 1892 unde

350 1925 608 1998 populus,
639 1923 732 1996 qui
764 1921 854 1977 siti
885 1921 1096 1993 peribat
1125 1920 1181 1976 in
1219 1936 1420 1989 eremo,
1465 1921 1696 1978 bibendo
1754 1922 1945 1979 revixit

353 2014 547 2086 (Exod.
583 2028 684 2078 xv,
743 2009 972 2083 23-26):
1009 2009 1167 2066 sicuti
1196 2024 1296 2066 nos
1323 2010 1419 2082 qui
1448 2011 1516 2066 de
1562 2011 1746 2068 saeculi
1802 2013 1944 2069 cala-

349 2103 629 2158 mitatibus
653 2100 899 2170 extracti,
943 2101 996 2155 in
1025 2114 1133 2172 quo
1174 2101 1660 2168 commorabamur,
1695 2101 1782 2159 siti
1813 2119 1945 2171 per-

349 2200 564 2263 euntes,
604 2189 659 2248 id
709 2198 791 2247 est
841 2189 995 2247 verbi
1050 2189 1218 2245 divini
1274 2203 1406 2262 potu
1453 2190 1648 2263 privati
1683 2192 1753 2264 77,
1795 2191 1944 2264 ligno

347 2280 620 2352 passionis
666 2276 866 2335 Christi
893 2293 1087 2352 aquam
1135 2279 1437 2336 edulcatam
1479 2279 1812 2351 baptismatis
1840 2295 1945 2351 po-

345 2378 541 2440 tantes,
576 2367 691 2425 sive
717 2383 841 2440 quaa
870 2377 950 2425 est
978 2367 1034 2422 in
1081 2383 1226 2435 eum,
1259 2367 1585 2440 reviximus;
1622 2384 1653 2424 a
1696 2385 1802 2440 qua
1839 2368 1945 2425 ﬁde

346 2458 512 2515 Israel
565 2457 782 2524 excidit,
857 2457 1154 2514 secundum
1239 2457 1572 2513 Hieremiam
1645 2457 1940 2517 dicentem:

350 2549 573 2617 Mittite,
605 2551 663 2604 et
681 2549 1028 2619 interroyate
1055 2548 1253 2612 nimis,
1285 2548 1336 2603 si
1364 2548 1671 2617 factasunt
1695 2547 1837 2604 talia
1862 2565 1875 2603 :
1898 2550 1948 2605 si

348 2637 660 2694 mutabunt
686 2640 879 2708 gentes
906 2635 1031 2694 deos
1052 2652 1197 2704 suos,
1223 2639 1279 2693 et
1297 2636 1396 2691 isti
1416 2651 1531 2691 non
1561 2639 1699 2691 sunt
1718 2637 1818 2693 dii.
1852 2638 1948 2693 Po.

345 2730 516 2800 putus
545 2730 736 2784 autem
762 2743 920 2784 meus
966 2724 1213 2782 mutavit
1258 2726 1499 2796 gloriam
1536 2741 1720 2792 suam,
1744 2740 1815 2782 ea:
1843 2741 1944 2798 quo

349 2815 497 2874 nihil
517 2816 769 2890 proderit
797 2815 1148 2887 eis.E.vpavit
1177 2815 1384 2870 cretum
1407 2815 1690 2886 superisto
1708 2813 1943 2884 (Jerem.

348 2920 412 2972 ιι,
448 2909 536 2972 t0,
568 2906 682 2975 11).
721 2905 789 2960 Et
808 2903 1084 2976 quomodo
1127 2911 1180 2958 et
1207 2901 1424 2973 quando
1473 2903 1723 2973 expavit?
1777 2903 1944 2958 Indu-

2056 502 2378 556 Remittetis
2397 501 2549 556 enim
2562 515 2763 556 nomen
2785 504 3050 567 vestrum,
3084 501 3146 554 in
3166 501 3490 556 societatem
3503 501 3645 557 elec-

2052 591 2126 645 tis
2137 591 2299 656 meis;
2321 607 2414 647 vos
2435 592 2628 643 autem
2639 589 2945 658 interﬁciat
2963 587 3434 646 Dominus.636
3449 592 3543 647 Eis
3560 607 3653 647 au-

2053 682 2166 734 tem
2187 681 2285 750 qui
2305 679 2564 734 serviunt
2583 678 2750 741 mihi,
2767 694 2972 733 nomen
2998 678 3396 734 nominabitur
3413 695 3649 748 novum,

2052 767 2195 838 quod
2217 767 2574 824 benedicetur
2591 768 2653 821 in
2679 767 2848 823 terris
2878 768 3007 832 (Isa.
3040 781 3175 832 va,
3218 768 3428 835 13-15).
3454 767 3651 824 Adhuc

2053 858 2215 926 hujus
2263 856 2396 929 ligni
2454 866 2850 912 sacramentum
2882 858 2930 894 79
2986 857 3041 911 in
3075 857 3381 930 Regnorum
3411 857 3650 928 legimus

2052 946 2404 1003 celebratum.
2479 945 2613 1000 Nam
2669 961 2792 1001 cum
2869 944 2962 999 ﬁlii
3032 946 3406 1015 prOphetarum
3483 962 3652 1016 super

2053 1035 2251 1090 ﬂumen
2287 1033 2577 1090 Iordanem
2625 1033 2831 1106 lignum
2861 1034 3138 1089 securibus
3177 1033 3466 1099 caederent,
3511 1033 3651 1089 exsi-

2055 1123 2143 1178 liit
2190 1122 2409 1187 ferrum,
2462 1132 2516 1177 et
2561 1137 2792 1176 mersum
2848 1129 2929 1176 est
2973 1123 3028 1177 in
3080 1121 3321 1188 ﬂumine,
3368 1130 3534 1194 atque
3577 1131 3648 1177 tta

2053 1213 2270 1268 Heliseo
2314 1211 2581 1283 prOphcta
2628 1211 3068 1282 superveniente,
3107 1219 3296 1283 petunt
3351 1212 3420 1266 ab
3457 1227 3527 1267 eo
3556 1210 3650 1266 ﬁlii

2056 1303 2433 1374 prOphetarum
2498 1300 2576 1358 uti
2613 1301 2810 1355 ferrum
2853 1300 3057 1357 ﬂumini
3113 1302 3261 1375 quod
3312 1303 3362 1341 90
3408 1317 3653 1357 mersum

2054 1389 2234 1446 fuerat
2291 1399 2518 1447 erueret.
2575 1391 2753 1462 Atque
2796 1390 2868 1446 ita
2916 1390 3164 1448 Heliseus
3203 1397 3422 1463 accepto
3480 1391 3650 1464 ligno,

2054 1489 2106 1536 et
2135 1481 2302 1535 misso
2359 1481 2417 1535 in
2439 1495 2563 1537 eum
2599 1479 2779 1536 locum
2806 1479 2898 1535 ubi
2927 1480 3262 1537 submersum
3301 1480 3478 1538 fuerat
3534 1480 3653 1538 fer-

2054 1583 2197 1635 rum,
2227 1569 2406 1625 statim
2474 1568 2864 1640 supernatavit,
2915 1578 2968 1625 et
3011 1568 3222 1642 lignum
3266 1585 3502 1626 mersum
3546 1578 3649 1635 est,

2057 1658 2201 1732 quod
2231 1666 2552 1729 receperunt
2581 1657 2680 1712 ﬁlii
2713 1659 3099 1730 prophetarum
3135 1660 3226 1732 (Ill
3255 1662 3386 1732 Reg.
3425 1660 3649 1731 VIA-7).

1981 1711 2025 1788 Β
2056 1711 2133 1804 ἐκ
2162 1761 2270 1818 quo
2323 1711 2730 1803 intellexeruntl
2755 1711 2900 1819 qu‘od
2938 1748 3103 1804 Helia:
3137 1711 3380 1821 ‘spiritds
3419 1711 3649 1806 in’eum

2054 1836 2125 1892 sit
2152 1842 2594 1908 repraesentatus.
2639 1835 2782 1904 Quid
2831 1836 3168 1893 manifestius
3198 1839 3358 1908 hujus
3396 1837 3531 1910 ligni
3558 1853 3650 1893 sa-

2052 1933 2328 1983 cramento
2349 1925 2377 1980 ?
2406 1924 2553 1997 quod
2583 1923 2778 1980 duritia
2805 1925 2972 1995 hujus
3010 1927 3193 1983 saeculi
3225 1942 3402 1982 mersa
3429 1927 3486 1982 in
3517 1943 3652 2000 pro-

2052 2015 2220 2071 fundo
2268 2015 2493 2086 erroris,
2533 2022 2587 2070 et
2631 2030 2662 2069 a
2701 2013 2855 2087 ligno
2901 2015 3120 2082 Christi,
3152 2016 3203 2070 id
3251 2023 3333 2072 est
3375 2017 3653 2088 passionis

2054 2105 2192 2175 ejus,
2225 2103 2280 2158 in
2327 2103 2594 2174 baptismo
2638 2103 2918 2172 liberatur,
2958 2114 3016 2160 ut
3063 2105 3210 2177 quod
3247 2107 3484 2176 perierat
3519 2107 3650 2163 olim

2052 2208 2152 2266 per
2198 2192 2404 2265 lignum
2456 2191 2510 2246 in
2549 2191 2742 2259 Adam,
2776 2192 2832 2249 id
2877 2193 3249 2250 restitueretur
3294 2209 3392 2266 per
3438 2194 3651 2267 lignum

2054 2280 2270 2337 Christi.
2331 2280 2501 2336 Nobis
2554 2280 2724 2352 igitur
2773 2282 2821 2320 81
2871 2281 2969 2354 qui
3025 2282 3384 2338 successimus
3431 2283 3487 2338 in
3537 2285 3657 2340 loco

2055 2369 2468 2440 prOphetarum,
2497 2383 2560 2425 ea
2587 2368 2981 2425 sustinentibus
3009 2370 3167 2427 hodie
3195 2370 3247 2424 in
3279 2372 3502 2441 seculo,
3533 2389 3656 2444 quae

2053 2473 2270 2526 semper
2314 2457 2455 2527 passi
2507 2463 2630 2511 sunt
2673 2459 2951 2529 prOphette
2992 2466 3212 2530 propter
3246 2457 3482 2515 divinam
3521 2459 3657 2515 reli-

2053 2545 2298 2618 gionem.
2347 2545 2499 2603 Alios
2526 2545 2670 2601 enim
2699 2546 3094 2616 lapidaverunt,
3126 2545 3262 2602 alios
3313 2546 3656 2618 fugaverunt,

2054 2635 2235 2706 plures
2289 2649 2416 2692 vero
2469 2633 2537 2687 ad
2596 2633 2787 2689 mortis
2842 2650 3027 2690 necem
3085 2633 3454 2699 tradiderunt,
3515 2636 3662 2708 quod

2054 2739 2259 2795 negare
2288 2737 2398 2779 non
2429 2733 2684 2794 possunt.
2723 2722 2838 2778 Hoc
2875 2723 3088 2796 lignum
3119 2722 3222 2778 sibi
3251 2731 3305 2778 et
3337 2725 3489 2780 Isaac
3517 2725 3662 2783 ﬁlius

2055 2813 2294 2868 Abrahae
2334 2813 2400 2868 ad
2430 2810 2752 2868 sacriﬁcium
2793 2812 2908 2884 ipse
2949 2813 3212 2883 portabat,
3243 2828 3366 2869 cum
3395 2813 3498 2868 sibi
3535 2830 3663 2869 eum

2055 2902 2202 2957 Deus
2230 2901 2462 2958 hostiam
2504 2899 2621 2956 ﬁeri
2671 2902 3023 2974 praecepisset
3061 2903 3219 2973 (Gen.
3262 2917 3407 2969 xm,
3437 2905 3517 2977 6).
3553 2905 3664 2960 Sed

346 2994 511 3051 bitate
539 2992 749 3064 quando
777 3007 968 3064 passus
1001 2999 1084 3047 est
1123 2990 1394 3048 Christus:
1431 2991 1507 3049 Et
1559 2991 1823 3064 horruit,
1863 2993 1950 3048 in-
1984 2993 2027 3072 ε
2054 2991 2309 3062 quoniam
2351 2992 2468 3048 haee
2505 2989 2718 3048 fuerant
2761 2999 3112 3059 sacramenta,
3151 3008 3273 3066 quae
3317 2994 3663 3066 temporibus

351 3084 487 3155 quit,
516 3085 837 3157 plurimum
864 3083 1058 3149 nimis,
1075 3085 1131 3140 et
1142 3082 1224 3140 sol
1251 3082 1438 3139 media
1458 3082 1548 3139 die
1579 3083 1948 3142 tenebricavit

350 3175 540 3242 (Amos
580 3187 702 3239 vnt,
745 3174 820 3240 9).
870 3171 938 3228 Et
983 3173 1198 3244 quando
1254 3170 1461 3228 horruit
1497 3171 1689 3240 nimis,
1733 3172 1836 3227 nisi
1893 3173 1946 3229 in

350 3263 602 3336 passione
630 3261 850 3331 Christi,
900 3276 1019 3316 cum
1062 3265 1216 3317 terra
1253 3275 1466 3332 quoque
1497 3262 1860 3326 contremuit,
1893 3264 1950 3317 et

349 3353 540 3410 velum
555 3351 753 3424 templi
773 3352 1014 3406 scissum
1045 3353 1148 3415 est,
1169 3353 1540 3404 manu-menta
1552 3351 1783 3421 dirupta
1813 3353 1949 3406 sunt

241 3519 245 3526 ἱ
352 3443 547 3514 (Math,
578 3457 759 3508 xxvu,
791 3441 924 3511 51)?
977 3438 1245 3508 Quoniam
1285 3439 1396 3496 duo
1448 3438 1564 3495 haec
1606 3440 1764 3496 mala
1809 3442 1948 3511 fecit

363 3531 608 3603 populus
647 3545 831 3589 meus:
865 3545 975 3596 me,
1007 3527 1201 3600 inquit,
1251 3529 1682 3600 dereliquerunt
1728 3531 1947 3599 fontem

351 3635 512 3691 aqua:
542 3622 694 3689 vitae,
717 3625 773 3675 et
801 3619 1070 3690 foderunt
1089 3617 1194 3674 sibi
1209 3619 1366 3674 lacus
1389 3619 1680 3684 contritas,
1707 3619 1803 3691 qui
1831 3634 1944 3675 non

348 3711 624 3779 poterunt
653 3725 856 3780 aquam
883 3708 1177 3764 continere
1194 3706 1423 3778 (Jerem.
1445 3721 1504 3773 ιι,
1521 3707 1631 3778 13).
1645 3706 1948 3765 lndubitate

355 3811 462 3850 non
499 3794 810 3865 recipiendo
842 3794 1134 3860 Christum,
1168 3793 1379 3850 fontem
1414 3810 1568 3866 aquae
1595 3794 1740 3861 vitae,
1799 3794 1948 3852 lacus

353 3882 614 3940 contritos
641 3889 922 3952 coeperunt
977 3883 1197 3947 ltabere,
1230 3882 1286 3935 id
1317 3889 1401 3938 est
1439 3883 1831 3956 synagogasin
1864 3883 1948 3939 di-

353 3971 664 4044 spersiones
689 3970 954 4043 gentium,
985 3970 1040 4026 in
1069 3969 1269 4042 quibus
1304 3971 1415 4040 jam
1456 3973 1689 4044 Spiritus
1725 3980 1948 4030 sanctus

350 4077 461 4118 non
543 4060 875 4127 immoratur,
933 4069 993 4116 ut
1073 4061 1128 4115 in
1202 4060 1530 4132 praeteritum
1611 4062 1666 4118 in
1747 4063 1948 4134 templo

353 4149 788 4207 commorabatur
814 4157 937 4206 ante
989 4149 1278 4206 adventum
1329 4150 1547 4218 Christi,
1579 4151 1675 4223 qui
1713 4159 1798 4207 est
1846 4167 1944 4208 ve-

354 4255 474 4296 rum
525 4237 626 4294 Dei
673 4237 954 4309 templum.
1020 4238 1157 4296 Nam
1227 4245 1281 4294 et
1341 4239 1492 4295 istam
1563 4239 1706 4296 sitim
1773 4241 1940 4298 divini

352 4325 587 4398 Spiritus
615 4341 710 4382 eos
729 4342 988 4398 passuros
1033 4326 1243 4384 dixerat
1299 4327 1560 4401 prOpheta
1606 4328 1796 4403 Isaias,
1855 4329 1938 4384 di-

353 4417 682 4471 censzEcce
709 4417 806 4489 qui
846 4418 1103 4474 serviunt
1157 4416 1319 4482 mihi,
1361 4417 1826 4475 manducabunt:
1852 4435 1942 4476 vos

352 4508 544 4561 autem
564 4505 848 4569 esurietis;
868 4509 1171 4565 servientes
1189 4507 1334 4564 mihi
1353 4508 1716 4581 putabuntur,
1739 4525 1830 4566 vos
1849 4525 1953 4565 au-

2059 3079 2253 3136 Christi
2297 3079 2623 3154 perﬁcienda
2676 3082 3071 3152 servabantur;
3117 3091 3172 3138 et
3214 3087 3365 3140 Isaac
3410 3099 3536 3140 cum
3579 3079 3659 3140 ili-

2057 3184 2164 3242 gno
2211 3179 2512 3228 reservatus
2545 3178 2648 3243 est,
2679 3171 2849 3226 ariete
2878 3170 3058 3226 oblato
3104 3171 3160 3227 in
3190 3187 3362 3242 vepre
3392 3173 3657 3230 cornibus

2057 3261 2315 3326 haerente,
2351 3267 2407 3314 et
2434 3259 2683 3316 Christus
2713 3258 2827 3314 suis
2857 3259 3192 3331 temporibus
3221 3260 3656 3332 lignumhume—

2058 3347 2131 3402 ris
2168 3347 2280 3404 suis
2325 3348 2574 3420 portavit,
2608 3346 2876 3403 inhaerens
2921 3346 3182 3403 cornibus
3229 3349 3420 3416 crucis,
3455 3365 3659 3408 corona

2057 3436 2242 3509 spinea
2271 3436 2328 3491 in
2353 3435 2534 3509 capite
2574 3437 2694 3506 ejus
2735 3435 3086 3492 circumdata.
3117 3436 3272 3492 Hunc
3312 3437 3457 3493 enim
3497 3453 3663 3511 Opor-

2057 3527 2204 3582 tebat
2249 3541 2350 3598 pro
2396 3526 2648 3582 omnibus
2695 3527 2947 3600 gentibus
3000 3523 3122 3582 ﬁeri
3170 3526 3513 3595 sacriﬁcium,
3566 3528 3663 3601 qui

2061 3621 2349 3689 tamquam
2367 3619 2480 3673 ovis
2497 3616 2569 3671 ad
2580 3618 2870 3674 victimam
2890 3614 3093 3673 ductus
3113 3621 3219 3684 est,
3234 3623 3290 3674 et
3307 3618 3466 3675 velut
3481 3636 3663 3692 agnus

2057 3721 2247 3763 coram
2270 3705 2534 3762 tondente
2552 3721 2609 3760 se
2627 3707 2749 3761 sine
2769 3721 2912 3769 voce,
2936 3706 3016 3760 sic
3035 3721 3147 3762 non
3165 3707 3394 3777 aper-uit
3410 3723 3470 3764 os
3490 3725 3662 3766 suum

2056 3794 2189 3866 (Isa.
2247 3805 2362 3861 Lm,
2407 3795 2485 3862 7).
2545 3793 2640 3847 Hic
2693 3792 2838 3849 enim
2893 3793 3062 3850 Pilato
3109 3794 3476 3868 interrogante
3529 3797 3663 3854 nibil

2056 3883 2271 3938 locutus
2297 3881 2711 3952 est(.loan.x1x,
2745 3880 2798 3953 9)
2825 3903 2837 3941 :
2872 3885 2934 3940 in
2967 3882 3298 3940 humilitate
3327 3887 3480 3940 enim
3509 3885 3665 3957 judi-

2058 3973 2374 4042 ciumejus
2401 3971 2697 4028 sublatum
2723 3976 2826 4028 est.
2873 3974 3249 4032 Nativitatem
3295 3980 3490 4031 autem
3539 3978 3663 4047 ejus

2065 4062 2189 4133 quis
2220 4059 2514 4117 enarrabit
2537 4061 2612 4131 (3)
2643 4060 2777 4131 (Isa.
2807 4075 2924 4126 Lm,
2956 4061 3012 4131 8)
3035 4063 3062 4117 ‘?
3093 4063 3218 4132 quia
3247 4062 3422 4120 nullus
3437 4065 3663 4121 omnino

2054 4149 2331 4207 hominum
2361 4149 2654 4206 nativitatis
2685 4149 2881 4205 Christi
2898 4148 3259 4207 fuitconscius
3277 4152 3333 4207 in
3372 4161 3660 4224 conceptu,

2052 4255 2173 4296 cum
2205 4240 2355 4312 virgo
2411 4237 2579 4293 Maria
2607 4238 2774 4295 verbo
2841 4238 2938 4294 Dei
2977 4255 3261 4314 praegnans
3298 4240 3656 4298 inveniretur.

2054 4332 2123 4387 Et
2163 4329 2295 4402 quia
2327 4327 2622 4386 tolleretur
2677 4345 2714 4385 a
2762 4331 2918 4384 terra
2962 4330 3079 4386 vita
3099 4331 3220 4401 ejus
3255 4328 3435 4402 (ibid)
3472 4351 3494 4400 ;
3527 4347 3651 4386 cum

2060 4419 2248 4490 utique
2306 4427 2426 4490 post
2473 4417 2933 4474 resurrectionem
2973 4418 3087 4488 ejus
3118 4417 3424 4488 a,mortuis
3462 4419 3650 4489 qum82

2061 4507 2150 4564 die
2181 4507 2337 4564 tertia
2365 4505 2556 4563 effecta
2595 4515 2697 4576 est,
2729 4505 2856 4563 coeli
2896 4522 3024 4563 eum
3072 4514 3393 4578 receperunt
3448 4523 3649 4564 secun-

1733 4634 1926 4700 Variae
1955 4639 2268 4700 lectiones.

429 4743 690 4824 ἶν’-γει·ὺο
727 4747 912 4824 divino
929 4745 1437 4824 propinatiuobert.
1494 4749 1680 4824 ASeml.
1707 4749 1772 4824 7'78
1801 4750 1887 4808 Ad
1919 4750 2420 4809 contribulationem
2466 4747 2660 4807 iidem.
2692 4746 2742 4786 79
2768 4747 2946 4806 Etiam
2991 4747 3150 4807 addit
3177 4746 3359 4824 _Seml.
3413 4746 3466 4789 ⁸ο
3521 4747 3644 4818 Quo

359 4819 464 4877 alii
486 4821 534 4859 δι
556 4822 672 4877 Nos
705 4821 888 4893 utique
925 4819 1168 4880 Wouver.
1202 4821 1252 4858 ⁸³
1280 4819 1415 4888 Quia
1475 4821 1653 4880 Obert.
1688 4823 1860 4881 Seml.

1743 4923 2243 4990 Commentarius.

424 5027 504 5098 (t)
562 5025 666 5084 Sed
699 5026 950 5100 Christus
980 5026 1083 5100 qui
1111 5028 1424 5100 cruciﬁxus
1452 5031 1554 5086 est.
1587 5029 1822 5086 Barbara
1851 5030 1942 5088 illa

347 5098 658 5174 Iudaeorum
689 5100 839 5174 natio
867 5098 1135 5174 Christum
1166 5098 1454 5174 Dominum
1510 5102 1783 5160 violentia
1810 5106 1941 5174 suf-

348 5172 668 5246 fragiorum
685 5173 748 5246 in
768 5171 1549 5246 crucem_ded_i_postulavit,_ut
1566 5188 1683 5245 cap.
1711 5178 1772 5229 2t
1809 5171 1943 5246 Apo-

353 5245 682 5316 log.;_quam
712 5242 768 5296 in
816 5258 932 5298 rem
954 5315 958 5316 ί
980 5242 1240 5316 Cyrilll‘us
1276 5243 1432 5316 Alex.
1453 5242 1706 5316 'homfd,
1738 5246 1802 5300 de
1828 5242 1937 5316 fer.

350 5314 548 5388 Pasch.
570 5315 1168 5388 ETCUPQ‘RPOQXCDXGGW
1197 5314 1244 5369 οἱ
1272 5315 1546 5388 πάντολμοι
1570 5322 1665 5369 τῶν
1686 5314 1940 5388 Ἴουδὰίῳν

347 5386 480 5460 toto},
509 5403 590 5460 non
619 5379 719 5460 ιτᾶῦ
746 5379 878 5449 ὲῗδὸς
907 5379 1239 5460 ἐέτενεγχόντες
1264 5388 1435 5460 κακίας
1467 5379 1528 5460 ’τε
1585 5387 1826 5460 ὁμρῦ-καὶ
1865 5386 1940 5440 ἆτι

351 5454 478 5528 μίας,
517 5458 706 5527 Θανάτῳ
727 5454 1154 5528 παραδεδώκαὶην.
1186 5457 1590 5514 αΑιιόειοὶεεὶῐηθ.
1613 5454 1942 5513 ’.ῐιιᾶωοΐιιῐη

351 5479 478 5528 μιας,
517 5479 706 5527 υανατῳ
727 5479 794 5512 πα
827 5479 1154 5515 αοεοωκασιν.
1186 5479 1590 5514 αΛυσΗοιδειιῐιδ.
1633 5479 1942 5513 διιαωοῖιιιῐι

348 5527 494 5583 natio
525 5529 669 5586 cruci
689 5479 912 5598 sufﬁxit,
926 5538 979 5586 et
1007 5531 1153 5588 omni
1173 5529 1423 5602 supplicii
1436 5538 1597 5602 atque
1630 5528 1942 5605 ignominia

2054 5047 2257 5104 genere
2286 5026 2540 5104 affectum
2561 5032 2738 5086 morte
2765 5027 3063 5086 mulctavit.
3093 5049 3117 5081 θ
3149 5029 3225 5086 La
3257 5042 3347 5088 ett.

2125 5102 2200 5175 (2)
2232 5103 2339 5175 Illa
2366 5105 2520 5158 terra
2560 5103 2821 5174 virgo,-ﬁj
2877 5104 3145 5175 παρθένοςε
3205 5105 3362 5159 etiam
3411 5101 3648 5159 [remeas

2049 5173 2126 5230 sic
2156 5173 2283 5228 dicit
2312 5174 2488 5229 Sam.

2122 5246 2197 5319 (3)
2230 5246 2600 5319 Nativitatem
2633 5251 2826 5303 autem
2854 5247 2974 5318 ejus
3011 5248 3140 5319 quis
3161 5244 3496 5319 enarrabit?
3523 5247 3649 5302 Non

2049 5316 2272 5389 dubium
2301 5317 2430 5387 quin
2467 5316 2546 5371 ita
2569 5317 2860 5389 legendum
2877 5316 2975 5386 ἐὴ,
3004 5316 3160 5387 juxta
3207 5317 3468 5374 editiones
3519 5333 3647 5373 om-

2049 5402 2148 5443 nes
2177 5387 2346 5454 Isaiaa,
2371 5403 2482 5444 non
2510 5387 2691 5444 autem
2749 5393 3060 5456 enarravit,
3089 5389 3320 5446 maxime
3353 5403 3478 5445 cum
3513 5389 3650 5445 illud

2050 5459 2212 5534 etiam
2233 5459 2380 5534 legat
2407 5459 2838 5534 B.___Cyprian_us,
2867 5460 2964 5534 lib.
3006 5478 3042 5516 ιι
3083 5462 3207 5518 adv.
3239 5461 3478 5534 Iudaeos,
3523 5477 3648 5534 cap.

2050 5532 2223 5659 ﬁtﬁt
2269 5530 2409 5587 infra
2461 5530 2570 5587 lib.
2606 5535 2660 5588 ui
2695 5531 2821 5591 adv.
2859 5532 3198 5591 Marcionem
3243 5530 3646 5594 Tertullianus.
