  <div class='ocr_page' id='page_1' title='image "/cluster/home/n/w/nwhite01/storage/ocr_20150623/2/hvd.32044096580329/344.png"; bbox 0 0 4016 6188; ppageno 0'>
   <div class='ocr_carea' id='block_1_1' title="bbox 301 304 400 361">
    <p class='ocr_par' dir='ltr' id='par_1_1' title="bbox 301 304 400 361">
     <span class='ocr_line' id='line_1_1' title="bbox 301 304 400 361; baseline -0.03 0"><span class='ocrx_word' id='word_1_1' title='bbox 301 304 400 361; x_wconf 82' lang='lat'><strong><em>677</em></strong></span> 
     </span>
    </p>
   </div>
   <div class='ocr_carea' id='block_1_2' title="bbox 1579 297 2283 360">
    <p class='ocr_par' dir='ltr' id='par_1_2' title="bbox 1579 297 2283 360">
     <span class='ocr_line' id='line_1_2' title="bbox 1579 297 2283 360; baseline 0 -4"><span class='ocrx_word' id='word_1_2' title='bbox 1579 297 1770 357; x_wconf 79' lang='lat' dir='ltr'><strong><em>LIBER</em></strong></span> <span class='ocrx_word' id='word_1_3' title='bbox 1811 297 1960 357; x_wconf 77' lang='lat' dir='ltr'><strong><em>ADV.</em></strong></span> <span class='ocrx_word' id='word_1_4' title='bbox 2004 297 2283 360; x_wconf 51' lang='lat' dir='ltr'><strong><em>JUDiEOS.</em></strong></span> 
     </span>
    </p>
   </div>
   <div class='ocr_carea' id='block_1_3' title="bbox 3485 317 3588 374">
    <p class='ocr_par' dir='ltr' id='par_1_3' title="bbox 3485 317 3588 374">
     <span class='ocr_line' id='line_1_3' title="bbox 3485 317 3588 374; baseline 0.01 -1"><span class='ocrx_word' id='word_1_5' title='bbox 3485 317 3588 374; x_wconf 72' lang='lat'><strong><em>978</em></strong></span> 
     </span>
    </p>
   </div>
   <div class='ocr_carea' id='block_1_4' title="bbox 299 424 3585 519">
    <p class='ocr_par' dir='ltr' id='par_1_4' title="bbox 299 424 3585 519">
     <span class='ocr_line' id='line_1_4' title="bbox 299 424 3585 519; baseline 0.005 -36"><span class='ocrx_word' id='word_1_6' title='bbox 299 429 422 484; x_wconf 89' lang='lat' dir='ltr'><strong><em>dum</em></strong></span> <span class='ocrx_word' id='word_1_7' title='bbox 465 425 803 498; x_wconf 76' lang='lat' dir='ltr'><strong><em>prophetiam</em></strong></span> <span class='ocrx_word' id='word_1_8' title='bbox 847 424 990 482; x_wconf 87' lang='lat' dir='ltr'><strong><em>Osee</em></strong></span> <span class='ocrx_word' id='word_1_9' title='bbox 1042 424 1299 480; x_wconf 80' lang='lat' dir='ltr'><strong><em>emissam</em></strong></span> <span class='ocrx_word' id='word_1_10' title='bbox 1329 424 1641 494; x_wconf 85' lang='lat' dir='ltr'><strong><em>hujusmodi</em></strong></span> <span class='ocrx_word' id='word_1_11' title='bbox 1673 441 1687 478; x_wconf 90' lang='lat'>:</span> <span class='ocrx_word' id='word_1_12' title='bbox 1739 427 1885 481; x_wconf 83' lang='lat' dir='ltr'><strong><em>Ante</em></strong></span> <span class='ocrx_word' id='word_1_13' title='bbox 1918 440 1964 519; x_wconf 64' lang='grc' dir='ltr'><strong>Α</strong></span> <span class='ocrx_word' id='word_1_14' title='bbox 1994 426 2254 497; x_wconf 90' lang='lat' dir='ltr'><strong><em>scriptum</em></strong></span> <span class='ocrx_word' id='word_1_15' title='bbox 2282 433 2399 482; x_wconf 91' lang='lat' dir='ltr'><strong><em>est:</em></strong></span> <span class='ocrx_word' id='word_1_16' title='bbox 2435 430 2668 502; x_wconf 75' lang='lat' dir='ltr'><strong><em>Propter</em></strong></span> <span class='ocrx_word' id='word_1_17' title='bbox 2697 445 2785 486; x_wconf 87' lang='lat' dir='ltr'><strong><em>vos</em></strong></span> <span class='ocrx_word' id='word_1_18' title='bbox 2815 448 3017 488; x_wconf 86' lang='lat' dir='ltr'><strong><em>nomen</em></strong></span> <span class='ocrx_word' id='word_1_19' title='bbox 3041 436 3133 493; x_wconf 86' lang='lat' dir='ltr'><strong><em>Dei</em></strong></span> <span class='ocrx_word' id='word_1_20' title='bbox 3162 437 3585 511; x_wconf 80' lang='lat' dir='ltr'><strong><em>blasphematur</em></strong></span> 
     </span>
    </p>
   </div>
   <div class='ocr_carea' id='block_1_5' title="bbox 299 514 1887 588">
    <p class='ocr_par' dir='ltr' id='par_1_5' title="bbox 299 514 1887 588">
     <span class='ocr_line' id='line_1_5' title="bbox 299 514 1887 588; baseline -0.001 -17"><span class='ocrx_word' id='word_1_21' title='bbox 299 518 481 574; x_wconf 85' lang='lat' dir='ltr'><strong><em>lucem</em></strong></span> <span class='ocrx_word' id='word_1_22' title='bbox 509 519 745 588; x_wconf 77' lang='lat' dir='ltr'><strong><em>surgent</em></strong></span> <span class='ocrx_word' id='word_1_23' title='bbox 770 515 843 570; x_wconf 88' lang='lat' dir='ltr'><strong><em>ad</em></strong></span> <span class='ocrx_word' id='word_1_24' title='bbox 871 531 962 572; x_wconf 88' lang='lat' dir='ltr'><strong><em>me</em></strong></span> <span class='ocrx_word' id='word_1_25' title='bbox 990 514 1235 572; x_wconf 78' lang='lat' dir='ltr'><strong><em>dicentes</em></strong></span> <span class='ocrx_word' id='word_1_26' title='bbox 1264 534 1282 569; x_wconf 88' lang='lat'><strong><em>:</em></strong></span> <span class='ocrx_word' id='word_1_27' title='bbox 1313 516 1524 572; x_wconf 82' lang='lat' dir='ltr'><strong><em>Eamus</em></strong></span> <span class='ocrx_word' id='word_1_28' title='bbox 1555 518 1610 572; x_wconf 92' lang='lat' dir='ltr'><strong><em>et</em></strong></span> <span class='ocrx_word' id='word_1_29' title='bbox 1630 518 1887 570; x_wconf 88' lang='lat' dir='ltr'><strong><em>reverta-</em></strong></span> 
     </span>
    </p>
   </div>
   <div class='ocr_carea' id='block_1_6' title="bbox 294 603 1891 675">
    <p class='ocr_par' dir='ltr' id='par_1_6' title="bbox 294 603 1891 675">
     <span class='ocr_line' id='line_1_6' title="bbox 294 603 1891 675; baseline -0.002 -14"><span class='ocrx_word' id='word_1_30' title='bbox 294 621 428 661; x_wconf 85' lang='lat' dir='ltr'><strong><em>mur</em></strong></span> <span class='ocrx_word' id='word_1_31' title='bbox 454 604 525 660; x_wconf 90' lang='lat' dir='ltr'><strong><em>ad</em></strong></span> <span class='ocrx_word' id='word_1_32' title='bbox 555 605 861 661; x_wconf 86' lang='lat' dir='ltr'><strong><em>Dominum</em></strong></span> <span class='ocrx_word' id='word_1_33' title='bbox 898 605 1092 670; x_wconf 89' lang='lat' dir='ltr'><strong><em>Deum,</em></strong></span> <span class='ocrx_word' id='word_1_34' title='bbox 1142 603 1410 675; x_wconf 87' lang='lat' dir='ltr'><strong><em>quoniam</em></strong></span> <span class='ocrx_word' id='word_1_35' title='bbox 1438 603 1558 674; x_wconf 90' lang='lat' dir='ltr'><strong><em>ipse</em></strong></span> <span class='ocrx_word' id='word_1_36' title='bbox 1595 603 1797 674; x_wconf 78' lang='lat' dir='ltr'><strong><em>eripiet</em></strong></span> <span class='ocrx_word' id='word_1_37' title='bbox 1834 607 1891 659; x_wconf 86' lang='lat' dir='ltr'><strong><em>et</em></strong></span> 
     </span>
    </p>
   </div>
   <div class='ocr_carea' id='block_1_7' title="bbox 294 689 1887 764">
    <p class='ocr_par' dir='ltr' id='par_1_7' title="bbox 294 689 1887 764">
     <span class='ocr_line' id='line_1_7' title="bbox 294 689 1887 764; baseline -0.003 -15"><span class='ocrx_word' id='word_1_38' title='bbox 294 693 555 750; x_wconf 73' lang='lat' dir='ltr'><strong><em>liberabit</em></strong></span> <span class='ocrx_word' id='word_1_39' title='bbox 592 709 717 763; x_wconf 87' lang='lat' dir='ltr'><strong><em>nos,</em></strong></span> <span class='ocrx_word' id='word_1_40' title='bbox 745 697 872 764; x_wconf 89' lang='lat' dir='ltr'><strong><em>post</em></strong></span> <span class='ocrx_word' id='word_1_41' title='bbox 902 691 1134 747; x_wconf 77' lang='lat' dir='ltr'><strong><em>biduum</em></strong></span> <span class='ocrx_word' id='word_1_42' title='bbox 1165 692 1256 748; x_wconf 89' lang='lat' dir='ltr'><strong><em>die</em></strong></span> <span class='ocrx_word' id='word_1_43' title='bbox 1287 693 1464 749; x_wconf 90' lang='lat' dir='ltr'><strong><em>tertia</em></strong></span> <span class='ocrx_word' id='word_1_44' title='bbox 1493 691 1572 761; x_wconf 76' lang='grc'><strong><em>(4)</em></strong></span> <span class='ocrx_word' id='word_1_45' title='bbox 1591 689 1779 762; x_wconf 75' lang='lat' dir='ltr'><strong><em>(Osee,</em></strong></span> <span class='ocrx_word' id='word_1_46' title='bbox 1811 706 1887 755; x_wconf 84' lang='lat' dir='ltr'><strong><em>vt,</em></strong></span> 
     </span>
    </p>
   </div>
   <div class='ocr_carea' id='block_1_8' title="bbox 292 779 1891 855">
    <p class='ocr_par' dir='ltr' id='par_1_8' title="bbox 292 779 1891 855">
     <span class='ocr_line' id='line_1_8' title="bbox 292 779 1891 855; baseline -0.001 -20"><span class='ocrx_word' id='word_1_47' title='bbox 292 780 436 852; x_wconf 79' lang='grc'><strong>1-3),</strong></span> <span class='ocrx_word' id='word_1_48' title='bbox 456 779 628 837; x_wconf 76' lang='lat'><strong>637</strong></span> <span class='ocrx_word' id='word_1_49' title='bbox 653 797 774 852; x_wconf 83' lang='lat' dir='ltr'><strong><em>quae</em></strong></span> <span class='ocrx_word' id='word_1_50' title='bbox 795 788 879 837; x_wconf 88' lang='lat' dir='ltr'><strong><em>est</em></strong></span> <span class='ocrx_word' id='word_1_51' title='bbox 900 780 1216 837; x_wconf 78' lang='lat' dir='ltr'><strong><em>resurrectio</em></strong></span> <span class='ocrx_word' id='word_1_52' title='bbox 1238 782 1358 851; x_wconf 86' lang='lat' dir='ltr'><strong><em>ejus</em></strong></span> <span class='ocrx_word' id='word_1_53' title='bbox 1377 781 1637 855; x_wconf 77' lang='lat' dir='ltr'><strong><em>gloriosa,</em></strong></span> <span class='ocrx_word' id='word_1_54' title='bbox 1664 781 1729 835; x_wconf 90' lang='lat' dir='ltr'><strong><em>de</em></strong></span> <span class='ocrx_word' id='word_1_55' title='bbox 1749 787 1891 836; x_wconf 88' lang='lat' dir='ltr'><strong><em>terra</em></strong></span> 
     </span>
    </p>
   </div>
   <div class='ocr_carea' id='block_1_9' title="bbox 291 868 1889 942">
    <p class='ocr_par' dir='ltr' id='par_1_9' title="bbox 291 868 1889 942">
     <span class='ocr_line' id='line_1_9' title="bbox 291 868 1889 942; baseline 0 -18"><span class='ocrx_word' id='word_1_56' title='bbox 291 870 343 924; x_wconf 91' lang='lat' dir='ltr'><strong><em>in</em></strong></span> <span class='ocrx_word' id='word_1_57' title='bbox 375 868 546 926; x_wconf 73' lang='lat' dir='ltr'><strong><em>ccelos</em></strong></span> <span class='ocrx_word' id='word_1_58' title='bbox 575 885 699 924; x_wconf 89' lang='lat' dir='ltr'><strong><em>eum</em></strong></span> <span class='ocrx_word' id='word_1_59' title='bbox 739 869 963 942; x_wconf 85' lang='lat' dir='ltr'><strong><em>recepit,</em></strong></span> <span class='ocrx_word' id='word_1_60' title='bbox 997 869 1142 925; x_wconf 91' lang='lat' dir='ltr'><strong><em>unde</em></strong></span> <span class='ocrx_word' id='word_1_61' title='bbox 1187 878 1240 924; x_wconf 89' lang='lat' dir='ltr'><strong><em>et</em></strong></span> <span class='ocrx_word' id='word_1_62' title='bbox 1269 878 1494 926; x_wconf 76' lang='lat' dir='ltr'><strong><em>venerat</em></strong></span> <span class='ocrx_word' id='word_1_63' title='bbox 1524 869 1640 942; x_wconf 90' lang='lat' dir='ltr'><strong><em>ipse</em></strong></span> <span class='ocrx_word' id='word_1_64' title='bbox 1669 869 1889 939; x_wconf 74' lang='lat' dir='ltr'><strong><em>spiritus</em></strong></span> 
     </span>
    </p>
   </div>
   <div class='ocr_carea' id='block_1_10' title="bbox 289 949 1889 1030">
    <p class='ocr_par' dir='ltr' id='par_1_10' title="bbox 289 949 1889 1030">
     <span class='ocr_line' id='line_1_10' title="bbox 289 949 1889 1030; baseline 0 -17"><span class='ocrx_word' id='word_1_65' title='bbox 289 960 356 1013; x_wconf 88' lang='lat' dir='ltr'><strong><em>ad</em></strong></span> <span class='ocrx_word' id='word_1_66' title='bbox 402 959 722 1030; x_wconf 78' lang='lat' dir='ltr'><strong><em>Virginem;</em></strong></span> <span class='ocrx_word' id='word_1_67' title='bbox 755 960 916 1028; x_wconf 87' lang='lat' dir='ltr'><strong><em>cujus</em></strong></span> <span class='ocrx_word' id='word_1_68' title='bbox 969 974 1141 1030; x_wconf 87' lang='lat' dir='ltr'><strong><em>neque</em></strong></span> <span class='ocrx_word' id='word_1_69' title='bbox 1169 949 1522 1025; x_wconf 79' lang='lat' dir='ltr'><strong><em>nativitatem,</em></strong></span> <span class='ocrx_word' id='word_1_70' title='bbox 1554 974 1730 1030; x_wconf 89' lang='lat' dir='ltr'><strong><em>neque</em></strong></span> <span class='ocrx_word' id='word_1_71' title='bbox 1769 975 1889 1028; x_wconf 89' lang='lat' dir='ltr'><strong><em>pas-</em></strong></span> 
     </span>
    </p>
   </div>
   <div class='ocr_carea' id='block_1_11' title="bbox 289 1044 1890 1120">
    <p class='ocr_par' dir='ltr' id='par_1_11' title="bbox 289 1044 1890 1120">
     <span class='ocr_line' id='line_1_11' title="bbox 289 1044 1890 1120; baseline 0 -19"><span class='ocrx_word' id='word_1_72' title='bbox 289 1045 504 1101; x_wconf 87' lang='lat' dir='ltr'><strong><em>sionem</em></strong></span> <span class='ocrx_word' id='word_1_73' title='bbox 549 1045 722 1101; x_wconf 81' lang='lat' dir='ltr'><strong><em>Judaei</em></strong></span> <span class='ocrx_word' id='word_1_74' title='bbox 770 1053 1124 1116; x_wconf 82' lang='lat' dir='ltr'><strong><em>agnoverunt.</em></strong></span> <span class='ocrx_word' id='word_1_75' title='bbox 1177 1046 1363 1120; x_wconf 72' lang='lat' dir='ltr'><strong><em>Igitur,</em></strong></span> <span class='ocrx_word' id='word_1_76' title='bbox 1422 1045 1675 1118; x_wconf 91' lang='lat' dir='ltr'><strong><em>quoniam</em></strong></span> <span class='ocrx_word' id='word_1_77' title='bbox 1717 1044 1890 1101; x_wconf 82' lang='lat' dir='ltr'><strong><em>adhuc</em></strong></span> 
     </span>
    </p>
   </div>
   <div class='ocr_carea' id='block_1_12' title="bbox 284 1133 1891 1191">
    <p class='ocr_par' dir='ltr' id='par_1_12' title="bbox 284 1133 1891 1191">
     <span class='ocr_line' id='line_1_12' title="bbox 284 1133 1891 1191; baseline -0.002 0"><span class='ocrx_word' id='word_1_78' title='bbox 284 1133 815 1191; x_wconf 73' lang='lat' dir='ltr'><strong><em>eontenduntJudtei</em></strong></span> <span class='ocrx_word' id='word_1_79' title='bbox 835 1135 1062 1191; x_wconf 86' lang='lat' dir='ltr'><strong><em>necdum</em></strong></span> <span class='ocrx_word' id='word_1_80' title='bbox 1081 1135 1298 1190; x_wconf 79' lang='lat' dir='ltr'><strong><em>venisse</em></strong></span> <span class='ocrx_word' id='word_1_81' title='bbox 1334 1135 1604 1190; x_wconf 81' lang='lat' dir='ltr'><strong><em>Christum</em></strong></span> <span class='ocrx_word' id='word_1_82' title='bbox 1626 1147 1810 1190; x_wconf 89' lang='lat' dir='ltr'><strong><em>eorum</em></strong></span> <span class='ocrx_word' id='word_1_83' title='bbox 1842 1135 1891 1170; x_wconf 77' lang='lat'>83</span> 
     </span>
    </p>
   </div>
   <div class='ocr_carea' id='block_1_13' title="bbox 286 1221 1892 1297">
    <p class='ocr_par' dir='ltr' id='par_1_13' title="bbox 286 1221 1892 1297">
     <span class='ocr_line' id='line_1_13' title="bbox 286 1221 1892 1297; baseline -0.002 -18"><span class='ocrx_word' id='word_1_84' title='bbox 286 1239 451 1297; x_wconf 87' lang='lat' dir='ltr'><strong><em>quem</em></strong></span> <span class='ocrx_word' id='word_1_85' title='bbox 491 1231 568 1280; x_wconf 93' lang='lat' dir='ltr'><strong><em>tot</em></strong></span> <span class='ocrx_word' id='word_1_86' title='bbox 594 1223 775 1279; x_wconf 89' lang='lat' dir='ltr'><strong><em>modis</em></strong></span> <span class='ocrx_word' id='word_1_87' title='bbox 799 1221 1217 1293; x_wconf 87' lang='lat' dir='ltr'><strong><em>adprobavimus</em></strong></span> <span class='ocrx_word' id='word_1_88' title='bbox 1245 1223 1476 1289; x_wconf 88' lang='lat' dir='ltr'><strong><em>venisse,</em></strong></span> <span class='ocrx_word' id='word_1_89' title='bbox 1503 1229 1892 1297; x_wconf 83' lang='lat' dir='ltr'><strong><em>recOgnoscant</em></strong></span> 
     </span>
    </p>
   </div>
   <div class='ocr_carea' id='block_1_14' title="bbox 287 1311 1895 1384">
    <p class='ocr_par' dir='ltr' id='par_1_14' title="bbox 287 1311 1895 1384">
     <span class='ocr_line' id='line_1_14' title="bbox 287 1311 1895 1384; baseline -0.001 -17"><span class='ocrx_word' id='word_1_90' title='bbox 287 1314 470 1369; x_wconf 66' lang='lat' dir='ltr'><strong><em>Judaei</em></strong></span> <span class='ocrx_word' id='word_1_91' title='bbox 512 1312 718 1370; x_wconf 78' lang='lat' dir='ltr'><strong><em>exitum</em></strong></span> <span class='ocrx_word' id='word_1_92' title='bbox 767 1327 950 1384; x_wconf 86' lang='lat' dir='ltr'><strong><em>suum,</em></strong></span> <span class='ocrx_word' id='word_1_93' title='bbox 998 1327 1157 1384; x_wconf 91' lang='lat' dir='ltr'><strong><em>quem</em></strong></span> <span class='ocrx_word' id='word_1_94' title='bbox 1203 1321 1327 1383; x_wconf 86' lang='lat' dir='ltr'><strong><em>post</em></strong></span> <span class='ocrx_word' id='word_1_95' title='bbox 1372 1311 1664 1368; x_wconf 78' lang='lat' dir='ltr'><strong><em>adventum</em></strong></span> <span class='ocrx_word' id='word_1_96' title='bbox 1695 1311 1895 1368; x_wconf 86' lang='lat' dir='ltr'><strong><em>Christi</em></strong></span> 
     </span>
    </p>
   </div>
   <div class='ocr_carea' id='block_1_15' title="bbox 289 1401 1888 1474">
    <p class='ocr_par' dir='ltr' id='par_1_15' title="bbox 289 1401 1888 1474">
     <span class='ocr_line' id='line_1_15' title="bbox 289 1401 1888 1474; baseline -0.002 -17"><span class='ocrx_word' id='word_1_97' title='bbox 289 1401 514 1458; x_wconf 82' lang='lat' dir='ltr'><strong><em>relaturi</em></strong></span> <span class='ocrx_word' id='word_1_98' title='bbox 561 1401 992 1474; x_wconf 85' lang='lat' dir='ltr'><strong><em>praecinebantur</em></strong></span> <span class='ocrx_word' id='word_1_99' title='bbox 1020 1401 1090 1458; x_wconf 88' lang='lat' dir='ltr'><strong><em>ob</em></strong></span> <span class='ocrx_word' id='word_1_100' title='bbox 1125 1401 1452 1473; x_wconf 86' lang='lat' dir='ltr'><strong><em>impietatem</em></strong></span> <span class='ocrx_word' id='word_1_101' title='bbox 1491 1404 1589 1473; x_wconf 80' lang='lat'><strong><em>(5),</em></strong></span> <span class='ocrx_word' id='word_1_102' title='bbox 1625 1418 1734 1474; x_wconf 87' lang='lat' dir='ltr'><strong><em>qua</em></strong></span> <span class='ocrx_word' id='word_1_103' title='bbox 1763 1416 1888 1456; x_wconf 91' lang='lat' dir='ltr'><strong><em>eum</em></strong></span> 
     </span>
    </p>
   </div>
   <div class='ocr_carea' id='block_1_16' title="bbox 287 1489 1891 1562">
    <p class='ocr_par' dir='ltr' id='par_1_16' title="bbox 287 1489 1891 1562">
     <span class='ocr_line' id='line_1_16' title="bbox 287 1489 1891 1562; baseline -0.002 -16"><span class='ocrx_word' id='word_1_104' title='bbox 287 1500 341 1546; x_wconf 89' lang='lat' dir='ltr'><strong><em>et</em></strong></span> <span class='ocrx_word' id='word_1_105' title='bbox 385 1491 746 1562; x_wconf 80' lang='lat' dir='ltr'><strong><em>despexerunt</em></strong></span> <span class='ocrx_word' id='word_1_106' title='bbox 816 1497 869 1546; x_wconf 91' lang='lat' dir='ltr'><strong><em>et</em></strong></span> <span class='ocrx_word' id='word_1_107' title='bbox 930 1489 1334 1546; x_wconf 88' lang='lat' dir='ltr'><strong><em>interfecerunt.</em></strong></span> <span class='ocrx_word' id='word_1_108' title='bbox 1385 1491 1563 1546; x_wconf 89' lang='lat' dir='ltr'><strong><em>Primo</em></strong></span> <span class='ocrx_word' id='word_1_109' title='bbox 1619 1491 1764 1546; x_wconf 90' lang='lat' dir='ltr'><strong><em>enim</em></strong></span> <span class='ocrx_word' id='word_1_110' title='bbox 1825 1505 1891 1544; x_wconf 87' lang='lat' dir='ltr'><strong><em>ex</em></strong></span> 
     </span>
    </p>
   </div>
   <div class='ocr_carea' id='block_1_17' title="bbox 287 1579 1889 1652">
    <p class='ocr_par' dir='ltr' id='par_1_17' title="bbox 287 1579 1889 1652">
     <span class='ocr_line' id='line_1_17' title="bbox 287 1579 1889 1652; baseline 0 -18"><span class='ocrx_word' id='word_1_111' title='bbox 287 1597 394 1652; x_wconf 89' lang='lat' dir='ltr'><strong><em>qua</em></strong></span> <span class='ocrx_word' id='word_1_112' title='bbox 449 1579 557 1649; x_wconf 88' lang='lat' dir='ltr'><strong><em>die,</em></strong></span> <span class='ocrx_word' id='word_1_113' title='bbox 621 1579 919 1635; x_wconf 82' lang='lat' dir='ltr'><strong><em>secundum</em></strong></span> <span class='ocrx_word' id='word_1_114' title='bbox 963 1579 1114 1636; x_wconf 89' lang='lat' dir='ltr'><strong><em>illum</em></strong></span> <span class='ocrx_word' id='word_1_115' title='bbox 1168 1579 1370 1635; x_wconf 88' lang='lat' dir='ltr'><strong><em>dictum</em></strong></span> <span class='ocrx_word' id='word_1_116' title='bbox 1419 1580 1591 1645; x_wconf 85' lang='lat' dir='ltr'><strong><em>Isaiae,</em></strong></span> <span class='ocrx_word' id='word_1_117' title='bbox 1643 1580 1889 1651; x_wconf 86' lang='lat' dir='ltr'><strong><em>Projecit</em></strong></span> 
     </span>
    </p>
   </div>
   <div class='ocr_carea' id='block_1_18' title="bbox 294 1668 1891 1742">
    <p class='ocr_par' dir='ltr' id='par_1_18' title="bbox 294 1668 1891 1742">
     <span class='ocr_line' id='line_1_18' title="bbox 294 1668 1891 1742; baseline -0.001 -16"><span class='ocrx_word' id='word_1_118' title='bbox 294 1670 455 1726; x_wconf 84' lang='lat' dir='ltr'><strong><em>homo</em></strong></span> <span class='ocrx_word' id='word_1_119' title='bbox 513 1668 975 1727; x_wconf 87' lang='lat' dir='ltr'><strong><em>abominamenta</em></strong></span> <span class='ocrx_word' id='word_1_120' title='bbox 1014 1685 1121 1725; x_wconf 89' lang='lat' dir='ltr'><strong><em>sua</em></strong></span> <span class='ocrx_word' id='word_1_121' title='bbox 1150 1686 1330 1726; x_wconf 87' lang='lat' dir='ltr'><strong><em>aurea</em></strong></span> <span class='ocrx_word' id='word_1_122' title='bbox 1371 1674 1427 1726; x_wconf 92' lang='lat' dir='ltr'><strong><em>et</em></strong></span> <span class='ocrx_word' id='word_1_123' title='bbox 1463 1674 1732 1742; x_wconf 89' lang='lat' dir='ltr'><strong><em>argentea</em></strong></span> <span class='ocrx_word' id='word_1_124' title='bbox 1769 1685 1891 1741; x_wconf 68' lang='lat' dir='ltr'><strong><em>quae</em></strong></span> 
     </span>
    </p>
   </div>
   <div class='ocr_carea' id='block_1_19' title="bbox 2005 515 3586 600">
    <p class='ocr_par' dir='ltr' id='par_1_19' title="bbox 2005 515 3586 600">
     <span class='ocr_line' id='line_1_19' title="bbox 2005 515 3586 600; baseline 0.009 -30"><span class='ocrx_word' id='word_1_125' title='bbox 2005 517 2066 570; x_wconf 91' lang='lat' dir='ltr'><strong><em>in</em></strong></span> <span class='ocrx_word' id='word_1_126' title='bbox 2093 515 2350 586; x_wconf 76' lang='lat' dir='ltr'><strong><em>gentibus</em></strong></span> <span class='ocrx_word' id='word_1_127' title='bbox 2381 518 2511 586; x_wconf 85' lang='lat' dir='ltr'><strong><em>(Isa.</em></strong></span> <span class='ocrx_word' id='word_1_128' title='bbox 2547 533 2664 576; x_wconf 87' lang='lat' dir='ltr'><strong><em>Lm.</em></strong></span> <span class='ocrx_word' id='word_1_129' title='bbox 2697 521 2758 587; x_wconf 70' lang='grc' dir='ltr'><strong><em>ὗς</em></strong></span> <span class='ocrx_word' id='word_1_130' title='bbox 2792 522 2986 577; x_wconf 67' lang='lat' dir='ltr'><strong><em>Ezech.</em></strong></span> <span class='ocrx_word' id='word_1_131' title='bbox 3021 537 3180 592; x_wconf 76' lang='lat' dir='ltr'><strong><em>xxvr,</em></strong></span> <span class='ocrx_word' id='word_1_132' title='bbox 3215 531 3325 600; x_wconf 88' lang='lat'><strong><em>20).</em></strong></span> <span class='ocrx_word' id='word_1_133' title='bbox 3366 530 3451 584; x_wconf 84' lang='lat' dir='ltr'><strong><em>Ab</em></strong></span> <span class='ocrx_word' id='word_1_134' title='bbox 3481 528 3586 585; x_wconf 87' lang='lat' dir='ltr'><strong><em>illis</em></strong></span> 
     </span>
    </p>
   </div>
   <div class='ocr_carea' id='block_1_20' title="bbox 1999 602 3584 683">
    <p class='ocr_par' dir='ltr' id='par_1_20' title="bbox 1999 602 3584 683">
     <span class='ocr_line' id='line_1_20' title="bbox 1999 602 3584 683; baseline 0.011 -29"><span class='ocrx_word' id='word_1_135' title='bbox 1999 602 2143 656; x_wconf 90' lang='lat' dir='ltr'><strong><em>enim</em></strong></span> <span class='ocrx_word' id='word_1_136' title='bbox 2189 602 2376 674; x_wconf 90' lang='lat' dir='ltr'><strong><em>incipit</em></strong></span> <span class='ocrx_word' id='word_1_137' title='bbox 2421 604 2468 642; x_wconf 60' lang='lat'><strong><em>9‘</em></strong></span> <span class='ocrx_word' id='word_1_138' title='bbox 2526 604 2744 660; x_wconf 81' lang='lat' dir='ltr'><strong><em>infamia</em></strong></span> <span class='ocrx_word' id='word_1_139' title='bbox 2792 608 2892 676; x_wconf 86' lang='lat'><strong><em>(&#39;7),</em></strong></span> <span class='ocrx_word' id='word_1_140' title='bbox 2929 615 2982 662; x_wconf 85' lang='lat' dir='ltr'><strong><em>et</em></strong></span> <span class='ocrx_word' id='word_1_141' title='bbox 3032 618 3243 683; x_wconf 87' lang='lat' dir='ltr'><strong><em>tempus</em></strong></span> <span class='ocrx_word' id='word_1_142' title='bbox 3289 617 3524 673; x_wconf 89' lang='lat' dir='ltr'><strong><em>medium</em></strong></span> <span class='ocrx_word' id='word_1_143' title='bbox 3555 633 3584 672; x_wconf 87' lang='lat' dir='ltr'><strong><em>a</em></strong></span> 
     </span>
    </p>
   </div>
   <div class='ocr_carea' id='block_1_21' title="bbox 1999 691 3584 764">
    <p class='ocr_par' dir='ltr' id='par_1_21' title="bbox 1999 691 3584 764">
     <span class='ocr_line' id='line_1_21' title="bbox 1999 691 3584 764; baseline 0.009 -19"><span class='ocrx_word' id='word_1_144' title='bbox 1999 691 2215 746; x_wconf 86' lang='lat' dir='ltr'><strong><em>Tiberio</em></strong></span> <span class='ocrx_word' id='word_1_145' title='bbox 2265 707 2436 763; x_wconf 92' lang='lat' dir='ltr'><strong><em>usque</em></strong></span> <span class='ocrx_word' id='word_1_146' title='bbox 2483 692 2549 746; x_wconf 89' lang='lat' dir='ltr'><strong><em>ad</em></strong></span> <span class='ocrx_word' id='word_1_147' title='bbox 2603 694 2998 764; x_wconf 86' lang='lat' dir='ltr'><strong><em>Vespasianum.</em></strong></span> <span class='ocrx_word' id='word_1_148' title='bbox 3071 697 3202 764; x_wconf 67' lang='lat' dir='ltr'><strong><em>Quae</em></strong></span> <span class='ocrx_word' id='word_1_149' title='bbox 3246 701 3297 739; x_wconf 82' lang='grc'><strong><em>9²</em></strong></span> <span class='ocrx_word' id='word_1_150' title='bbox 3339 719 3463 758; x_wconf 90' lang='lat' dir='ltr'><strong><em>cum</em></strong></span> <span class='ocrx_word' id='word_1_151' title='bbox 3513 705 3584 759; x_wconf 89' lang='lat' dir='ltr'><strong><em>ita</em></strong></span> 
     </span>
    </p>
   </div>
   <div class='ocr_carea' id='block_1_22' title="bbox 1997 781 3578 850">
    <p class='ocr_par' dir='ltr' id='par_1_22' title="bbox 1997 781 3578 850">
     <span class='ocr_line' id='line_1_22' title="bbox 1997 781 3578 850; baseline 0.008 -13"><span class='ocrx_word' id='word_1_152' title='bbox 1997 781 2406 850; x_wconf 86' lang='lat' dir='ltr'><strong><em>commisissent,</em></strong></span> <span class='ocrx_word' id='word_1_153' title='bbox 2445 799 2546 838; x_wconf 88' lang='lat' dir='ltr'><strong><em>nec</em></strong></span> <span class='ocrx_word' id='word_1_154' title='bbox 2575 783 2966 840; x_wconf 85' lang='lat' dir='ltr'><strong><em>intellexissent</em></strong></span> <span class='ocrx_word' id='word_1_155' title='bbox 2993 785 3166 844; x_wconf 75' lang='lat'><strong><em>658</em></strong></span> <span class='ocrx_word' id='word_1_156' title='bbox 3217 791 3497 849; x_wconf 81' lang='lat' dir='ltr'><strong><em>Christum</em></strong></span> <span class='ocrx_word' id='word_1_157' title='bbox 3527 796 3578 850; x_wconf 88' lang='lat' dir='ltr'><strong><em>in</em></strong></span> 
     </span>
    </p>
   </div>
   <div class='ocr_carea' id='block_1_23' title="bbox 1997 873 3582 951">
    <p class='ocr_par' dir='ltr' id='par_1_23' title="bbox 1997 873 3582 951">
     <span class='ocr_line' id='line_1_23' title="bbox 1997 873 3582 951; baseline 0.009 -25"><span class='ocrx_word' id='word_1_158' title='bbox 1997 880 2236 942; x_wconf 86' lang='lat' dir='ltr'><strong><em>tempore</em></strong></span> <span class='ocrx_word' id='word_1_159' title='bbox 2279 888 2392 927; x_wconf 80' lang='lat' dir='ltr'><strong><em>suae</em></strong></span> <span class='ocrx_word' id='word_1_160' title='bbox 2441 873 2764 929; x_wconf 82' lang='lat' dir='ltr'><strong><em>visitationis</em></strong></span> <span class='ocrx_word' id='word_1_161' title='bbox 2826 875 3232 943; x_wconf 89' lang='lat' dir='ltr'><strong><em>inveniendum,</em></strong></span> <span class='ocrx_word' id='word_1_162' title='bbox 3289 885 3442 951; x_wconf 83' lang='lat' dir='ltr'><strong><em>facta</em></strong></span> <span class='ocrx_word' id='word_1_163' title='bbox 3498 889 3582 939; x_wconf 90' lang='lat' dir='ltr'><strong><em>est</em></strong></span> 
     </span>
    </p>
   </div>
   <div class='ocr_carea' id='block_1_24' title="bbox 2000 962 3582 1040">
    <p class='ocr_par' dir='ltr' id='par_1_24' title="bbox 2000 962 3582 1040">
     <span class='ocr_line' id='line_1_24' title="bbox 2000 962 3582 1040; baseline 0.008 -26"><span class='ocrx_word' id='word_1_164' title='bbox 2000 963 2154 1016; x_wconf 88' lang='lat' dir='ltr'><strong><em>terra</em></strong></span> <span class='ocrx_word' id='word_1_165' title='bbox 2176 977 2368 1018; x_wconf 87' lang='lat' dir='ltr'><strong><em>eorum</em></strong></span> <span class='ocrx_word' id='word_1_166' title='bbox 2391 962 2690 1030; x_wconf 86' lang='lat' dir='ltr'><strong><em>deserta,et</em></strong></span> <span class='ocrx_word' id='word_1_167' title='bbox 2711 965 2972 1021; x_wconf 86' lang='lat' dir='ltr'><strong><em>civitates</em></strong></span> <span class='ocrx_word' id='word_1_168' title='bbox 2987 981 3181 1024; x_wconf 87' lang='lat' dir='ltr'><strong><em>eorum</em></strong></span> <span class='ocrx_word' id='word_1_169' title='bbox 3203 969 3326 1040; x_wconf 84' lang='lat' dir='ltr'><strong><em>igni</em></strong></span> <span class='ocrx_word' id='word_1_170' title='bbox 3344 977 3582 1028; x_wconf 66' lang='lat' dir='ltr'><strong><em>exustas:</em></strong></span> 
     </span>
    </p>
   </div>
   <div class='ocr_carea' id='block_1_25' title="bbox 1995 1051 3583 1126">
    <p class='ocr_par' dir='ltr' id='par_1_25' title="bbox 1995 1051 3583 1126">
     <span class='ocr_line' id='line_1_25' title="bbox 1995 1051 3583 1126; baseline 0.01 -24"><span class='ocrx_word' id='word_1_171' title='bbox 1995 1051 2284 1118; x_wconf 74' lang='lat' dir='ltr'><strong><em>regionem</em></strong></span> <span class='ocrx_word' id='word_1_172' title='bbox 2313 1052 2562 1122; x_wconf 88' lang='lat' dir='ltr'><strong><em>ipsorum</em></strong></span> <span class='ocrx_word' id='word_1_173' title='bbox 2589 1053 2653 1106; x_wconf 89' lang='lat' dir='ltr'><strong><em>in</em></strong></span> <span class='ocrx_word' id='word_1_174' title='bbox 2674 1057 2974 1126; x_wconf 89' lang='lat' dir='ltr'><strong><em>conspectu</em></strong></span> <span class='ocrx_word' id='word_1_175' title='bbox 2997 1071 3192 1112; x_wconf 88' lang='lat' dir='ltr'><strong><em>eorum</em></strong></span> <span class='ocrx_word' id='word_1_176' title='bbox 3209 1063 3473 1116; x_wconf 70' lang='lat' dir='ltr'><strong><em>extranei</em></strong></span> <span class='ocrx_word' id='word_1_177' title='bbox 3491 1061 3583 1118; x_wconf 92' lang='lat' dir='ltr'><strong><em>de-</em></strong></span> 
     </span>
    </p>
   </div>
   <div class='ocr_carea' id='block_1_26' title="bbox 1998 1139 3584 1221">
    <p class='ocr_par' dir='ltr' id='par_1_26' title="bbox 1998 1139 3584 1221">
     <span class='ocr_line' id='line_1_26' title="bbox 1998 1139 3584 1221; baseline 0.009 -32"><span class='ocrx_word' id='word_1_178' title='bbox 1998 1141 2261 1193; x_wconf 83' lang='lat' dir='ltr'><strong><em>vorantes</em></strong></span> <span class='ocrx_word' id='word_1_179' title='bbox 2292 1157 2309 1194; x_wconf 90' lang='lat'><strong><em>:</em></strong></span> <span class='ocrx_word' id='word_1_180' title='bbox 2332 1139 2602 1195; x_wconf 86' lang='lat' dir='ltr'><strong><em>derelicta</em></strong></span> <span class='ocrx_word' id='word_1_181' title='bbox 2629 1145 2711 1194; x_wconf 89' lang='lat' dir='ltr'><strong><em>est</em></strong></span> <span class='ocrx_word' id='word_1_182' title='bbox 2733 1143 2857 1210; x_wconf 81' lang='lat' dir='ltr'><strong><em>ﬁlia</em></strong></span> <span class='ocrx_word' id='word_1_183' title='bbox 2890 1144 3024 1200; x_wconf 85' lang='lat' dir='ltr'><strong><em>Sion</em></strong></span> <span class='ocrx_word' id='word_1_184' title='bbox 3047 1149 3335 1217; x_wconf 86' lang='lat' dir='ltr'><strong><em>tamquam</em></strong></span> <span class='ocrx_word' id='word_1_185' title='bbox 3353 1151 3584 1221; x_wconf 89' lang='lat' dir='ltr'><strong><em>specula</em></strong></span> 
     </span>
    </p>
   </div>
   <div class='ocr_carea' id='block_1_27' title="bbox 1999 1225 3580 1310">
    <p class='ocr_par' dir='ltr' id='par_1_27' title="bbox 1999 1225 3580 1310">
     <span class='ocr_line' id='line_1_27' title="bbox 1999 1225 3580 1310; baseline 0.01 -32"><span class='ocrx_word' id='word_1_186' title='bbox 1999 1225 2062 1278; x_wconf 87' lang='lat' dir='ltr'><strong><em>in</em></strong></span> <span class='ocrx_word' id='word_1_187' title='bbox 2090 1227 2276 1291; x_wconf 90' lang='lat' dir='ltr'><strong><em>vinea,</em></strong></span> <span class='ocrx_word' id='word_1_188' title='bbox 2299 1229 2386 1283; x_wconf 85' lang='lat' dir='ltr'><strong><em>vel</em></strong></span> <span class='ocrx_word' id='word_1_189' title='bbox 2407 1231 2473 1283; x_wconf 90' lang='lat' dir='ltr'><strong><em>ut</em></strong></span> <span class='ocrx_word' id='word_1_190' title='bbox 2494 1231 2554 1282; x_wconf 89' lang='lat' dir='ltr'><strong><em>in</em></strong></span> <span class='ocrx_word' id='word_1_191' title='bbox 2575 1234 2969 1290; x_wconf 87' lang='lat' dir='ltr'><strong><em>cucumerario</em></strong></span> <span class='ocrx_word' id='word_1_192' title='bbox 2991 1237 3186 1292; x_wconf 79' lang='lat' dir='ltr'><strong><em>casula</em></strong></span> <span class='ocrx_word' id='word_1_193' title='bbox 3213 1237 3343 1308; x_wconf 87' lang='lat' dir='ltr'><strong><em>(Isa.</em></strong></span> <span class='ocrx_word' id='word_1_194' title='bbox 3363 1253 3402 1307; x_wconf 83' lang='grc' dir='ltr'><strong><em>ι,</em></strong></span> <span class='ocrx_word' id='word_1_195' title='bbox 3425 1239 3478 1307; x_wconf 86' lang='grc'><strong><em>7,</em></strong></span> <span class='ocrx_word' id='word_1_196' title='bbox 3506 1239 3580 1310; x_wconf 88' lang='grc'><strong><em>8);</em></strong></span> 
     </span>
    </p>
   </div>
   <div class='ocr_carea' id='block_1_28' title="bbox 1999 1315 3586 1399">
    <p class='ocr_par' dir='ltr' id='par_1_28' title="bbox 1999 1315 3586 1399">
     <span class='ocr_line' id='line_1_28' title="bbox 1999 1315 3586 1399; baseline 0.011 -31"><span class='ocrx_word' id='word_1_197' title='bbox 1999 1329 2062 1368; x_wconf 88' lang='lat' dir='ltr'><strong><em>ex</em></strong></span> <span class='ocrx_word' id='word_1_198' title='bbox 2090 1329 2198 1385; x_wconf 93' lang='lat' dir='ltr'><strong><em>quo</em></strong></span> <span class='ocrx_word' id='word_1_199' title='bbox 2227 1315 2424 1372; x_wconf 90' lang='lat' dir='ltr'><strong><em>scilicet</em></strong></span> <span class='ocrx_word' id='word_1_200' title='bbox 2444 1318 2619 1373; x_wconf 86' lang='lat' dir='ltr'><strong><em>Israel</em></strong></span> <span class='ocrx_word' id='word_1_201' title='bbox 2648 1321 2949 1377; x_wconf 86' lang='lat' dir='ltr'><strong><em>Dominum</em></strong></span> <span class='ocrx_word' id='word_1_202' title='bbox 2974 1339 3089 1379; x_wconf 90' lang='lat' dir='ltr'><strong><em>non</em></strong></span> <span class='ocrx_word' id='word_1_203' title='bbox 3119 1329 3392 1396; x_wconf 86' lang='lat' dir='ltr'><strong><em>cognovit,</em></strong></span> <span class='ocrx_word' id='word_1_204' title='bbox 3417 1333 3473 1384; x_wconf 91' lang='lat' dir='ltr'><strong><em>et</em></strong></span> <span class='ocrx_word' id='word_1_205' title='bbox 3491 1345 3586 1399; x_wconf 83' lang='lat' dir='ltr'><strong><em>po-</em></strong></span> 
     </span>
    </p>
   </div>
   <div class='ocr_carea' id='block_1_29' title="bbox 1995 1404 3670 1487">
    <p class='ocr_par' dir='ltr' id='par_1_29' title="bbox 1995 1404 3670 1487">
     <span class='ocr_line' id='line_1_29' title="bbox 1995 1404 3670 1487; baseline 0.008 -29"><span class='ocrx_word' id='word_1_206' title='bbox 1995 1404 2173 1474; x_wconf 87' lang='lat' dir='ltr'><strong><em>pulus</em></strong></span> <span class='ocrx_word' id='word_1_207' title='bbox 2219 1419 2348 1459; x_wconf 89' lang='lat' dir='ltr'><strong><em>eum</em></strong></span> <span class='ocrx_word' id='word_1_208' title='bbox 2392 1421 2506 1460; x_wconf 87' lang='lat' dir='ltr'><strong><em>non</em></strong></span> <span class='ocrx_word' id='word_1_209' title='bbox 2563 1407 2872 1475; x_wconf 74' lang='lat' dir='ltr'><strong><em>intellexit,</em></strong></span> <span class='ocrx_word' id='word_1_210' title='bbox 2919 1410 3014 1464; x_wconf 88' lang='lat' dir='ltr'><strong><em>sed</em></strong></span> <span class='ocrx_word' id='word_1_211' title='bbox 3061 1412 3364 1486; x_wconf 82' lang='lat' dir='ltr'><strong><em>dereliquit</em></strong></span> <span class='ocrx_word' id='word_1_212' title='bbox 3409 1415 3586 1487; x_wconf 85' lang='lat' dir='ltr'><strong><em>magis</em></strong></span> <span class='ocrx_word' id='word_1_213' title='bbox 3663 1426 3670 1431; x_wconf 87' lang='lat'>&#39;</span> 
     </span>
    </p>
   </div>
   <div class='ocr_carea' id='block_1_30' title="bbox 1999 1491 3583 1568">
    <p class='ocr_par' dir='ltr' id='par_1_30' title="bbox 1999 1491 3583 1568">
     <span class='ocr_line' id='line_1_30' title="bbox 1999 1491 3583 1568; baseline 0.008 -20"><span class='ocrx_word' id='word_1_214' title='bbox 1999 1495 2058 1548; x_wconf 91' lang='lat' dir='ltr'><strong><em>et</em></strong></span> <span class='ocrx_word' id='word_1_215' title='bbox 2107 1491 2182 1547; x_wconf 88' lang='lat' dir='ltr'><strong><em>ad</em></strong></span> <span class='ocrx_word' id='word_1_216' title='bbox 2235 1493 2688 1566; x_wconf 85' lang='lat' dir='ltr'><strong><em>indignationem</em></strong></span> <span class='ocrx_word' id='word_1_217' title='bbox 2725 1502 3045 1568; x_wconf 83' lang='lat' dir='ltr'><strong><em>provocavit</em></strong></span> <span class='ocrx_word' id='word_1_218' title='bbox 3091 1507 3354 1558; x_wconf 86' lang='lat' dir='ltr'><strong><em>sanctum</em></strong></span> <span class='ocrx_word' id='word_1_219' title='bbox 3403 1505 3583 1560; x_wconf 81' lang='lat' dir='ltr'><strong><em>Israel</em></strong></span> 
     </span>
    </p>
   </div>
   <div class='ocr_carea' id='block_1_31' title="bbox 2000 1579 3579 1651">
    <p class='ocr_par' dir='ltr' id='par_1_31' title="bbox 2000 1579 3579 1651">
     <span class='ocr_line' id='line_1_31' title="bbox 2000 1579 3579 1651; baseline 0.009 -18"><span class='ocrx_word' id='word_1_220' title='bbox 2000 1579 2156 1649; x_wconf 85' lang='lat' dir='ltr'><strong><em>(ibid.</em></strong></span> <span class='ocrx_word' id='word_1_221' title='bbox 2189 1583 2240 1635; x_wconf 91' lang='lat'><strong><em>3.</em></strong></span> <span class='ocrx_word' id='word_1_222' title='bbox 2277 1581 2352 1651; x_wconf 77' lang='grc'><strong><em>4).</em></strong></span> <span class='ocrx_word' id='word_1_223' title='bbox 2401 1583 2489 1638; x_wconf 87' lang='lat' dir='ltr'><strong><em>Sic</em></strong></span> <span class='ocrx_word' id='word_1_224' title='bbox 2516 1589 2568 1638; x_wconf 90' lang='lat' dir='ltr'><strong><em>et</em></strong></span> <span class='ocrx_word' id='word_1_225' title='bbox 2597 1584 2646 1622; x_wconf 83' lang='lat'><strong><em>93</em></strong></span> <span class='ocrx_word' id='word_1_226' title='bbox 2689 1587 2970 1642; x_wconf 73' lang='lat' dir='ltr'><strong><em>machaera:</em></strong></span> <span class='ocrx_word' id='word_1_227' title='bbox 3019 1589 3396 1646; x_wconf 89' lang='lat' dir='ltr'><strong><em>conditionalis</em></strong></span> <span class='ocrx_word' id='word_1_228' title='bbox 3425 1607 3579 1649; x_wconf 92' lang='lat' dir='ltr'><strong><em>com-</em></strong></span> 
     </span>
    </p>
   </div>
   <div class='ocr_carea' id='block_1_32' title="bbox 1998 1667 3583 1752">
    <p class='ocr_par' dir='ltr' id='par_1_32' title="bbox 1998 1667 3583 1752">
     <span class='ocr_line' id='line_1_32' title="bbox 1998 1667 3583 1752; baseline 0.01 -29"><span class='ocrx_word' id='word_1_229' title='bbox 1998 1667 2240 1734; x_wconf 87' lang='lat' dir='ltr'><strong><em>minatio,</em></strong></span> <span class='ocrx_word' id='word_1_230' title='bbox 2273 1671 2333 1726; x_wconf 87' lang='lat' dir='ltr'><strong><em>Si</em></strong></span> <span class='ocrx_word' id='word_1_231' title='bbox 2359 1671 2680 1738; x_wconf 85' lang='lat' dir='ltr'><strong><em>nolueritis,</em></strong></span> <span class='ocrx_word' id='word_1_232' title='bbox 2709 1689 2811 1730; x_wconf 92' lang='lat' dir='ltr'><strong><em>nec</em></strong></span> <span class='ocrx_word' id='word_1_233' title='bbox 2837 1675 3218 1744; x_wconf 86' lang='lat' dir='ltr'><strong><em>obaudieritis,</em></strong></span> <span class='ocrx_word' id='word_1_234' title='bbox 3239 1680 3461 1752; x_wconf 85' lang='lat' dir='ltr'><strong><em>gladius</em></strong></span> <span class='ocrx_word' id='word_1_235' title='bbox 3489 1699 3583 1742; x_wconf 85' lang='lat' dir='ltr'><strong><em>vos</em></strong></span> 
     </span>
    </p>
   </div>
   <div class='ocr_carea' id='block_1_33' title="bbox 298 1757 3577 1852">
    <p class='ocr_par' dir='ltr' id='par_1_33' title="bbox 298 1757 3577 1852">
     <span class='ocr_line' id='line_1_33' title="bbox 298 1757 3577 1852; baseline 0.003 -37"><span class='ocrx_word' id='word_1_236' title='bbox 298 1763 554 1831; x_wconf 80' lang='lat' dir='ltr'><strong><em>fecerunt</em></strong></span> <span class='ocrx_word' id='word_1_237' title='bbox 583 1759 884 1816; x_wconf 80' lang='lat' dir='ltr'><strong><em>aderandis</em></strong></span> <span class='ocrx_word' id='word_1_238' title='bbox 913 1775 1072 1815; x_wconf 73' lang='lat' dir='ltr'><strong><em>uanis</em></strong></span> <span class='ocrx_word' id='word_1_239' title='bbox 1103 1764 1160 1815; x_wconf 88' lang='lat' dir='ltr'><strong><em>et</em></strong></span> <span class='ocrx_word' id='word_1_240' title='bbox 1181 1761 1406 1817; x_wconf 84' lang='lat' dir='ltr'><strong><em>noctuis</em></strong></span> <span class='ocrx_word' id='word_1_241' title='bbox 1435 1759 1565 1829; x_wconf 80' lang='lat' dir='ltr'><strong><em>(lsa.</em></strong></span> <span class='ocrx_word' id='word_1_242' title='bbox 1590 1775 1649 1828; x_wconf 85' lang='grc' dir='ltr'><strong><em>ιι,</em></strong></span> <span class='ocrx_word' id='word_1_243' title='bbox 1683 1759 1775 1830; x_wconf 85' lang='grc'><strong>20)</strong></span> <span class='ocrx_word' id='word_1_244' title='bbox 1797 1773 1814 1810; x_wconf 91' lang='lat'><strong><em>:</em></strong></span> <span class='ocrx_word' id='word_1_245' title='bbox 1834 1757 1888 1812; x_wconf 94' lang='lat' dir='ltr'><strong><em>id</em></strong></span> <span class='ocrx_word' id='word_1_246' title='bbox 1923 1775 1966 1852; x_wconf 77' lang='grc' dir='ltr'><strong>Β</strong></span> <span class='ocrx_word' id='word_1_247' title='bbox 1995 1758 2244 1852; x_wconf 78' lang='lat' dir='ltr'><strong><em>comedet</em></strong></span> <span class='ocrx_word' id='word_1_248' title='bbox 2266 1758 2424 1824; x_wconf 87' lang='lat' dir='ltr'><strong><em>(ibid.</em></strong></span> <span class='ocrx_word' id='word_1_249' title='bbox 2457 1762 2568 1828; x_wconf 82' lang='lat'><strong><em>20),</em></strong></span> <span class='ocrx_word' id='word_1_250' title='bbox 2589 1762 2837 1832; x_wconf 87' lang='lat' dir='ltr'><strong><em>probavit</em></strong></span> <span class='ocrx_word' id='word_1_251' title='bbox 2867 1763 3138 1821; x_wconf 85' lang='lat' dir='ltr'><strong><em>Christum</em></strong></span> <span class='ocrx_word' id='word_1_252' title='bbox 3158 1767 3207 1805; x_wconf 62' lang='lat'><strong><em>9‘</em></strong></span> <span class='ocrx_word' id='word_1_253' title='bbox 3229 1767 3398 1824; x_wconf 88' lang='lat' dir='ltr'><strong><em>fuisse</em></strong></span> <span class='ocrx_word' id='word_1_254' title='bbox 3417 1786 3577 1842; x_wconf 87' lang='lat' dir='ltr'><strong><em>quem</em></strong></span> 
     </span>
    </p>
   </div>
   <div class='ocr_carea' id='block_1_34' title="bbox 304 1847 1888 1920">
    <p class='ocr_par' dir='ltr' id='par_1_34' title="bbox 304 1847 1888 1920">
     <span class='ocr_line' id='line_1_34' title="bbox 304 1847 1888 1920; baseline -0.001 -18"><span class='ocrx_word' id='word_1_255' title='bbox 304 1855 407 1913; x_wconf 86' lang='lat' dir='ltr'><strong><em>est,</em></strong></span> <span class='ocrx_word' id='word_1_256' title='bbox 435 1863 501 1902; x_wconf 83' lang='lat' dir='ltr'><strong><em>ex</em></strong></span> <span class='ocrx_word' id='word_1_257' title='bbox 527 1863 630 1920; x_wconf 86' lang='lat' dir='ltr'><strong><em>quo</em></strong></span> <span class='ocrx_word' id='word_1_258' title='bbox 661 1858 862 1920; x_wconf 76' lang='lat' dir='ltr'><strong><em>gentes,</em></strong></span> <span class='ocrx_word' id='word_1_259' title='bbox 889 1863 1011 1914; x_wconf 89' lang='lat' dir='ltr'><strong><em>nos,</em></strong></span> <span class='ocrx_word' id='word_1_260' title='bbox 1037 1847 1324 1904; x_wconf 75' lang='lat' dir='ltr'><strong><em>dilucidam</em></strong></span> <span class='ocrx_word' id='word_1_261' title='bbox 1347 1864 1443 1920; x_wconf 90' lang='lat' dir='ltr'><strong><em>per</em></strong></span> <span class='ocrx_word' id='word_1_262' title='bbox 1463 1849 1731 1904; x_wconf 84' lang='lat' dir='ltr'><strong><em>Christum</em></strong></span> <span class='ocrx_word' id='word_1_263' title='bbox 1747 1847 1888 1905; x_wconf 87' lang='lat' dir='ltr'><strong><em>veri-</em></strong></span> 
     </span>
    </p>
   </div>
   <div class='ocr_carea' id='block_1_35' title="bbox 305 1935 1889 2009">
    <p class='ocr_par' dir='ltr' id='par_1_35' title="bbox 305 1935 1889 2009">
     <span class='ocr_line' id='line_1_35' title="bbox 305 1935 1889 2009; baseline 0 -18"><span class='ocrx_word' id='word_1_264' title='bbox 305 1943 410 1991; x_wconf 87' lang='lat' dir='ltr'><strong><em>tate</em></strong></span> <span class='ocrx_word' id='word_1_265' title='bbox 437 1935 506 2006; x_wconf 66' lang='grc' dir='ltr'><strong><em>δ”,</em></strong></span> <span class='ocrx_word' id='word_1_266' title='bbox 547 1936 864 2008; x_wconf 90' lang='lat' dir='ltr'><strong><em>projecimus</em></strong></span> <span class='ocrx_word' id='word_1_267' title='bbox 891 1935 1034 1994; x_wconf 89' lang='lat' dir='ltr'><strong><em>idola</em></strong></span> <span class='ocrx_word' id='word_1_268' title='bbox 1063 1936 1304 2008; x_wconf 84' lang='lat' dir='ltr'><strong><em>(videant</em></strong></span> <span class='ocrx_word' id='word_1_269' title='bbox 1329 1936 1498 1993; x_wconf 64' lang='lat' dir='ltr'><strong><em>Judaei</em></strong></span> <span class='ocrx_word' id='word_1_270' title='bbox 1526 1937 1620 2009; x_wconf 80' lang='grc'><strong>⁸⁵),</strong></span> <span class='ocrx_word' id='word_1_271' title='bbox 1657 1944 1712 1991; x_wconf 89' lang='lat' dir='ltr'><strong><em>et</em></strong></span> <span class='ocrx_word' id='word_1_272' title='bbox 1741 1937 1889 2008; x_wconf 87' lang='lat' dir='ltr'><strong><em>quod</em></strong></span> 
     </span>
    </p>
   </div>
   <div class='ocr_carea' id='block_1_36' title="bbox 295 2024 1887 2098">
    <p class='ocr_par' dir='ltr' id='par_1_36' title="bbox 295 2024 1887 2098">
     <span class='ocr_line' id='line_1_36' title="bbox 295 2024 1887 2098; baseline 0.003 -20"><span class='ocrx_word' id='word_1_273' title='bbox 295 2025 562 2097; x_wconf 87' lang='lat' dir='ltr'><strong><em>sequitur,</em></strong></span> <span class='ocrx_word' id='word_1_274' title='bbox 612 2035 934 2098; x_wconf 84' lang='lat' dir='ltr'><strong><em>expunctum</em></strong></span> <span class='ocrx_word' id='word_1_275' title='bbox 963 2035 1066 2083; x_wconf 92' lang='lat' dir='ltr'><strong><em>est.</em></strong></span> <span class='ocrx_word' id='word_1_276' title='bbox 1117 2027 1267 2083; x_wconf 87' lang='lat' dir='ltr'><strong><em>Tulit</em></strong></span> <span class='ocrx_word' id='word_1_277' title='bbox 1297 2024 1442 2082; x_wconf 92' lang='lat' dir='ltr'><strong><em>enim</em></strong></span> <span class='ocrx_word' id='word_1_278' title='bbox 1482 2025 1752 2083; x_wconf 86' lang='lat' dir='ltr'><strong><em>Dominus</em></strong></span> <span class='ocrx_word' id='word_1_279' title='bbox 1785 2028 1887 2082; x_wconf 87' lang='lat' dir='ltr'><strong><em>Sa-</em></strong></span> 
     </span>
    </p>
   </div>
   <div class='ocr_carea' id='block_1_37' title="bbox 290 2112 1889 2184">
    <p class='ocr_par' dir='ltr' id='par_1_37' title="bbox 290 2112 1889 2184">
     <span class='ocr_line' id='line_1_37' title="bbox 290 2112 1889 2184; baseline 0.001 -16"><span class='ocrx_word' id='word_1_280' title='bbox 290 2112 460 2169; x_wconf 86' lang='lat' dir='ltr'><strong><em>baoth</em></strong></span> <span class='ocrx_word' id='word_1_281' title='bbox 489 2129 526 2169; x_wconf 87' lang='lat' dir='ltr'><strong><em>a</em></strong></span> <span class='ocrx_word' id='word_1_282' title='bbox 574 2113 788 2170; x_wconf 72' lang='lat' dir='ltr'><strong><em>Judwis</em></strong></span> <span class='ocrx_word' id='word_1_283' title='bbox 825 2118 880 2172; x_wconf 89' lang='lat' dir='ltr'><strong><em>et</em></strong></span> <span class='ocrx_word' id='word_1_284' title='bbox 925 2114 993 2172; x_wconf 88' lang='lat' dir='ltr'><strong><em>ab</em></strong></span> <span class='ocrx_word' id='word_1_285' title='bbox 1023 2115 1356 2184; x_wconf 86' lang='lat' dir='ltr'><strong><em>Jerusalem,</em></strong></span> <span class='ocrx_word' id='word_1_286' title='bbox 1405 2113 1546 2171; x_wconf 90' lang='lat' dir='ltr'><strong><em>inter</em></strong></span> <span class='ocrx_word' id='word_1_287' title='bbox 1585 2123 1798 2184; x_wconf 68' lang='lat' dir='ltr'><strong><em>caetera,</em></strong></span> <span class='ocrx_word' id='word_1_288' title='bbox 1833 2118 1889 2170; x_wconf 87' lang='lat' dir='ltr'><strong><em>et</em></strong></span> 
     </span>
    </p>
   </div>
   <div class='ocr_carea' id='block_1_38' title="bbox 286 2202 1889 2275">
    <p class='ocr_par' dir='ltr' id='par_1_38' title="bbox 286 2202 1889 2275">
     <span class='ocr_line' id='line_1_38' title="bbox 286 2202 1889 2275; baseline 0.001 -17"><span class='ocrx_word' id='word_1_289' title='bbox 286 2203 614 2274; x_wconf 81' lang='lat' dir='ltr'><strong><em>sapientem</em></strong></span> <span class='ocrx_word' id='word_1_290' title='bbox 639 2203 1022 2260; x_wconf 85' lang='lat' dir='ltr'><strong><em>architectum</em></strong></span> <span class='ocrx_word' id='word_1_291' title='bbox 1049 2205 1180 2275; x_wconf 87' lang='lat' dir='ltr'><strong><em>(Isa.</em></strong></span> <span class='ocrx_word' id='word_1_292' title='bbox 1215 2219 1295 2271; x_wconf 85' lang='lat' dir='ltr'><strong><em>IIl,</em></strong></span> <span class='ocrx_word' id='word_1_293' title='bbox 1331 2207 1383 2270; x_wconf 84' lang='lat' dir='ltr'><strong><em>l,</em></strong></span> <span class='ocrx_word' id='word_1_294' title='bbox 1416 2202 1493 2275; x_wconf 90' lang='lat'><strong><em>3),</em></strong></span> <span class='ocrx_word' id='word_1_295' title='bbox 1537 2203 1632 2275; x_wconf 87' lang='lat' dir='ltr'><strong><em>qui</em></strong></span> <span class='ocrx_word' id='word_1_296' title='bbox 1661 2202 1889 2259; x_wconf 65' lang='lat' dir='ltr'><strong><em>aedificat</em></strong></span> 
     </span>
    </p>
   </div>
   <div class='ocr_carea' id='block_1_39' title="bbox 283 2289 1880 2365">
    <p class='ocr_par' dir='ltr' id='par_1_39' title="bbox 283 2289 1880 2365">
     <span class='ocr_line' id='line_1_39' title="bbox 283 2289 1880 2365; baseline 0.001 -19"><span class='ocrx_word' id='word_1_297' title='bbox 283 2289 587 2348; x_wconf 85' lang='lat' dir='ltr'><strong><em>Ecclesiam</em></strong></span> <span class='ocrx_word' id='word_1_298' title='bbox 637 2292 734 2348; x_wconf 88' lang='lat' dir='ltr'><strong><em>Dei</em></strong></span> <span class='ocrx_word' id='word_1_299' title='bbox 776 2292 1049 2365; x_wconf 88' lang='lat' dir='ltr'><strong><em>templum,</em></strong></span> <span class='ocrx_word' id='word_1_300' title='bbox 1098 2300 1152 2348; x_wconf 90' lang='lat' dir='ltr'><strong><em>et</em></strong></span> <span class='ocrx_word' id='word_1_301' title='bbox 1197 2293 1469 2351; x_wconf 90' lang='lat' dir='ltr'><strong><em>civitatem</em></strong></span> <span class='ocrx_word' id='word_1_302' title='bbox 1517 2301 1777 2359; x_wconf 88' lang='lat' dir='ltr'><strong><em>sanctam,</em></strong></span> <span class='ocrx_word' id='word_1_303' title='bbox 1834 2301 1880 2348; x_wconf 91' lang='lat' dir='ltr'><strong><em>et</em></strong></span> 
     </span>
    </p>
   </div>
   <div class='ocr_carea' id='block_1_40' title="bbox 282 2380 1888 2454">
    <p class='ocr_par' dir='ltr' id='par_1_40' title="bbox 282 2380 1888 2454">
     <span class='ocr_line' id='line_1_40' title="bbox 282 2380 1888 2454; baseline 0.001 -19"><span class='ocrx_word' id='word_1_304' title='bbox 282 2380 514 2436; x_wconf 89' lang='lat' dir='ltr'><strong><em>domum</em></strong></span> <span class='ocrx_word' id='word_1_305' title='bbox 549 2380 788 2436; x_wconf 89' lang='lat' dir='ltr'><strong><em>Domini.</em></strong></span> <span class='ocrx_word' id='word_1_306' title='bbox 819 2382 957 2437; x_wconf 88' lang='lat' dir='ltr'><strong><em>Nam</em></strong></span> <span class='ocrx_word' id='word_1_307' title='bbox 996 2381 1191 2438; x_wconf 82' lang='lat' dir='ltr'><strong><em>exinde</em></strong></span> <span class='ocrx_word' id='word_1_308' title='bbox 1229 2381 1434 2438; x_wconf 86' lang='lat' dir='ltr'><strong><em>destitit</em></strong></span> <span class='ocrx_word' id='word_1_309' title='bbox 1471 2380 1613 2454; x_wconf 88' lang='lat' dir='ltr'><strong><em>apud</em></strong></span> <span class='ocrx_word' id='word_1_310' title='bbox 1644 2380 1764 2437; x_wconf 90' lang='lat' dir='ltr'><strong><em>illos</em></strong></span> <span class='ocrx_word' id='word_1_311' title='bbox 1791 2381 1888 2438; x_wconf 86' lang='lat' dir='ltr'><strong><em>Dei</em></strong></span> 
     </span>
    </p>
   </div>
   <div class='ocr_carea' id='block_1_41' title="bbox 278 2468 1888 2545">
    <p class='ocr_par' dir='ltr' id='par_1_41' title="bbox 278 2468 1888 2545">
     <span class='ocr_line' id='line_1_41' title="bbox 278 2468 1888 2545; baseline 0.002 -23"><span class='ocrx_word' id='word_1_312' title='bbox 278 2468 464 2544; x_wconf 70' lang='lat' dir='ltr'><strong><em>gratia</em></strong></span> <span class='ocrx_word' id='word_1_313' title='bbox 493 2469 596 2542; x_wconf 84' lang='lat'><strong><em>(6).</em></strong></span> <span class='ocrx_word' id='word_1_314' title='bbox 628 2473 698 2526; x_wconf 88' lang='lat' dir='ltr'><strong><em>Et</em></strong></span> <span class='ocrx_word' id='word_1_315' title='bbox 725 2469 1066 2528; x_wconf 87' lang='lat' dir='ltr'><strong><em>mandatum</em></strong></span> <span class='ocrx_word' id='word_1_316' title='bbox 1108 2476 1192 2528; x_wconf 87' lang='lat' dir='ltr'><strong><em>est</em></strong></span> <span class='ocrx_word' id='word_1_317' title='bbox 1235 2471 1480 2529; x_wconf 88' lang='lat' dir='ltr'><strong><em>nubibus</em></strong></span> <span class='ocrx_word' id='word_1_318' title='bbox 1520 2487 1592 2529; x_wconf 89' lang='lat' dir='ltr'><strong><em>ne</em></strong></span> <span class='ocrx_word' id='word_1_319' title='bbox 1621 2471 1888 2545; x_wconf 88' lang='lat' dir='ltr'><strong><em>pluerent</em></strong></span> 
     </span>
    </p>
   </div>
   <div class='ocr_carea' id='block_1_42' title="bbox 277 2558 1886 2634">
    <p class='ocr_par' dir='ltr' id='par_1_42' title="bbox 277 2558 1886 2634">
     <span class='ocr_line' id='line_1_42' title="bbox 277 2558 1886 2634; baseline 0.002 -21"><span class='ocrx_word' id='word_1_320' title='bbox 277 2558 530 2616; x_wconf 88' lang='lat' dir='ltr'><strong><em>imbrem</em></strong></span> <span class='ocrx_word' id='word_1_321' title='bbox 556 2576 727 2632; x_wconf 83' lang='lat' dir='ltr'><strong><em>super</em></strong></span> <span class='ocrx_word' id='word_1_322' title='bbox 753 2562 978 2618; x_wconf 84' lang='lat' dir='ltr'><strong><em>vineam</em></strong></span> <span class='ocrx_word' id='word_1_323' title='bbox 1000 2560 1202 2619; x_wconf 82' lang='lat' dir='ltr'><strong><em>Sorech</em></strong></span> <span class='ocrx_word' id='word_1_324' title='bbox 1228 2561 1360 2633; x_wconf 85' lang='lat' dir='ltr'><strong><em>(Isa.</em></strong></span> <span class='ocrx_word' id='word_1_325' title='bbox 1392 2579 1444 2628; x_wconf 93' lang='lat' dir='ltr'><strong><em>v,</em></strong></span> <span class='ocrx_word' id='word_1_326' title='bbox 1475 2562 1553 2634; x_wconf 85' lang='lat'><strong><em>6),</em></strong></span> <span class='ocrx_word' id='word_1_327' title='bbox 1584 2561 1639 2616; x_wconf 93' lang='lat' dir='ltr'><strong><em>id</em></strong></span> <span class='ocrx_word' id='word_1_328' title='bbox 1664 2569 1746 2616; x_wconf 87' lang='lat' dir='ltr'><strong><em>est</em></strong></span> <span class='ocrx_word' id='word_1_329' title='bbox 1771 2577 1886 2617; x_wconf 89' lang='lat' dir='ltr'><strong><em>coe-</em></strong></span> 
     </span>
    </p>
   </div>
   <div class='ocr_carea' id='block_1_43' title="bbox 277 2647 1883 2721">
    <p class='ocr_par' dir='ltr' id='par_1_43' title="bbox 277 2647 1883 2721">
     <span class='ocr_line' id='line_1_43' title="bbox 277 2647 1883 2721; baseline 0.001 -19"><span class='ocrx_word' id='word_1_330' title='bbox 277 2647 518 2704; x_wconf 88' lang='lat' dir='ltr'><strong><em>lestibus</em></strong></span> <span class='ocrx_word' id='word_1_331' title='bbox 579 2648 874 2717; x_wconf 83' lang='lat' dir='ltr'><strong><em>beneﬁciis,</em></strong></span> <span class='ocrx_word' id='word_1_332' title='bbox 933 2665 1000 2706; x_wconf 91' lang='lat' dir='ltr'><strong><em>ne</em></strong></span> <span class='ocrx_word' id='word_1_333' title='bbox 1056 2651 1403 2721; x_wconf 87' lang='lat' dir='ltr'><strong><em>provenirent</em></strong></span> <span class='ocrx_word' id='word_1_334' title='bbox 1459 2649 1642 2707; x_wconf 91' lang='lat' dir='ltr'><strong><em>domui</em></strong></span> <span class='ocrx_word' id='word_1_335' title='bbox 1697 2649 1883 2704; x_wconf 89' lang='lat' dir='ltr'><strong><em>Israel.</em></strong></span> 
     </span>
    </p>
   </div>
   <div class='ocr_carea' id='block_1_44' title="bbox 275 2737 1884 2812">
    <p class='ocr_par' dir='ltr' id='par_1_44' title="bbox 275 2737 1884 2812">
     <span class='ocr_line' id='line_1_44' title="bbox 275 2737 1884 2812; baseline -0.002 -15"><span class='ocrx_word' id='word_1_336' title='bbox 275 2741 523 2796; x_wconf 80' lang='lat' dir='ltr'><strong><em>Fecerat</em></strong></span> <span class='ocrx_word' id='word_1_337' title='bbox 572 2737 717 2793; x_wconf 89' lang='lat' dir='ltr'><strong><em>enim</em></strong></span> <span class='ocrx_word' id='word_1_338' title='bbox 764 2741 954 2811; x_wconf 88' lang='lat' dir='ltr'><strong><em>spinas</em></strong></span> <span class='ocrx_word' id='word_1_339' title='bbox 984 2739 1144 2810; x_wconf 89' lang='lat' dir='ltr'><strong><em>(ibid.</em></strong></span> <span class='ocrx_word' id='word_1_340' title='bbox 1176 2740 1252 2811; x_wconf 82' lang='grc'><strong><em>4),</em></strong></span> <span class='ocrx_word' id='word_1_341' title='bbox 1293 2755 1359 2796; x_wconf 91' lang='lat' dir='ltr'><strong><em>ex</em></strong></span> <span class='ocrx_word' id='word_1_342' title='bbox 1391 2739 1588 2812; x_wconf 87' lang='lat' dir='ltr'><strong><em>quibus</em></strong></span> <span class='ocrx_word' id='word_1_343' title='bbox 1614 2739 1884 2796; x_wconf 88' lang='lat' dir='ltr'><strong><em>Christum</em></strong></span> 
     </span>
    </p>
   </div>
   <div class='ocr_carea' id='block_1_45' title="bbox 270 2827 1884 2901">
    <p class='ocr_par' dir='ltr' id='par_1_45' title="bbox 270 2827 1884 2901">
     <span class='ocr_line' id='line_1_45' title="bbox 270 2827 1884 2901; baseline -0.001 -17"><span class='ocrx_word' id='word_1_344' title='bbox 270 2832 670 2885; x_wconf 87' lang='lat' dir='ltr'><strong><em>coronaverat:</em></strong></span> <span class='ocrx_word' id='word_1_345' title='bbox 695 2829 763 2884; x_wconf 85' lang='lat' dir='ltr'><strong><em>Et</em></strong></span> <span class='ocrx_word' id='word_1_346' title='bbox 778 2845 892 2888; x_wconf 89' lang='lat' dir='ltr'><strong><em>non</em></strong></span> <span class='ocrx_word' id='word_1_347' title='bbox 898 2829 1314 2901; x_wconf 87' lang='lat' dir='ltr'><strong><em>justitiam,sed</em></strong></span> <span class='ocrx_word' id='word_1_348' title='bbox 1327 2829 1630 2886; x_wconf 86' lang='lat' dir='ltr'><strong><em>clamorem</em></strong></span> <span class='ocrx_word' id='word_1_349' title='bbox 1651 2827 1884 2898; x_wconf 85' lang='lat' dir='ltr'><strong><em>(ibid.8),</em></strong></span> 
     </span>
    </p>
   </div>
   <div class='ocr_carea' id='block_1_46' title="bbox 269 2915 1884 2990">
    <p class='ocr_par' dir='ltr' id='par_1_46' title="bbox 269 2915 1884 2990">
     <span class='ocr_line' id='line_1_46' title="bbox 269 2915 1884 2990; baseline -0.001 -17"><span class='ocrx_word' id='word_1_350' title='bbox 269 2915 388 2990; x_wconf 77' lang='lat' dir='ltr'><strong><em>quo</em></strong></span> <span class='ocrx_word' id='word_1_351' title='bbox 435 2917 492 2972; x_wconf 88' lang='lat' dir='ltr'><strong><em>in</em></strong></span> <span class='ocrx_word' id='word_1_352' title='bbox 539 2933 757 2973; x_wconf 89' lang='lat' dir='ltr'><strong><em>crucem</em></strong></span> <span class='ocrx_word' id='word_1_353' title='bbox 803 2933 928 2973; x_wconf 93' lang='lat' dir='ltr'><strong><em>eum</em></strong></span> <span class='ocrx_word' id='word_1_354' title='bbox 986 2928 1332 2975; x_wconf 87' lang='lat' dir='ltr'><strong><em>extorserat:</em></strong></span> <span class='ocrx_word' id='word_1_355' title='bbox 1387 2922 1442 2974; x_wconf 88' lang='lat' dir='ltr'><strong><em>et</em></strong></span> <span class='ocrx_word' id='word_1_356' title='bbox 1471 2918 1546 2974; x_wconf 89' lang='lat' dir='ltr'><strong><em>ita</em></strong></span> <span class='ocrx_word' id='word_1_357' title='bbox 1591 2917 1884 2974; x_wconf 88' lang='lat' dir='ltr'><strong><em>subtractis</em></strong></span> 
     </span>
    </p>
   </div>
   <div class='ocr_carea' id='block_1_47' title="bbox 270 3005 1888 3080">
    <p class='ocr_par' dir='ltr' id='par_1_47' title="bbox 270 3005 1888 3080">
     <span class='ocr_line' id='line_1_47' title="bbox 270 3005 1888 3080; baseline 0.002 -18"><span class='ocrx_word' id='word_1_358' title='bbox 270 3005 624 3062; x_wconf 89' lang='lat' dir='ltr'><strong><em>charismatis</em></strong></span> <span class='ocrx_word' id='word_1_359' title='bbox 677 3006 728 3044; x_wconf 75' lang='grc'>⁸⁸</span> <span class='ocrx_word' id='word_1_360' title='bbox 775 3006 1064 3078; x_wconf 91' lang='lat' dir='ltr'><strong><em>prioribus,</em></strong></span> <span class='ocrx_word' id='word_1_361' title='bbox 1125 3009 1219 3063; x_wconf 79' lang='lat' dir='ltr'><strong><em>lex</em></strong></span> <span class='ocrx_word' id='word_1_362' title='bbox 1275 3011 1332 3064; x_wconf 90' lang='lat' dir='ltr'><strong><em>et</em></strong></span> <span class='ocrx_word' id='word_1_363' title='bbox 1371 3008 1664 3080; x_wconf 66' lang='lat' dir='ltr'><strong><em>prophetae</em></strong></span> <span class='ocrx_word' id='word_1_364' title='bbox 1707 3022 1888 3078; x_wconf 84' lang='lat' dir='ltr'><strong><em>usque</em></strong></span> 
     </span>
    </p>
   </div>
   <div class='ocr_carea' id='block_1_48' title="bbox 266 3095 1888 3169">
    <p class='ocr_par' dir='ltr' id='par_1_48' title="bbox 266 3095 1888 3169">
     <span class='ocr_line' id='line_1_48' title="bbox 266 3095 1888 3169; baseline -0.001 -17"><span class='ocrx_word' id='word_1_365' title='bbox 266 3095 340 3152; x_wconf 87' lang='lat' dir='ltr'><strong><em>ad</em></strong></span> <span class='ocrx_word' id='word_1_366' title='bbox 375 3096 662 3153; x_wconf 84' lang='lat' dir='ltr'><strong><em>Joannem</em></strong></span> <span class='ocrx_word' id='word_1_367' title='bbox 680 3096 839 3166; x_wconf 88' lang='lat' dir='ltr'><strong><em>(Luc.</em></strong></span> <span class='ocrx_word' id='word_1_368' title='bbox 860 3111 980 3163; x_wconf 79' lang='lat' dir='ltr'><strong><em>xvr,</em></strong></span> <span class='ocrx_word' id='word_1_369' title='bbox 1010 3096 1102 3167; x_wconf 79' lang='lat' dir='ltr'><strong><em>i6)</em></strong></span> <span class='ocrx_word' id='word_1_370' title='bbox 1124 3095 1376 3167; x_wconf 83' lang='lat' dir='ltr'><strong><em>fuerunt;</em></strong></span> <span class='ocrx_word' id='word_1_371' title='bbox 1412 3103 1466 3152; x_wconf 91' lang='lat' dir='ltr'><strong><em>et</em></strong></span> <span class='ocrx_word' id='word_1_372' title='bbox 1497 3095 1708 3169; x_wconf 88' lang='lat' dir='ltr'><strong><em>piscina</em></strong></span> <span class='ocrx_word' id='word_1_373' title='bbox 1731 3095 1888 3152; x_wconf 91' lang='lat' dir='ltr'><strong><em>Beth-</em></strong></span> 
     </span>
    </p>
   </div>
   <div class='ocr_carea' id='block_1_49' title="bbox 269 3183 1882 3257">
    <p class='ocr_par' dir='ltr' id='par_1_49' title="bbox 269 3183 1882 3257">
     <span class='ocr_line' id='line_1_49' title="bbox 269 3183 1882 3257; baseline -0.001 -17"><span class='ocrx_word' id='word_1_374' title='bbox 269 3184 437 3240; x_wconf 85' lang='lat' dir='ltr'><strong><em>saida</em></strong></span> <span class='ocrx_word' id='word_1_375' title='bbox 483 3183 534 3224; x_wconf 77' lang='grc'><strong><em>³⁷</em></strong></span> <span class='ocrx_word' id='word_1_376' title='bbox 581 3184 771 3257; x_wconf 83' lang='lat' dir='ltr'><strong><em>(Joan.</em></strong></span> <span class='ocrx_word' id='word_1_377' title='bbox 802 3202 858 3251; x_wconf 78' lang='grc' dir='ltr'><strong><em>ν,</em></strong></span> <span class='ocrx_word' id='word_1_378' title='bbox 888 3185 945 3257; x_wconf 83' lang='grc'><strong>2)</strong></span> <span class='ocrx_word' id='word_1_379' title='bbox 990 3202 1161 3257; x_wconf 89' lang='lat' dir='ltr'><strong><em>usque</em></strong></span> <span class='ocrx_word' id='word_1_380' title='bbox 1207 3185 1273 3240; x_wconf 91' lang='lat' dir='ltr'><strong><em>ad</em></strong></span> <span class='ocrx_word' id='word_1_381' title='bbox 1324 3185 1616 3240; x_wconf 87' lang='lat' dir='ltr'><strong><em>adventum</em></strong></span> <span class='ocrx_word' id='word_1_382' title='bbox 1663 3183 1882 3250; x_wconf 88' lang='lat' dir='ltr'><strong><em>Christi,</em></strong></span> 
     </span>
    </p>
   </div>
   <div class='ocr_carea' id='block_1_50' title="bbox 269 3273 1882 3339">
    <p class='ocr_par' dir='ltr' id='par_1_50' title="bbox 269 3273 1882 3339">
     <span class='ocr_line' id='line_1_50' title="bbox 269 3273 1882 3339; baseline -0.001 -9"><span class='ocrx_word' id='word_1_383' title='bbox 269 3273 525 3330; x_wconf 81' lang='lat' dir='ltr'><strong><em>curando</em></strong></span> <span class='ocrx_word' id='word_1_384' title='bbox 560 3273 957 3333; x_wconf 88' lang='lat' dir='ltr'><strong><em>invaletudines</em></strong></span> <span class='ocrx_word' id='word_1_385' title='bbox 985 3276 1036 3312; x_wconf 78' lang='grc'>⁸⁸</span> <span class='ocrx_word' id='word_1_386' title='bbox 1083 3276 1148 3329; x_wconf 89' lang='lat' dir='ltr'><strong><em>ab</em></strong></span> <span class='ocrx_word' id='word_1_387' title='bbox 1179 3273 1365 3339; x_wconf 88' lang='lat' dir='ltr'><strong><em>Israel,</em></strong></span> <span class='ocrx_word' id='word_1_388' title='bbox 1422 3273 1582 3330; x_wconf 90' lang='lat' dir='ltr'><strong><em>desiit</em></strong></span> <span class='ocrx_word' id='word_1_389' title='bbox 1611 3288 1642 3328; x_wconf 87' lang='lat' dir='ltr'><strong><em>a</em></strong></span> <span class='ocrx_word' id='word_1_390' title='bbox 1670 3273 1882 3329; x_wconf 75' lang='lat' dir='ltr'><strong><em>benefi-</em></strong></span> 
     </span>
    </p>
   </div>
   <div class='ocr_carea' id='block_1_51' title="bbox 269 3361 1884 3438">
    <p class='ocr_par' dir='ltr' id='par_1_51' title="bbox 269 3361 1884 3438">
     <span class='ocr_line' id='line_1_51' title="bbox 269 3361 1884 3438; baseline 0 -20"><span class='ocrx_word' id='word_1_391' title='bbox 269 3363 372 3419; x_wconf 91' lang='lat' dir='ltr'><strong><em>ciis</em></strong></span> <span class='ocrx_word' id='word_1_392' title='bbox 404 3363 608 3419; x_wconf 92' lang='lat' dir='ltr'><strong><em>deinde</em></strong></span> <span class='ocrx_word' id='word_1_393' title='bbox 650 3364 718 3432; x_wconf 69' lang='lat'><strong><em>39,</em></strong></span> <span class='ocrx_word' id='word_1_394' title='bbox 766 3379 888 3420; x_wconf 92' lang='lat' dir='ltr'><strong><em>cum</em></strong></span> <span class='ocrx_word' id='word_1_395' title='bbox 918 3381 983 3422; x_wconf 90' lang='lat' dir='ltr'><strong><em>ex</em></strong></span> <span class='ocrx_word' id='word_1_396' title='bbox 1030 3365 1080 3404; x_wconf 83' lang='lat'><strong><em>9°</em></strong></span> <span class='ocrx_word' id='word_1_397' title='bbox 1107 3362 1518 3438; x_wconf 82' lang='lat' dir='ltr'><strong><em>perseverantia</em></strong></span> <span class='ocrx_word' id='word_1_398' title='bbox 1569 3362 1770 3420; x_wconf 84' lang='lat' dir='ltr'><strong><em>furoris</em></strong></span> <span class='ocrx_word' id='word_1_399' title='bbox 1798 3361 1884 3419; x_wconf 92' lang='lat' dir='ltr'><strong><em>sui</em></strong></span> 
     </span>
    </p>
   </div>
   <div class='ocr_carea' id='block_1_52' title="bbox 269 3452 1887 3526">
    <p class='ocr_par' dir='ltr' id='par_1_52' title="bbox 269 3452 1887 3526">
     <span class='ocr_line' id='line_1_52' title="bbox 269 3452 1887 3526; baseline -0.001 -17"><span class='ocrx_word' id='word_1_400' title='bbox 269 3468 488 3512; x_wconf 89' lang='lat' dir='ltr'><strong><em>nomen</em></strong></span> <span class='ocrx_word' id='word_1_401' title='bbox 542 3453 760 3511; x_wconf 89' lang='lat' dir='ltr'><strong><em>Domini</em></strong></span> <span class='ocrx_word' id='word_1_402' title='bbox 824 3472 919 3524; x_wconf 84' lang='lat' dir='ltr'><strong><em>per</em></strong></span> <span class='ocrx_word' id='word_1_403' title='bbox 972 3455 1124 3526; x_wconf 87' lang='lat' dir='ltr'><strong><em>ipsos</em></strong></span> <span class='ocrx_word' id='word_1_404' title='bbox 1196 3453 1690 3526; x_wconf 84' lang='lat' dir='ltr'><strong><em>blasphemaretur;</em></strong></span> <span class='ocrx_word' id='word_1_405' title='bbox 1747 3452 1887 3509; x_wconf 89' lang='lat' dir='ltr'><strong><em>sicut</em></strong></span> 
     </span>
    </p>
   </div>
   <div class='ocr_carea' id='block_1_53' title="bbox 1995 1846 3582 1928">
    <p class='ocr_par' dir='ltr' id='par_1_53' title="bbox 1995 1846 3582 1928">
     <span class='ocr_line' id='line_1_53' title="bbox 1995 1846 3582 1928; baseline 0.008 -28"><span class='ocrx_word' id='word_1_406' title='bbox 1995 1861 2102 1903; x_wconf 91' lang='lat' dir='ltr'><strong><em>non</em></strong></span> <span class='ocrx_word' id='word_1_407' title='bbox 2130 1846 2398 1903; x_wconf 88' lang='lat' dir='ltr'><strong><em>audiendo</em></strong></span> <span class='ocrx_word' id='word_1_408' title='bbox 2428 1849 2744 1921; x_wconf 88' lang='lat' dir='ltr'><strong><em>perierunt;</em></strong></span> <span class='ocrx_word' id='word_1_409' title='bbox 2777 1851 2871 1922; x_wconf 90' lang='lat' dir='ltr'><strong><em>qui</em></strong></span> <span class='ocrx_word' id='word_1_410' title='bbox 2926 1859 2980 1907; x_wconf 90' lang='lat' dir='ltr'><strong><em>et</em></strong></span> <span class='ocrx_word' id='word_1_411' title='bbox 3010 1852 3064 1907; x_wconf 90' lang='lat' dir='ltr'><strong><em>in</em></strong></span> <span class='ocrx_word' id='word_1_412' title='bbox 3112 1855 3324 1912; x_wconf 89' lang='lat' dir='ltr'><strong><em>Psalmo</em></strong></span> <span class='ocrx_word' id='word_1_413' title='bbox 3365 1858 3582 1928; x_wconf 86' lang='lat' dir='ltr'><strong><em>disper-</em></strong></span> 
     </span>
    </p>
   </div>
   <div class='ocr_carea' id='block_1_54' title="bbox 1995 1935 3586 2018">
    <p class='ocr_par' dir='ltr' id='par_1_54' title="bbox 1995 1935 3586 2018">
     <span class='ocr_line' id='line_1_54' title="bbox 1995 1935 3586 2018; baseline 0.008 -27"><span class='ocrx_word' id='word_1_414' title='bbox 1995 1935 2209 1991; x_wconf 88' lang='lat' dir='ltr'><strong><em>sionem</em></strong></span> <span class='ocrx_word' id='word_1_415' title='bbox 2249 1935 2371 2006; x_wconf 89' lang='lat' dir='ltr'><strong><em>ejus</em></strong></span> <span class='ocrx_word' id='word_1_416' title='bbox 2400 1938 2640 2007; x_wconf 87' lang='lat' dir='ltr'><strong><em>postulat</em></strong></span> <span class='ocrx_word' id='word_1_417' title='bbox 2677 1937 2758 2009; x_wconf 89' lang='lat'><strong><em>(8)</em></strong></span> <span class='ocrx_word' id='word_1_418' title='bbox 2787 1955 2818 1992; x_wconf 87' lang='lat' dir='ltr'><strong><em>a</em></strong></span> <span class='ocrx_word' id='word_1_419' title='bbox 2845 1939 3017 2006; x_wconf 84' lang='lat' dir='ltr'><strong><em>Patre,</em></strong></span> <span class='ocrx_word' id='word_1_420' title='bbox 3058 1941 3244 1998; x_wconf 90' lang='lat' dir='ltr'><strong><em>dicens</em></strong></span> <span class='ocrx_word' id='word_1_421' title='bbox 3277 1961 3290 1998; x_wconf 89' lang='lat'>:</span> <span class='ocrx_word' id='word_1_422' title='bbox 3325 1946 3586 2018; x_wconf 86' lang='lat' dir='ltr'><strong><em>Disperge</em></strong></span> 
     </span>
    </p>
   </div>
   <div class='ocr_carea' id='block_1_55' title="bbox 1994 2024 3584 2102">
    <p class='ocr_par' dir='ltr' id='par_1_55' title="bbox 1994 2024 3584 2102">
     <span class='ocr_line' id='line_1_55' title="bbox 1994 2024 3584 2102; baseline 0.006 -22"><span class='ocrx_word' id='word_1_423' title='bbox 1994 2024 2123 2082; x_wconf 88' lang='lat' dir='ltr'><strong><em>illos</em></strong></span> <span class='ocrx_word' id='word_1_424' title='bbox 2143 2026 2206 2081; x_wconf 88' lang='lat' dir='ltr'><strong><em>in</em></strong></span> <span class='ocrx_word' id='word_1_425' title='bbox 2234 2026 2450 2082; x_wconf 86' lang='lat' dir='ltr'><strong><em>virtute</em></strong></span> <span class='ocrx_word' id='word_1_426' title='bbox 2483 2029 2582 2083; x_wconf 88' lang='lat' dir='ltr'><strong><em>tua</em></strong></span> <span class='ocrx_word' id='word_1_427' title='bbox 2615 2027 2789 2095; x_wconf 87' lang='lat' dir='ltr'><strong><em>(Psal.</em></strong></span> <span class='ocrx_word' id='word_1_428' title='bbox 2823 2042 2974 2094; x_wconf 80' lang='lat' dir='ltr'><strong><em>Lvm,</em></strong></span> <span class='ocrx_word' id='word_1_429' title='bbox 3011 2029 3134 2102; x_wconf 77' lang='lat' dir='ltr'><strong><em>l2);</em></strong></span> <span class='ocrx_word' id='word_1_430' title='bbox 3165 2031 3256 2102; x_wconf 92' lang='lat' dir='ltr'><strong><em>qui</em></strong></span> <span class='ocrx_word' id='word_1_431' title='bbox 3286 2039 3340 2087; x_wconf 93' lang='lat' dir='ltr'><strong><em>et</em></strong></span> <span class='ocrx_word' id='word_1_432' title='bbox 3367 2048 3584 2090; x_wconf 89' lang='lat' dir='ltr'><strong><em>rursum</em></strong></span> 
     </span>
    </p>
   </div>
   <div class='ocr_carea' id='block_1_56' title="bbox 1996 2113 3580 2192">
    <p class='ocr_par' dir='ltr' id='par_1_56' title="bbox 1996 2113 3580 2192">
     <span class='ocr_line' id='line_1_56' title="bbox 1996 2113 3580 2192; baseline 0.008 -24"><span class='ocrx_word' id='word_1_433' title='bbox 1996 2129 2096 2184; x_wconf 89' lang='lat' dir='ltr'><strong><em>per</em></strong></span> <span class='ocrx_word' id='word_1_434' title='bbox 2125 2113 2344 2169; x_wconf 89' lang='lat' dir='ltr'><strong><em>Esaiam</em></strong></span> <span class='ocrx_word' id='word_1_435' title='bbox 2384 2115 2718 2171; x_wconf 88' lang='lat' dir='ltr'><strong><em>exustionem</em></strong></span> <span class='ocrx_word' id='word_1_436' title='bbox 2758 2131 2947 2173; x_wconf 91' lang='lat' dir='ltr'><strong><em>eorum</em></strong></span> <span class='ocrx_word' id='word_1_437' title='bbox 2978 2128 3092 2175; x_wconf 87' lang='lat' dir='ltr'><strong><em>orat</em></strong></span> <span class='ocrx_word' id='word_1_438' title='bbox 3126 2137 3139 2173; x_wconf 89' lang='lat'><strong>:</strong></span> <span class='ocrx_word' id='word_1_439' title='bbox 3190 2121 3428 2192; x_wconf 90' lang='lat' dir='ltr'><strong><em>Propter</em></strong></span> <span class='ocrx_word' id='word_1_440' title='bbox 3470 2139 3580 2189; x_wconf 89' lang='lat' dir='ltr'><strong><em>me,</em></strong></span> 
     </span>
    </p>
   </div>
   <div class='ocr_carea' id='block_1_57' title="bbox 1994 2202 3584 2275">
    <p class='ocr_par' dir='ltr' id='par_1_57' title="bbox 1994 2202 3584 2275">
     <span class='ocr_line' id='line_1_57' title="bbox 1994 2202 3584 2275; baseline 0.008 -18"><span class='ocrx_word' id='word_1_441' title='bbox 1994 2202 2188 2273; x_wconf 91' lang='lat' dir='ltr'><strong><em>inquit,</em></strong></span> <span class='ocrx_word' id='word_1_442' title='bbox 2217 2204 2334 2260; x_wconf 60' lang='lat' dir='ltr'><strong><em>haec</em></strong></span> <span class='ocrx_word' id='word_1_443' title='bbox 2361 2205 2519 2275; x_wconf 82' lang='lat' dir='ltr'><strong><em>facta</em></strong></span> <span class='ocrx_word' id='word_1_444' title='bbox 2549 2209 2686 2261; x_wconf 88' lang='lat' dir='ltr'><strong><em>sunt</em></strong></span> <span class='ocrx_word' id='word_1_445' title='bbox 2714 2205 2882 2272; x_wconf 86' lang='lat' dir='ltr'><strong><em>vobis,</em></strong></span> <span class='ocrx_word' id='word_1_446' title='bbox 2900 2209 2962 2263; x_wconf 90' lang='lat' dir='ltr'><strong><em>in</em></strong></span> <span class='ocrx_word' id='word_1_447' title='bbox 2981 2209 3279 2266; x_wconf 76' lang='lat' dir='ltr'><strong><em>anxietate</em></strong></span> <span class='ocrx_word' id='word_1_448' title='bbox 3293 2209 3584 2270; x_wconf 82' lang='lat' dir='ltr'><strong><em>dormietis</em></strong></span> 
     </span>
    </p>
   </div>
   <div class='ocr_carea' id='block_1_58' title="bbox 1996 2291 3578 2368">
    <p class='ocr_par' dir='ltr' id='par_1_58' title="bbox 1996 2291 3578 2368">
     <span class='ocr_line' id='line_1_58' title="bbox 1996 2291 3578 2368; baseline 0.006 -22"><span class='ocrx_word' id='word_1_449' title='bbox 1996 2291 2128 2361; x_wconf 88' lang='lat' dir='ltr'><strong><em>(Isa.</em></strong></span> <span class='ocrx_word' id='word_1_450' title='bbox 2161 2307 2212 2358; x_wconf 78' lang='grc' dir='ltr'><strong><em>ι,</em></strong></span> <span class='ocrx_word' id='word_1_451' title='bbox 2240 2292 2352 2360; x_wconf 79' lang='lat' dir='ltr'><strong><em>ii).</em></strong></span> <span class='ocrx_word' id='word_1_452' title='bbox 2385 2293 2512 2349; x_wconf 66' lang='lat' dir='ltr'><strong><em>Haec</em></strong></span> <span class='ocrx_word' id='word_1_453' title='bbox 2541 2292 2703 2366; x_wconf 82' lang='lat' dir='ltr'><strong><em>igitur</em></strong></span> <span class='ocrx_word' id='word_1_454' title='bbox 2730 2309 2850 2351; x_wconf 91' lang='lat' dir='ltr'><strong><em>cum</em></strong></span> <span class='ocrx_word' id='word_1_455' title='bbox 2883 2295 2993 2367; x_wconf 89' lang='lat' dir='ltr'><strong><em>pati</em></strong></span> <span class='ocrx_word' id='word_1_456' title='bbox 3024 2297 3382 2368; x_wconf 67' lang='lat' dir='ltr'><strong><em>praedicuntur</em></strong></span> <span class='ocrx_word' id='word_1_457' title='bbox 3405 2299 3578 2355; x_wconf 66' lang='lat' dir='ltr'><strong><em>Judaei</em></strong></span> 
     </span>
    </p>
   </div>
   <div class='ocr_carea' id='block_1_59' title="bbox 1993 2379 3579 2457">
    <p class='ocr_par' dir='ltr' id='par_1_59' title="bbox 1993 2379 3579 2457">
     <span class='ocr_line' id='line_1_59' title="bbox 1993 2379 3579 2457; baseline 0.006 -23"><span class='ocrx_word' id='word_1_458' title='bbox 1993 2389 2218 2452; x_wconf 88' lang='lat' dir='ltr'><strong><em>propter</em></strong></span> <span class='ocrx_word' id='word_1_459' title='bbox 2259 2379 2550 2449; x_wconf 91' lang='lat' dir='ltr'><strong><em>Christum,</em></strong></span> <span class='ocrx_word' id='word_1_460' title='bbox 2583 2389 2636 2438; x_wconf 90' lang='lat' dir='ltr'><strong><em>et</em></strong></span> <span class='ocrx_word' id='word_1_461' title='bbox 2685 2398 2872 2454; x_wconf 88' lang='lat' dir='ltr'><strong><em>passos</em></strong></span> <span class='ocrx_word' id='word_1_462' title='bbox 2920 2399 3014 2440; x_wconf 90' lang='lat' dir='ltr'><strong><em>eos</em></strong></span> <span class='ocrx_word' id='word_1_463' title='bbox 3062 2401 3182 2443; x_wconf 88' lang='lat' dir='ltr'><strong><em>esse</em></strong></span> <span class='ocrx_word' id='word_1_464' title='bbox 3224 2385 3579 2457; x_wconf 88' lang='lat' dir='ltr'><strong><em>inveniamus,</em></strong></span> 
     </span>
    </p>
   </div>
   <div class='ocr_carea' id='block_1_60' title="bbox 1993 2467 3583 2542">
    <p class='ocr_par' dir='ltr' id='par_1_60' title="bbox 1993 2467 3583 2542">
     <span class='ocr_line' id='line_1_60' title="bbox 1993 2467 3583 2542; baseline 0.006 -17"><span class='ocrx_word' id='word_1_465' title='bbox 1993 2476 2047 2525; x_wconf 91' lang='lat' dir='ltr'><strong><em>et</em></strong></span> <span class='ocrx_word' id='word_1_466' title='bbox 2077 2469 2130 2524; x_wconf 91' lang='lat' dir='ltr'><strong><em>in</em></strong></span> <span class='ocrx_word' id='word_1_467' title='bbox 2159 2467 2550 2540; x_wconf 87' lang='lat' dir='ltr'><strong><em>dispersionem</em></strong></span> <span class='ocrx_word' id='word_1_468' title='bbox 2580 2469 2850 2528; x_wconf 89' lang='lat' dir='ltr'><strong><em>demorari</em></strong></span> <span class='ocrx_word' id='word_1_469' title='bbox 2902 2488 3204 2542; x_wconf 88' lang='lat' dir='ltr'><strong><em>cernamus,</em></strong></span> <span class='ocrx_word' id='word_1_470' title='bbox 3237 2477 3583 2536; x_wconf 85' lang='lat' dir='ltr'><strong><em>manifestum</em></strong></span> 
     </span>
    </p>
   </div>
   <div class='ocr_carea' id='block_1_61' title="bbox 1994 2557 3583 2640">
    <p class='ocr_par' dir='ltr' id='par_1_61' title="bbox 1994 2557 3583 2640">
     <span class='ocr_line' id='line_1_61' title="bbox 1994 2557 3583 2640; baseline 0.006 -28"><span class='ocrx_word' id='word_1_471' title='bbox 1994 2563 2076 2614; x_wconf 89' lang='lat' dir='ltr'><strong><em>est</em></strong></span> <span class='ocrx_word' id='word_1_472' title='bbox 2113 2568 2333 2629; x_wconf 90' lang='lat' dir='ltr'><strong><em>propter</em></strong></span> <span class='ocrx_word' id='word_1_473' title='bbox 2369 2557 2648 2615; x_wconf 88' lang='lat' dir='ltr'><strong><em>Christum</em></strong></span> <span class='ocrx_word' id='word_1_474' title='bbox 2683 2560 2885 2616; x_wconf 76' lang='lat' dir='ltr'><strong><em>Iudaeis</em></strong></span> <span class='ocrx_word' id='word_1_475' title='bbox 2917 2564 3019 2619; x_wconf 82' lang='lat' dir='ltr'><strong><em>ista</em></strong></span> <span class='ocrx_word' id='word_1_476' title='bbox 3046 2563 3327 2635; x_wconf 89' lang='lat' dir='ltr'><strong><em>accidisse,</em></strong></span> <span class='ocrx_word' id='word_1_477' title='bbox 3360 2568 3583 2640; x_wconf 89' lang='lat' dir='ltr'><strong><em>conspi-</em></strong></span> 
     </span>
    </p>
   </div>
   <div class='ocr_carea' id='block_1_62' title="bbox 1996 2646 3583 2719">
    <p class='ocr_par' dir='ltr' id='par_1_62' title="bbox 1996 2646 3583 2719">
     <span class='ocr_line' id='line_1_62' title="bbox 1996 2646 3583 2719; baseline 0.007 -20"><span class='ocrx_word' id='word_1_478' title='bbox 1996 2653 2149 2701; x_wconf 89' lang='lat' dir='ltr'><strong><em>rante</em></strong></span> <span class='ocrx_word' id='word_1_479' title='bbox 2187 2662 2351 2702; x_wconf 90' lang='lat' dir='ltr'><strong><em>sensu</em></strong></span> <span class='ocrx_word' id='word_1_480' title='bbox 2396 2646 2802 2719; x_wconf 90' lang='lat' dir='ltr'><strong><em>Scripturarum</em></strong></span> <span class='ocrx_word' id='word_1_481' title='bbox 2841 2666 2960 2706; x_wconf 92' lang='lat' dir='ltr'><strong><em>cum</em></strong></span> <span class='ocrx_word' id='word_1_482' title='bbox 3001 2653 3144 2707; x_wconf 90' lang='lat' dir='ltr'><strong><em>exitu</em></strong></span> <span class='ocrx_word' id='word_1_483' title='bbox 3187 2669 3369 2709; x_wconf 88' lang='lat' dir='ltr'><strong><em>rerum</em></strong></span> <span class='ocrx_word' id='word_1_484' title='bbox 3398 2662 3455 2711; x_wconf 88' lang='lat' dir='ltr'><strong><em>et</em></strong></span> <span class='ocrx_word' id='word_1_485' title='bbox 3492 2672 3583 2713; x_wconf 91' lang='lat' dir='ltr'><strong><em>or-</em></strong></span> 
     </span>
    </p>
   </div>
   <div class='ocr_carea' id='block_1_63' title="bbox 1996 2734 3582 2807">
    <p class='ocr_par' dir='ltr' id='par_1_63' title="bbox 1996 2734 3582 2807">
     <span class='ocr_line' id='line_1_63' title="bbox 1996 2734 3582 2807; baseline 0.009 -19"><span class='ocrx_word' id='word_1_486' title='bbox 1996 2734 2137 2789; x_wconf 92' lang='lat' dir='ltr'><strong><em>dinis</em></strong></span> <span class='ocrx_word' id='word_1_487' title='bbox 2164 2735 2214 2774; x_wconf 85' lang='lat'><strong>95</strong></span> <span class='ocrx_word' id='word_1_488' title='bbox 2261 2743 2586 2807; x_wconf 87' lang='lat' dir='ltr'><strong><em>temporum.</em></strong></span> <span class='ocrx_word' id='word_1_489' title='bbox 2633 2739 2742 2793; x_wconf 89' lang='lat' dir='ltr'><strong><em>Aut</em></strong></span> <span class='ocrx_word' id='word_1_490' title='bbox 2780 2737 2824 2792; x_wconf 90' lang='lat' dir='ltr'><strong><em>si</em></strong></span> <span class='ocrx_word' id='word_1_491' title='bbox 2869 2739 3110 2794; x_wconf 89' lang='lat' dir='ltr'><strong><em>nondum</em></strong></span> <span class='ocrx_word' id='word_1_492' title='bbox 3147 2742 3294 2796; x_wconf 90' lang='lat' dir='ltr'><strong><em>venit</em></strong></span> <span class='ocrx_word' id='word_1_493' title='bbox 3337 2743 3582 2802; x_wconf 88' lang='lat' dir='ltr'><strong><em>Christus</em></strong></span> 
     </span>
    </p>
   </div>
   <div class='ocr_carea' id='block_1_64' title="bbox 1994 2823 3580 2896">
    <p class='ocr_par' dir='ltr' id='par_1_64' title="bbox 1994 2823 3580 2896">
     <span class='ocr_line' id='line_1_64' title="bbox 1994 2823 3580 2896; baseline 0.009 -20"><span class='ocrx_word' id='word_1_494' title='bbox 1994 2829 2218 2894; x_wconf 90' lang='lat' dir='ltr'><strong><em>propter</em></strong></span> <span class='ocrx_word' id='word_1_495' title='bbox 2245 2839 2399 2894; x_wconf 90' lang='lat' dir='ltr'><strong><em>quem</em></strong></span> <span class='ocrx_word' id='word_1_496' title='bbox 2431 2823 2548 2879; x_wconf 60' lang='lat' dir='ltr'><strong><em>hinc</em></strong></span> <span class='ocrx_word' id='word_1_497' title='bbox 2587 2824 2797 2895; x_wconf 85' lang='lat' dir='ltr'><strong><em>passuri</em></strong></span> <span class='ocrx_word' id='word_1_498' title='bbox 2845 2827 3290 2896; x_wconf 75' lang='lat' dir='ltr'><strong><em>praedicabantur,</em></strong></span> <span class='ocrx_word' id='word_1_499' title='bbox 3323 2846 3447 2888; x_wconf 92' lang='lat' dir='ltr'><strong><em>cum</em></strong></span> <span class='ocrx_word' id='word_1_500' title='bbox 3487 2850 3580 2890; x_wconf 88' lang='lat' dir='ltr'><strong><em>ve-</em></strong></span> 
     </span>
    </p>
   </div>
   <div class='ocr_carea' id='block_1_65' title="bbox 1995 2912 3580 2984">
    <p class='ocr_par' dir='ltr' id='par_1_65' title="bbox 1995 2912 3580 2984">
     <span class='ocr_line' id='line_1_65' title="bbox 1995 2912 3580 2984; baseline 0.007 -17"><span class='ocrx_word' id='word_1_501' title='bbox 1995 2912 2138 2967; x_wconf 91' lang='lat' dir='ltr'><strong><em>nerit</em></strong></span> <span class='ocrx_word' id='word_1_502' title='bbox 2180 2927 2312 2984; x_wconf 83' lang='lat' dir='ltr'><strong><em>ergo</em></strong></span> <span class='ocrx_word' id='word_1_503' title='bbox 2354 2913 2638 2983; x_wconf 89' lang='lat' dir='ltr'><strong><em>patientur.</em></strong></span> <span class='ocrx_word' id='word_1_504' title='bbox 2687 2916 2754 2970; x_wconf 86' lang='lat' dir='ltr'><strong><em>Et</em></strong></span> <span class='ocrx_word' id='word_1_505' title='bbox 2785 2915 2872 2971; x_wconf 81' lang='lat' dir='ltr'><strong><em>ubi</em></strong></span> <span class='ocrx_word' id='word_1_506' title='bbox 2920 2924 3048 2974; x_wconf 90' lang='lat' dir='ltr'><strong><em>tunc</em></strong></span> <span class='ocrx_word' id='word_1_507' title='bbox 3095 2918 3202 2974; x_wconf 84' lang='lat' dir='ltr'><strong><em>ﬁlia</em></strong></span> <span class='ocrx_word' id='word_1_508' title='bbox 3231 2921 3362 2977; x_wconf 91' lang='lat' dir='ltr'><strong><em>Sion</em></strong></span> <span class='ocrx_word' id='word_1_509' title='bbox 3408 2923 3580 2978; x_wconf 86' lang='lat' dir='ltr'><strong><em>relin-</em></strong></span> 
     </span>
    </p>
   </div>
   <div class='ocr_carea' id='block_1_66' title="bbox 1996 3003 3584 3074">
    <p class='ocr_par' dir='ltr' id='par_1_66' title="bbox 1996 3003 3584 3074">
     <span class='ocr_line' id='line_1_66' title="bbox 1996 3003 3584 3074; baseline 0.009 -18"><span class='ocrx_word' id='word_1_510' title='bbox 1996 3003 2228 3072; x_wconf 88' lang='lat' dir='ltr'><strong><em>quenda,</em></strong></span> <span class='ocrx_word' id='word_1_511' title='bbox 2261 3018 2382 3074; x_wconf 78' lang='lat' dir='ltr'><strong><em>quae</em></strong></span> <span class='ocrx_word' id='word_1_512' title='bbox 2419 3004 2568 3059; x_wconf 85' lang='lat' dir='ltr'><strong><em>nulla</em></strong></span> <span class='ocrx_word' id='word_1_513' title='bbox 2594 3003 2646 3042; x_wconf 78' lang='lat'><strong><em>96</em></strong></span> <span class='ocrx_word' id='word_1_514' title='bbox 2675 3005 2834 3061; x_wconf 91' lang='lat' dir='ltr'><strong><em>hodie</em></strong></span> <span class='ocrx_word' id='word_1_515' title='bbox 2880 3009 2999 3062; x_wconf 84' lang='lat' dir='ltr'><strong><em>est?</em></strong></span> <span class='ocrx_word' id='word_1_516' title='bbox 3047 3008 3139 3064; x_wconf 93' lang='lat' dir='ltr'><strong><em>ubi</em></strong></span> <span class='ocrx_word' id='word_1_517' title='bbox 3171 3009 3406 3068; x_wconf 84' lang='lat' dir='ltr'><strong><em>civitates</em></strong></span> <span class='ocrx_word' id='word_1_518' title='bbox 3451 3029 3584 3070; x_wconf 87' lang='lat' dir='ltr'><strong><em>exu-</em></strong></span> 
     </span>
    </p>
   </div>
   <div class='ocr_carea' id='block_1_67' title="bbox 1996 3091 3584 3164">
    <p class='ocr_par' dir='ltr' id='par_1_67' title="bbox 1996 3091 3584 3164">
     <span class='ocr_line' id='line_1_67' title="bbox 1996 3091 3584 3164; baseline 0.005 -16"><span class='ocrx_word' id='word_1_519' title='bbox 1996 3091 2197 3158; x_wconf 78' lang='lat' dir='ltr'><strong><em>rendae,</em></strong></span> <span class='ocrx_word' id='word_1_520' title='bbox 2246 3108 2368 3164; x_wconf 74' lang='lat' dir='ltr'><strong><em>quae</em></strong></span> <span class='ocrx_word' id='word_1_521' title='bbox 2416 3093 2525 3162; x_wconf 88' lang='lat' dir='ltr'><strong><em>jam</em></strong></span> <span class='ocrx_word' id='word_1_522' title='bbox 2569 3092 2622 3148; x_wconf 93' lang='lat' dir='ltr'><strong><em>in</em></strong></span> <span class='ocrx_word' id='word_1_523' title='bbox 2655 3093 2875 3150; x_wconf 90' lang='lat' dir='ltr'><strong><em>tumulis</em></strong></span> <span class='ocrx_word' id='word_1_524' title='bbox 2917 3104 3127 3153; x_wconf 77' lang='lat' dir='ltr'><strong><em>exustae</em></strong></span> <span class='ocrx_word' id='word_1_525' title='bbox 3174 3103 3346 3156; x_wconf 86' lang='lat' dir='ltr'><strong><em>sunt?</em></strong></span> <span class='ocrx_word' id='word_1_526' title='bbox 3389 3101 3481 3156; x_wconf 89' lang='lat' dir='ltr'><strong><em>ubi</em></strong></span> <span class='ocrx_word' id='word_1_527' title='bbox 3527 3103 3584 3159; x_wconf 91' lang='lat' dir='ltr'><strong><em>di</em></strong></span> 
     </span>
    </p>
   </div>
   <div class='ocr_carea' id='block_1_68' title="bbox 1993 3180 3580 3253">
    <p class='ocr_par' dir='ltr' id='par_1_68' title="bbox 1993 3180 3580 3253">
     <span class='ocr_line' id='line_1_68' title="bbox 1993 3180 3580 3253; baseline 0.006 -17"><span class='ocrx_word' id='word_1_528' title='bbox 1993 3180 2200 3252; x_wconf 89' lang='lat' dir='ltr'><strong><em>spersio</em></strong></span> <span class='ocrx_word' id='word_1_529' title='bbox 2243 3181 2438 3253; x_wconf 77' lang='lat' dir='ltr'><strong><em>gentis,</em></strong></span> <span class='ocrx_word' id='word_1_530' title='bbox 2479 3197 2599 3253; x_wconf 78' lang='lat' dir='ltr'><strong><em>quae</em></strong></span> <span class='ocrx_word' id='word_1_531' title='bbox 2655 3182 2764 3253; x_wconf 87' lang='lat' dir='ltr'><strong><em>jam</em></strong></span> <span class='ocrx_word' id='word_1_532' title='bbox 2814 3184 3086 3240; x_wconf 83' lang='lat' dir='ltr'><strong><em>extorris?</em></strong></span> <span class='ocrx_word' id='word_1_533' title='bbox 3142 3187 3332 3244; x_wconf 82' lang='lat' dir='ltr'><strong><em>Redde</em></strong></span> <span class='ocrx_word' id='word_1_534' title='bbox 3383 3197 3580 3246; x_wconf 89' lang='lat' dir='ltr'><strong><em>statum</em></strong></span> 
     </span>
    </p>
   </div>
   <div class='ocr_carea' id='block_1_69' title="bbox 1991 3270 3584 3343">
    <p class='ocr_par' dir='ltr' id='par_1_69' title="bbox 1991 3270 3584 3343">
     <span class='ocr_line' id='line_1_69' title="bbox 1991 3270 3584 3343; baseline 0.007 -18"><span class='ocrx_word' id='word_1_535' title='bbox 1991 3270 2192 3326; x_wconf 73' lang='lat' dir='ltr'><strong><em>Judaeze</em></strong></span> <span class='ocrx_word' id='word_1_536' title='bbox 2222 3287 2382 3343; x_wconf 90' lang='lat' dir='ltr'><strong><em>quem</em></strong></span> <span class='ocrx_word' id='word_1_537' title='bbox 2433 3270 2678 3328; x_wconf 89' lang='lat' dir='ltr'><strong><em>Christus</em></strong></span> <span class='ocrx_word' id='word_1_538' title='bbox 2715 3272 2971 3340; x_wconf 86' lang='lat' dir='ltr'><strong><em>inveniat,</em></strong></span> <span class='ocrx_word' id='word_1_539' title='bbox 3007 3281 3060 3330; x_wconf 92' lang='lat' dir='ltr'><strong><em>et</em></strong></span> <span class='ocrx_word' id='word_1_540' title='bbox 3104 3274 3268 3332; x_wconf 88' lang='lat' dir='ltr'><strong><em>alium</em></strong></span> <span class='ocrx_word' id='word_1_541' title='bbox 3316 3280 3584 3336; x_wconf 86' lang='lat' dir='ltr'><strong><em>contende</em></strong></span> 
     </span>
    </p>
   </div>
   <div class='ocr_carea' id='block_1_70' title="bbox 1994 3377 2196 3420">
    <p class='ocr_par' dir='ltr' id='par_1_70' title="bbox 1994 3377 2196 3420">
     <span class='ocr_line' id='line_1_70' title="bbox 1994 3377 2196 3420; baseline 0.005 -1"><span class='ocrx_word' id='word_1_542' title='bbox 1994 3377 2196 3420; x_wconf 84' lang='lat' dir='ltr'><strong><em>ventre.</em></strong></span> 
     </span>
    </p>
   </div>
   <div class='ocr_carea' id='block_1_71' title="bbox 1667 3577 2196 3641">
    <p class='ocr_par' dir='ltr' id='par_1_71' title="bbox 1667 3577 2196 3641">
     <span class='ocr_line' id='line_1_71' title="bbox 1667 3577 2196 3641; baseline 0 -1"><span class='ocrx_word' id='word_1_543' title='bbox 1667 3577 1853 3641; x_wconf 76' lang='lat' dir='ltr'><strong><em>Variae</em></strong></span> <span class='ocrx_word' id='word_1_544' title='bbox 1889 3578 2196 3641; x_wconf 85' lang='lat' dir='ltr'><strong><em>lectiones.</em></strong></span> 
     </span>
    </p>
   </div>
   <div class='ocr_carea' id='block_1_72' title="bbox 345 3699 3586 3773">
    <p class='ocr_par' dir='ltr' id='par_1_72' title="bbox 345 3699 3586 3773">
     <span class='ocr_line' id='line_1_72' title="bbox 345 3699 3586 3773; baseline 0.002 -17"><span class='ocrx_word' id='word_1_545' title='bbox 345 3703 403 3741; x_wconf 74' lang='lat'><strong><em>83</em></strong></span> <span class='ocrx_word' id='word_1_546' title='bbox 435 3701 635 3756; x_wconf 85' lang='lat' dir='ltr'><strong><em>Eorum</em></strong></span> <span class='ocrx_word' id='word_1_547' title='bbox 677 3700 831 3773; x_wconf 87' lang='lat' dir='ltr'><strong><em>abest</em></strong></span> <span class='ocrx_word' id='word_1_548' title='bbox 853 3719 887 3757; x_wconf 93' lang='lat' dir='ltr'><strong><em>a</em></strong></span> <span class='ocrx_word' id='word_1_549' title='bbox 917 3701 1092 3759; x_wconf 83' lang='lat' dir='ltr'><strong><em>Rhen.</em></strong></span> <span class='ocrx_word' id='word_1_550' title='bbox 1118 3706 1172 3759; x_wconf 92' lang='lat' dir='ltr'><strong><em>et</em></strong></span> <span class='ocrx_word' id='word_1_551' title='bbox 1199 3701 1378 3760; x_wconf 88' lang='lat' dir='ltr'><strong><em>Obert.</em></strong></span> <span class='ocrx_word' id='word_1_552' title='bbox 1413 3702 1461 3740; x_wconf 51' lang='lat'><strong><em>8“</em></strong></span> <span class='ocrx_word' id='word_1_553' title='bbox 1494 3701 1797 3773; x_wconf 85' lang='lat' dir='ltr'><strong><em>Delueidata</em></strong></span> <span class='ocrx_word' id='word_1_554' title='bbox 1828 3709 2069 3773; x_wconf 89' lang='lat' dir='ltr'><strong><em>pectore,</em></strong></span> <span class='ocrx_word' id='word_1_555' title='bbox 2119 3717 2216 3770; x_wconf 83' lang='lat' dir='ltr'><strong><em>per</em></strong></span> <span class='ocrx_word' id='word_1_556' title='bbox 2241 3699 2440 3758; x_wconf 81' lang='lat' dir='ltr'><strong><em>Christi</em></strong></span> <span class='ocrx_word' id='word_1_557' title='bbox 2473 3701 2758 3757; x_wconf 86' lang='lat' dir='ltr'><strong><em>veritatem</em></strong></span> <span class='ocrx_word' id='word_1_558' title='bbox 2794 3702 2976 3762; x_wconf 85' lang='lat' dir='ltr'><strong><em>Obert.</em></strong></span> <span class='ocrx_word' id='word_1_559' title='bbox 3005 3704 3252 3761; x_wconf 39' lang='lat' dir='ltr'><strong><em>Se&#39;ml.—</em></strong></span> <span class='ocrx_word' id='word_1_560' title='bbox 3276 3705 3586 3764; x_wconf 89' lang='lat' dir='ltr'><strong><em>Delueidato</em></strong></span> 
     </span>
    </p>
   </div>
   <div class='ocr_carea' id='block_1_73' title="bbox 277 3772 3584 3844">
    <p class='ocr_par' dir='ltr' id='par_1_73' title="bbox 277 3772 3584 3844">
     <span class='ocr_line' id='line_1_73' title="bbox 277 3772 3584 3844; baseline 0.002 -14"><span class='ocrx_word' id='word_1_561' title='bbox 277 3782 510 3844; x_wconf 87' lang='lat' dir='ltr'><strong><em>pectore</em></strong></span> <span class='ocrx_word' id='word_1_562' title='bbox 540 3773 657 3828; x_wconf 89' lang='lat' dir='ltr'><strong><em>cod.</em></strong></span> <span class='ocrx_word' id='word_1_563' title='bbox 678 3772 837 3828; x_wconf 84' lang='lat' dir='ltr'><strong><em>Fuld.</em></strong></span> <span class='ocrx_word' id='word_1_564' title='bbox 863 3774 912 3810; x_wconf 76' lang='grc'><strong>⁵⁸</strong></span> <span class='ocrx_word' id='word_1_565' title='bbox 933 3774 1098 3830; x_wconf 87' lang='lat' dir='ltr'><strong><em>Idola.</em></strong></span> <span class='ocrx_word' id='word_1_566' title='bbox 1119 3772 1558 3836; x_wconf 61' lang='lat' dir='ltr'><strong><em>Videantludiei,</em></strong></span> <span class='ocrx_word' id='word_1_567' title='bbox 1583 3780 1685 3830; x_wconf 88' lang='lat' dir='ltr'><strong><em>etc.</em></strong></span> <span class='ocrx_word' id='word_1_568' title='bbox 1722 3772 1901 3830; x_wconf 82' lang='lat' dir='ltr'><strong><em>Obert.</em></strong></span> <span class='ocrx_word' id='word_1_569' title='bbox 1927 3775 2098 3830; x_wconf 90' lang='lat' dir='ltr'><strong><em>Seml.</em></strong></span> <span class='ocrx_word' id='word_1_570' title='bbox 2122 3773 2172 3810; x_wconf 68' lang='lat'><strong><em>35</em></strong></span> <span class='ocrx_word' id='word_1_571' title='bbox 2193 3772 2582 3828; x_wconf 84' lang='lat' dir='ltr'><strong><em>Charismatum</em></strong></span> <span class='ocrx_word' id='word_1_572' title='bbox 2617 3774 2829 3829; x_wconf 87' lang='lat' dir='ltr'><strong><em>roribus</em></strong></span> <span class='ocrx_word' id='word_1_573' title='bbox 2849 3777 3030 3831; x_wconf 87' lang='lat' dir='ltr'><strong><em>Paris.</em></strong></span> <span class='ocrx_word' id='word_1_574' title='bbox 3048 3777 3094 3814; x_wconf 71' lang='lat'><strong>37</strong></span> <span class='ocrx_word' id='word_1_575' title='bbox 3123 3777 3415 3834; x_wconf 84' lang='lat' dir='ltr'><strong><em>Betheseda</em></strong></span> <span class='ocrx_word' id='word_1_576' title='bbox 3447 3781 3584 3836; x_wconf 87' lang='lat' dir='ltr'><strong><em>Jun.</em></strong></span> 
     </span>
    </p>
   </div>
   <div class='ocr_carea' id='block_1_74' title="bbox 275 3843 3588 3918">
    <p class='ocr_par' dir='ltr' id='par_1_74' title="bbox 275 3843 3588 3918">
     <span class='ocr_line' id='line_1_74' title="bbox 275 3843 3588 3918; baseline 0.001 -16"><span class='ocrx_word' id='word_1_577' title='bbox 275 3847 325 3882; x_wconf 74' lang='grc'>⁸⁸</span> <span class='ocrx_word' id='word_1_578' title='bbox 351 3843 917 3918; x_wconf 74' lang='lat' dir='ltr'><strong><em>Va_let_ndines_0bert.</em></strong></span> <span class='ocrx_word' id='word_1_579' title='bbox 937 3845 1104 3918; x_wconf 82' lang='lat' dir='ltr'><strong><em>Seml.</em></strong></span> <span class='ocrx_word' id='word_1_580' title='bbox 1137 3845 1186 3918; x_wconf 49' lang='lat' dir='ltr'><strong><em>{f9</em></strong></span> <span class='ocrx_word' id='word_1_581' title='bbox 1215 3845 1262 3899; x_wconf 82' lang='grc' dir='ltr'><strong>Α</strong></span> <span class='ocrx_word' id='word_1_582' title='bbox 1282 3844 1577 3918; x_wconf 64' lang='lat' dir='ltr'><strong><em>beneficiis.</em></strong></span> <span class='ocrx_word' id='word_1_583' title='bbox 1614 3844 1819 3918; x_wconf 82' lang='lat' dir='ltr'><strong><em>Deinde</em></strong></span> <span class='ocrx_word' id='word_1_584' title='bbox 1840 3846 2130 3918; x_wconf 76' lang='lat' dir='ltr'><strong><em>Jun.90Ex</em></strong></span> <span class='ocrx_word' id='word_1_585' title='bbox 2159 3845 2375 3918; x_wconf 30' lang='lat' dir='ltr'><strong><em>abestwa</em></strong></span> <span class='ocrx_word' id='word_1_586' title='bbox 2408 3845 2665 3918; x_wconf 22' lang='lat' dir='ltr'><strong><em>[thenqet</em></strong></span> <span class='ocrx_word' id='word_1_587' title='bbox 2692 3847 2874 3902; x_wconf 87' lang='lat' dir='ltr'><strong><em>Obert.</em></strong></span> <span class='ocrx_word' id='word_1_588' title='bbox 2916 3847 2961 3884; x_wconf 74' lang='lat'><strong><em>91</em></strong></span> <span class='ocrx_word' id='word_1_589' title='bbox 3001 3847 3176 3918; x_wconf 86' lang='lat' dir='ltr'><strong><em>Coepit</em></strong></span> <span class='ocrx_word' id='word_1_590' title='bbox 3195 3851 3378 3905; x_wconf 88' lang='lat' dir='ltr'><strong><em>Latin.</em></strong></span> <span class='ocrx_word' id='word_1_591' title='bbox 3414 3851 3465 3887; x_wconf 72' lang='lat'>93</span> <span class='ocrx_word' id='word_1_592' title='bbox 3485 3852 3588 3917; x_wconf 91' lang='lat' dir='ltr'><strong><em>Qui</em></strong></span> 
     </span>
    </p>
   </div>
   <div class='ocr_carea' id='block_1_75' title="bbox 279 3913 3583 3985">
    <p class='ocr_par' dir='ltr' id='par_1_75' title="bbox 279 3913 3583 3985">
     <span class='ocr_line' id='line_1_75' title="bbox 279 3913 3583 3985; baseline 0.002 -13"><span class='ocrx_word' id='word_1_593' title='bbox 279 3918 411 3972; x_wconf 80' lang='lat' dir='ltr'><strong><em>alii.</em></strong></span> <span class='ocrx_word' id='word_1_594' title='bbox 427 3915 478 3953; x_wconf 83' lang='lat'><strong><em>93</em></strong></span> <span class='ocrx_word' id='word_1_595' title='bbox 492 3915 644 3970; x_wconf 91' lang='lat' dir='ltr'><strong><em>Sicut</em></strong></span> <span class='ocrx_word' id='word_1_596' title='bbox 664 3915 838 3972; x_wconf 77' lang='lat' dir='ltr'><strong><em>Ithen.</em></strong></span> <span class='ocrx_word' id='word_1_597' title='bbox 860 3915 1040 3973; x_wconf 86' lang='lat' dir='ltr'><strong><em>Obert.</em></strong></span> <span class='ocrx_word' id='word_1_598' title='bbox 1063 3916 1113 3955; x_wconf 59' lang='grc'><strong><em>94</em></strong></span> <span class='ocrx_word' id='word_1_599' title='bbox 1133 3915 1408 3972; x_wconf 88' lang='lat' dir='ltr'><strong><em>Comedct.</em></strong></span> <span class='ocrx_word' id='word_1_600' title='bbox 1431 3917 1508 3971; x_wconf 88' lang='lat' dir='ltr'><strong><em>Ex</em></strong></span> <span class='ocrx_word' id='word_1_601' title='bbox 1538 3916 1646 3972; x_wconf 91' lang='lat' dir='ltr'><strong><em>duo</em></strong></span> <span class='ocrx_word' id='word_1_602' title='bbox 1666 3913 1958 3985; x_wconf 88' lang='lat' dir='ltr'><strong><em>probamus</em></strong></span> <span class='ocrx_word' id='word_1_603' title='bbox 1977 3914 2565 3972; x_wconf 74' lang='lat' dir='ltr'><strong><em>maelireramChristum</em></strong></span> <span class='ocrx_word' id='word_1_604' title='bbox 2588 3915 2752 3971; x_wconf 81' lang='lat' dir='ltr'><strong><em>fuisse</em></strong></span> <span class='ocrx_word' id='word_1_605' title='bbox 2770 3913 3142 3974; x_wconf 78' lang='lat' dir='ltr'><strong><em>0berthSeml.</em></strong></span> <span class='ocrx_word' id='word_1_606' title='bbox 3177 3913 3583 3977; x_wconf 71' lang='lat' dir='ltr'><strong><em>95Ordinclun.</em></strong></span> 
     </span>
    </p>
   </div>
   <div class='ocr_carea' id='block_1_76' title="bbox 277 3986 1011 4044">
    <p class='ocr_par' dir='ltr' id='par_1_76' title="bbox 277 3986 1011 4044">
     <span class='ocr_line' id='line_1_76' title="bbox 277 3986 1011 4044; baseline 0.001 -3"><span class='ocrx_word' id='word_1_607' title='bbox 277 3989 328 4026; x_wconf 75' lang='lat'><strong><em>95</em></strong></span> <span class='ocrx_word' id='word_1_608' title='bbox 361 3986 572 4042; x_wconf 81' lang='lat' dir='ltr'><strong><em>Invidia</em></strong></span> <span class='ocrx_word' id='word_1_609' title='bbox 629 3987 813 4044; x_wconf 84' lang='lat' dir='ltr'><strong><em>Obert.</em></strong></span> <span class='ocrx_word' id='word_1_610' title='bbox 840 3989 1011 4044; x_wconf 88' lang='lat' dir='ltr'><strong><em>Seml.</em></strong></span> 
     </span>
    </p>
   </div>
   <div class='ocr_carea' id='block_1_77' title="bbox 1689 4084 2188 4148">
    <p class='ocr_par' dir='ltr' id='par_1_77' title="bbox 1689 4084 2188 4148">
     <span class='ocr_line' id='line_1_77' title="bbox 1689 4084 2188 4148; baseline -0.002 -1"><span class='ocrx_word' id='word_1_611' title='bbox 1689 4084 2188 4148; x_wconf 89' lang='lat' dir='ltr'><strong><em>Commentarius.</em></strong></span> 
     </span>
    </p>
   </div>
   <div class='ocr_carea' id='block_1_78' title="bbox 367 4181 1891 4254">
    <p class='ocr_par' dir='ltr' id='par_1_78' title="bbox 367 4181 1891 4254">
     <span class='ocr_line' id='line_1_78' title="bbox 367 4181 1891 4254; baseline 0.001 -18"><span class='ocrx_word' id='word_1_612' title='bbox 367 4184 448 4252; x_wconf 58' lang='grc' dir='ltr'><strong><em>(Α.)</em></strong></span> <span class='ocrx_word' id='word_1_613' title='bbox 494 4185 624 4242; x_wconf 85' lang='lat' dir='ltr'><strong><em>Post</em></strong></span> <span class='ocrx_word' id='word_1_614' title='bbox 672 4183 930 4254; x_wconf 89' lang='lat' dir='ltr'><strong><em>biduum,</em></strong></span> <span class='ocrx_word' id='word_1_615' title='bbox 985 4182 1072 4240; x_wconf 91' lang='lat' dir='ltr'><strong><em>die</em></strong></span> <span class='ocrx_word' id='word_1_616' title='bbox 1105 4185 1298 4242; x_wconf 89' lang='lat' dir='ltr'><strong><em>tertia.</em></strong></span> <span class='ocrx_word' id='word_1_617' title='bbox 1351 4182 1441 4239; x_wconf 91' lang='lat' dir='ltr'><strong><em>Sic</em></strong></span> <span class='ocrx_word' id='word_1_618' title='bbox 1487 4181 1891 4239; x_wconf 84' lang='lat' dir='ltr'><strong><em>emendavimus</em></strong></span> 
     </span>
    </p>
   </div>
   <div class='ocr_carea' id='block_1_79' title="bbox 299 4255 1892 4328">
    <p class='ocr_par' dir='ltr' id='par_1_79' title="bbox 299 4255 1892 4328">
     <span class='ocr_line' id='line_1_79' title="bbox 299 4255 1892 4328; baseline 0 -21"><span class='ocrx_word' id='word_1_619' title='bbox 299 4255 698 4328; x_wconf 87' lang='lat' dir='ltr'><strong><em>punctationem</em></strong></span> <span class='ocrx_word' id='word_1_620' title='bbox 725 4271 797 4328; x_wconf 80' lang='lat' dir='ltr'><strong><em>ex</em></strong></span> <span class='ocrx_word' id='word_1_621' title='bbox 831 4255 1356 4328; x_wconf 71' lang='lat' dir='ltr'><strong><em>Vulgataelcctione,</em></strong></span> <span class='ocrx_word' id='word_1_622' title='bbox 1388 4255 1513 4328; x_wconf 85' lang='lat' dir='ltr'><strong><em>licet</em></strong></span> <span class='ocrx_word' id='word_1_623' title='bbox 1543 4255 1726 4328; x_wconf 80' lang='lat' dir='ltr'><strong><em>excusi</em></strong></span> <span class='ocrx_word' id='word_1_624' title='bbox 1771 4269 1892 4309; x_wconf 89' lang='lat' dir='ltr'><strong><em>om-</em></strong></span> 
     </span>
    </p>
   </div>
   <div class='ocr_carea' id='block_1_80' title="bbox 289 4326 1890 4398">
    <p class='ocr_par' dir='ltr' id='par_1_80' title="bbox 289 4326 1890 4398">
     <span class='ocr_line' id='line_1_80' title="bbox 289 4326 1890 4398; baseline -0.001 -18"><span class='ocrx_word' id='word_1_625' title='bbox 289 4340 393 4398; x_wconf 80' lang='lat' dir='ltr'><strong><em>nes</em></strong></span> <span class='ocrx_word' id='word_1_626' title='bbox 448 4327 684 4398; x_wconf 90' lang='lat' dir='ltr'><strong><em>phrasim</em></strong></span> <span class='ocrx_word' id='word_1_627' title='bbox 731 4326 892 4382; x_wconf 89' lang='lat' dir='ltr'><strong><em>aliam</em></strong></span> <span class='ocrx_word' id='word_1_628' title='bbox 940 4326 1196 4397; x_wconf 89' lang='lat' dir='ltr'><strong><em>incipiant</em></strong></span> <span class='ocrx_word' id='word_1_629' title='bbox 1238 4326 1438 4398; x_wconf 81' lang='lat' dir='ltr'><strong><em>abhis</em></strong></span> <span class='ocrx_word' id='word_1_630' title='bbox 1487 4326 1668 4380; x_wconf 86' lang='lat' dir='ltr'><strong><em>verbis</em></strong></span> <span class='ocrx_word' id='word_1_631' title='bbox 1711 4341 1723 4380; x_wconf 87' lang='lat'>:</span> <span class='ocrx_word' id='word_1_632' title='bbox 1760 4328 1890 4381; x_wconf 89' lang='lat' dir='ltr'><strong><em>Post</em></strong></span> 
     </span>
    </p>
   </div>
   <div class='ocr_carea' id='block_1_81' title="bbox 286 4396 1888 4469">
    <p class='ocr_par' dir='ltr' id='par_1_81' title="bbox 286 4396 1888 4469">
     <span class='ocr_line' id='line_1_81' title="bbox 286 4396 1888 4469; baseline 0 -17"><span class='ocrx_word' id='word_1_633' title='bbox 286 4396 565 4464; x_wconf 82' lang='lat' dir='ltr'><strong><em>biduum;</em></strong></span> <span class='ocrx_word' id='word_1_634' title='bbox 612 4398 770 4469; x_wconf 88' lang='lat' dir='ltr'><strong><em>quasi</em></strong></span> <span class='ocrx_word' id='word_1_635' title='bbox 796 4399 886 4454; x_wconf 90' lang='lat' dir='ltr'><strong><em>die</em></strong></span> <span class='ocrx_word' id='word_1_636' title='bbox 943 4396 1116 4453; x_wconf 86' lang='lat' dir='ltr'><strong><em>tertia</em></strong></span> <span class='ocrx_word' id='word_1_637' title='bbox 1145 4400 1210 4453; x_wconf 86' lang='lat' dir='ltr'><strong><em>in</em></strong></span> <span class='ocrx_word' id='word_1_638' title='bbox 1239 4397 1398 4452; x_wconf 75' lang='lat' dir='ltr'><strong><em>caelos</em></strong></span> <span class='ocrx_word' id='word_1_639' title='bbox 1446 4399 1707 4466; x_wconf 87' lang='lat' dir='ltr'><strong><em>receptus</em></strong></span> <span class='ocrx_word' id='word_1_640' title='bbox 1745 4401 1888 4469; x_wconf 85' lang='lat' dir='ltr'><strong><em>esset</em></strong></span> 
     </span>
    </p>
   </div>
   <div class='ocr_carea' id='block_1_82' title="bbox 292 4467 1890 4538">
    <p class='ocr_par' dir='ltr' id='par_1_82' title="bbox 292 4467 1890 4538">
     <span class='ocr_line' id='line_1_82' title="bbox 292 4467 1890 4538; baseline -0.003 -13"><span class='ocrx_word' id='word_1_641' title='bbox 292 4469 579 4537; x_wconf 79' lang='lat' dir='ltr'><strong><em>Christus,</em></strong></span> <span class='ocrx_word' id='word_1_642' title='bbox 631 4467 746 4524; x_wconf 76' lang='lat' dir='ltr'><strong><em>non</em></strong></span> <span class='ocrx_word' id='word_1_643' title='bbox 801 4476 974 4524; x_wconf 90' lang='lat' dir='ltr'><strong><em>autem</em></strong></span> <span class='ocrx_word' id='word_1_644' title='bbox 1016 4469 1208 4525; x_wconf 89' lang='lat' dir='ltr'><strong><em>diebus</em></strong></span> <span class='ocrx_word' id='word_1_645' title='bbox 1255 4469 1609 4538; x_wconf 77' lang='lat' dir='ltr'><strong><em>quadraginta</em></strong></span> <span class='ocrx_word' id='word_1_646' title='bbox 1657 4467 1890 4538; x_wconf 85' lang='lat' dir='ltr'><strong><em>peractis</em></strong></span> 
     </span>
    </p>
   </div>
   <div class='ocr_carea' id='block_1_83' title="bbox 285 4539 1892 4610">
    <p class='ocr_par' dir='ltr' id='par_1_83' title="bbox 285 4539 1892 4610">
     <span class='ocr_line' id='line_1_83' title="bbox 285 4539 1892 4610; baseline -0.001 -16"><span class='ocrx_word' id='word_1_647' title='bbox 285 4546 416 4608; x_wconf 89' lang='lat' dir='ltr'><strong><em>post</em></strong></span> <span class='ocrx_word' id='word_1_648' title='bbox 472 4540 595 4608; x_wconf 86' lang='lat' dir='ltr'><strong><em>ejus</em></strong></span> <span class='ocrx_word' id='word_1_649' title='bbox 643 4542 1095 4596; x_wconf 88' lang='lat' dir='ltr'><strong><em>resurrectionem</em></strong></span> <span class='ocrx_word' id='word_1_650' title='bbox 1146 4541 1294 4609; x_wconf 84' lang='lat' dir='ltr'><strong><em>(Act.</em></strong></span> <span class='ocrx_word' id='word_1_651' title='bbox 1331 4555 1374 4606; x_wconf 84' lang='grc' dir='ltr'><strong><em>ι,</em></strong></span> <span class='ocrx_word' id='word_1_652' title='bbox 1425 4541 1476 4603; x_wconf 90' lang='lat'><strong><em>3,</em></strong></span> <span class='ocrx_word' id='word_1_653' title='bbox 1520 4539 1604 4610; x_wconf 87' lang='lat'><strong><em>_9).</em></strong></span> <span class='ocrx_word' id='word_1_654' title='bbox 1637 4539 1718 4591; x_wconf 85' lang='lat' dir='ltr'><strong><em>Ad</em></strong></span> <span class='ocrx_word' id='word_1_655' title='bbox 1751 4539 1892 4610; x_wconf 82' lang='lat' dir='ltr'><strong><em>hanc</em></strong></span> 
     </span>
    </p>
   </div>
   <div class='ocr_carea' id='block_1_84' title="bbox 280 4608 1894 4681">
    <p class='ocr_par' dir='ltr' id='par_1_84' title="bbox 280 4608 1894 4681">
     <span class='ocr_line' id='line_1_84' title="bbox 280 4608 1894 4681; baseline 0.002 -18"><span class='ocrx_word' id='word_1_656' title='bbox 280 4612 694 4681; x_wconf 88' lang='lat' dir='ltr'><strong><em>correctionem</em></strong></span> <span class='ocrx_word' id='word_1_657' title='bbox 743 4626 842 4667; x_wconf 90' lang='lat' dir='ltr'><strong><em>nos</em></strong></span> <span class='ocrx_word' id='word_1_658' title='bbox 886 4621 1064 4667; x_wconf 87' lang='lat' dir='ltr'><strong><em>movet</em></strong></span> <span class='ocrx_word' id='word_1_659' title='bbox 1109 4608 1300 4666; x_wconf 86' lang='lat' dir='ltr'><strong><em>sensus</em></strong></span> <span class='ocrx_word' id='word_1_660' title='bbox 1329 4608 1582 4676; x_wconf 86' lang='lat' dir='ltr'><strong><em>auctoris,</em></strong></span> <span class='ocrx_word' id='word_1_661' title='bbox 1633 4611 1725 4681; x_wconf 92' lang='lat' dir='ltr'><strong><em>qui</em></strong></span> <span class='ocrx_word' id='word_1_662' title='bbox 1757 4609 1894 4666; x_wconf 88' lang='lat' dir='ltr'><strong><em>hanc</em></strong></span> 
     </span>
    </p>
   </div>
   <div class='ocr_carea' id='block_1_85' title="bbox 283 4680 1890 4754">
    <p class='ocr_par' dir='ltr' id='par_1_85' title="bbox 283 4680 1890 4754">
     <span class='ocr_line' id='line_1_85' title="bbox 283 4680 1890 4754; baseline -0.001 -19"><span class='ocrx_word' id='word_1_663' title='bbox 283 4680 436 4754; x_wconf 86' lang='lat' dir='ltr'><strong><em>Osee</em></strong></span> <span class='ocrx_word' id='word_1_664' title='bbox 470 4682 810 4754; x_wconf 85' lang='lat' dir='ltr'><strong><em>pr0phetiam</em></strong></span> <span class='ocrx_word' id='word_1_665' title='bbox 859 4681 1175 4754; x_wconf 84' lang='lat' dir='ltr'><strong><em>adhibetut</em></strong></span> <span class='ocrx_word' id='word_1_666' title='bbox 1212 4682 1408 4738; x_wconf 87' lang='lat' dir='ltr'><strong><em>Christi</em></strong></span> <span class='ocrx_word' id='word_1_667' title='bbox 1439 4680 1890 4754; x_wconf 81' lang='lat' dir='ltr'><strong><em>resurrectionem</em></strong></span> 
     </span>
    </p>
   </div>
   <div class='ocr_carea' id='block_1_86' title="bbox 282 4752 1889 4826">
    <p class='ocr_par' dir='ltr' id='par_1_86' title="bbox 282 4752 1889 4826">
     <span class='ocr_line' id='line_1_86' title="bbox 282 4752 1889 4826; baseline 0.001 -20"><span class='ocrx_word' id='word_1_668' title='bbox 282 4752 631 4826; x_wconf 83' lang='lat' dir='ltr'><strong><em>demonstret</em></strong></span> <span class='ocrx_word' id='word_1_669' title='bbox 659 4752 855 4826; x_wconf 79' lang='lat' dir='ltr'><strong><em>factam</em></strong></span> <span class='ocrx_word' id='word_1_670' title='bbox 885 4762 1011 4826; x_wconf 91' lang='lat' dir='ltr'><strong><em>post</em></strong></span> <span class='ocrx_word' id='word_1_671' title='bbox 1041 4753 1276 4826; x_wconf 82' lang='lat' dir='ltr'><strong><em>triduum</em></strong></span> <span class='ocrx_word' id='word_1_672' title='bbox 1305 4770 1336 4808; x_wconf 92' lang='lat' dir='ltr'><strong><em>a</em></strong></span> <span class='ocrx_word' id='word_1_673' title='bbox 1362 4761 1555 4826; x_wconf 85' lang='lat' dir='ltr'><strong><em>morte</em></strong></span> <span class='ocrx_word' id='word_1_674' title='bbox 1578 4754 1714 4826; x_wconf 86' lang='lat' dir='ltr'><strong><em>ejus.</em></strong></span> <span class='ocrx_word' id='word_1_675' title='bbox 1747 4753 1889 4826; x_wconf 68' lang='lat' dir='ltr'><strong><em>Enn.</em></strong></span> 
     </span>
    </p>
   </div>
   <div class='ocr_carea' id='block_1_87' title="bbox 361 4823 1892 4896">
    <p class='ocr_par' dir='ltr' id='par_1_87' title="bbox 361 4823 1892 4896">
     <span class='ocr_line' id='line_1_87' title="bbox 361 4823 1892 4896; baseline -0.002 -16"><span class='ocrx_word' id='word_1_676' title='bbox 361 4824 448 4896; x_wconf 82' lang='lat'><strong><em>(5)</em></strong></span> <span class='ocrx_word' id='word_1_677' title='bbox 507 4823 976 4896; x_wconf 78' lang='lat' dir='ltr'><strong><em>Prcecinebantur</em></strong></span> <span class='ocrx_word' id='word_1_678' title='bbox 1029 4825 1092 4882; x_wconf 89' lang='lat' dir='ltr'><strong><em>ob</em></strong></span> <span class='ocrx_word' id='word_1_679' title='bbox 1129 4827 1494 4896; x_wconf 88' lang='lat' dir='ltr'><strong><em>impietatem.</em></strong></span> <span class='ocrx_word' id='word_1_680' title='bbox 1545 4823 1667 4880; x_wconf 84' lang='lat' dir='ltr'><strong><em>Neu</em></strong></span> <span class='ocrx_word' id='word_1_681' title='bbox 1724 4823 1892 4880; x_wconf 86' lang='lat' dir='ltr'><strong><em>semel</em></strong></span> 
     </span>
    </p>
   </div>
   <div class='ocr_carea' id='block_1_88' title="bbox 285 4895 1890 4969">
    <p class='ocr_par' dir='ltr' id='par_1_88' title="bbox 285 4895 1890 4969">
     <span class='ocr_line' id='line_1_88' title="bbox 285 4895 1890 4969; baseline 0.001 -21"><span class='ocrx_word' id='word_1_682' title='bbox 285 4895 411 4969; x_wconf 67' lang='lat' dir='ltr'><strong><em>hoc</em></strong></span> <span class='ocrx_word' id='word_1_683' title='bbox 429 4895 670 4969; x_wconf 83' lang='lat' dir='ltr'><strong><em>epitheto</em></strong></span> <span class='ocrx_word' id='word_1_684' title='bbox 693 4895 879 4969; x_wconf 84' lang='lat' dir='ltr'><strong><em>utitur,</em></strong></span> <span class='ocrx_word' id='word_1_685' title='bbox 904 4912 1028 4951; x_wconf 90' lang='lat' dir='ltr'><strong><em>nam</em></strong></span> <span class='ocrx_word' id='word_1_686' title='bbox 1058 4896 1152 4955; x_wconf 92' lang='lat' dir='ltr'><strong><em>lib.</em></strong></span> <span class='ocrx_word' id='word_1_687' title='bbox 1185 4895 1250 4969; x_wconf 87' lang='lat' dir='ltr'><strong><em>de</em></strong></span> <span class='ocrx_word' id='word_1_688' title='bbox 1272 4897 1642 4969; x_wconf 85' lang='lat' dir='ltr'><strong><em>Spectaculis,</em></strong></span> <span class='ocrx_word' id='word_1_689' title='bbox 1675 4911 1795 4967; x_wconf 90' lang='lat' dir='ltr'><strong><em>cap.</em></strong></span> <span class='ocrx_word' id='word_1_690' title='bbox 1819 4899 1890 4969; x_wconf 91' lang='lat'><strong><em>3_:</em></strong></span> 
     </span>
    </p>
   </div>
   <div class='ocr_carea' id='block_1_89' title="bbox 287 4966 1895 5038">
    <p class='ocr_par' dir='ltr' id='par_1_89' title="bbox 287 4966 1895 5038">
     <span class='ocr_line' id='line_1_89' title="bbox 287 4966 1895 5038; baseline 0.001 -18"><span class='ocrx_word' id='word_1_691' title='bbox 287 4986 317 5038; x_wconf 67' lang='grc' dir='ltr'><em>ᾳ</em></span> <span class='ocrx_word' id='word_1_692' title='bbox 354 4966 416 5020; x_wconf 91' lang='lat' dir='ltr'><strong><em>Si</em></strong></span> <span class='ocrx_word' id='word_1_693' title='bbox 466 4967 615 5021; x_wconf 89' lang='lat' dir='ltr'><strong><em>enim</em></strong></span> <span class='ocrx_word' id='word_1_694' title='bbox 671 4968 935 5038; x_wconf 89' lang='lat' dir='ltr'><strong><em>pauculos</em></strong></span> <span class='ocrx_word' id='word_1_695' title='bbox 965 4975 1094 5024; x_wconf 89' lang='lat' dir='ltr'><strong><em>tunc</em></strong></span> <span class='ocrx_word' id='word_1_696' title='bbox 1132 4966 1349 5024; x_wconf 62' lang='lat' dir='ltr'><strong><em>Iudaeos</em></strong></span> <span class='ocrx_word' id='word_1_697' title='bbox 1393 4966 1685 5038; x_wconf 90' lang='lat' dir='ltr'><strong><em>impiorum</em></strong></span> <span class='ocrx_word' id='word_1_698' title='bbox 1711 4966 1895 5023; x_wconf 84' lang='lat' dir='ltr'><strong><em>cOnci—</em></strong></span> 
     </span>
    </p>
   </div>
   <div class='ocr_carea' id='block_1_90' title="bbox 282 5037 1897 5111">
    <p class='ocr_par' dir='ltr' id='par_1_90' title="bbox 282 5037 1897 5111">
     <span class='ocr_line' id='line_1_90' title="bbox 282 5037 1897 5111; baseline 0.001 -18"><span class='ocrx_word' id='word_1_699' title='bbox 282 5037 426 5111; x_wconf 80' lang='lat' dir='ltr'><strong><em>lium</em></strong></span> <span class='ocrx_word' id='word_1_700' title='bbox 456 5037 685 5111; x_wconf 85' lang='lat' dir='ltr'><strong><em>vocavit,</em></strong></span> <span class='ocrx_word' id='word_1_701' title='bbox 743 5059 766 5088; x_wconf 78' lang='grc' dir='ltr'><strong><em>ι</em></strong></span> <span class='ocrx_word' id='word_1_702' title='bbox 820 5045 924 5094; x_wconf 89' lang='lat' dir='ltr'><strong><em>etc.</em></strong></span> <span class='ocrx_word' id='word_1_703' title='bbox 984 5040 1185 5111; x_wconf 88' lang='lat' dir='ltr'><strong><em>Eodem</em></strong></span> <span class='ocrx_word' id='word_1_704' title='bbox 1230 5040 1394 5110; x_wconf 88' lang='lat' dir='ltr'><strong><em>impii</em></strong></span> <span class='ocrx_word' id='word_1_705' title='bbox 1437 5037 1614 5111; x_wconf 84' lang='lat' dir='ltr'><strong><em>elogio</em></strong></span> <span class='ocrx_word' id='word_1_706' title='bbox 1643 5053 1772 5111; x_wconf 79' lang='lat' dir='ltr'><strong><em>erga</em></strong></span> <span class='ocrx_word' id='word_1_707' title='bbox 1798 5039 1897 5094; x_wconf 86' lang='lat' dir='ltr'><strong><em>Ju-</em></strong></span> 
     </span>
    </p>
   </div>
   <div class='ocr_carea' id='block_1_91' title="bbox 283 5109 1895 5182">
    <p class='ocr_par' dir='ltr' id='par_1_91' title="bbox 283 5109 1895 5182">
     <span class='ocr_line' id='line_1_91' title="bbox 283 5109 1895 5182; baseline 0.001 -20"><span class='ocrx_word' id='word_1_708' title='bbox 283 5109 444 5165; x_wconf 63' lang='lat' dir='ltr'><strong><em>dazos</em></strong></span> <span class='ocrx_word' id='word_1_709' title='bbox 496 5109 671 5182; x_wconf 79' lang='lat' dir='ltr'><strong><em>utitur</em></strong></span> <span class='ocrx_word' id='word_1_710' title='bbox 719 5111 780 5182; x_wconf 54' lang='lat' dir='ltr'><strong><em>Ii.</em></strong></span> <span class='ocrx_word' id='word_1_711' title='bbox 814 5112 958 5181; x_wconf 78' lang='lat' dir='ltr'><strong><em>Aug.</em></strong></span> <span class='ocrx_word' id='word_1_712' title='bbox 996 5110 1169 5182; x_wconf 89' lang='lat' dir='ltr'><strong><em>Epist.</em></strong></span> <span class='ocrx_word' id='word_1_713' title='bbox 1201 5109 1399 5180; x_wconf 22' lang='lat'><strong><em>54,78.</em></strong></span> <span class='ocrx_word' id='word_1_714' title='bbox 1431 5109 1584 5182; x_wconf 77' lang='lat' dir='ltr'><strong><em>Joan.</em></strong></span> <span class='ocrx_word' id='word_1_715' title='bbox 1626 5109 1895 5182; x_wconf 73' lang='lat' dir='ltr'><strong><em>Chrysos-</em></strong></span> 
     </span>
    </p>
   </div>
   <div class='ocr_carea' id='block_1_92' title="bbox 285 5178 1901 5252">
    <p class='ocr_par' dir='ltr' id='par_1_92' title="bbox 285 5178 1901 5252">
     <span class='ocr_line' id='line_1_92' title="bbox 285 5178 1901 5252; baseline 0.002 -19"><span class='ocrx_word' id='word_1_716' title='bbox 285 5188 478 5235; x_wconf 78' lang='lat' dir='ltr'><strong><em>tomus</em></strong></span> <span class='ocrx_word' id='word_1_717' title='bbox 535 5180 602 5235; x_wconf 92' lang='lat' dir='ltr'><strong><em>iis</em></strong></span> <span class='ocrx_word' id='word_1_718' title='bbox 648 5178 869 5234; x_wconf 74' lang='grc' dir='ltr'><strong><em>ἀσέϐειαν</em></strong></span> <span class='ocrx_word' id='word_1_719' title='bbox 906 5178 1104 5237; x_wconf 63' lang='lat' dir='ltr'><strong><em>tribuit</em></strong></span> <span class='ocrx_word' id='word_1_720' title='bbox 1172 5178 1308 5237; x_wconf 86' lang='lat' dir='ltr'><strong><em>orat.</em></strong></span> <span class='ocrx_word' id='word_1_721' title='bbox 1350 5185 1402 5244; x_wconf 84' lang='lat'><strong><em>2,</em></strong></span> <span class='ocrx_word' id='word_1_722' title='bbox 1460 5181 1580 5237; x_wconf 88' lang='lat' dir='ltr'><strong><em>adv.</em></strong></span> <span class='ocrx_word' id='word_1_723' title='bbox 1624 5178 1788 5252; x_wconf 85' lang='lat' dir='ltr'><strong><em>ipsos,</em></strong></span> <span class='ocrx_word' id='word_1_724' title='bbox 1847 5188 1901 5236; x_wconf 88' lang='lat' dir='ltr'><strong><em>et</em></strong></span> 
     </span>
    </p>
   </div>
   <div class='ocr_carea' id='block_1_93' title="bbox 287 5252 1894 5322">
    <p class='ocr_par' dir='ltr' id='par_1_93' title="bbox 287 5252 1894 5322">
     <span class='ocr_line' id='line_1_93' title="bbox 287 5252 1894 5322; baseline 0.002 -18"><span class='ocrx_word' id='word_1_725' title='bbox 287 5252 578 5322; x_wconf 79' lang='grc' dir='ltr'><strong><em>παρανόμον</em></strong></span> <span class='ocrx_word' id='word_1_726' title='bbox 633 5253 908 5318; x_wconf 79' lang='grc' dir='ltr'><strong><em>πολιτείαν,</em></strong></span> <span class='ocrx_word' id='word_1_727' title='bbox 972 5271 995 5306; x_wconf 75' lang='lat' dir='ltr'><strong><em>c</em></strong></span> <span class='ocrx_word' id='word_1_728' title='bbox 1054 5253 1267 5309; x_wconf 80' lang='lat' dir='ltr'><strong><em>vivendi</em></strong></span> <span class='ocrx_word' id='word_1_729' title='bbox 1323 5255 1482 5306; x_wconf 89' lang='lat' dir='ltr'><strong><em>ritum</em></strong></span> <span class='ocrx_word' id='word_1_730' title='bbox 1535 5266 1834 5316; x_wconf 87' lang='lat' dir='ltr'><strong><em>enormem;</em></strong></span> <span class='ocrx_word' id='word_1_731' title='bbox 1871 5271 1894 5300; x_wconf 72' lang='grc' dir='ltr'><strong><em>ν</em></strong></span> 
     </span>
    </p>
   </div>
   <div class='ocr_carea' id='block_1_94' title="bbox 292 5322 1899 5394">
    <p class='ocr_par' dir='ltr' id='par_1_94' title="bbox 292 5322 1899 5394">
     <span class='ocr_line' id='line_1_94' title="bbox 292 5322 1899 5394; baseline 0.001 -19"><span class='ocrx_word' id='word_1_732' title='bbox 292 5331 353 5394; x_wconf 86' lang='lat' dir='ltr'><strong><em>et</em></strong></span> <span class='ocrx_word' id='word_1_733' title='bbox 379 5331 595 5380; x_wconf 88' lang='lat' dir='ltr'><strong><em>veteres</em></strong></span> <span class='ocrx_word' id='word_1_734' title='bbox 651 5324 767 5381; x_wconf 85' lang='lat' dir='ltr'><strong><em>fere</em></strong></span> <span class='ocrx_word' id='word_1_735' title='bbox 821 5341 1012 5381; x_wconf 88' lang='lat' dir='ltr'><strong><em>omnes</em></strong></span> <span class='ocrx_word' id='word_1_736' title='bbox 1041 5327 1245 5390; x_wconf 80' lang='lat' dir='ltr'><strong><em>Patres,</em></strong></span> <span class='ocrx_word' id='word_1_737' title='bbox 1303 5329 1462 5394; x_wconf 89' lang='lat' dir='ltr'><strong><em>atque</em></strong></span> <span class='ocrx_word' id='word_1_738' title='bbox 1506 5322 1670 5394; x_wconf 84' lang='lat' dir='ltr'><strong><em>etiam</em></strong></span> <span class='ocrx_word' id='word_1_739' title='bbox 1714 5322 1899 5378; x_wconf 85' lang='lat' dir='ltr'><strong><em>conci-</em></strong></span> 
     </span>
    </p>
   </div>
   <div class='ocr_carea' id='block_1_95' title="bbox 290 5393 1900 5467">
    <p class='ocr_par' dir='ltr' id='par_1_95' title="bbox 290 5393 1900 5467">
     <span class='ocr_line' id='line_1_95' title="bbox 290 5393 1900 5467; baseline 0 -19"><span class='ocrx_word' id='word_1_740' title='bbox 290 5393 428 5467; x_wconf 85' lang='lat' dir='ltr'><strong><em>lium</em></strong></span> <span class='ocrx_word' id='word_1_741' title='bbox 458 5395 794 5467; x_wconf 72' lang='lat' dir='ltr'><strong><em>Trullanum,</em></strong></span> <span class='ocrx_word' id='word_1_742' title='bbox 845 5411 967 5467; x_wconf 85' lang='lat' dir='ltr'><strong><em>cap.</em></strong></span> <span class='ocrx_word' id='word_1_743' title='bbox 1009 5400 1061 5463; x_wconf 79' lang='lat' dir='ltr'><strong><em>i,</em></strong></span> <span class='ocrx_word' id='word_1_744' title='bbox 1094 5395 1186 5452; x_wconf 91' lang='lat' dir='ltr'><strong><em>ubi</em></strong></span> <span class='ocrx_word' id='word_1_745' title='bbox 1217 5396 1285 5450; x_wconf 89' lang='lat' dir='ltr'><strong><em>de</em></strong></span> <span class='ocrx_word' id='word_1_746' title='bbox 1330 5393 1579 5467; x_wconf 85' lang='lat' dir='ltr'><strong><em>Nestorio</em></strong></span> <span class='ocrx_word' id='word_1_747' title='bbox 1609 5395 1852 5466; x_wconf 86' lang='lat' dir='ltr'><strong><em>loquitur</em></strong></span> <span class='ocrx_word' id='word_1_748' title='bbox 1885 5411 1900 5448; x_wconf 90' lang='lat'><strong>:</strong></span> 
     </span>
    </p>
   </div>
   <div class='ocr_carea' id='block_1_96' title="bbox 287 5463 1902 5535">
    <p class='ocr_par' dir='ltr' id='par_1_96' title="bbox 287 5463 1902 5535">
     <span class='ocr_line' id='line_1_96' title="bbox 287 5463 1902 5535; baseline 0.004 -19"><span class='ocrx_word' id='word_1_749' title='bbox 287 5465 381 5516; x_wconf 73' lang='grc' dir='ltr'><strong><em>καὶ</em></strong></span> <span class='ocrx_word' id='word_1_750' title='bbox 447 5466 538 5533; x_wconf 77' lang='grc' dir='ltr'><strong><em>τὴν</em></strong></span> <span class='ocrx_word' id='word_1_751' title='bbox 623 5463 929 5535; x_wconf 66' lang='grc' dir='ltr'><strong><em>Ἱουδαικήν’</em></strong></span> <span class='ocrx_word' id='word_1_752' title='bbox 1000 5467 1316 5525; x_wconf 78' lang='grc' dir='ltr'><strong><em>ἁνανεοῦντος</em></strong></span> <span class='ocrx_word' id='word_1_753' title='bbox 1395 5463 1700 5534; x_wconf 61' lang='grc' dir='ltr'><strong><em>δυσσέειιανξ</em></strong></span> <span class='ocrx_word' id='word_1_754' title='bbox 1758 5485 1784 5517; x_wconf 76' lang='grc' dir='ltr'><strong><em>α</em></strong></span> <span class='ocrx_word' id='word_1_755' title='bbox 1849 5473 1902 5522; x_wconf 89' lang='lat' dir='ltr'><strong><em>et</em></strong></span> 
     </span>
    </p>
   </div>
   <div class='ocr_carea' id='block_1_97' title="bbox 282 5537 1558 5610">
    <p class='ocr_par' dir='ltr' id='par_1_97' title="bbox 282 5537 1558 5610">
     <span class='ocr_line' id='line_1_97' title="bbox 282 5537 1558 5610; baseline 0.001 -19"><span class='ocrx_word' id='word_1_756' title='bbox 282 5537 570 5610; x_wconf 83' lang='lat' dir='ltr'><strong><em>Judaicam</em></strong></span> <span class='ocrx_word' id='word_1_757' title='bbox 593 5550 885 5596; x_wconf 88' lang='lat' dir='ltr'><strong><em>renovante</em></strong></span> <span class='ocrx_word' id='word_1_758' title='bbox 905 5539 1252 5610; x_wconf 88' lang='lat' dir='ltr'><strong><em>impietatem.</em></strong></span> <span class='ocrx_word' id='word_1_759' title='bbox 1289 5558 1312 5587; x_wconf 67' lang='grc' dir='ltr'><strong>ι</strong></span> <span class='ocrx_word' id='word_1_760' title='bbox 1351 5537 1428 5610; x_wconf 78' lang='lat' dir='ltr'><strong><em>LE</em></strong></span> <span class='ocrx_word' id='word_1_761' title='bbox 1461 5538 1558 5610; x_wconf 79' lang='lat' dir='ltr'><strong><em>Pa.</em></strong></span> 
     </span>
    </p>
   </div>
   <div class='ocr_carea' id='block_1_98' title="bbox 373 5608 1894 5685">
    <p class='ocr_par' dir='ltr' id='par_1_98' title="bbox 373 5608 1894 5685">
     <span class='ocr_line' id='line_1_98' title="bbox 373 5608 1894 5685; baseline 0.003 -23"><span class='ocrx_word' id='word_1_762' title='bbox 373 5609 451 5677; x_wconf 86' lang='lat'><strong><em>(6)</em></strong></span> <span class='ocrx_word' id='word_1_763' title='bbox 504 5610 647 5666; x_wconf 83' lang='lat' dir='ltr'><strong><em>Nam</em></strong></span> <span class='ocrx_word' id='word_1_764' title='bbox 692 5610 899 5670; x_wconf 71' lang='lat' dir='ltr'><strong><em>exinde</em></strong></span> <span class='ocrx_word' id='word_1_765' title='bbox 942 5608 1164 5670; x_wconf 78' lang='lat' dir='ltr'><strong><em>destitit</em></strong></span> <span class='ocrx_word' id='word_1_766' title='bbox 1210 5609 1362 5685; x_wconf 86' lang='lat' dir='ltr'><strong><em>apud</em></strong></span> <span class='ocrx_word' id='word_1_767' title='bbox 1407 5609 1536 5668; x_wconf 84' lang='lat' dir='ltr'><strong><em>illos</em></strong></span> <span class='ocrx_word' id='word_1_768' title='bbox 1567 5608 1662 5668; x_wconf 87' lang='lat' dir='ltr'><strong><em>Dei</em></strong></span> <span class='ocrx_word' id='word_1_769' title='bbox 1684 5608 1894 5682; x_wconf 88' lang='lat' dir='ltr'><strong><em>gratia.</em></strong></span> 
     </span>
    </p>
   </div>
   <div class='ocr_carea' id='block_1_99' title="bbox 1998 4178 3587 4264">
    <p class='ocr_par' dir='ltr' id='par_1_99' title="bbox 1998 4178 3587 4264">
     <span class='ocr_line' id='line_1_99' title="bbox 1998 4178 3587 4264; baseline 0.008 -29"><span class='ocrx_word' id='word_1_770' title='bbox 1998 4180 2218 4264; x_wconf 75' lang='lat' dir='ltr'><strong><em>.ludteus</em></strong></span> <span class='ocrx_word' id='word_1_771' title='bbox 2245 4178 2474 4262; x_wconf 74' lang='lat' dir='ltr'><strong><em>dilectus</em></strong></span> <span class='ocrx_word' id='word_1_772' title='bbox 2495 4182 2890 4264; x_wconf 72' lang='lat' dir='ltr'><strong><em>olimpOpulus</em></strong></span> <span class='ocrx_word' id='word_1_773' title='bbox 2917 4200 2949 4240; x_wconf 92' lang='lat' dir='ltr'><strong><em>a</em></strong></span> <span class='ocrx_word' id='word_1_774' title='bbox 2989 4187 3165 4264; x_wconf 79' lang='lat' dir='ltr'><strong><em>gratia</em></strong></span> <span class='ocrx_word' id='word_1_775' title='bbox 3197 4189 3391 4244; x_wconf 89' lang='lat' dir='ltr'><strong><em>excidit</em></strong></span> <span class='ocrx_word' id='word_1_776' title='bbox 3417 4206 3587 4262; x_wconf 83' lang='lat' dir='ltr'><strong><em>prap-</em></strong></span> 
     </span>
    </p>
   </div>
   <div class='ocr_carea' id='block_1_100' title="bbox 2001 4259 3588 4332">
    <p class='ocr_par' dir='ltr' id='par_1_100' title="bbox 2001 4259 3588 4332">
     <span class='ocr_line' id='line_1_100' title="bbox 2001 4259 3588 4332; baseline -0.006 -23"><span class='ocrx_word' id='word_1_777' title='bbox 2001 4259 2466 4332; x_wconf 40' lang='lat' dir='ltr'><strong><em>ter-pcrvicacetn</em></strong></span> <span class='ocrx_word' id='word_1_778' title='bbox 2483 4259 2846 4332; x_wconf 32' lang='lat' dir='ltr'><strong><em>ﬁimpietatem</em></strong></span> <span class='ocrx_word' id='word_1_779' title='bbox 2897 4264 2951 4311; x_wconf 88' lang='lat' dir='ltr'><strong><em>et</em></strong></span> <span class='ocrx_word' id='word_1_780' title='bbox 2999 4259 3349 4332; x_wconf 59' lang='lat' dir='ltr'><strong><em>atrocitatem,</em></strong></span> <span class='ocrx_word' id='word_1_781' title='bbox 3383 4259 3491 4332; x_wconf 61' lang='grc' dir='ltr'><strong><em>φη</em></strong></span> <span class='ocrx_word' id='word_1_782' title='bbox 3524 4259 3588 4317; x_wconf 76' lang='grc' dir='ltr'><strong><em>’ίη</em></strong></span> 
     </span>
    </p>
   </div>
   <div class='ocr_carea' id='block_1_101' title="bbox 2000 4323 3592 4395">
    <p class='ocr_par' dir='ltr' id='par_1_101' title="bbox 2000 4323 3592 4395">
     <span class='ocr_line' id='line_1_101' title="bbox 2000 4323 3592 4395; baseline 0.006 -16"><span class='ocrx_word' id='word_1_783' title='bbox 2000 4323 2149 4395; x_wconf 87' lang='lat' dir='ltr'><strong><em>orbis</em></strong></span> <span class='ocrx_word' id='word_1_784' title='bbox 2202 4323 2435 4378; x_wconf 86' lang='lat' dir='ltr'><strong><em>universi</em></strong></span> <span class='ocrx_word' id='word_1_785' title='bbox 2482 4323 2905 4395; x_wconf 83' lang='lat' dir='ltr'><strong><em>Redemptorem</em></strong></span> <span class='ocrx_word' id='word_1_786' title='bbox 2946 4328 3028 4382; x_wconf 91' lang='lat' dir='ltr'><strong><em>usi</em></strong></span> <span class='ocrx_word' id='word_1_787' title='bbox 3081 4337 3226 4383; x_wconf 91' lang='lat' dir='ltr'><strong><em>sunt.</em></strong></span> <span class='ocrx_word' id='word_1_788' title='bbox 3274 4323 3420 4385; x_wconf 83' lang='lat' dir='ltr'><strong><em>Dicti</em></strong></span> <span class='ocrx_word' id='word_1_789' title='bbox 3467 4345 3592 4388; x_wconf 90' lang='lat' dir='ltr'><strong><em>sunt</em></strong></span> 
     </span>
    </p>
   </div>
   <div class='ocr_carea' id='block_1_102' title="bbox 1998 4394 3585 4468">
    <p class='ocr_par' dir='ltr' id='par_1_102' title="bbox 1998 4394 3585 4468">
     <span class='ocr_line' id='line_1_102' title="bbox 1998 4394 3585 4468; baseline 0.004 -20"><span class='ocrx_word' id='word_1_790' title='bbox 1998 4395 2066 4448; x_wconf 90' lang='lat' dir='ltr'><strong><em>ab</em></strong></span> <span class='ocrx_word' id='word_1_791' title='bbox 2097 4394 2201 4468; x_wconf 85' lang='lat' dir='ltr'><strong><em>hoc</em></strong></span> <span class='ocrx_word' id='word_1_792' title='bbox 2224 4400 2464 4468; x_wconf 80' lang='lat' dir='ltr'><strong><em>auctore,</em></strong></span> <span class='ocrx_word' id='word_1_793' title='bbox 2489 4394 2833 4468; x_wconf 77' lang='lat' dir='ltr'><strong><em>Appl._xv1n,</em></strong></span> <span class='ocrx_word' id='word_1_794' title='bbox 2859 4417 2885 4448; x_wconf 77' lang='grc' dir='ltr'><strong><em>α</em></strong></span> <span class='ocrx_word' id='word_1_795' title='bbox 2919 4413 3058 4468; x_wconf 81' lang='lat' dir='ltr'><strong><em>gens</em></strong></span> <span class='ocrx_word' id='word_1_796' title='bbox 3087 4398 3184 4454; x_wconf 91' lang='lat' dir='ltr'><strong><em>Dei</em></strong></span> <span class='ocrx_word' id='word_1_797' title='bbox 3211 4399 3524 4460; x_wconf 77' lang='lat' dir='ltr'><strong><em>domestica.</em></strong></span> <span class='ocrx_word' id='word_1_798' title='bbox 3562 4425 3585 4455; x_wconf 67' lang='grc' dir='ltr'><strong>ι</strong></span> 
     </span>
    </p>
   </div>
   <div class='ocr_carea' id='block_1_103' title="bbox 2008 4465 3588 4542">
    <p class='ocr_par' dir='ltr' id='par_1_103' title="bbox 2008 4465 3588 4542">
     <span class='ocr_line' id='line_1_103' title="bbox 2008 4465 3588 4542; baseline 0.005 -21"><span class='ocrx_word' id='word_1_799' title='bbox 2008 4468 2078 4542; x_wconf 83' lang='lat' dir='ltr'><strong><em>_At</em></strong></span> <span class='ocrx_word' id='word_1_800' title='bbox 2103 4465 2249 4542; x_wconf 78' lang='lat' dir='ltr'><strong><em>insiti</em></strong></span> <span class='ocrx_word' id='word_1_801' title='bbox 2288 4465 2502 4542; x_wconf 77' lang='lat' dir='ltr'><strong><em>fueru_nt</em></strong></span> <span class='ocrx_word' id='word_1_802' title='bbox 2531 4465 2839 4523; x_wconf 84' lang='lat' dir='ltr'><strong><em>Christiani</em></strong></span> <span class='ocrx_word' id='word_1_803' title='bbox 2885 4465 2986 4523; x_wconf 76' lang='lat' dir='ltr'><strong><em>hac</em></strong></span> <span class='ocrx_word' id='word_1_804' title='bbox 3025 4471 3229 4542; x_wconf 80' lang='lat' dir='ltr'><strong><em>agresti</em></strong></span> <span class='ocrx_word' id='word_1_805' title='bbox 3272 4475 3487 4542; x_wconf 87' lang='lat' dir='ltr'><strong><em>arbore,</em></strong></span> <span class='ocrx_word' id='word_1_806' title='bbox 3538 4483 3588 4531; x_wconf 88' lang='lat' dir='ltr'><strong><em>et</em></strong></span> 
     </span>
    </p>
   </div>
   <div class='ocr_carea' id='block_1_104' title="bbox 2000 4536 2524 4593">
    <p class='ocr_par' dir='ltr' id='par_1_104' title="bbox 2000 4536 2524 4593">
     <span class='ocr_line' id='line_1_104' title="bbox 2000 4536 2524 4593; baseline -0.002 -2"><span class='ocrx_word' id='word_1_807' title='bbox 2000 4536 2273 4593; x_wconf 88' lang='lat' dir='ltr'><strong><em>inoculati.</em></strong></span> <span class='ocrx_word' id='word_1_808' title='bbox 2319 4536 2392 4590; x_wconf 84' lang='lat' dir='ltr'><strong><em>LE</em></strong></span> <span class='ocrx_word' id='word_1_809' title='bbox 2424 4537 2524 4590; x_wconf 78' lang='lat' dir='ltr'><strong><em>Pa.</em></strong></span> 
     </span>
    </p>
   </div>
   <div class='ocr_carea' id='block_1_105' title="bbox 2069 4607 3593 4681">
    <p class='ocr_par' dir='ltr' id='par_1_105' title="bbox 2069 4607 3593 4681">
     <span class='ocr_line' id='line_1_105' title="bbox 2069 4607 3593 4681; baseline 0.007 -18"><span class='ocrx_word' id='word_1_810' title='bbox 2069 4608 2150 4680; x_wconf 84' lang='lat'><strong><em>(7)</em></strong></span> <span class='ocrx_word' id='word_1_811' title='bbox 2170 4607 2246 4664; x_wconf 82' lang='lat' dir='ltr'><strong><em>Ab</em></strong></span> <span class='ocrx_word' id='word_1_812' title='bbox 2267 4609 2388 4664; x_wconf 85' lang='lat' dir='ltr'><strong><em>illis</em></strong></span> <span class='ocrx_word' id='word_1_813' title='bbox 2411 4609 2566 4681; x_wconf 83' lang='lat' dir='ltr'><strong><em>enim</em></strong></span> <span class='ocrx_word' id='word_1_814' title='bbox 2585 4607 2796 4681; x_wconf 82' lang='lat' dir='ltr'><strong><em>incipit</em></strong></span> <span class='ocrx_word' id='word_1_815' title='bbox 2825 4609 3090 4681; x_wconf 80' lang='lat' dir='ltr'><strong><em>infamia.</em></strong></span> <span class='ocrx_word' id='word_1_816' title='bbox 3116 4610 3206 4666; x_wconf 91' lang='lat' dir='ltr'><strong><em>Sic</em></strong></span> <span class='ocrx_word' id='word_1_817' title='bbox 3228 4610 3320 4668; x_wconf 90' lang='lat' dir='ltr'><strong><em>lib.</em></strong></span> <span class='ocrx_word' id='word_1_818' title='bbox 3359 4615 3467 4672; x_wconf 79' lang='lat' dir='ltr'><strong><em>iad</em></strong></span> <span class='ocrx_word' id='word_1_819' title='bbox 3489 4618 3593 4673; x_wconf 82' lang='lat' dir='ltr'><strong><em>Na-</em></strong></span> 
     </span>
    </p>
   </div>
   <div class='ocr_carea' id='block_1_106' title="bbox 2003 4678 3590 4754">
    <p class='ocr_par' dir='ltr' id='par_1_106' title="bbox 2003 4678 3590 4754">
     <span class='ocr_line' id='line_1_106' title="bbox 2003 4678 3590 4754; baseline 0.005 -19"><span class='ocrx_word' id='word_1_820' title='bbox 2003 4678 2202 4754; x_wconf 82' lang='lat' dir='ltr'><strong><em>tiones,</em></strong></span> <span class='ocrx_word' id='word_1_821' title='bbox 2236 4694 2354 4752; x_wconf 88' lang='lat' dir='ltr'><strong><em>cap.</em></strong></span> <span class='ocrx_word' id='word_1_822' title='bbox 2397 4681 2486 4746; x_wconf 76' lang='grc'><strong><em>14,</em></strong></span> <span class='ocrx_word' id='word_1_823' title='bbox 2502 4678 2607 4754; x_wconf 70' lang='grc' dir='ltr'><strong><em>Δ1]ὴί</em></strong></span> <span class='ocrx_word' id='word_1_824' title='bbox 2622 4678 2800 4754; x_wconf 74' lang='lat' dir='ltr'><strong><em>etiam</em></strong></span> <span class='ocrx_word' id='word_1_825' title='bbox 2829 4678 2898 4754; x_wconf 78' lang='lat' dir='ltr'><strong><em>de</em></strong></span> <span class='ocrx_word' id='word_1_826' title='bbox 2921 4680 3126 4754; x_wconf 64' lang='lat' dir='ltr'><strong><em>{udaeis</em></strong></span> <span class='ocrx_word' id='word_1_827' title='bbox 3159 4699 3172 4734; x_wconf 85' lang='lat'><strong>:</strong></span> <span class='ocrx_word' id='word_1_828' title='bbox 3203 4703 3226 4733; x_wconf 74' lang='grc' dir='ltr'>κ</span> <span class='ocrx_word' id='word_1_829' title='bbox 3267 4685 3424 4754; x_wconf 88' lang='lat' dir='ltr'><strong><em>Quod</em></strong></span> <span class='ocrx_word' id='word_1_830' title='bbox 3447 4688 3590 4743; x_wconf 91' lang='lat' dir='ltr'><strong><em>enim</em></strong></span> 
     </span>
    </p>
   </div>
   <div class='ocr_carea' id='block_1_107' title="bbox 2003 4749 3587 4824">
    <p class='ocr_par' dir='ltr' id='par_1_107' title="bbox 2003 4749 3587 4824">
     <span class='ocr_line' id='line_1_107' title="bbox 2003 4749 3587 4824; baseline -0.001 -17"><span class='ocrx_word' id='word_1_831' title='bbox 2003 4752 2151 4807; x_wconf 88' lang='lat' dir='ltr'><strong><em>aliud</em></strong></span> <span class='ocrx_word' id='word_1_832' title='bbox 2180 4749 2352 4824; x_wconf 80' lang='lat' dir='ltr'><strong><em>genus</em></strong></span> <span class='ocrx_word' id='word_1_833' title='bbox 2382 4749 2731 4806; x_wconf 82' lang='lat' dir='ltr'><strong><em>seminarium</em></strong></span> <span class='ocrx_word' id='word_1_834' title='bbox 2761 4759 2842 4807; x_wconf 89' lang='lat' dir='ltr'><strong><em>est</em></strong></span> <span class='ocrx_word' id='word_1_835' title='bbox 2870 4749 3103 4824; x_wconf 81' lang='lat' dir='ltr'><strong><em>infamiae</em></strong></span> <span class='ocrx_word' id='word_1_836' title='bbox 3126 4749 3324 4824; x_wconf 64' lang='lat' dir='ltr'><strong><em>nostrae</em></strong></span> <span class='ocrx_word' id='word_1_837' title='bbox 3344 4754 3372 4808; x_wconf 85' lang='lat'><strong>?</strong></span> <span class='ocrx_word' id='word_1_838' title='bbox 3403 4775 3426 4806; x_wconf 69' lang='grc' dir='ltr'><strong><em>ι</em></strong></span> <span class='ocrx_word' id='word_1_839' title='bbox 3464 4758 3587 4814; x_wconf 70' lang='lat' dir='ltr'><strong><em>me.</em></strong></span> 
     </span>
    </p>
   </div>
   <div class='ocr_carea' id='block_1_108' title="bbox 2070 4823 3592 4910">
    <p class='ocr_par' dir='ltr' id='par_1_108' title="bbox 2070 4823 3592 4910">
     <span class='ocr_line' id='line_1_108' title="bbox 2070 4823 3592 4910; baseline 0.004 -32"><span class='ocrx_word' id='word_1_840' title='bbox 2070 4824 2149 4903; x_wconf 87' lang='lat'><strong><em>(8)</em></strong></span> <span class='ocrx_word' id='word_1_841' title='bbox 2183 4824 2597 4910; x_wconf 72' lang='lat' dir='ltr'><strong><em>Dispersionem</em></strong></span> <span class='ocrx_word' id='word_1_842' title='bbox 2616 4825 2742 4910; x_wconf 79' lang='lat' dir='ltr'><strong><em>ejus</em></strong></span> <span class='ocrx_word' id='word_1_843' title='bbox 2766 4823 3327 4910; x_wconf 80' lang='lat' dir='ltr'><strong><em>postulat,etc.</em></strong></span> <span class='ocrx_word' id='word_1_844' title='bbox 3354 4826 3592 4910; x_wconf 69' lang='lat' dir='ltr'><strong><em>dispersi</em></strong></span> 
     </span>
    </p>
   </div>
   <div class='ocr_carea' id='block_1_109' title="bbox 2002 4894 3592 4968">
    <p class='ocr_par' dir='ltr' id='par_1_109' title="bbox 2002 4894 3592 4968">
     <span class='ocr_line' id='line_1_109' title="bbox 2002 4894 3592 4968; baseline 0.001 -16"><span class='ocrx_word' id='word_1_845' title='bbox 2002 4895 2201 4968; x_wconf 85' lang='lat' dir='ltr'><strong><em>fuerint</em></strong></span> <span class='ocrx_word' id='word_1_846' title='bbox 2247 4900 2467 4968; x_wconf 65' lang='lat' dir='ltr'><strong><em>prapter</em></strong></span> <span class='ocrx_word' id='word_1_847' title='bbox 2498 4894 2984 4968; x_wconf 67' lang='lat' dir='ltr'><strong><em>abominationem</em></strong></span> <span class='ocrx_word' id='word_1_848' title='bbox 3033 4896 3288 4968; x_wconf 88' lang='lat' dir='ltr'><strong><em>supplicii</em></strong></span> <span class='ocrx_word' id='word_1_849' title='bbox 3348 4909 3402 4955; x_wconf 90' lang='lat' dir='ltr'><strong><em>et</em></strong></span> <span class='ocrx_word' id='word_1_850' title='bbox 3447 4894 3592 4955; x_wconf 86' lang='lat' dir='ltr'><strong><em>infa-</em></strong></span> 
     </span>
    </p>
   </div>
   <div class='ocr_carea' id='block_1_110' title="bbox 2003 4964 3590 5039">
    <p class='ocr_par' dir='ltr' id='par_1_110' title="bbox 2003 4964 3590 5039">
     <span class='ocr_line' id='line_1_110' title="bbox 2003 4964 3590 5039; baseline 0.004 -20"><span class='ocrx_word' id='word_1_851' title='bbox 2003 4967 2162 5039; x_wconf 80' lang='lat' dir='ltr'><strong><em>miam</em></strong></span> <span class='ocrx_word' id='word_1_852' title='bbox 2187 4964 2362 5039; x_wconf 74' lang='lat' dir='ltr'><strong><em>quam</em></strong></span> <span class='ocrx_word' id='word_1_853' title='bbox 2385 4964 2600 5039; x_wconf 81' lang='lat' dir='ltr'><strong><em>Christo</em></strong></span> <span class='ocrx_word' id='word_1_854' title='bbox 2637 4966 2871 5024; x_wconf 90' lang='lat' dir='ltr'><strong><em>Domino</em></strong></span> <span class='ocrx_word' id='word_1_855' title='bbox 2920 4964 3247 5039; x_wconf 73' lang='lat' dir='ltr'><strong><em>irrogarunt,</em></strong></span> <span class='ocrx_word' id='word_1_856' title='bbox 3279 4969 3458 5025; x_wconf 88' lang='lat' dir='ltr'><strong><em>nullus</em></strong></span> <span class='ocrx_word' id='word_1_857' title='bbox 3487 4971 3590 5026; x_wconf 93' lang='lat' dir='ltr'><strong><em>du-</em></strong></span> 
     </span>
    </p>
   </div>
   <div class='ocr_carea' id='block_1_111' title="bbox 2002 4982 3593 5110">
    <p class='ocr_par' dir='ltr' id='par_1_111' title="bbox 2002 4982 3593 5110">
     <span class='ocr_line' id='line_1_111' title="bbox 2003 4982 3590 5091; baseline 0.004 -71"><span class='ocrx_word' id='word_1_858' title='bbox 2003 4982 2162 5021; x_wconf 76' lang='lat' dir='ltr'><strong><em>miam</em></strong></span> <span class='ocrx_word' id='word_1_859' title='bbox 2187 4982 2354 5091; x_wconf 62' lang='lat' dir='ltr'><strong><em>§uam</em></strong></span> <span class='ocrx_word' id='word_1_860' title='bbox 2385 4982 2600 5020; x_wconf 64' lang='lat' dir='ltr'><strong><em>Curisto</em></strong></span> <span class='ocrx_word' id='word_1_861' title='bbox 2637 4982 2871 5024; x_wconf 86' lang='lat' dir='ltr'><strong><em>uommo</em></strong></span> <span class='ocrx_word' id='word_1_862' title='bbox 2920 4982 3247 5039; x_wconf 72' lang='lat' dir='ltr'><strong><em>trrogarunt,</em></strong></span> <span class='ocrx_word' id='word_1_863' title='bbox 3279 4982 3458 5025; x_wconf 77' lang='lat' dir='ltr'><strong><em>nullus</em></strong></span> <span class='ocrx_word' id='word_1_864' title='bbox 3487 4982 3590 5026; x_wconf 83' lang='lat' dir='ltr'><strong><em>nu-</em></strong></span> 
     </span>
     <span class='ocr_line' id='line_1_112' title="bbox 2002 5035 3593 5110; baseline 0.004 -18"><span class='ocrx_word' id='word_1_865' title='bbox 2002 5038 2153 5110; x_wconf 90' lang='lat' dir='ltr'><strong><em>bitat.</em></strong></span> <span class='ocrx_word' id='word_1_866' title='bbox 2236 5051 2306 5091; x_wconf 89' lang='lat' dir='ltr'><strong><em>on</em></strong></span> <span class='ocrx_word' id='word_1_867' title='bbox 2333 5035 2498 5110; x_wconf 82' lang='lat' dir='ltr'><strong><em>modo</em></strong></span> <span class='ocrx_word' id='word_1_868' title='bbox 2544 5035 2771 5110; x_wconf 88' lang='lat' dir='ltr'><strong><em>dispersi</em></strong></span> <span class='ocrx_word' id='word_1_869' title='bbox 2803 5049 2857 5094; x_wconf 89' lang='lat' dir='ltr'><strong><em>et</em></strong></span> <span class='ocrx_word' id='word_1_870' title='bbox 2903 5047 3163 5110; x_wconf 87' lang='lat' dir='ltr'><strong><em>errantes,</em></strong></span> <span class='ocrx_word' id='word_1_871' title='bbox 3217 5056 3403 5097; x_wconf 90' lang='lat' dir='ltr'><strong><em>verum</em></strong></span> <span class='ocrx_word' id='word_1_872' title='bbox 3431 5043 3593 5098; x_wconf 89' lang='lat' dir='ltr'><strong><em>etiam</em></strong></span> 
     </span>
    </p>
   </div>
   <div class='ocr_carea' id='block_1_112' title="bbox 2005 5107 3594 5174">
    <p class='ocr_par' dir='ltr' id='par_1_112' title="bbox 2005 5107 3594 5174">
     <span class='ocr_line' id='line_1_113' title="bbox 2005 5107 3594 5174; baseline 0.001 -8"><span class='ocrx_word' id='word_1_873' title='bbox 2005 5109 2152 5166; x_wconf 88' lang='lat' dir='ltr'><strong><em>exosi</em></strong></span> <span class='ocrx_word' id='word_1_874' title='bbox 2200 5107 2470 5174; x_wconf 89' lang='lat' dir='ltr'><strong><em>omnibus,</em></strong></span> <span class='ocrx_word' id='word_1_875' title='bbox 2517 5107 2654 5164; x_wconf 85' lang='lat' dir='ltr'><strong><em>adeo</em></strong></span> <span class='ocrx_word' id='word_1_876' title='bbox 2705 5119 2762 5164; x_wconf 88' lang='lat' dir='ltr'><strong><em>ut</em></strong></span> <span class='ocrx_word' id='word_1_877' title='bbox 2818 5109 3108 5166; x_wconf 90' lang='lat' dir='ltr'><strong><em>concilium</em></strong></span> <span class='ocrx_word' id='word_1_878' title='bbox 3155 5113 3315 5168; x_wconf 91' lang='lat' dir='ltr'><strong><em>modo</em></strong></span> <span class='ocrx_word' id='word_1_879' title='bbox 3360 5130 3392 5169; x_wconf 91' lang='lat' dir='ltr'><strong><em>a</em></strong></span> <span class='ocrx_word' id='word_1_880' title='bbox 3438 5115 3594 5170; x_wconf 86' lang='lat' dir='ltr'><strong><em>nobis</em></strong></span> 
     </span>
    </p>
   </div>
   <div class='ocr_carea' id='block_1_113' title="bbox 2003 5181 3596 5252">
    <p class='ocr_par' dir='ltr' id='par_1_113' title="bbox 2003 5181 3596 5252">
     <span class='ocr_line' id='line_1_114' title="bbox 2003 5181 3596 5252; baseline 0.005 -16"><span class='ocrx_word' id='word_1_881' title='bbox 2003 5183 2245 5252; x_wconf 86' lang='lat' dir='ltr'><strong><em>citatum.</em></strong></span> <span class='ocrx_word' id='word_1_882' title='bbox 2279 5194 2400 5252; x_wconf 82' lang='lat' dir='ltr'><strong><em>can.</em></strong></span> <span class='ocrx_word' id='word_1_883' title='bbox 2427 5184 2452 5234; x_wconf 82' lang='grc'><strong>1</strong></span> <span class='ocrx_word' id='word_1_884' title='bbox 2487 5181 2771 5252; x_wconf 84' lang='lat' dir='ltr'><strong><em>prohibeat</em></strong></span> <span class='ocrx_word' id='word_1_885' title='bbox 2799 5199 2812 5234; x_wconf 87' lang='lat'>:</span> <span class='ocrx_word' id='word_1_886' title='bbox 2847 5202 2872 5232; x_wconf 74' lang='grc' dir='ltr'>α</span> <span class='ocrx_word' id='word_1_887' title='bbox 2903 5181 3092 5237; x_wconf 81' lang='lat' dir='ltr'><strong><em>Nullus</em></strong></span> <span class='ocrx_word' id='word_1_888' title='bbox 3123 5183 3474 5242; x_wconf 86' lang='lat' dir='ltr'><strong><em>ecclesiastici</em></strong></span> <span class='ocrx_word' id='word_1_889' title='bbox 3505 5201 3596 5243; x_wconf 85' lang='lat' dir='ltr'><strong><em>or-</em></strong></span> 
     </span>
    </p>
   </div>
   <div class='ocr_carea' id='block_1_114' title="bbox 2006 5251 3596 5324">
    <p class='ocr_par' dir='ltr' id='par_1_114' title="bbox 2006 5251 3596 5324">
     <span class='ocr_line' id='line_1_115' title="bbox 2006 5251 3596 5324; baseline 0.004 -18"><span class='ocrx_word' id='word_1_890' title='bbox 2006 5251 2145 5306; x_wconf 87' lang='lat' dir='ltr'><strong><em>dinis</em></strong></span> <span class='ocrx_word' id='word_1_891' title='bbox 2173 5251 2300 5324; x_wconf 82' lang='lat' dir='ltr'><strong><em>,_vel</em></strong></span> <span class='ocrx_word' id='word_1_892' title='bbox 2332 5251 2500 5306; x_wconf 88' lang='lat' dir='ltr'><strong><em>laicus</em></strong></span> <span class='ocrx_word' id='word_1_893' title='bbox 2525 5266 2711 5324; x_wconf 81' lang='lat' dir='ltr'><strong><em>azyma</em></strong></span> <span class='ocrx_word' id='word_1_894' title='bbox 2738 5252 2881 5323; x_wconf 88' lang='lat' dir='ltr'><strong><em>apud</em></strong></span> <span class='ocrx_word' id='word_1_895' title='bbox 2927 5253 3150 5309; x_wconf 65' lang='lat' dir='ltr'><strong><em>Judaaos</em></strong></span> <span class='ocrx_word' id='word_1_896' title='bbox 3193 5258 3458 5323; x_wconf 91' lang='lat' dir='ltr'><strong><em>comedat,</em></strong></span> <span class='ocrx_word' id='word_1_897' title='bbox 3503 5266 3596 5312; x_wconf 91' lang='lat' dir='ltr'><strong><em>aut</em></strong></span> 
     </span>
    </p>
   </div>
   <div class='ocr_carea' id='block_1_115' title="bbox 2005 5321 3592 5395">
    <p class='ocr_par' dir='ltr' id='par_1_115' title="bbox 2005 5321 3592 5395">
     <span class='ocr_line' id='line_1_116' title="bbox 2005 5321 3592 5395; baseline 0.002 -16"><span class='ocrx_word' id='word_1_898' title='bbox 2005 5337 2127 5379; x_wconf 92' lang='lat' dir='ltr'><strong><em>cum</em></strong></span> <span class='ocrx_word' id='word_1_899' title='bbox 2172 5321 2238 5378; x_wconf 92' lang='lat' dir='ltr'><strong><em>iis</em></strong></span> <span class='ocrx_word' id='word_1_900' title='bbox 2283 5332 2549 5395; x_wconf 78' lang='lat' dir='ltr'><strong><em>versetur,</em></strong></span> <span class='ocrx_word' id='word_1_901' title='bbox 2583 5321 2667 5395; x_wconf 70' lang='lat' dir='ltr'><strong><em>vel</em></strong></span> <span class='ocrx_word' id='word_1_902' title='bbox 2724 5321 2785 5379; x_wconf 16' lang='lat' dir='ltr'><strong><em>ini</em></strong></span> <span class='ocrx_word' id='word_1_903' title='bbox 2827 5325 3027 5380; x_wconf 88' lang='lat' dir='ltr'><strong><em>morbis</em></strong></span> <span class='ocrx_word' id='word_1_904' title='bbox 3074 5327 3315 5395; x_wconf 89' lang='lat' dir='ltr'><strong><em>advocet,</em></strong></span> <span class='ocrx_word' id='word_1_905' title='bbox 3365 5321 3592 5382; x_wconf 85' lang='lat' dir='ltr'><strong><em>medici-</em></strong></span> 
     </span>
    </p>
   </div>
   <div class='ocr_carea' id='block_1_116' title="bbox 2006 5393 3593 5466">
    <p class='ocr_par' dir='ltr' id='par_1_116' title="bbox 2006 5393 3593 5466">
     <span class='ocr_line' id='line_1_117' title="bbox 2006 5393 3593 5466; baseline 0.004 -18"><span class='ocrx_word' id='word_1_906' title='bbox 2006 5409 2234 5466; x_wconf 81' lang='lat' dir='ltr'><strong><em>namque</em></strong></span> <span class='ocrx_word' id='word_1_907' title='bbox 2272 5393 2340 5466; x_wconf 71' lang='lat' dir='ltr'><strong><em>ab</em></strong></span> <span class='ocrx_word' id='word_1_908' title='bbox 2387 5393 2454 5448; x_wconf 89' lang='lat' dir='ltr'><strong><em>iis</em></strong></span> <span class='ocrx_word' id='word_1_909' title='bbox 2492 5393 2742 5466; x_wconf 89' lang='lat' dir='ltr'><strong><em>accipiat,</em></strong></span> <span class='ocrx_word' id='word_1_910' title='bbox 2783 5404 2874 5452; x_wconf 89' lang='lat' dir='ltr'><strong><em>aut</em></strong></span> <span class='ocrx_word' id='word_1_911' title='bbox 2921 5413 3040 5453; x_wconf 87' lang='lat' dir='ltr'><strong><em>cum</em></strong></span> <span class='ocrx_word' id='word_1_912' title='bbox 3083 5397 3273 5452; x_wconf 90' lang='lat' dir='ltr'><strong><em>iisdem</em></strong></span> <span class='ocrx_word' id='word_1_913' title='bbox 3303 5393 3372 5454; x_wconf 85' lang='lat' dir='ltr'><strong><em>in</em></strong></span> <span class='ocrx_word' id='word_1_914' title='bbox 3397 5398 3593 5454; x_wconf 89' lang='lat' dir='ltr'><strong><em>balneo</em></strong></span> 
     </span>
    </p>
   </div>
   <div class='ocr_carea' id='block_1_117' title="bbox 2005 5464 3594 5538">
    <p class='ocr_par' dir='ltr' id='par_1_117' title="bbox 2005 5464 3594 5538">
     <span class='ocr_line' id='line_1_118' title="bbox 2005 5464 3594 5538; baseline 0.003 -19"><span class='ocrx_word' id='word_1_915' title='bbox 2005 5464 2230 5538; x_wconf 82' lang='lat' dir='ltr'><strong><em>lavetur.</em></strong></span> <span class='ocrx_word' id='word_1_916' title='bbox 2263 5464 2319 5521; x_wconf 91' lang='lat' dir='ltr'><strong><em>Si</em></strong></span> <span class='ocrx_word' id='word_1_917' title='bbox 2369 5467 2492 5538; x_wconf 89' lang='lat' dir='ltr'><strong><em>quis</em></strong></span> <span class='ocrx_word' id='word_1_918' title='bbox 2521 5464 2648 5538; x_wconf 83' lang='lat' dir='ltr'><strong><em>vero</em></strong></span> <span class='ocrx_word' id='word_1_919' title='bbox 2697 5467 2749 5521; x_wconf 92' lang='lat' dir='ltr'><strong><em>id</em></strong></span> <span class='ocrx_word' id='word_1_920' title='bbox 2779 5466 2955 5538; x_wconf 78' lang='lat' dir='ltr'><strong><em>facere</em></strong></span> <span class='ocrx_word' id='word_1_921' title='bbox 3001 5475 3310 5538; x_wconf 65' lang='lat' dir='ltr'><strong><em>praesumat,</em></strong></span> <span class='ocrx_word' id='word_1_922' title='bbox 3350 5467 3395 5522; x_wconf 91' lang='lat' dir='ltr'><strong><em>si</em></strong></span> <span class='ocrx_word' id='word_1_923' title='bbox 3432 5468 3594 5524; x_wconf 89' lang='lat' dir='ltr'><strong><em>cleri-</em></strong></span> 
     </span>
    </p>
   </div>
   <div class='ocr_carea' id='block_1_118' title="bbox 2003 5537 3593 5665">
    <p class='ocr_par' dir='ltr' id='par_1_118' title="bbox 2003 5537 3593 5665">
     <span class='ocr_line' id='line_1_119' title="bbox 2003 5537 3593 5665; baseline 0.003 -72"><span class='ocrx_word' id='word_1_924' title='bbox 2003 5552 2118 5665; x_wconf 62' lang='lat' dir='ltr'><strong><em>pus,</em></strong></span> <span class='ocrx_word' id='word_1_925' title='bbox 2149 5537 2447 5665; x_wconf 61' lang='lat' dir='ltr'><strong><em>dIepolnatur</em></strong></span> <span class='ocrx_word' id='word_1_926' title='bbox 2478 5555 2490 5595; x_wconf 92' lang='lat'>:</span> <span class='ocrx_word' id='word_1_927' title='bbox 2527 5537 2573 5595; x_wconf 83' lang='lat' dir='ltr'><strong><em>si</em></strong></span> <span class='ocrx_word' id='word_1_928' title='bbox 2614 5551 2744 5597; x_wconf 88' lang='lat' dir='ltr'><strong><em>vero</em></strong></span> <span class='ocrx_word' id='word_1_929' title='bbox 2779 5537 2971 5608; x_wconf 85' lang='lat' dir='ltr'><strong><em>laicus,</em></strong></span> <span class='ocrx_word' id='word_1_930' title='bbox 3003 5537 3382 5595; x_wconf 83' lang='lat' dir='ltr'><strong><em>communione</em></strong></span> <span class='ocrx_word' id='word_1_931' title='bbox 3412 5539 3593 5614; x_wconf 87' lang='lat' dir='ltr'><strong><em>prive-</em></strong></span> 
     </span>
     <span class='ocr_line' id='line_1_120' title="bbox 2026 5623 2385 5665; baseline 0 0"><span class='ocrx_word' id='word_1_932' title='bbox 2026 5624 2092 5665; x_wconf 90' lang='lat' dir='ltr'><strong><em>ur</em></strong></span> <span class='ocrx_word' id='word_1_933' title='bbox 2124 5629 2146 5658; x_wconf 66' lang='grc' dir='ltr'><strong>ν</strong></span> <span class='ocrx_word' id='word_1_934' title='bbox 2223 5623 2256 5664; x_wconf 73' lang='grc' dir='ltr'><strong><em>Β</em></strong></span> <span class='ocrx_word' id='word_1_935' title='bbox 2331 5624 2385 5665; x_wconf 79' lang='lat' dir='ltr'><strong><em>u.</em></strong></span> 
     </span>
    </p>
   </div>
   <div class='ocr_carea' id='block_1_119' title="bbox 2003 5616 2385 5666">
    <p class='ocr_par' dir='ltr' id='par_1_119' title="bbox 2003 5616 2385 5666">
     <span class='ocr_line' id='line_1_121' title="bbox 2003 5616 2385 5666; baseline 0.003 -1"><span class='ocrx_word' id='word_1_936' title='bbox 2003 5616 2092 5666; x_wconf 89' lang='lat' dir='ltr'><strong><em>tur</em></strong></span> <span class='ocrx_word' id='word_1_937' title='bbox 2124 5629 2146 5658; x_wconf 62' lang='grc' dir='ltr'><strong>ν</strong></span> <span class='ocrx_word' id='word_1_938' title='bbox 2178 5616 2256 5665; x_wconf 82' lang='lat' dir='ltr'><strong><em>LB</em></strong></span> <span class='ocrx_word' id='word_1_939' title='bbox 2288 5616 2385 5666; x_wconf 72' lang='lat' dir='ltr'><strong><em>PR.</em></strong></span> 
     </span>
    </p>
   </div>
  </div>
