4016 6188
213 367 302 429 681
1547 359 1743 420 LIBER
1782 361 1792 419 Ι

1906 357 2136 421 ANIMA.

3382 367 3488 428 682

212 493 467 551 civitatem
494 484 787 545 cruciﬁxus
813 491 915 542 est.
942 483 1096 541 Alter
1119 498 1244 542 vero
1280 498 1380 557 pro
1407 483 1619 542 delictis
1647 485 1798 542 obla-
1822 515 1868 594 Α
1899 487 2176 544 cabantur.
2220 485 2391 558 Igitur
2427 484 2470 540 si
2515 483 2797 542 universas
2833 488 3077 546 nationes
3113 489 3181 546 de
3216 491 3486 561 profundo

210 589 306 646 tus,
333 585 382 633 et
412 574 789 633 sacerdotibus
835 580 1038 629 tantum
1075 574 1260 646 templi
1305 573 1361 628 in
1401 573 1652 644 pabulum
1686 578 1788 630 da-

208 679 296 736 tus,
326 667 574 724 secundae
623 662 1116 735 representationis
1159 672 1478 733 argumenta
1524 661 1785 736 signabat,

207 773 300 830 qua
341 753 552 810 delictis
601 752 854 809 omnibus
899 751 1100 822 expiati
1153 752 1200 790 ιο
1248 753 1557 807 sacerdotes
1607 753 1788 824 templi

205 843 464 916 spiritalis,
489 843 544 897 id
561 849 647 897 est
667 839 924 897 Ecclesiae
946 841 1082 910 (13),
1105 840 1408 896 Dominica:
1430 842 1616 913 gratiae
1633 839 1787 912 quasi

209 931 348 990 64!
383 929 750 987 visceratione
781 929 894 998 (14)
923 927 1152 1000 quadam
1189 926 1516 996 fruerentur,
1533 929 1787 998 jejunan-

207 1021 335 1076 tibus
359 1019 574 1076 caeteris
603 1034 635 1074 a
663 1017 836 1072 salute
869 1017 1004 1086 (15).
1045 1016 1235 1091 Igitur,
1280 1019 1542 1089 quoniam
1581 1017 1790 1088 primus

203 1109 444 1164 adventus
474 1113 528 1162 et
559 1104 806 1176 plurimis
839 1104 1034 1176 ﬁguris
1063 1105 1406 1172 obscuratus,
1440 1113 1495 1161 et
1520 1107 1664 1163 omni
1705 1105 1787 1160 in-

97 1219 100 1224 ·
205 1199 466 1253 honestate
507 1194 622 1264 (16)
660 1200 982 1266 prostratus,
1011 1193 1320 1264 cauebatur,
1351 1195 1620 1250 secundus
1657 1209 1786 1252 vero

205 1295 250 1342 et
313 1282 632 1338 manifestus
694 1291 746 1337 et
821 1283 936 1336 Deo
993 1280 1326 1355 condignus;
1369 1282 1570 1339 idcirco
1622 1298 1784 1354 quem

203 1373 342 1430 facile
365 1379 420 1428 et
449 1371 752 1441 intelligere
783 1378 836 1425 et
854 1370 1077 1426 credere
1106 1379 1414 1442 potuerunt,
1455 1387 1579 1426 eum
1609 1371 1784 1427 solum

201 1464 476 1527 intuentes,
510 1460 566 1514 id
592 1466 678 1516 est
705 1459 1130 1531 secundum,qui
1150 1466 1234 1514 est
1261 1459 1317 1514 in
1346 1460 1552 1515 honore
1583 1467 1638 1515 et
1657 1460 1782 1534 glo-

198 1552 287 1617 ria,
325 1565 436 1606 non
479 1549 756 1604 immerito
795 1547 1004 1618 decepti
1041 1555 1166 1604 sunt
1212 1547 1356 1604 circa
1398 1547 1778 1620 indigniorem,

197 1651 330 1696 certe
383 1638 777 1706 obscuriorem,
827 1637 880 1690 id
939 1643 1022 1691 est
1069 1635 1323 1707 primum.
1369 1636 1547 1708 Atque
1602 1635 1674 1692 ita
1727 1637 1782 1693 in

197 1729 505 1786 hodiernum
569 1734 770 1798 negant
823 1727 1037 1784 venisse
1104 1725 1374 1782 Christum
1426 1741 1602 1792 suum,
1660 1727 1786 1796 quia

1897 575 2097 632 erroris
2148 575 2368 631 humani
2401 575 2594 631 exinde
2631 582 2975 648 emergentes
3005 576 3073 632 ad
3109 578 3284 635 Deum
3329 595 3483 637 crea-

1899 671 2072 720 torem
2101 671 2154 721 et
2194 664 2464 722 Christum
2521 666 2638 734 ejus
2705 666 2924 721 cernitis
2975 665 3040 733 12,
3106 669 3486 738 prophetatum

1897 749 2065 809 642
2095 767 2201 809 non
2229 753 2439 808 audetis
2469 768 2697 824 negare;
2729 753 2872 825 quia,
2917 753 3016 809 etsi
3047 755 3335 826 negaretis,
3365 765 3484 813 sta-

1895 839 1990 893 tim
2020 841 2167 897 vobis
2197 841 2250 897 in
2311 841 2559 908 Psalmis,
2593 841 2750 896 sicuti
2784 843 2895 911 jam
2945 842 3228 912 praelocuti
3274 859 3482 911 sumus,

1896 928 2187 1000 promissio
2229 929 2398 985 Patris
2453 937 2778 996 occurreret,
2820 931 3079 988 dicentis:
3115 931 3300 988 Filius
3327 948 3488 990 meus

1897 1034 1952 1074 es
1985 1021 2067 1088 tu,
2092 1034 2185 1090 ego
2218 1018 2378 1076 hodie
2401 1020 2570 1090 genui
2619 1022 2706 1087 te;
2732 1022 2865 1090 pete
2901 1035 2938 1074 ιι
2965 1035 3074 1086 me,
3109 1025 3167 1077 et
3203 1019 3338 1078 dabo
3386 1021 3488 1077 tibi

1894 1111 2086 1177 gentes
2101 1107 2308 1164 Iiwredi
2313 1111 2487 1166 tatem
2501 1113 2682 1174 tuam,
2707 1113 2761 1164 et
2785 1109 3188 1180 possessionem
3202 1112 3362 1165 tuam
3382 1111 3491 1165 ter-

1896 1196 2082 1250 minos
2133 1201 2302 1251 terrce
2333 1197 2510 1266 (Psal.
2545 1211 2604 1263 Il,
2637 1197 2780 1267 7,8);
2814 1211 2915 1253 nec
2949 1197 3199 1268 poteritis
3245 1197 3300 1252 in
3329 1197 3489 1254 istam

1894 1283 2330 1353 praedicationem
2367 1284 2542 1355 magis
2570 1285 2736 1340 David
2779 1283 2950 1340 ﬁlium
2989 1285 3336 1342 Salomonem
3365 1287 3490 1344 vin-

1893 1371 2092 1438 dicare,
2183 1390 2344 1446 quam
2389 1374 2665 1429 Christum
2737 1374 2836 1428 Dei
2899 1373 3066 1431 ﬁlium
3123 1375 3328 1440 dicere;
3391 1391 3489 1432 nec

1893 1463 2154 1518 terminos
2205 1469 2364 1519 terrae
2429 1463 2600 1520 David
2655 1462 2766 1519 filio
2807 1464 3127 1534 promissos,
3195 1463 3288 1535 qui
3345 1463 3488 1519 intra

1890 1550 2108 1606 unicam
2138 1539 2380 1606 Judaeam
2411 1551 2675 1622 regnavit,
2726 1566 2890 1622 quam
2943 1550 3156 1607 Christo
3197 1551 3334 1608 Filio
3363 1552 3483 1618 Dei,

1892 1637 1985 1712 qui
2015 1647 2186 1696 totum
2213 1643 2324 1710 jam
2373 1640 2557 1694 orbem
2607 1639 2720 1709 (1⁵7)
2767 1637 3038 1709 Evangelii
3085 1640 3166 1693 sui
3204 1639 3367 1696 radiis
3395 1642 3483 1694 in-

1895 1727 2196 1784 luminavit.
2263 1726 2510 1798 Denique
2559 1733 2611 1783 et
2683 1726 2907 1781 thronus
2961 1726 3016 1780 in
3056 1741 3228 1783 aevum
3307 1730 3485 1800 magis

196 1831 301 1872 non
337 1817 390 1870 in
431 1814 759 1871 sublimitate
797 1815 1030 1881 venerit,
1067 1813 1197 1869 dum
1225 1813 1478 1884 ignorant
1507 1813 1562 1868 in
1591 1812 1776 1868 humi-
1812 1809 1856 1886 Β
1885 1815 2103 1872 Christo
2129 1815 2234 1870 Dei
2265 1815 2400 1870 Filio
2431 1813 2706 1884 competit,
2741 1827 2902 1884 quam
2931 1812 3224 1885 Salomoni,
3265 1822 3480 1888 tempo-

197 1905 344 1960 litate
387 1904 564 1976 primo
620 1901 783 1958 fuisse
837 1912 1144 1958 venturum.
1191 1901 1408 1958 Sufﬁcit
1451 1903 1559 1958 huc
1614 1918 1784 1974 usque

200 1994 266 2048 de
293 1993 378 2046 his
407 1991 618 2047 interim
647 1991 886 2048 ordinem
909 1989 1104 2046 Christi
1139 1990 1510 2047 decucurrisse
1538 2005 1643 2062 quo
1665 1989 1786 2046 talis

197 2081 454 2152 probatur
489 2081 660 2152 qualis
696 2079 1124 2150 adnuntiabatur,
1157 2089 1216 2135 ut
1257 2082 1368 2150 jam
1413 2096 1478 2134 ex
1517 2079 1619 2135 ista
1655 2093 1786 2134 con-

196 2169 436 2224 sonantia
492 2168 894 2240 Scripturarum
950 2168 1253 2225 divinarum
1291 2167 1680 2243 intelligamus,
1735 2175 1788 2222 et

197 2273 312 2330 quae
341 2265 464 2329 post
491 2255 764 2313 Christum
805 2257 982 2313 futura
1011 2257 1461 2329 praedicabantur,
1495 2275 1560 2314 ex
1597 2257 1785 2329 dispo-

200 2347 386 2402 sitione
437 2345 618 2403 divina
664 2347 956 2402 credantur
1003 2353 1292 2418 expuncta.
1328 2345 1448 2401 Nisi
1505 2347 1646 2402 enim
1695 2345 1787 2401 ille

201 2435 420 2492 venisset
451 2443 578 2507 post
625 2451 790 2505 quem
830 2435 1100 2490 habebant
1129 2435 1387 2508 expungi,
1443 2436 1590 2491 nullo
1627 2435 1788 2491 modo

203 2525 506 2582 evenissent
546 2525 592 2564 11
650 2539 771 2596 quae
809 2525 864 2580 in
903 2524 1188 2581 adventum
1219 2526 1336 2595 ejus
1364 2524 1546 2580 futura
1589 2524 1789 2594 praedi-

1891 1905 1990 1959 rali
2027 1903 2235 1961 scilicet
2253 1903 2392 1976 regi,
2424 1905 2516 1974 qui
2555 1902 2656 1959 soli
2697 1901 2860 1956 israel
2898 1901 3164 1975 regnavit.
3215 1902 3482 1959 Christum

1892 1993 2036 2049 enim
2091 1992 2252 2048 hodie
2295 1992 2546 2049 invocant
2591 1989 2834 2046 nationes
2886 2005 3012 2062 quae
3057 2005 3185 2045 eum
3215 2004 3322 2046 non
3351 1990 3488 2046 scie-

1894 2081 2040 2146 bant,
2065 2088 2117 2136 ct
2147 2080 2332 2153 populi
2361 2081 2520 2136 hodie
2549 2079 2614 2134 ad
2654 2078 2924 2134 Christum
2951 2077 3290 2152 confugiunt,
3321 2093 3488 2150 quem

1895 2179 2037 2225 retro
2085 2169 2423 2242 ignorabant.
2459 2171 2582 2224 Non
2643 2177 2801 2241 potes
2855 2165 3096 2222 futurum
3135 2167 3486 2234 Contendere,

1894 2259 2040 2332 quod
2089 2259 2247 2317 vides
2307 2258 2446 2314 fieri.
2490 2259 2616 2315 Haec
2651 2265 2744 2312 aut
2789 2258 3109 2328 prophetata
3156 2273 3315 2330 nega,
3367 2273 3490 2313 cum

1897 2363 2080 2404 coram
2126 2347 2396 2415 videntur,
2437 2354 2531 2402 aut
2567 2345 2860 2416 adimpleta
2899 2361 3025 2401 cum
3053 2345 3344 2418 leguntur:
3399 2353 3492 2402 aut

1897 2435 1944 2491 si
1982 2450 2091 2491 non
2143 2451 2310 2508 negas
2355 2443 2665 2508 utrumque,
2727 2434 2782 2490 in
2812 2447 2877 2491 eo
2905 2441 3062 2490 erunt
3116 2433 3402 2505 adimpleta
3435 2434 3491 2488 in

1900 2541 2060 2596 quem
2089 2531 2214 2580 sunt
2231 2523 2567 2597 prophetata.

1561 2624 1756 2686 Varia:
1801 2628 2112 2688 lectiones.

269 2730 596 2804 1‘JEirpiatus
625 2733 798 2787 Fran.
830 2726 1058 2800 expiatis
1086 2725 1210 2782 alii.
1235 2727 1281 2766 ιι
1307 2727 1598 2785 Venissent
1628 2727 1802 2784 Seml.
1843 2727 2060 2785 Oberth.
2097 2726 2143 2765 12
2179 2724 2337 2796 Quod
2393 2724 2522 2781 add.
2594 2723 2765 2782 Seml.
2803 2722 2986 2780 Obert.
3020 2721 3068 2760 13
3103 2719 3298 2776 Dicere
3333 2719 3491 2777 abest

199 2803 347 2860 aliis.

1589 2870 2086 2934 Commentarius.

269 2969 1482 3062 (1sincerissime“spiritalis;fieri
1503 2969 1790 3062 icisse.-
1821 2985 1864 3062 c

197 3039 472 3100 Ecclesias
507 3043 636 3098 dicit
685 3039 1038 3115 Christianos,
1065 3043 1166 3115 qui
1207 3058 1238 3096 a
1277 3040 1484 3096 delictis
1530 3039 1784 3115 omnibus

193 3131 294 3238 ptir-
328 3115 602 3238 Caristum
631 3112 852 3184 expiati,
892 3107 1198 3171 sacerdotes
1227 3121 1354 3168 sunt
1397 3110 1584 3181 templi
1615 3107 1782 3179 spiri-

215 3201 246 3238 a
269 3203 338 3238 ιε.
421 3201 494 3238 re.

193 3187 338 3240 talis.
371 3187 494 3240 Βία.

261 3257 380 3327 (14)
405 3255 726 3327 Dominicis
778 3255 978 3327 gratiae
1032 3254 1194 3327 quasi
1239 3253 1626 3327 visceratione.
1651 3249 1786 3327 “Eu-

191 3318 504 3382 charistiam
539 3318 822 3396 signiﬁcai,
865 3318 1350 3396 datam'Ecclesiis,
1390 3323 1492 3378 hoc
1535 3329 1616 3376 est
1645 3318 1783 3396 ﬁde-

189 3398 342 3454 libus
379 3391 717 3467 Christianis,
768 3395 920 3467 quasi
959 3395 1014 3448 in
1071 3395 1478 3467 viscerationem
1517 3401 1570 3447 et
1605 3391 1785 3467 pabu-

189 3470 326 3523 lum.
370 3468 494 3524 RIG.
537 3497 608 3506 —
637 3462 952 3530 Visceratio,
1009 3466 1087 3520 uti
1124 3466 1192 3520 ad
1231 3464 1528 3537 marginem
1557 3462 1784 3537 adnota:

181 3541 262 3594 vit
313 3540 632 3601 Bhenanus,
681 3537 991 3592 distributio
1048 3547 1162 3592 erat
1208 3532 1414 3605 carnis,
1481 3549 1624 3605 quae
1665 3532 1784 3587 ﬁeri

185 3612 421 3674 solebat,
471 3609 552 3666 vel
599 3609 653 3661 in
721 3608 944 3663 solemni
1009 3607 1290 3674 sacrificio,
1349 3603 1433 3662 vel
1482 3605 1536 3659 in
1601 3603 1788 3659 funere

181 3680 508 3736 excellentis
544 3678 790 3746 alicujus.
813 3680 955 3734 PAM.

281 3756 308 3806 1
321 3754 376 3819 5)
391 3743 792 3821 Jejunantibus
812 3752 1034 3807 caeteris
1055 3766 1090 3804 a
1106 3747 1524 3818 salute.Nempe
1541 3743 1784 3811 ethnicis,

183 3823 520 3877 inﬁdelibus.
561 3822 683 3876 Rm.

259 3895 384 3962 (16)
415 3895 485 3948 Et
516 3893 674 3950 omni
719 3890 1096 3949 inhonestate.
1133 3891 1532 3962 ,Inhonestatem
1564 3887 1786 3962 (inquit,

187 3959 311 4019 tum
341 3959 450 4029 hic,
514 3973 622 4017 tum
673 3963 811 4016 infra
846 3963 940 4017 lib.
975 3977 1038 4017 ιιι
1071 3961 1196 4018 adv.
1241 3963 1430 4025 Marc.,
1461 3959 1654 4030 Rhen.)
1692 3973 1786 4014 ac-

184 4037 328 4107 cipit
381 4049 482 4106 pro
540 4033 896 4099 deformitate,
929 4033 1092 4089 sicuti
1138 4031 1302 4105 paulo
1333 4031 1479 4102 prius
1525 4032 1790 4089 honestus

1895 2983 1989 3036 pro
2019 2970 2274 3037 formoso.
2315 2963 2507 3037 _Supra
2521 2971 2713 3037 autem
2745 2961 2866 3037 lib.
2907 2960 2980 3016 ad
3017 2957 3492 3037 Sca_pulaps,t_:um

1894 3029 2054 3104 dixit,
2078 3037 2283 3108 quanti
2309 3029 2530 3108 honesti
2549 3035 2691 3108 _viri,
2743 3036 3040 3088 honoratos
3075 3029 3220 3089 viros
3261 3029 3490 3101 intelligi

1893 3105 2100 3164 ibidem
2125 3107 2198 3162 ibi
2221 3106 2518 3160 adnotavit.
2549 3105 2683 3160 PAM.

1965 3179 2078 3247 (17)
2133 3177 2239 3243 Qui
2295 3180 2480 3247 totum
2507 3177 2638 3247 ja_m
2667 3173 2876 3247 orbem,
2907 3171 3167 3247 getc.»Etsi
3219 3171 3274 3227 in
3311 3173 3489 3247 primo

1894 3243 2127 3303 adventu
2165 3245 2476 3316 spernendo
2505 3243 2652 3316 cultu
2699 3244 2846 3299 visus
2897 3244 3079 3313 fuerit,
3122 3246 3358 3298 secundo
3403 3243 3490 3316 ni-

1895 3313 2314 3375 hilominus'rex
2359 3314 2668 3385 apparebit;
2729 3329 2994 3386 regesque
3051 3329 3253 3386 omnes
3295 3322 3348 3369 et
3383 3313 3488 3383 dy-

1893 3397 2064 3445 nastas
2102 3404 2164 3443 ac
2211 3383 2565 3456 imperatores
2602 3383 2844 3450 crucem,
2903 3383 3026 3454 quae
3071 3383 3304 3439 infamias
3360 3391 3491 3456 nota

1896 3469 2030 3527 erat,
2065 3454 2378 3514 adorabunt.
2412 3454 2683 3523 Quoniam
2709 3459 2832 3527 ipse
2847 3459 2932 3527 est
2957 3471 3062 3511 rex
3089 3470 3286 3527 regum
3315 3459 3367 3512 et
3397 3454 3492 3509 do-

1896 3525 2086 3587 minus
2127 3530 2568 3590 dominantium,
2601 3535 2653 3582 et
2681 3525 2785 3580 alio
2823 3525 2874 3579 in
2907 3525 3045 3592 loco,
3088 3525 3338 3582 Adorent
3364 3540 3492 3580 eum

1895 3617 2082 3658 omnes
2137 3603 2345 3672 gentes,
2403 3606 2508 3654 etc.
2557 3595 3242 3672 Quemadmodumrautem
3279 3595 3491 3672 praedi-

1893 3683 2037 3730 ctum
2067 3667 2241 3728 fuerat
2294 3670 2472 3740 ipsum
2517 3677 2824 3740 venturum,
2871 3667 2948 3723 ita
2987 3671 3058 3740 _et
3103 3671 3480 3740 regnaturum,

1895 3745 1942 3800 si
1963 3745 2159 3815 itaque,
2197 3746 2257 3797 ut
2295 3735 2681 3815 probatcontra
2709 3739 2923 3815 Judaeos
2975 3735 3151 3815 (quod
3173 3735 3490 3815 Christianis

1896 3807 2154 3872 omnibus,
2197 3807 2596 3882 certissimum),
2644 3811 2810 3880 venit,
2861 3815 2917 3864 ut
2957 3807 3310 3876 adimpleatur
3364 3821 3490 3882 pro-

1898 3889 2178 3958 phetarum
2208 3883 2541 3958 vaticinium,
2588 3889 2782 3956 regnat
2836 3894 3056 3954 quoque
3111 3893 3277 3950 super
3303 3883 3489 3933 orbem

1898 3955 2226 4016 universum.
2259 3957 2332 4012 Le
2361 3955 2458 4012 Pa.

197 4225 3006 4258 _________________________________._.____...

499 4449 656 4617 Ω.
783 4451 1249 4596 SEPT.
1390 4446 1889 4587 FLOR.
2006 4427 3204 4580 TERTULLIANI

1233 4745 1633 4864 LIBER
1716 4742 1896 4855 DE
1981 4732 2462 4854 ANIMA.

728 5111 1244 5174 ARGUMENTUM.

1923 5107 2194 5180 inspersit
2218 5102 2526 5176 principia,
2558 5096 2848 5167 variosque
2895 5107 3110 5150 errores
3139 5093 3257 5165 ipse
3291 5093 3512 5150 Tertul-

1927 5180 2120 5237 lianus
2149 5173 2410 5232 inseruit.

1991 5285 2035 5340 l.
2069 5285 2126 5338 In
2173 5279 2363 5354 primis
2428 5285 2603 5354 autem
2623 5273 2827 5354 ‘docet.
2849 5285 2958 5326 non
2983 5285 3014 5354 a
3043 5269 3262 5327 Socrate
3289 5271 3514 5327 immor-

1922 5341 2190 5414 talitatem'
2206 5353 2418 5418 animae,
2441 5348 2582 5405 seda
2623 5347 2743 5418 Deo,
2776 5341 3112 5398 discendam.

1995 5428 2060 5482 ll.
2093 5425 2206 5479 Etsi
2235 5423 2374 5479 enim
2406 5416 2436 5475 ξι
2473 5427 2664 5476 natura
2696 5416 2952 5492 pleraque
3007 5419 3388 5492 suggerantur,
3430 5421 3522 5492 aut

1923 5500 2088 5555 etiam
2117 5513 2179 5551 ex
2201 5482 2714 5567 prophetishausta
2741 5482 3185 5567 [uerumtamen
3218 5482 3522 5554 philOSOphi

1923 5570 2090 5625 multa
2127 5557 2460 5622 miita'veris
2493 5563 2627 5617 falsa
2668 5557 3022 5614 tradiderunt.

191 5222 534 5294 Scripserat
561 5223 974 5290 Tertull-ianus,
1007 5227 1072 5277 ut
1100 5224 1215 5294 ipse
1235 5222 1340 5294 ait,
1363 5223 1560 5294 contra
1585 5219 1814 5294 Hermof

265 5289 482 5364 geriem
517 5295 726 5350 libr-um
757 5295 824 5351 de
853 5311 1026 5350 censu
1047 5289 1146 5348 seu
1178 5293 1394 5364 origine
1432 5291 1642 5344 animm
1670 5289 1808 5364 ;q_ui

275 5361 449 5430 liber,
474 5364 643 5436 hodie
656 5365 1028 5432 desideratus,
1053 5367 1334 5436 quantum
1359 5361 1549 5422 datur,
1571 5361 1812 5436 mentio-

271 5449 420 5506 nem
467 5433 631 5491 habet
680 5438 740 5492 in
772 5437 1022 5492 sectione
1036 5431 1324 5506 sequenti;
1344 5448 1499 5506 nunc
1527 5435 1722 5506 autem
1748 5431 1810 5484 in

273 5503 388 5561 hoc
413 5511 695 5572 tractatu,
729 5509 956 5572 Auctor,
979 5502 1495 5576 iam—montanista,
1516 5503 1581 5558 de
1601 5502 1812 5576 animae

277 5581 452 5650 statu
481 5581 537 5650 et
558 5579 793 5650 reliquis
821 5577 895 5633 ad
916 5572 1040 5650 eum
1066 5574 1482 5650 pertinentibus
1498 5572 1816 5650 (ιη-(εδιῇοηί-

283 5647 420 5714 bus,
436 5643 706 5706 adversus
717 5643 1322 5722 philosophos'dimicat
1333 5687 1346 5713 ,
1357 5647 1452 5702 cui
1464 5643 1654 5702 tamen
1663 5643 1814 5712 falsa

353 5757 604 5813 PATROL.
645 5755 713 5812 ll.
3171 5733 3242 5784 22
