3972 6190
472 330 577 391 683

538 453 628 508 III.
655 450 889 513 Utinam,
924 446 1281 502 nullaharresi
1311 447 1617 509 exsistentc,
1650 443 1781 498 nihil
1834 443 2056 499 omnino

466 560 585 599 cum
643 538 997 611 philosophis,
1050 535 1365 606 patriarchis
1419 533 1813 599 haereticorum,
1882 548 2055 602 expe-

467 632 715 689 riendum
754 628 895 685 foret
927 644 938 680 :
972 642 1073 680 nec
1110 634 1290 680 essent
1336 633 1447 678 tum
1498 623 1585 677 illa
1642 622 1841 691 quibus
1879 637 1910 674 a
1938 622 2059 692 phi-

466 720 712 791 losOphia
764 716 999 772 haeretici
1050 716 1352 785 capiuntur,
1385 710 1738 776 destruenda,
1766 718 1891 765 tunc
1921 711 2055 777 haec,

468 811 662 882 quibus
682 807 870 863 ﬁdeles
899 806 965 861 ab
994 805 1189 860 haeresi
1232 802 1630 869 concutiuntur,
1701 800 2057 855 retundenda.

538 897 851 956 IV.Deindc
901 897 967 952 ad
1023 895 1326 950 institutum
1362 891 1644 956 accedens,
1682 889 1918 959 primum
1956 889 2058 944 ad-

469 1004 663 1045 versus
717 987 991 1041 Platonem
1036 985 1273 1039 animam
1335 988 1516 1038 natam
1565 988 1618 1035 et
1671 977 1861 1035 factam
1902 977 2055 1044 dicit,

472 1085 658 1150 utpote
684 1093 749 1133 ex
776 1076 879 1131 Dei
908 1074 1060 1130 ﬂatu.

542 1166 609 1221 V.
644 1166 831 1220 Plures
894 1163 1056 1219 etiam
1082 1160 1454 1233 pbiIOSOphos,
1505 1159 1605 1215 etsi
1661 1156 1951 1213 Aristotele
2009 1164 2062 1211 et

470 1258 689 1313 Platone
724 1253 1119 1327 corpulentiam
1144 1253 1194 1308 ei
1216 1249 1607 1315 auferentibus,
1638 1263 1840 1319 corpus
1867 1245 2060 1301 animae

469 1347 788 1403 vindicasse.

543 1436 631 1492 VI.
692 1432 847 1503 Quod
914 1429 1222 1500 paradoxon
1279 1429 1441 1483 etiam
1471 1430 1671 1482 Auctor
1697 1424 1788 1480 hic
1819 1432 2055 1489 secutus,

472 1524 868 1579 Platonicorum
890 1526 1230 1592 argumenta,
1264 1518 1458 1587 quibus
1488 1515 1885 1586 incorporalem
1936 1513 2058 1568 ani-

471 1630 611 1673 mam
641 1612 970 1674 asserebant,
993 1610 1120 1662 satis
1141 1605 1330 1662 frivole
1361 1604 1576 1661 refellit.

542 1703 658 1759 Vll.
700 1702 814 1755 Imo
836 1696 1274 1769 corporalitatem
1289 1696 1482 1751 animae
1512 1709 1578 1749 ex
1608 1691 1911 1766 Evangelio
1939 1707 2059 1763 per-

472 1807 656 1864 peram
685 1789 915 1860 probare
942 1786 1153 1842 nititur.

540 1879 716 1938 643
755 1880 892 1936 VIII.
925 1877 1009 1935 Ad
1064 1876 1167 1931 alia
1203 1875 1396 1930 iterum
1453 1872 1854 1929 Platonicorum
1908 1886 2063 1942 argu-

472 1978 649 2027 menta
670 1966 1027 2040 respondens.
1995 2021 1998 2025 ,

541 2058 634 2116 IX.
667 2056 849 2127 Quid?
884 2055 1030 2126 quod
1086 2050 1323 2125 efﬁgiem
1370 2065 1585 2121 quoque
1649 2064 1759 2103 non
1812 2055 2064 2103 vereatur

469 2149 661 2206 animm
689 2143 1029 2218 quantumvis
1047 2141 1332 2198 immortali
1362 2140 1644 2213 efﬁngere,
1674 2153 1902 2209 eamque
1922 2136 2066 2192 colo-

497 2237 546 2293 is
573 2235 715 2291 aerei
746 2242 799 2289 et
826 2232 1009 2290 lucidi.

542 2328 615 2382 Χ.
640 2324 860 2381 Rectius
905 2322 1158 2391 deinceps
1186 2334 1354 2374 unum
1381 2333 1500 2373 esse
1550 2316 1707 2371 docet
1737 2312 1968 2368 animam
2012 2318 2065 2365 et

469 2416 741 2487 spiritum,
765 2413 941 2470 vivere
970 2419 1024 2467 et
1044 2410 1268 2481 spirare,
1296 2408 1377 2465 vel
1407 2423 1474 2463 ex
1497 2420 1560 2461 eo
1606 2404 1749 2476 quod
1782 2402 1848 2461 ad
1870 2408 2067 2456 statum

472 2506 596 2561 ﬁdei
635 2502 885 2575 pertinet,
942 2499 1243 2571 simplicem
1280 2496 1513 2551 animam
1558 2491 1926 2549 determinarc
1973 2505 2065 2545 se-

471 2594 705 2651 cundum
737 2592 1034 2646 Platonem.
1870 2604 1871 2607 η

541 2684 640 2738 ΧΙ.
681 2684 759 2736 Ita
788 2691 965 2736 tamen
992 2675 1237 2748 Spiritum
1259 2673 1490 2728 animam
1522 2671 1647 2740 dici,
1680 2677 1737 2725 ut
1768 2683 1940 2739 neque
1971 2665 2072 2720 Dei

467 2770 693 2843 spiritus
716 2769 802 2834 sit,
825 2768 970 2837 quod
1007 2764 1285 2822 videbatur
1305 2763 1673 2834 Hermogenes
1709 2757 1938 2823 sentire,
1971 2772 2068 2810 ne-

468 2878 577 2934 que
606 2859 845 2930 spiritale
895 2854 1074 2912 nescio
1131 2853 1274 2925 quod
1319 2866 1508 2907 semen
1566 2847 2068 2905 Valcntiniauorum

470 2950 664 3004 animae
691 2945 947 3002 collatum
977 2943 1071 2999 sit.

537 3036 661 3091 XII.
700 3032 955 3088 Animum
993 3030 1119 3085 item
1148 3030 1215 3084 ab
1240 3027 1417 3082 anima
1446 3042 1556 3083 non
1585 3022 1850 3096 separari,
1882 3031 2070 3095 utpote

465 3125 561 3195 qui
587 3137 694 3179 non
747 3118 891 3176 aliud
947 3134 1108 3191 quam
1166 3126 1475 3191 suggestus,
1533 3114 1649 3173 sive
1704 3120 1927 3168 ornatus
2005 3119 2073 3165 snt

469 3212 664 3269 animae
721 3225 831 3281 quo
897 3206 1072 3279 sapit:
1129 3206 1291 3276 idque
1347 3209 1537 3259 contra
1590 3202 1970 3270 Anaxagoram
2023 3207 2074 3253 et

467 3301 837 3368 Aristotelem,
862 3312 1087 3369 quorum
1105 3294 1196 3351 ille
1226 3290 1691 3357 commiscibilem,
1716 3288 1819 3344 iste
1840 3286 2071 3360 passibi-

466 3392 571 3446 lem
606 3391 856 3446 animum
888 3386 1146 3459 negabat.

538 3479 689 3535 XIII.
741 3475 1076 3545 Quodetiam
1098 3471 1222 3527 inde
1253 3470 1461 3540 probat,
1491 3466 1639 3539 quod
1702 3464 2074 3539 principalitas

467 3567 685 3633 animae,
736 3579 841 3621 non
887 3562 1065 3618 animo
1110 3560 1416 3625 tribuatur;
1450 3555 1614 3611 etiam
1644 3554 1878 3611 animam
1925 3554 2074 3610 Deus

469 3672 680 3727 semper
708 3652 1010 3724 alloquatur
1037 3664 1145 3705 non
1172 3646 1431 3701 animum.

537 3744 683 3799 XIV.
718 3742 851 3795 Cum
882 3749 1056 3795 autem
1074 3735 1333 3792 dividitur
1351 3734 1526 3789 anima
1581 3733 1636 3786 in
1685 3740 1866 3803 partes
1896 3748 1925 3786 a
1954 3732 2078 3788 Pla-

471 3842 595 3887 tone
623 3836 713 3885 aut
740 3828 881 3895 aliis,
915 3827 1056 3884 vires
1113 3832 1166 3877 et
1195 3823 1464 3878 efﬁcacias
1510 3832 1565 3877 et
1601 3836 1793 3891 operas
1840 3821 2079 3877 diversas

469 3917 719 3989 intelligi,
759 3915 911 3971 sicuti
939 3914 1006 3968 de
1035 3910 1358 3983 quibusdam
1385 3910 1548 3967 etiam
1576 3909 1898 3966 Aristoteles
1934 3909 2078 3965 indi-

471 4008 633 4073 cavit,
661 4012 848 4075 utpote
876 4002 1034 4060 etiam
1092 3999 1205 4070 ipse
1236 4016 1359 4055 cum
1415 3998 1535 4054 aliis
1593 4000 1867 4071 plerisque
1907 3999 2080 4054 unita-

476 4107 585 4153 tem
610 4094 801 4151 animae
829 4104 1150 4165 agnoscens.

540 4186 663 4243 XV.
709 4180 1107 4257 Hegemonicon
1143 4177 1381 4247 interim,
1440 4177 1495 4231 id
1543 4188 1644 4243 est,
1714 4192 1984 4231 summum
2025 4177 2078 4232 in

474 4277 654 4332 anima
721 4272 951 4346 gradum
1030 4267 1417 4339 sapientialem,
1476 4273 1824 4337 contraquam
1875 4267 2076 4321 sentie-

471 4368 600 4421 bant
646 4358 996 4431 Asclepiades
1039 4366 1094 4413 et
1158 4355 1526 4424 Dicaearchus,
1579 4370 1703 4410 cum
1755 4355 1981 4411 Platone
2026 4363 2077 4410 et

1177 316 1620 416 TERTULLIANI
1656 314 1923 376 OPERUM
1961 315 2067 374 PAF

2195 318 2226 376 l.
2266 318 2563 380 «SERIES
2598 319 2641 391 1,
2681 319 3016 381 POLEMICA.
3586 302 3589 321 ί
3647 322 3726 382 684

2234 445 2428 500 XVIII.
2461 446 2643 516 Neque
2670 447 2961 504 audiendos
2991 448 3290 515 haereticos,
3332 447 3428 519 qui
3456 462 3564 503 non
3598 448 3727 503 aliter

2161 551 2321 604 quam
2352 550 2474 588 suas
2518 536 2667 590 Plato
2718 536 2891 606 ideas,
2941 537 3320 603 intellectualia
3365 536 3569 592 faciunt
3614 537 3727 592 veri-

2164 631 2316 688 tates,
2348 624 2615 678 scnsualia
2673 640 2800 680 vero
2849 625 3113 697 imagines
3170 625 3410 681 veritatis
3456 625 3729 686 dumtaxat,

2160 712 2257 765 sed
2289 712 2511 783 perinde
2540 713 2772 768 animam
2798 730 2893 783 per
2922 729 3119 786 corpus
3174 713 3481 785 corporalia
3536 714 3731 775 sentire,

2160 803 2616 873 quemadmodum
2661 820 2759 874 per
2794 804 3432 875 animumjncorporalia
3467 802 3732 877 intelligit;

2163 892 2240 949 sic
2262 899 2455 947 tamem
2487 901 2543 948 ut
2572 893 2732 950 etiam
2752 894 2967 961 sentiat,
3008 910 3131 951 cum
3162 893 3434 965 intelligit.

2233 983 2388 1037 XIX.
2456 986 2631 1053 Atque
2686 983 2823 1039 adeo
2874 982 3203 1040 intellectum
3294 998 3511 1053 semper
3565 981 3742 1038 anima:

2160 1069 2360 1136 inesse,
2394 1071 2474 1128 uti
2504 1071 2665 1126 etiam
2694 1071 2900 1143 reliqua
2928 1072 3122 1127 animae
3151 1070 3432 1128 naturalia.

2230 1160 2363 1217 XX.
2386 1162 2457 1216 Et
2483 1160 2528 1215 si
2550 1169 2730 1216 autem
2759 1161 3042 1218 uniformis
3079 1160 3277 1230 anima,
3310 1159 3445 1217 fretu
3474 1166 3651 1214 tamen
3667 1161 3749 1215 in-

2159 1251 2446 1321 geniorum
2499 1252 2902 1319 multiformem,
2935 1267 3035 1322 pro
3061 1251 3374 1307 conditione
3402 1249 3533 1307 coeli
3554 1257 3610 1303 et
3633 1249 3754 1316 soli,

2163 1353 2261 1407 pro
2298 1338 2505 1395 ratione
2535 1340 2715 1410 Operis
2743 1348 2797 1398 et
2852 1356 3018 1412 curae,
3052 1354 3150 1409 pro
3180 1347 3488 1409 temporum
3524 1345 3718 1393 eventu
3740 1379 3756 1403 ,

2162 1440 2259 1495 pro
2289 1425 2499 1482 licentia
2550 1443 2789 1492 casuum,
2825 1439 2878 1485 et
2926 1427 3173 1497 corporis
3228 1426 3387 1483 etiam
3430 1425 3759 1490 valetudine,

2162 1520 2223 1568 ut
2251 1529 2320 1569 ne
2350 1514 2415 1569 de
2474 1514 2567 1570 fati
2612 1518 2936 1573 necessitate
2964 1515 3094 1587 quid
3131 1515 3369 1583 dicatur,
3398 1514 3470 1570 de
3508 1530 3618 1585 qua
3664 1529 3760 1570 suo

2163 1601 2321 1657 titulo
2352 1602 2685 1661 disseruerit.

2233 1690 2387 1746 XXI.
2438 1684 2670 1749 Proinde
2713 1692 2872 1749 etiam
2929 1692 3191 1763 animam,
3243 1700 3589 1764 contraquam
3647 1707 3770 1746 sen-

2164 1779 2301 1835 tiunt
2358 1781 2735 1846 Valentiniani,
2786 1783 3199 1839 convertibilem
3246 1780 3415 1838 fuisse
3468 1779 3622 1835 liberi
3663 1795 3773 1834 ar-

2166 1868 2309 1925 bitrii
2340 1877 2624 1939 potestate,
2650 1871 2806 1940 juxta
2833 1870 2977 1943 quod
3006 1870 3265 1927 Marcioni
3300 1871 3416 1940 jam
3454 1875 3508 1926 et
3537 1868 3777 1925 Hermo-

2170 1961 2295 2031 gcni
2319 1960 2631 2016 ostenderit.

2238 2048 2415 2106 6J4
2464 2050 2644 2106 XXlI.
2681 2049 2944 2119 Quocirca
2972 2050 3207 2106 animam
3236 2049 3451 2107 deﬁniri
3476 2068 3490 2105 :
3513 2050 3616 2107 Dei
3643 2049 3778 2106 ﬂatu

2166 2150 2365 2208 natam,
2406 2139 2783 2205 immortalem,
2828 2141 3160 2210 corporalem
3214 2141 3305 2210 (en
3364 2138 3557 2195 iterum
3614 2156 3780 2210 para-

2169 2228 2346 2283 doxon
2402 2227 2691 2299 Auctoris),
2723 2226 3030 2299 efﬁgiatam,
3086 2228 3384 2284 substantia
3438 2228 3778 2298 simplicem,

2171 2316 2239 2371 de
2267 2331 2363 2371 suo
2391 2318 2706 2388 patientem,
2750 2317 2894 2372 varie
2932 2318 3332 2389 procedentem,
3382 2317 3618 2372 liberam
3680 2332 3780 2370 ar-

2171 2404 2337 2473 bitrii,
2375 2405 2687 2462 accidentiis
2714 2406 3022 2471 obnoxiam,
3050 2422 3145 2476 per
3164 2406 3379 2479 ingenia
3412 2405 3743 2461 mutabilem
3764 2444 3781 2473 ,

2173 2493 2507 2560 rationalem,
2538 2492 2974 2559 dominatricem,
3008 2493 3397 2550 divinatricem.

2246 2583 2453 2637 XXIII.
2485 2583 2626 2637 Dum
2653 2583 2910 2654 deinceps
2934 2584 3198 2654 quaeritur
3230 2584 3372 2638 unde
3417 2584 3621 2654 anima,
3658 2584 3783 2639 hae.-

2174 2672 2378 2727 reticos
2432 2672 2700 2743 quosdam
2745 2688 2851 2727 non
2906 2682 3045 2730 recte
3099 2689 3219 2728 eam
3265 2689 3295 2730 e
3331 2673 3486 2730 caelis
3529 2673 3783 2739 deferre,

2172 2770 2334 2832 atque
2358 2762 2549 2817 eodem
2580 2760 2879 2816 indubitate
2910 2762 3199 2818 redituram
3222 2778 3481 2833 asserere,
3533 2778 3782 2833 quorum

2176 2850 2415 2906 omnium
2445 2850 2927 2906 condimentarium
2957 2850 3123 2907 Plato.

2246 2940 2454 2995 XXIV.
2496 2940 2710 2995 Novum
2741 2939 2924 3010 itaque
2955 2940 3200 2996 Platonis
3249 2949 3639 3013 argumentum
3678 2941 3783 2998 eli-

2177 3030 2253 3085 dit
2313 3046 2327 3082 :
2385 3027 2676 3084 discentias
2729 3028 3156 3085 reminiscentias
3175 3044 3315 3099 esse,
3379 3031 3482 3086 hoc
3512 3039 3618 3097 est,
3690 3046 3784 3087 ve-

2099 3148 2146 3227 α
2177 3118 2384 3173 nientes
2430 3133 2459 3171 e
2503 3117 2640 3171 coelo
2698 3115 2905 3170 animas
2961 3119 3203 3173 oblivisci
3250 3134 3437 3174 eorum
3469 3118 3525 3172 in
3574 3119 3785 3189 quibus

2179 3206 2373 3227 r._-_:...
2435 3206 2576 3227 ..-ε--..
2647 3203 2834 3227 Δλμξ..-
2902 3221 2961 3227 --_
3007 3206 3089 3227 ιε-
3145 3206 3439 3227 --2-ειξιξι---
3496 3208 3783 3227 -----]-ᾉξ

2178 3206 2377 3260 fuerint
2435 3206 2599 3275 prius,
2643 3203 2837 3261 dehinc
2896 3221 2962 3261 ex
3007 3206 3092 3261 his
3145 3206 3442 3265 visibilihus
3494 3208 3784 3265 recordari

2177 3295 2508 3351 eorumdem.
3048 3338 3055 3339 ,

2249 3383 2429 3439 XXV.
2467 3382 2811 3457 Agitdeinde
2853 3384 3112 3442 adversus
3142 3385 3375 3454 Stoicos,
3403 3394 3456 3442 et
3484 3385 3677 3457 ipsum
3712 3388 3795 3442 in-

2177 3472 2386 3529 terdum
2444 3475 2742 3540 Platonem,
2814 3475 2905 3545 qui
2964 3483 3083 3546 post
3137 3487 3347 3547 partum
3386 3477 3612 3548 corpori
3673 3480 3796 3534 ani-

2179 3579 2319 3617 mam
2358 3564 2639 3630 inducunt,
2688 3578 2762 3619 ex
2817 3564 2959 3620 aeris
3002 3564 3182 3638 frigidi
3214 3566 3391 3637 pulsu,
3451 3574 3547 3621 aut
3604 3570 3794 3639 prima

2180 3653 2495 3723 spiratione.

2250 3742 2452 3797 XXVI.
2493 3740 2699 3797 Eorum
2747 3743 3087 3809 sententiam,
3120 3743 3282 3799 etiam
3313 3760 3381 3800 ex
3402 3744 3789 3815 Sripturarum

2180 3830 2595 3886 Christianarum
2635 3829 3003 3899 fundamento,
3036 3832 3376 3905 impugnans.

2248 3919 2474 3977 XXVII.
2507 3918 2778 3975 Definiens
2805 3922 2963 3977 simul
2986 3923 3171 3977 ambas
3193 3924 3387 3978 animae
3408 3924 3788 3997 corporisque

2180 4008 2531 4073 substantias,
2571 4018 2625 4064 et
2651 4010 2885 4081 concipi,
2917 4020 2971 4067 et
2992 4010 3205 4077 confici,
3238 4020 3289 4067 et
3336 4012 3543 4083 perﬁci.

2251 4099 2493 4154 XXVIII.
2524 4100 2691 4155 Porro
2723 4102 2883 4155 etiam
2915 4102 3152 4156 Platonis
3190 4103 3492 4157 secundum
3511 4105 3789 4177 Pythago-

2182 4204 2296 4243 ram
2355 4189 2702 4244 temerarium
2757 4189 3099 4247 mendacium
3152 4192 3528 4263 μετεμψύχωιν
3589 4193 3784 4264 impu-

2181 4288 2328 4350 gnat,
2383 4279 2433 4332 id
2488 4287 2591 4349 est,
2621 4279 2971 4336 recidivatum
3029 4281 3352 4347 animarum,
3409 4281 3780 4336 revolubilem

2182 4385 2247 4423 ex
2278 4366 2481 4422 alterna
2511 4376 2839 4422 mortuorum
2878 4376 2929 4423 et
2949 4368 3197 4425 vivorum
3225 4369 3564 4425 suffectione.

470 4451 754 4508 Aristotele
799 4449 1021 4521 agnosci
1048 4446 1207 4502 etiam
1238 4461 1268 4499 a
1315 4443 1649 4510 Christianis,
1696 4445 1855 4514 idque
1902 4444 1958 4499 in
1987 4460 2074 4499 re-
2104 4481 2153 4564 ο
2252 4453 2456 4509 XXIX.
2473 4455 2587 4509 Etsi
2616 4455 2758 4510 enim
2790 4471 2856 4509 ex
2886 4456 3021 4515 vivis
3048 4455 3175 4511 ﬁant
3197 4457 3414 4524 mortui,
3450 4474 3559 4512 non
3592 4466 3779 4512 tamen

482 4558 635 4564 -__-_-
673 4540 845 4564 --...)!,.
2182 4544 2296 4564 ΞΔ--
2340 4560 2394 4564 ---
2427 4544 2651 4564 _‘-_.__:_
2692 4543 2841 4564 __!__-_

476 4558 640 4598 cessu
668 4540 869 4597 cordis.

545 4630 694 4686 XVI.
724 4628 811 4683 Ad
841 4627 1003 4683 ﬁdem
1029 4639 1245 4697 quoque
1268 4622 1560 4694 pertinere,
1597 4623 1744 4694 quod
1772 4624 1924 4678 Plato
1952 4640 2076 4695 par-

474 4721 607 4778 titur
651 4718 885 4773 animam
942 4731 1040 4785 per
1095 4712 1403 4768 rationalem
1448 4720 1501 4765 et
1530 4710 1942 4782 irrationalem;
2003 4716 2076 4768 ita

474 4820 650 4866 tamen
682 4819 740 4863 ut
780 4813 991 4860 naturae
1038 4803 1309 4871 primaevae
1347 4802 1639 4871 deputetur
1667 4801 1949 4867 rationale,
2005 4802 2077 4856 ir-

474 4898 736 4954 rationale
792 4909 915 4952 vero
965 4890 1419 4963 tranSgressioni;
1479 4906 1587 4946 non
1648 4896 1825 4944 tamen
1864 4892 2074 4960 placere

471 4984 800 5043 irrationalis
843 4978 1239 5038 distinctionem
1285 4979 1340 5034 in
1399 4978 1791 5051 indignativum
1850 4987 1905 5033 et
1941 4995 2076 5035 con-

474 5072 923 5147 cupiscentivum,
981 5069 1126 5140 quod
1176 5076 1467 5140 utrumque
1525 5068 1696 5125 etiam
1750 5068 1968 5124 Christo
2024 5079 2080 5124 et

476 5161 729 5221 rationali
765 5159 956 5213 animae
985 5164 1276 5226 competat.

546 5252 718 5308 XVII.
748 5249 924 5305 Etiam
953 5248 1007 5303 in
1036 5246 1139 5301 hoc
1169 5260 1279 5300 non
1310 5243 1524 5315 probari
1551 5245 1824 5301 Platonem
1854 5251 1909 5302 et
1928 5245 2073 5301 Aca-

475 5344 733 5410 demicos,
773 5339 919 5413 quod
974 5335 1374 5394 sensualitatem
1405 5335 1644 5406 quinque
1712 5351 1966 5391 sensuum
1996 5336 2079 5392 ira

478 5434 735 5492 tionalem
793 5428 1147 5503 pronuntient
1199 5444 1211 5479 :
1264 5440 1440 5493 neque
1496 5422 1642 5477 enim
1690 5422 1853 5479 licere
1885 5440 2077 5481 sensus

476 5527 609 5583 istos
655 5524 708 5577 in
754 5520 977 5575 dubium
1006 5529 1278 5577 revocare,
1310 5527 1380 5568 ne
1426 5520 1478 5570 et
1508 5512 1561 5566 in
1612 5512 1802 5568 Chriso
1858 5514 1925 5568 de
1974 5513 2075 5570 fide

478 5630 667 5671 eorum
698 5610 1043 5666 deliberetur.

2180 4544 2301 4600 ideo
2331 4560 2395 4598 ex
2426 4544 2654 4598 mortuis
2692 4543 2865 4600 vivos.

2251 4634 2439 4689 XXX.
2493 4633 2658 4703 Dein,
2702 4634 2748 4687 si
2796 4650 2859 4690 ex
2901 4635 3128 4690 mortuis
3174 4650 3386 4706 semper
3432 4635 3562 4703 vivi,
3608 4650 3779 4690 unum

2180 4721 2399 4778 omnino
2421 4728 2473 4775 et
2500 4721 2743 4776 eumdem
2773 4731 3026 4794 oportere
3056 4722 3219 4778 fuisse
3268 4723 3545 4779 hominum
3583 4739 3779 4779 nume-

2180 4825 2526 4877 rum;cume
2574 4811 2840 4867 contrario
2874 4812 3209 4868 inveniamus
3266 4813 3526 4883 paulatim
3583 4814 3781 4868 huma-

2178 4917 2305 4955 num
2338 4916 2507 4971 genus
2539 4901 2881 4957 exuberasse.

2252 4989 2452 5043 XXXI.
2482 4988 2702 5045 Etiamsi
2729 4990 2804 5046 ait
2846 4989 2932 5055 sit,
2992 4990 3232 5061 singulas
3262 4989 3465 5045 animas
3493 4990 3550 5045 in
3569 4990 3786 5061 singula

2183 5093 2417 5149 corpora
2482 5078 2682 5134 reverti
2742 5088 3023 5150 Oportere;
3072 5079 3262 5134 eadem
3308 5086 3483 5143 aetate,
3571 5080 3786 5135 eisdem

2178 5166 2456 5232 institutis,
2516 5167 2771 5239 ingeniis,
2860 5167 3083 5236 artibus,
3142 5176 3195 5223 et
3258 5185 3325 5224 ex
3399 5168 3549 5224 omni
3596 5176 3789 5242 gente,

2179 5272 2331 5323 sexu,
2365 5256 2650 5327 dignitate;
2713 5257 2856 5329 quod
2916 5265 3091 5312 tamen
3138 5257 3253 5329 ipse
3308 5256 3654 5329 Pythagoras
3682 5272 3792 5314 non

2182 5345 2404 5402 admisit

2253 5435 2482 5492 XXXII.
2525 5436 2766 5493 Delirare
2794 5451 2922 5493 vero
2944 5436 3116 5509 magis
3143 5437 3555 5508 Empedoclem,
3577 5437 3673 5509 qui
3693 5454 3776 5508 με·

2178 5529 2553 5600 τενσωμάτωσιν
2618 5527 2912 5595 induxerit,
2973 5528 3172 5585 be'stias
3227 5545 3290 5586 ex
3348 5529 3689 5593 hominibus,
3738 5535 3781 5582 et

2178 5615 2425 5673 homines
2453 5633 2520 5673 ex
2549 5616 2736 5673 bestiis
2764 5616 3161 5677 revolveneem.
