3972 6190
253 365 329 439 585
510 317 514 320 ⁴
1556 344 1751 414 LIBER
1795 353 1876 414 es
1913 353 2140 416 ANIMA.

3376 375 3490 434 686

301 486 524 544 XXXIII.
572 485 759 557 Neque
815 497 942 540 vero
982 483 1142 538 etiam
1185 479 1372 550 judieii
1419 480 1635 538 neruine
1675 480 1796 538 vin-
1829 478 1930 555 Aa
1974 480 2255 541 daemoniis
2304 485 2588 556 plurimum
2632 489 2797 548 incuti
2835 495 3078 563 somnia,
3128 498 3292 556 etiam
3361 517 3489 560 vera

241 577 370 634 dicari
405 577 508 630 hoc
547 573 774 648 dogma;
818 571 1063 630 evacuari
1109 569 1290 639 enim,
1331 569 1377 625 si
1415 569 1639 625 crimina
1687 583 1794 625 non

238 667 359 722 aliter
381 664 688 737 puniantur,
727 669 818 717 aut
865 676 1071 718 merces
1113 675 1219 716 non
1260 658 1364 715 alia
1396 659 1552 717 bonis
1597 659 1790 729 detur,

234 772 363 830 quam
403 755 459 809 in
490 751 738 809 animalia
767 751 1052 807 restitutio.

286 844 529 902 XXXIV.
551 842 757 898 Eadem
785 839 1197 913 repercussione
1216 838 1371 909 caedi,
1385 839 1543 895 etiam
1560 838 1798 894 Simonis

226 933 481 992 Samaritte
513 931 757 988 haeretici
802 928 1031 985 similem
1073 928 1380 1000 opinionem
1427 928 1493 984 de
1537 943 1636 983 sua
1679 928 1794 983 IIe-

223 1025 348 1086 lena,
377 1037 539 1095 quam
585 1036 683 1092 per
730 1019 864 1076 alios
904 1025 1063 1089 atque
1106 1017 1240 1074 alios
1287 1015 1502 1072 habitus
1541 1015 1800 1072 femineos

218 1113 514 1176 volutatam,
560 1112 722 1166 etiam
765 1109 914 1164 illam
961 1108 1128 1164 fuisse
1156 1107 1332 1164 aiebat
1362 1106 1572 1163 Priamo
1610 1106 1798 1178 perni-

215 1201 586 1260 ciosissimam.
645 1202 656 1214 ‘

277 1289 513 1346 XXXV.
555 1289 671 1344 Imo
708 1287 868 1343 etiam
907 1286 1246 1358 Carpocratis
1285 1285 1581 1342 animarum
1616 1301 1801 1343 recor-

211 1379 562 1451 porationem,
597 1391 706 1450 qua
753 1374 912 1431 toties
957 1376 1169 1431 volebat
1215 1374 1445 1430 animam
1482 1373 1538 1429 in
1576 1389 1801 1445 corpora

210 1469 468 1534 revocari,
538 1466 752 1539 quoties
808 1465 986 1521 minus
1045 1466 1112 1521 de
1157 1463 1369 1522 delictis
1415 1463 1800 1533 satisfecisset;

205 1559 298 1630 qui
332 1557 499 1614 etiam
540 1556 678 1612 Elia:
716 1554 949 1612 reditum
995 1555 1189 1611 frustra
1233 1569 1332 1627 pro
1370 1570 1431 1610 sc
1477 1553 1801 1626 interpreta-

205 1655 293 1702 tus
324 1647 417 1705 sit.

275 1736 537 1793 XXXVI.
555 1736 823 1792 Reversus
855 1733 979 1790 inde
1009 1735 1076 1790 ad
1107 1734 1257 1806 prius
1291 1732 1610 1801 institutum,
1640 1733 1800 1790 etiam

199 1842 404 1883 sexum
431 1824 618 1880 animae
647 1833 701 1879 et
729 1822 974 1896 corporis
1002 1823 1164 1880 simul
1193 1823 1323 1880 oriri
1339 1823 1515 1880 tradit.

288 1912 576 1968 XXXVII.
632 1911 859 1968 Omnem
889 1921 1067 1970 autem
1109 1911 1342 1968 hominis
1372 1914 1678 1984 paraturam
1706 1911 1805 1968 ali-

207 2017 328 2073 qua
358 2007 624 2073 potestate
648 2000 837 2057 divinae
867 2001 1157 2058 voluntatis
1194 2000 1436 2056 ministra
1463 2000 1554 2073 (ab
1606 2001 1802 2075 angelo

200 2106 416 2162 nempe
448 2091 650 2162 aliquo)
701 2090 996 2157 modulari;
1054 2090 1214 2146 simul
1253 2090 1420 2146 etiam
1464 2105 1706 2148 crescere
1751 2099 1804 2148 et

200 2179 498 2250 proiicere,
530 2180 762 2235 animam
793 2179 1014 2252 ingenio
1049 2184 1104 2235 et
1129 2195 1311 2246 sensu,
1344 2195 1544 2252 corpus
1576 2179 1800 2236 modulo

200 2278 256 2324 et
272 2268 492 2324 habitu.

275 2357 596 2413 XXXVIII.
650 2358 985 2414 Pubertatem
1033 2372 1274 2430 quoque,
1323 2358 1398 2413 uti
1447 2358 1501 2413 in
1556 2372 1802 2431 corpore,

203 2447 277 2502 ita
301 2454 359 2502 et
406 2446 609 2515 anima,
642 2446 803 2503 simul
849 2462 1145 2520 exsurgere
1192 2455 1457 2520 suggestu
1506 2463 1802 2514 sensuum;

203 2545 257 2592 et
286 2537 453 2592 etiam
504 2536 748 2593 ciborum
795 2535 1285 2608 concupiscentiam
1332 2552 1452 2593 esse
1501 2536 1556 2591 in
1606 2538 1803 2603 anima,

204 2626 299 2681 sed
331 2625 658 2681 necessitate
703 2623 878 2682 645
915 2627 1178 2697 corporis,
1211 2642 1320 2684 non
1341 2627 1424 2682 sui
1451 2626 1806 2699 proprietate,

205 2731 273 2771 ne
302 2714 432 2787 quis
459 2716 588 2771 hinc
616 2715 898 2772 mortalem
929 2717 1127 2771 credat.

279 2805 555 2862 XXXIX.
606 2805 738 2860 Item
785 2805 988 2860 nullam
1025 2804 1207 2860 ferme
1271 2804 1506 2859 animam
1553 2804 1670 2859 sine
1700 2804 1809 2859 dae-

205 2895 399 2950 monio
445 2909 590 2958 esse,
636 2893 828 2950 saltem
877 2893 933 2948 in
985 2893 1236 2962 ethnicis,
1286 2893 1462 2950 donec
1504 2892 1559 2948 in
1591 2891 1807 2950 Christo

204 2993 526 3040 nascantur.

275 3073 403 3128 XL.
441 3071 651 3130 Tandiu
701 3071 844 3127 enim
892 3069 1124 3127 animam
1166 3087 1232 3126 ex
1266 3071 1445 3126 carnis
1475 3070 1728 3127 societate
1751 3069 1805 3124 in

1897 569 2192 644 interdum;
2217 574 2330 632 Deo
2357 574 2570 633 interim
2614 578 2940 652 deputanda,
2981 583 3027 639 si
3074 601 3196 656 qua:
3235 589 3485 660 honesta,

1898 668 2102 727 sancta,
2148 664 2484 734 prophetica,
2539 668 2879 740 revelatoria,
2917 671 3278 746 aediﬁcatoria,
3338 697 3492 738 vaca-

1898 751 2062 844 toria‘;
2107 753 2351 821 quaedam
2399 755 2560 811 etiam
2598 757 2920 831 sibimetipsi
2975 761 3211 820 animam
3263 767 3487 844 ﬁngere,

1900 857 1966 897 ex
2030 841 2322 899 intentione
2387 844 2936 918 ciroumstantiarum;
3005 852 3210 926 reliqua
3254 841 3491 930 denique

1899 933 2095 988 exstasi
2151 934 2471 1004 separanda.

1970 1020 2212 1076 XLVIII.
2246 1025 2421 1094 Atque
2451 1023 2588 1081 adeo
2617 1040 2683 1080 ex
2710 1025 2929 1100 ingenio
2966 1031 3142 1104 magis
3167 1050 3328 1106 quam
3357 1052 3491 1094 con-

1897 1111 2112 1176 stantia,
2161 1110 2370 1167 somnia
2414 1127 2445 1166 a
2473 1114 2695 1172 Platone
2731 1116 3004 1188 aestimari,
3043 1128 3296 1194 tanquam
3368 1142 3494 1184 cer-

1903 1197 2042 1254 tiora
2097 1200 2164 1254 ab
2209 1200 2406 1256 extimo
2471 1203 2667 1272 noctis,
2734 1205 2893 1262 certis
2934 1209 3057 1263 anni
3134 1214 3491 1288 temporibus,

1899 1287 2093 1358 quietis
2142 1289 2271 1359 situ,
2324 1298 2418 1346 aut
2477 1291 2721 1348 ciborum
2777 1293 3148 1371 distinctione,
3191 1309 3284 1357 aut
3324 1287 3492 1360 dero?

1901 1375 2139 1448 gatione.

1973 1465 2167 1521 XLIX.
2221 1467 2285 1522 Et
2329 1484 2460 1526 vero
2506 1471 2665 1528 etiam
2702 1471 2926 1530 infantes
2959 1491 3022 1534 ac
3048 1476 3293 1536 Atlantes
3339 1498 3492 1540 som-

1901 1555 2078 1623 niare;
2118 1571 2241 1612 cum
2288 1565 2340 1612 et
2390 1557 2598 1614 somnia
2652 1575 2683 1615 a
2726 1563 2837 1617 Deo
2876 1562 3013 1632 sint,
3078 1567 3328 1643 nullaque
3379 1573 3493 1643 jam

1904 1658 2036 1717 gens
2094 1644 2194 1700 Dei
2248 1645 2318 1700 sit
2362 1653 2636 1714 extranea,
2684 1647 2738 1704 in
2782 1667 2969 1708 omnes
3044 1657 3302 1714 terminos
3347 1661 3497 1718 orbis

1905 1731 2200 1805 Evangelia
2227 1743 2566 1792 coruscante.

1841 1801 1886 1883 Β
1977 1801 2216 1878 L.Nunc
2243 1823 2310 1878 ad
2350 1830 2579 1879 mortem
2629 1823 2773 1896 quod
2822 1826 3044 1896 attinet,
3090 1831 3332 1890 debitum
3373 1853 3498 1897 esse

1905 1919 2018 1968 toto
2079 1912 2312 1968 humano
2376 1913 2563 1984 generi
2619 1920 2828 1970 naturae
2897 1914 3097 1986 ﬁnem,
3141 1929 3497 1994 quamtumvis

1908 1997 2175 2071 Epicurus
2205 1999 2257 2054 id
2303 2007 2488 2074 neget,
2521 2007 2576 2055 et
2619 2002 2906 2058 Menander
2952 2005 3238 2064 haereticus
3286 2013 3352 2067 ab
3398 2032 3498 2074 suo

1908 2087 2176 2159 baptismo
2234 2087 2472 2144 initiatos
2526 2086 2704 2147 646
2784 2091 3051 2163 pertinere
3108 2106 3298 2170 neget,
3357 2105 3499 2174 apud

1907 2194 2071 2252 quem
2102 2193 2204 2236 nec
2233 2193 2330 2249 pro
2359 2179 2471 2236 Deo
2510 2180 2647 2236 mori
2689 2181 2773 2237 lex
2803 2189 2912 2253 est;
2954 2200 3078 2240 nam
3124 2189 3286 2246 etiam
3313 2191 3497 2249 Enoch

1907 2274 1961 2323 et
1993 2267 2167 2324 Eliam
2198 2266 2508 2339 morituros,
2531 2278 2584 2326 et
2610 2271 2874 2327 Joannem
2902 2274 3010 2343 jam
3039 2275 3264 2338 obiisse.

1979 2355 2066 2411 LI.
2113 2355 2266 2428 Opus
2302 2365 2481 2413 autem
2535 2359 2728 2415 mortis
2773 2375 2894 2416 esse
2940 2366 3337 2434 separationem
3378 2386 3501 2427 cor-

1909 2443 2057 2516 poris
2120 2452 2175 2500 et
2238 2443 2452 2511 animae,
2513 2447 2858 2517 quantumvis
2917 2451 3134 2521 quidam
3195 2457 3505 2532 phiIOSOplii

1917 2532 2268 2601 crediderint,
2313 2542 2435 2606 post
2483 2543 2712 2592 mortem
2744 2539 3008 2608 quasdam
3045 2541 3254 2601 animas
3299 2545 3504 2606 haerere

1917 2622 2256 2692 corporibus.

1979 2711 2090 2767 LII.
2124 2712 2299 2784 Atque
2331 2729 2545 2771 omnem
2575 2724 2827 2787 mortem,
2882 2719 2996 2776 sive
3025 2723 3370 2792 ordinariam,
3391 2725 3504 2785 sive

1910 2801 2410 2873 extraordinariam,
2454 2819 2561 2860 non
2592 2821 2657 2862 ex
2687 2816 2879 2864 natura
2902 2823 3043 2878 esse,
3077 2813 3171 2868 sed
3220 2830 3285 2870 ex
3322 2815 3500 2887 culpa,

1908 2905 2011 2946 nec
2039 2891 2154 2960 ipsa
2185 2890 2432 2946 naturali.

1979 2979 2113 3034 LIII.
2147 2978 2420 3036 Excedere
2451 2997 2611 3052 porro
2643 2984 2900 3056 animam,
2935 3001 3043 3043 non
3115 2987 3369 3057 deﬁcere,
3415 2991 3505 3047 di-

1907 3067 2219 3124 labentibus
2303 3068 2556 3138 paulatim
2632 3073 2876 3144 corporis
2931 3075 3322 3146 instrumentis,
3390 3081 3504 3150 jam

197 3164 380 3218 Adam
411 3160 743 3217 immundam
775 3161 1014 3228 censeri;
1063 3169 1118 3216 et
1147 3160 1501 3232 peccatricem
1534 3168 1640 3217 tam
1682 3158 1804 3215 ani-
1845 3134 2190 3220 Celariorem
2220 3154 2431 3221 obtutu,
2463 3173 2526 3212 ac
2573 3159 2618 3212 si
2658 3160 2726 3216 de
2756 3176 2948 3218 somno
2997 3176 3366 3239 emergentem
3390 3134 3504 3226 ’ἰη-

197 3268 374 3323 mam,
397 3267 556 3324 quam
585 3266 798 3306 carnem
825 3247 950 3305 dici.

271 3340 424 3396 XLI.
477 3340 655 3411 Atque
695 3339 852 3408 adeo,
883 3337 1090 3394 malum
1139 3337 1333 3393 animae
1368 3353 1478 3393 non
1519 3337 1693 3393 solum
1740 3353 1804 3393 ex

196 3432 446 3488 obventu
494 3427 716 3500 spiritus
745 3444 973 3501 nequam
1005 3428 1323 3500 superstrui,
1364 3427 1461 3481 sed
1509 3434 1561 3482 et
1589 3441 1652 3481 ex
1702 3426 1808 3483 ori-

193 3521 361 3592 gine;
388 3533 504 3590 quo
533 3517 848 3574 obfuscatur
887 3517 1088 3575 bonum
1125 3518 1244 3588 ejus
1286 3515 1454 3587 prius,
1501 3516 1677 3572 donec
1720 3531 1804 3571 re-

189 3610 469 3664 formetur
529 3622 626 3678 per
677 3605 967 3662 secundam
997 3607 1114 3674 ejus
1142 3602 1472 3660 nativitatem
1506 3619 1571 3660 ex
1601 3619 1738 3676 aqua
1752 3609 1808 3658 et

187 3713 440 3769 superna
468 3695 705 3768 Spiritus
733 3695 904 3751 sancti
933 3693 1132 3752 virtute
1159 3711 1172 3748 :
1205 3709 1234 3748 a
1263 3707 1372 3766 quo
1414 3691 1486 3748 ibi
1517 3691 1802 3763 excipitur,

184 3787 358 3844 sicuti
403 3802 436 3842 a
466 3784 694 3856 profano
719 3783 911 3856 spiritu
940 3783 993 3838 in
1024 3782 1281 3856 pristina.

261 3876 446 3932 XLII.
499 3873 701 3947 Atquin
747 3873 937 3930 mortis
981 3887 1198 3944 quoque
1244 3877 1526 3929 tractatum
1582 3870 1649 3926 ad
1708 3885 1808 3926 nos

182 3965 482 4036 pertinere
509 3965 689 4033 (secus
711 3979 872 4036 quam
906 3963 1179 4034 Epicurus
1212 3961 1396 4034 sentit)
1417 3961 1471 4016 in
1504 3977 1611 4032 qua
1633 3961 1810 4016 anima

182 4061 572 4110 consummat.

262 4141 481 4197 XLIII.
518 4140 746 4196 Proinde
775 4137 934 4195 etiam
975 4153 1223 4194 somnum
1268 4135 1457 4193 mortis
1495 4138 1802 4208 speculum;

179 4246 382 4302 quem
412 4243 523 4282 non
538 4227 1024 4300 supernaturalem,
1055 4227 1151 4283 sed
1185 4225 1485 4282 naturalem
1515 4241 1656 4297 esse,
1699 4232 1812 4279 tum

181 4319 332 4373 aliis
368 4316 682 4385 rationibus,
712 4327 826 4374 tum
857 4315 1146 4388 Scripturis
1173 4315 1337 4372 sacris
1355 4314 1564 4385 probat.

267 4405 483 4462 XLIV.
514 4406 648 4463 Nam
676 4405 821 4478 quod
850 4405 918 4460 de
948 4405 1282 4462 Hermotimo
1321 4404 1579 4469 scribunt,
1642 4403 1816 4457 anima

1908 3253 2078 3300 stante
2106 3252 2311 3315 morte;
2361 3251 2570 3316 utpote,
2605 3263 2726 3318 quae
2775 3257 2886 3306 tum
2928 3252 3161 3309 exsultat
3200 3264 3293 3312 aut
3338 3259 3506 3328 trepi-

1908 3334 2018 3403 dat,
2041 3341 2200 3404 prout
2236 3342 2542 3406 paraturam
2564 3334 2860 3393 deversorii
2889 3339 2974 3395 sui
3005 3343 3185 3411 sentit,
3216 3343 3285 3401 de
3340 3345 3513 3417 ipsius

1911 3420 2091 3494 angeli
2113 3420 2246 3476 facie
2269 3422 2577 3478 evocatoris
2599 3422 2921 3482 animarum.

1983 3509 2118 3566 LIV.
2141 3509 2259 3580 Quo
2288 3516 2470 3566 autem
2497 3511 2831 3570 deducantur
2884 3515 3099 3584 animae,
3164 3519 3343 3575 varias
3390 3536 3514 3577 esse

1915 3598 2369 3671 philosophorum
2439 3601 2758 3668 sententias;
2804 3603 2944 3661 inter
2989 3621 3127 3678 quos
3173 3607 3339 3665 Stoici
3389 3627 3518 3682 pru-

1911 3690 2137 3745 dentum
2165 3687 2368 3744 animas
2395 3688 2450 3744 in
2498 3689 2746 3762 supernis
2783 3695 3154 3752 mansionibus
3203 3697 3514 3766 collocant,

1913 3778 2148 3850 reliquas
2174 3779 2317 3849 apud
2363 3777 2598 3846 inferos;
2649 3796 2785 3852 quos
2823 3783 3030 3840 inferos
3075 3785 3363 3842 Christiani
3408 3802 3520 3844 non

1912 3868 1965 3924 in
1993 3867 2204 3939 gremio
2227 3874 2406 3939 terrae,
2438 3877 2498 3926 ut
2525 3869 2697 3942 Plato,
2741 3871 2840 3927 sed
2876 3872 2932 3928 in
2962 3873 3171 3932 intimis
3219 3875 3523 3934 visceribus

1914 3957 2198 4013 collocant.

1989 4045 2097 4102 LV.
2131 4045 2298 4102 Suam
2345 4061 2473 4103 vero
2507 4061 2626 4102 eam
2672 4062 2793 4103 esse
2839 4052 3160 4108 sententiam
3192 4053 3335 4126 (quae
3382 4055 3522 4114 inte-

1921 4135 2022 4191 rim
2069 4134 2138 4188 ab
2194 4134 2433 4191 Ecclesia
2495 4150 2604 4191 non
2660 4138 2963 4209 probatur)
3009 4142 3156 4211 quod
3224 4142 3278 4198 in
3344 4143 3519 4200 sinum

1921 4222 2157 4278 Abrahae
2199 4238 2294 4277 seu
2326 4221 2634 4293 paradisum
2680 4224 2770 4293 (de
2819 4240 2929 4295 quo
2990 4227 3186 4284 librum
3249 4230 3517 4302 ediderit)

1924 4318 2220 4382 martyrum
2265 4310 2396 4366 solae
2443 4309 2638 4365 animae
2686 4313 3076 4387 commigrent,
3123 4317 3346 4389 reliquie
3387 4335 3520 4377 vero

1926 4400 1993 4455 ad
2036 4397 2258 4454 inferos.

197 4493 375 4551 illum
409 4495 471 4549 in
519 4461 712 4551 somno
740 4493 1000 4564 caruisse,
1053 4491 1103 4547 id
1144 4493 1522 4557 subornatum;
1567 4493 1642 4548 uti
1671 4507 1815 4547 som-
1852 4461 1903 4543 II
1994 4487 2131 4544 LVI.
2189 4485 2354 4557 Atqui
2397 4501 2565 4543 vanas
2624 4500 2718 4542 eas
2797 4503 2921 4543 esse
2973 4489 3277 4560 opiniones,
3329 4494 3524 4565 quibus

191 4600 326 4654 nus,
365 4601 482 4640 non
513 4586 681 4640 otium
705 4583 919 4648 animae,
943 4582 1037 4639 sed
1069 4581 1302 4639 secessio
1330 4581 1659 4639 crederetur.

265 4674 455 4729 XLV.
495 4674 572 4729 De
604 4673 830 4730 somniis
859 4687 1097 4744 quoque,
1128 4679 1179 4728 et
1210 4670 1578 4728 accidentibus
1605 4669 1816 4734 somni,

193 4773 489 4836 quatenus
530 4763 596 4816 ab
659 4762 856 4818 exstasi
907 4760 1204 4827 differunt,
1255 4761 1576 4830 dicendum;
1628 4759 1822 4832 quibus

195 4853 569 4925 signiﬁcatur
589 4851 769 4907 anima
802 4859 1067 4922 perpetuo
1099 4850 1404 4925 negotiosa,
1434 4849 1577 4923 quod
1610 4850 1825 4905 immor-

196 4944 441 5000 talitatis
461 4950 545 4997 est
565 4942 734 5012 ratio;
784 4943 838 4996 in
886 4940 1083 5012 quibus
1129 4940 1343 4995 interim
1383 4955 1491 4996 non
1537 4941 1710 5011 magis
1755 4939 1825 4993 ob

195 5034 382 5103 stupri
455 5031 725 5086 visionem
792 5030 1193 5095 damnabimur,
1245 5045 1404 5102 quam
1469 5029 1539 5085 ob
1588 5027 1827 5100 martyrii

197 5120 634 5176 coronabimur.

275 5211 488 5266 XLVI.
533 5211 725 5283 Neque
771 5209 916 5265 enim
953 5223 1088 5266 vana
1133 5223 1255 5264 esse
1305 5206 1360 5260 in
1406 5212 1570 5262 totum
1621 5203 1831 5259 somnia

194 5301 338 5366 (uti
373 5301 652 5370 judicabat
701 5299 1015 5371 Epicurus)
1055 5297 1239 5354 multis
1268 5295 1531 5367 exemplis
1579 5294 1826 5365 probari;

201 5397 257 5443 et
307 5389 508 5445 varios
535 5405 658 5446 esse
705 5395 1170 5454 commentatores,
1206 5402 1268 5442 ac
1305 5385 1357 5440 in
1381 5388 1520 5442 hanc
1545 5400 1660 5440 rem
1689 5383 1834 5438 aftir-

204 5486 489 5534 matores.

277 5567 528 5625 XLVII.
577 5567 939 5625 Christianam
976 5581 1103 5624 vero
1132 5581 1251 5622 eam
1295 5579 1415 5620 esse
1452 5561 1774 5619 sententiam
1817 5578 1830 5618 :

1927 4574 2205 4648 putabant,
2263 4576 2526 4647 tantisper
2555 4575 2612 4631 in
2654 4575 2810 4631 terris
2838 4575 3041 4632 animas
3069 4577 3320 4652 detineri,
3351 4583 3526 4640 donec

1922 4671 2072 4740 justa
2102 4664 2470 4738 perceperint;
2500 4673 2591 4720 aut
2641 4664 2923 4720 immatura
2969 4676 3141 4723 morte
3197 4681 3522 4740 praeventas,

1929 4753 2088 4809 isthic
2142 4754 2360 4825 vagari,
2412 4753 2586 4809 donec
2639 4753 2922 4825 reliquatio
2967 4756 3302 4828 compleatur
3330 4760 3522 4815 aetatis.

2000 4843 2162 4899 LVII.
2196 4843 2390 4914 Neque
2418 4857 2546 4897 vero
2595 4841 2664 4896 ab
2685 4841 2874 4898 inferis
2919 4843 3126 4901 animas
3189 4863 3255 4903 ex
3305 4847 3528 4919 imperio

1932 4934 2239 4989 daemonum
2281 4947 2379 5004 per
2411 4931 2677 5003 magicam
2723 4929 2908 5000 (cujus
2954 4935 3162 5004 species
3191 4935 3396 5008 aliquot
3431 4955 3526 4996 re-

1931 5022 2139 5090 censet)
2170 5027 2264 5076 aut
2291 5035 2357 5075 ex
2411 5019 2634 5075 arbitrio
2679 5020 2784 5075 huc
2832 5021 3030 5078 redire.

2005 5108 2190 5163 LVIII.
2224 5107 2385 5178 Atqui
2415 5107 2542 5174 illic,
2568 5107 2786 5163 interim
2809 5108 2937 5164 dum
2978 5124 3174 5183 corpus
3203 5126 3529 5187 exspectant,

1935 5197 2140 5253 animas
2181 5195 2544 5252 innocentium
2594 5195 2866 5267 gaudere,
2920 5205 2974 5254 et
3017 5209 3305 5258 nocentum
3352 5205 3537 5262 dolere

1937 5302 1999 5342 ac
2028 5285 2235 5355 puniri;
2268 5287 2353 5340 vel
2393 5286 2463 5340 ob
2492 5285 2766 5356 cegitatus
2799 5286 2980 5357 solos,
3031 5305 3169 5360 quos
3199 5307 3430 5348 censura
3455 5293 3537 5348 di-

1937 5375 2061 5432 vina
2100 5373 2468 5446 persequitur;
2507 5376 2740 5430 maxime
2769 5417 2782 5440 ,
2823 5392 2945 5432 cum
2994 5378 3153 5434 etiam
3192 5381 3404 5436 modica
3437 5381 3536 5435 de-

1940 5469 2065 5524 licta
2096 5469 2163 5524 ad
2200 5468 2550 5527 novissimum
2591 5485 2758 5542 usque
2789 5471 3140 5542 quadrantem
3191 5473 3297 5528 illic
3345 5475 3541 5530 luenda

1945 5575 2010 5616 ex
2045 5557 2339 5632 Evangelio
2372 5557 2719 5631 intelligatur.
