3972 6190
1226 340 1664 404 TERTULLIANI
1700 341 1965 402 OPERUM
2002 341 2171 402 PARS

987 466 1214 562 CArUT
1254 466 1516 522 PRIMUM
1539 469 1640 562 ωἶ
1911 558 1921 562 _
2130 485 2176 562 Α

581 563 662 616 De
682 558 796 614 solo
827 570 992 611 censu
1022 554 1214 607 animae
1244 569 1572 626 congressus
1598 557 1946 629 ilermOgeni,
1970 572 2104 628 qua-

510 659 668 706 tenus
697 654 752 702 et
777 645 938 699 istum
969 657 1041 697 ex
1087 643 1330 698 materia
1379 646 1558 713 potius
1603 656 1888 718 suggestu,
1937 662 2097 719 quam

507 755 574 794 ex
603 735 705 791 Dei
742 734 869 787 ﬂatu
923 730 1227 786 constitisse
1277 732 1641 801 praesumpsit,
1687 750 1830 790 nunc
1861 736 1928 789 ad
1972 734 2100 788 reli-

509 841 642 897 quas
671 819 961 879 conversus
1011 819 1358 888 quastiones,
1393 820 1684 892 plurimum
1712 822 1934 879 videbor
1973 839 2095 878 cum

506 911 845 986 phiIOSOpbis
875 908 1241 964 dimicaturus.
1295 909 1469 963 Etiam
1513 910 1565 964 in
1606 926 1820 967 carcere
1865 911 2098 968 Socratis

508 1003 576 1056 de
613 998 805 1054 anima
835 1003 974 1051 statu
1011 996 1283 1050 velitatum
1339 1007 1422 1052 est
1468 997 1569 1068 (2).
1609 998 1800 1054 Nescio
1837 1001 1950 1069 jam
1996 1001 2099 1055 hoc

508 1087 760 1160 primum,
809 1100 878 1138 an
921 1092 1226 1154 Opportuno
1255 1083 1311 1137 in
1359 1090 1622 1155 tempore,
1655 1084 1896 1157 magistri
1921 1088 1962 1154 ι,
1994 1088 2099 1142 etsi

509 1173 641 1228 nihil
671 1173 738 1228 de
783 1172 904 1226 loco
955 1171 1194 1224 interest.
1245 1169 1389 1237 Quid
1438 1173 1580 1226 enim
1630 1173 1836 1244 liquido
1883 1183 2100 1245 saperet

505 1261 675 1320 617
708 1261 884 1315 anima
918 1267 1042 1314 tunc
1094 1259 1332 1315 Socratis
1383 1260 1478 1331 (3),
1509 1264 1617 1331 jam
1673 1277 1829 1319 sacro
1885 1263 2098 1335 navigio

509 1365 772 1423 regresso,
804 1351 912 1418 jam
945 1347 1135 1403 cicutis
1167 1347 1523 1402 damnationis
1548 1350 1940 1420 exhaustis(4),
1987 1353 2098 1421 jam

507 1451 680 1495 morte
713 1445 998 1508 prasente,
1023 1435 1208 1507 utique
1238 1445 1583 1493 consternata
1612 1439 1679 1492 ad
1707 1439 1938 1509 aliquem
1976 1455 2098 1494 mo-

506 1537 618 1582 tum
648 1525 946 1582 secundum
990 1535 1251 1589 naturam,
1295 1533 1385 1578 aut
1431 1533 1729 1590 externata,
1773 1527 1816 1580 si
1856 1543 1964 1583 non
2015 1544 2102 1584 εθ-

506 1618 744 1673 cundum
792 1625 1055 1669 naturam.
1115 1611 1372 1680 Quamvis
1427 1615 1569 1670 enim
1665 1615 1872 1686 placida
1928 1625 2094 1689 atque

505 1703 807 1776 tranquilla,
842 1719 1002 1772 quam
1029 1716 1127 1756 nec
1172 1702 1424 1772 conjugis
1460 1701 1618 1758 ﬂetus
1667 1705 1848 1758 statim
1894 1705 2089 1776 vidua,

505 1811 604 1850 nec
632 1795 925 1848 liberorum
955 1801 1280 1859 conspectus
1329 1790 1524 1846 exinde
1576 1793 1922 1864 pupillorum,
1973 1797 2097 1868 lege

505 1882 724 1954 pietatis
754 1880 1052 1944 inﬂuxerat,
1082 1877 1168 1933 vel
1199 1877 1254 1932 in
1283 1880 1384 1934 hoc
1415 1887 1587 1936 tamen
1633 1892 1800 1951 mota,
1849 1899 1916 1938 ne
1965 1899 2095 1939 mo-

503 1986 736 2042 Veretur,
767 1976 883 2044 ipsa
913 1975 1215 2029 constantia
1255 1991 1515 2032 concussa
1557 1989 1639 2033 est
1692 1979 1951 2034 adversus
2005 1980 2094 2035 in-

505 2066 817 2124 constantia
845 2063 1276 2120 concessionem.
1305 2063 1448 2133 Quid
1477 2075 1654 2121 autem
1700 2068 1844 2123 aliud
1885 2077 2096 2140 saperet

503 2158 588 2214 vir
617 2155 838 2227 quilibet
873 2152 1067 2222 injuria
1123 2153 1428 2222 damnatus,
1479 2164 1677 2226 prater
1707 2156 1917 2227 injuria
1955 2157 2094 2214 sola-

501 2261 648 2312 men,
707 2243 900 2297 nedum
954 2240 1334 2313 philos0phus,
1384 2243 1568 2315 gloria
1608 2245 1824 2314 animai,
1871 2246 1960 2301 cui
1998 2262 2098 2303 nec

501 2331 832 2390 consolanda
861 2328 1075 2398 injuria,
1106 2330 1199 2386 sed
1233 2331 1411 2401 potius
1450 2331 1794 2387 insultanda?
1821 2333 2090 2404 Denique,

502 2432 624 2494 post
659 2421 995 2492 sententiam,
1043 2419 1216 2477 obvia
1256 2417 1478 2490 conjugi
1525 2428 1577 2473 et
1620 2421 1958 2477 muliebriter
2002 2422 2092 2476 in-

501 2511 784 2568 clamanti:
835 2511 1038 2579 Injustc
1091 2508 1372 2562 damnatus
1427 2523 1506 2578 es,
1563 2509 1844 2580 Socrates;
1886 2510 1998 2578 jam
2044 2519 2096 2564 et

505 2600 574 2656 de
602 2599 953 2674 gratulatione
980 2595 1330 2666 responderat
1359 2612 1372 2649 :
1414 2595 1649 2651 Volebas
1693 2608 1873 2654 autem
1915 2600 2093 2667 juste?

513 342 633 410 687

2208 341 2274 401 Π.
2311 372 2384 386 -
2417 340 2642 402 seruas
2673 342 2717 413 1,
2756 334 3101 400 POLBMICA.
3677 323 3761 383 688

2208 468 2352 524 Nihil
2406 469 2747 533 mirandum,
2807 465 2852 520 si
2909 471 2962 519 et
3027 462 3080 515 in
3133 470 3346 514 carcere
3399 450 3716 507 lemniscatas
3745 449 3764 486 ²

2205 557 2367 628 Anyti
2429 564 2482 612 et
2529 556 2695 612 Meliti
2749 554 2952 624 palmas
3010 546 3247 621 gestiens
3305 539 3618 628 infringere,
3672 536 3768 606 ipsa

2208 627 2380 701 morte
2408 660 2612 716 coram,
2648 641 3099 701 immortalitatem
3135 633 3368 694 vindicat
3405 630 3430 668 3
3474 627 3662 683 animae
3694 641 3772 681 ne-

2205 734 2440 790 cessaria
2495 733 2918 805 praesumptione
2973 729 3040 784 ad
3095 723 3304 795 injuria
3376 717 3774 805 frustrationem.

2205 821 2356 878 Adeo
2387 801 2564 877 omnis
2600 821 2690 875 illa
2721 801 2848 875 tunc
2886 815 3146 887 sapientia
3192 806 3428 866 Socratis
3474 804 3554 875 (5)
3598 803 3661 858 de
3708 801 3780 856 in-

2204 909 2408 964 dustria
2433 915 2652 964 venerat
2697 906 2956 963 consulta
2985 895 3417 974 aquanimitatis,
3447 907 3558 948 non
3615 891 3678 946 de
3720 891 3784 944 in-

2205 998 2400 1055 ﬁducia
2427 1005 2717 1069 compertae
2756 995 3020 1052 veritatis.
3073 990 3172 1045 Cui
3217 987 3360 1042 enim
3411 983 3610 1039 veritas
3645 995 3787 1069 come

2205 1098 2352 1160 perta
2381 1090 2496 1144 sine
2526 1067 2681 1145 Deo?
2711 1087 2796 1142 cui
2821 1087 2966 1140 Deus
2993 1078 3240 1152 cognitus
3269 1075 3388 1130 sine
3417 1067 3666 1160 Christo?
3711 1067 3791 1160 cui

2207 1156 2446 1234 Christus
2483 1177 2797 1250 exploratus
2835 1173 2952 1229 sine
2999 1169 3199 1242 Spiritu
3256 1162 3484 1218 sancto?
3531 1156 3795 1250 cuiSpiri:

2207 1275 2293 1322 tus
2340 1245 2570 1322 sanctus
2606 1262 3044 1321 accommodatus
3089 1258 3205 1312 sine
3250 1251 3379 1308 ﬁdei
3427 1245 3798 1305 sacramento?

2209 1356 2351 1410 Sane
2380 1355 2634 1411 Socrates
2672 1352 2880 1409 facilius
2931 1349 3146 1406 diverso
3178 1343 3371 1416 spiritu
3408 1340 3688 1411 agebatur.
3719 1335 3798 1390 Si-

2206 1445 2427 1515 quidem
2475 1444 2627 1499 aiunt
2679 1441 3009 1497 daemonium
3059 1435 3133 1490 illi
3191 1449 3223 1487 a
3281 1444 3450 1503 puero
3495 1423 3799 1483 adhaesisse,

2205 1535 2500 1604 pessimum
2530 1549 2716 1589 revera
2737 1531 3116 1603 padagogum,
3146 1523 3246 1579 etsi
3280 1528 3400 1592 post
3437 1518 3572 1574 deos
3604 1522 3666 1604 et
3691 1529 3801 1570 cum

2205 1603 2324 1678 deis
2359 1623 2626 1679 damonia
2666 1622 2990 1692 deputantur
3039 1629 3201 1687 penes
3238 1617 3426 1682 poetas
3475 1614 3528 1662 et
3561 1603 3804 1678 philoso-

2203 1713 2358 1783 phos.
2415 1711 2666 1766 Nondum
2742 1709 2887 1764 enim
2946 1703 3263 1761 Christiana
3317 1696 3608 1783 potestatis
3642 1694 3812 1783 docu-

2203 1780 2381 1856 menta
2432 1805 2820 1869 processerant,
2881 1811 3002 1867 quae
3052 1793 3163 1847 vim
3217 1791 3374 1844 istam
3419 1780 3814 1856 perniciosissi-

2205 1906 2347 1943 mam
2403 1890 2503 1959 (6),
2552 1905 2652 1943 nec
2699 1901 2938 1959 unquam
2993 1884 3211 1948 bonam,
3275 1875 3487 1946 antiqui
3537 1869 3751 1927 erroris
3791 1871 3808 1905 δ

2208 1979 2490 2045 artiﬁcem,
2531 1976 2710 2030 omnis
2757 1973 2996 2030 veritatis
3043 1967 3404 2028 avocatricem
3445 1962 3566 2018 sola
3632 1959 3814 2016 tradu-

2205 2067 2278 2121 cit
2306 2067 2404 2137 (7).
2447 2066 2607 2136 Quod
2655 2063 2703 2120 si
2760 2063 2961 2119 idcirco
3014 2056 3188 2116 6:18
3243 2052 3696 2137 sapientissimus
3716 2048 3815 2103 So-

2204 2136 2378 2211 crates
2407 2153 2708 2211 secundum
2736 2151 2909 2224 Pythii
2933 2164 3148 2223 quoque
3167 2143 3430 2202 daemonis
3469 2136 3815 2210 suffragium,

2202 2243 2406 2299 scilicet
2433 2242 2712 2314 negotium
2742 2240 2985 2298 navantis
3012 2237 3161 2292 socio
3191 2248 3314 2302 suo,
3342 2239 3545 2303 quanto
3595 2225 3820 2298 dignior

2201 2340 2359 2403 atque
2435 2329 2767 2386 constantior
2819 2326 3122 2384 christiana
3205 2319 3488 2392 sapientia
3561 2314 3822 2374 assertio.

2201 2421 2358 2489 cujus
2407 2418 2626 2475 adﬂatui
2659 2426 2770 2474 tota
2823 2417 2904 2474 vis
2954 2415 3263 2471 daemonum
3313 2408 3494 2466 cedit?
3547 2406 3681 2460 Hac
3732 2417 3829 2458 sa-

2205 2509 2403 2579 pientia
2439 2508 2508 2563 de
2537 2507 2720 2564 schola
2756 2505 2882 2562 coeli
2929 2504 3063 2559 deos
3109 2501 3325 2573 quidem
3375 2495 3563 2551 saculi
3618 2508 3830 2566 negare

2203 2598 2443 2663 liberior,
2475 2612 2594 2670 qua
2633 2595 2841 2651 nullum
2887 2591 3195 2661 [Esculapio
3250 2585 3607 2661 gallinaceum
3670 2581 3830 2637 reddi

1880 2697 2070 2758 Varia
2115 2699 2426 2759 lectiones.

581 2797 599 2834 ι
630 2795 689 2850 In
727 2804 990 2864 tempore,
1024 2791 1265 2866 Magistri
1303 2793 1538 2866 disting.
1599 2794 1776 2866 Rig._2
1806 2792 2105 2866 Indiseatas
2163 2797 2295 2851 Par.
2331 2802 2381 2848 et
2412 2792 2761 2866 lemniscatas
2783 2792 2914 2866 _La_t.
2951 2787 3294 2866 miniclat_as,_
3317 2778 3834 2866 yel,.nnmi(:‘u'ln‘tas

508 2869 638 2924 Jun.
670 2867 693 2904 3
724 2851 1016 2922 Vindicans
1045 2851 1177 2936 Ρᾷἱο.
1211 2851 1585 2936 immortalem
1606 2851 1887 2920 vindicans
1903 2865 2135 2920 animam
2167 2867 2274 2921 alii
2305 2866 2430 2920 Lat.
2464 2865 2714 2936 reposuit
2745 2862 3004 2920 vindicat.
3024 2861 3047 2898 εδ
3079 2857 3297 2929 Antiqui
3318 2852 3549 2910 hominis
3580 2851 3834 2907 additur

507 2941 638 2994 Par.
670 2938 865 2994 bonam
913 2934 1116 2990 homini
1170 2933 1377 3003 antiqui
1416 2935 1640 3002 erroris,
1693 2945 1797 2991 etc.
1840 2939 1975 2992 Jun.

2172 3020 2268 3069 nta
2289 3011 2318 3046 ν’
2408 3057 2420 3070 .

576 3085 781 3180 (.ll)uliic
809 3085 945 3180 liber
1011 3087 1064 3140 in
1111 3085 1399 3180 exemplari
1457 3010 2190 3180 egohardimpassigiii:
2222 3027 3003 3180 mlolriiss‘sjententiamdixere.
3039 3082 3162 3180 Itin:

506 3157 780 3222 scribitur,
815 3159 889 3214 De
907 3171 1079 3213 censu
1106 3158 1356 3222 Anima;
1392 3159 1488 3211 sed
1528 3157 1687 3227 falso.
1739 3161 1895 3227 Nam,
1948 3167 2006 3214 ut
2046 3177 2110 3215 ex

507 3227 660 3285 istius
687 3229 866 3298 operis
892 3227 1154 3297 principio
1206 3235 1350 3297 patet
1384 3269 1397 3292 ,
1432 3227 1477 3280 is
1523 3226 1624 3280 fuit
1661 3229 1847 3284 titulus
1883 3226 2112 3284 alterius

506 3300 627 3354 libri
659 3316 817 3372 quem
840 3299 1094 3354 adversus
1138 3299 1541 3372 Hermogenem
1582 3298 1895 3372 Septimius!
1933 3310 2120 3372 noster

503 3367 898 3441 composuerat,
934 3379 994 3426 ut
1036 3367 1370 3424 ostenderet’
1402 3367 1531 3441 quid
1573 3370 1781 3422 censeri
1813 3370 1990 3424 anima
2019 3371 2115 3425 de-

503 3440 674 3498 beret.
716 3443 924 3497 Etenim
954 3447 1210 3498 constare
1240 3456 1311 3498 ea:
1339 3441 1436 3494 Dei
1481 3440 1647 3508 ﬂatu,
1695 3457 1828 3507 non,
1867 3450 1929 3496 ut
1991 3441 2119 3496 Her-

499 3529 785 3593 ωοξεθηςε
823 3513 1060 3593 ἀίοβῖξδιε
1072 3529 1159 3590 ,ϐας
1183 3511 1436 3593 materiae
1455 3515 1738 3593 suggestu,
1781 3513 1883 3566 hoc
1905 3519 2118 3593 tantum

504 3599 570 3641 co
605 3581 806 3653 libello,
837 3582 930 3653 qui
960 3582 1120 3638 hodie
1169 3582 1525 3653 desideratur,
1578 3581 1836 3639 adversus
1905 3584 2116 3638 hareti-

503 3670 626 3710 cum
673 3652 1055 3721 disputaverat.
1106 3653 1262 3708 Nunc
1309 3654 1378 3707 de
1444 3652 1636 3706 anima
1693 3660 1855 3723 statu,
1943 3669 2004 3710 ac
2050 3654 2117 3709 de

504 3725 894 3794 quastionibus
954 3723 1176 3792 reliquis
1237 3723 1303 3777 ad
1353 3737 1470 3776 eam
1531 3723 1937 3791 pertinentibus,
2007 3725 2117 3794 agit

506 3795 762 3848 adversus
830 3793 1205 3864 philosophos.
1276 3795 1462 3863 Itaque
1521 3795 1946 3862 receptissimum
2004 3793 2118 3864 jam

501 3864 734 3933 vulgatis
797 3862 1128 3920 editionibus
1184 3862 1396 3918 titulum
1457 3866 1767 3934 generalem
1803 3868 1878 3922 De
1910 3862 2116 3922 Ani-ma.

496 3934 834 3990 retinuimus.
858 3935 983 3989 Rte.

571 4006 652 4075 (2)
681 4005 874 4080 Nescio
897 4007 1029 4080 jam
1044 4007 1143 4080 (1700
1163 4007 1416 4080 primum
1435 4023 1512 4080 ann
1538 4013 1848 4080 opportuno
1878 4009 1939 4063 in
1976 4011 2117 4080 tem-

501 4091 653 4149 pore,
689 4076 973 4149 magistri.
1000 4076 1310 4148 Alloquitur
1341 4076 1644 4149 magistros,
1680 4081 1781 4135 hoc
1832 4088 1915 4135 est
1939 4079 2115 4149 philo-

501 4147 735 4218 sophos:
765 4147 984 4221 Nescio,
1017 4147 1214 4220 inquit,
1242 4149 1355 4221 jam
1394 4148 1496 4203 hoc
1542 4150 1793 4220 primum,
1837 4147 2113 4221 magistri,

501 4233 571 4291 an
599 4225 906 4291 opportuno
937 4219 994 4291 in
1026 4219 1272 4291 tempore
1323 4219 1388 4273 de
1429 4219 1620 4275 anima
1660 4230 1799 4276 statu
1847 4219 2118 4276 velitatum

499 4288 570 4344 sit
596 4288 652 4344 in
693 4304 907 4345 carcere
966 4288 1233 4356 Socraiis;
1291 4291 1389 4345 etsi
1455 4291 1588 4345 nihil
1670 4293 1735 4347 de
1791 4292 1909 4348 loco
1973 4295 2117 4348 inte-

499 4366 628 4428 rest,
656 4367 781 4437 _etc.
831 4362 957 4437 Hac
1019 4361 1519 4437 igitunscribenda
1593 4379 1657 4418 ac
1739 4362 2116 4437 distinguenda

498 4439 626 4484 sunt
656 4431 758 4485 hoc
794 4433 1001 4487 modo:
1042 4431 1077 4483 ἰι
1138 4433 1310 4487 Etiam
1358 4432 1415 4484 in
1470 4447 1687 4490 carcere
1754 4431 1988 4490 Socra'tis
2051 4435 2116 4489 de

497 4501 691 4555 anima
724 4509 865 4557 statu
895 4503 1167 4575 velitatum
1201 4513 1303 4558 est.
1334 4503 1526 4559 Nescio
1570 4507 1684 4574 jam
1731 4505 1834 4561 hoc
1881 4505 2117 4575 primum
2150 4492 2194 4569 Β

495 4588 565 4653 an
615 4581 923 4653 Opportune
970 4573 1026 4653 i_n
1076 4584 1342 4645 tempore,
1403 4573 1663 4650 magistri,
1709 4576 1808 4631 etsi
1877 4573 2006 4631 nihil
2053 4578 2118 4633 de

493 4641 613 4698 loco
642 4641 882 4699 interest.
918 4667 940 4694 ι
982 4646 1104 4701 Βία.

566 4716 644 4784 (3)
676 4718 882 4771 Anima
943 4722 1081 4772 tunc
1144 4718 1410 4774 Socratis.
1490 4717 1724 4772 Platonis
1796 4717 2132 4775 Phaedonem

492 4787 828 4860 subindicat;
873 4788 926 4840 in
970 4804 1075 4858 quo
1107 4798 1411 4844 recensetur
1455 4788 1767 4858 disputatio,
1802 4807 1961 4860 quam
2011 4807 2128 4844 mo-

495 4857 715 4926 riturus,
777 4857 1209 4922 hausta’cicuta,
1257 4860 1446 4913 habuit
1516 4857 1758 4918 Socrates
1820 4857 1892 4916 de
1937 4864 2128 4917 anima

494 4927 770 4983 rationalis
798 4928 1214 4984 immortalitate.
1244 4930 1322 4984 LE
1355 4931 1449 4985 Pa.

549 4999 644 5077 .(x’i)
675 5000 800 5077 Jan:
830 5002 1031 5077 cicutis
1050 5002 1435 5077 damnatioms
1469 5003 1781 5077 exhaustis.
1840 5004 1958 5059 Non
1989 5001 2120 5077 sim-

489 5068 935 5143 pliciter__cicutas
962 5072 1110 5137 dicit,
1172 5089 1291 5143 qua
1330 5089 1438 5128 non
1484 5073 1680 5130 intrita
1745 5076 1957 5130 Socrati
1999 5075 2110 5129 nisi

487 5140 592 5193 sub
624 5140 755 5213 solis
791 5157 1042 5198 occasum
1079 5140 1256 5213 fuere,
1303 5145 1396 5199 sed
1471 5147 1673 5201 cicutas
1737 5145 2114 5212 damnationis,

488 5210 738 5291 quasilli
773 5214 877 5291 sub
903 5215 1046 5291 solis
1065 5210 1250 5291 ortum
1298 5218 1677 5291 nuntiaverant
1708 5210 2107 5291 “Undecimviri.

486 5281 756 5338 Admissis
795 5286 940 5339 enim
967 5287 1194 5342 subinde
1236 5288 1439 5351 amicis,
1478 5289 1670 5343 nobilis
1705 5287 1796 5343 ille
1826 5288 1892 5342 de
1934 5288 2111 5342 anima

485 5368 668 5430 sermo
715 5357 938 5430 _ha_beri
1003 5366 1259 5430 caperat.
1307 5358 1666 5430 Jamhcicutis
1749 5358 2109 5430 damnationis

483 5425 780 5493 exhaustis,
825 5427 929 5484 hoc
973 5425 1104 5494 est,
1150 5430 1260 5498 jam
1357 5428 1537 5483 audita
1584 5428 1939 5484 damnationis
1993 5444 2104 5483 sua

481 5498 768 5569 sententia,
815 5500 970 5569 quasi
1017 5501 1084 5554 ab
1121 5515 1185 5555 eo
1215 5499 1476 5569 temporis
1549 5508 1818 5555 momento
1874 5509 2101 5554 mortem

479 5566 725 5644 Socrates
755 5566 942 5626 bibere
976 5571 1247 5644 coepisset,
1280 5566 1398 5644 cum
1428 5571 1496 5625 ab
1577 5586 1642 5626 eo
1707 5587 1922 5644 quoque
1946 5571 2099 5640 judi-

479 5651 570 5691 ces
623 5639 788 5694 vitam
847 5639 1114 5697 custodiis
1176 5641 1444 5698 ademisse
1515 5639 1850 5700 censeantur
1887 5639 1955 5698 ex
1994 5658 2104 5714 quo

2295 3158 2372 3228 (5)
2404 3157 2547 3214 Adeo
2569 3158 2751 3214 omnis
2773 3156 2876 3228 illa
2899 3158 3039 3207 tunc
3072 3149 3373 3228 sapientia
3391 3147 3669 3228 socratis.
3697 3145 3831 3228 Puto

2221 3215 2313 3283 hic
2331 3215 2486 3282 ’r'eddi
2516 3243 2733 3282 sensum
2755 3226 3042 3296 verborum
3072 3215 3326 3296 Platonis,
3359 3216 3728 3296 infligitque
3755 3215 3828 3296 :Ei

2230 3298 2317 3371 μὲν
2347 3299 2582 3371 τυγχάνει,
2611 3296 2903 3371 ᾀληθῆμᾷντᾳ
2933 3296 2962 3346 ἃ
3005 3292 3098 3371 ἐχώ
3137 3293 3291 3371 λέγω,
3315 3283 3584 3371 uanius-391
3619 3288 3750 3371 €15:

2225 3356 2476 3425 ἔτεισοῆδᾶιῖ
2499 3391 2510 3404 ·
2544 3365 2658 3421 εἰδὲ
2692 3356 2838 3439 ξιγῖδέν
2869 3365 2971 3419 ἐστι
2998 3356 3357 3439 τέλευτήέαῆτι,
3386 3359 3496 3439 ἀὶὶλν
3528 3356 3617 3410 οὖν
3650 3359 3832 3439 ξοῦτὸν

2225 3461 2278 3510 γε
2303 3441 2386 3494 τὸν
2419 3442 2589 3512 χρόνον
2619 3429 2702 3493 τὸν)
2734 3439 2830 3509 πρὸ
2853 3429 3343 3512 τοῦΑθα-νᾴτουῖἤττον
3372 3433 3739 3512 τεξῖςὶπαξοῦσι
3776 3447 3832 3480 τι

2223 3499 2340 3580 {iam
2369 3499 2542 3582 €6ij
2581 3499 2864 3582 ὀδυρόμένοξ
2885 3530 2896 3543 ·
3058 3499 3228 3582 dirae-toi
3273 3522 3358 3582 ppt
3387 3499 3508 3566 αὐτὴ
3547 3503 3618 3582 .ςῦ
3641 3519 3828 3582 31331;:-

2223 3571 2371 3649 τελέἴ,
2413 3571 2562 3635 natbe
2598 3571 2690 3654 γὰρ
2729 3571 2784 3634 ἂν
2831 3575 2909 3654 ἧγ,
2949 3571 3068 3654 ’ἀμ’
3102 3571 3284 3647 ὂλίγον⁷
3307 3576 3502 3654 ὕστερον
3536 3571 3825 3654 ἆτξρξιεῖῖὰι.

2230 3675 2251 3702 α
2285 3655 2341 3709 Si
2359 3642 2497 3709 'vera
2527 3642 2649 3708 sunt
2670 3642 2796 3724 qua
2826 3642 2967 3724 dico,
2979 3650 3139 3724 bene
3169 3642 3252 3704 est
3278 3642 3432 3717 quod
3470 3642 3826 3724 crediderim.

2227 3725 2281 3778 Si
2304 3740 2428 3780 vero
2459 3733 2576 3794 post
2603 3721 2832 3779 mortem
2861 3721 2992 3776 nihil
3047 3726 3315 3796 superest,
3370 3724 3549 3796 tamen
3602 3721 3828 3796 tempus

2225 3796 2350 3868 illud
2380 3785 2529 3868 quod
2561 3803 2647 3868 est
2679 3803 2802 3849 ante
2832 3804 3078 3868 mortem,
3114 3785 3317 3868 minus
3343 3785 3476 3868 mihi
3523 3785 3711 3840 mOIes
3742 3785 3828 3868 uni

2225 3859 2685 3938 erit;ignorantia
2724 3873 2904 3919 autem
2954 3859 3226 3938 illa_'_mihi
3267 3859 3520 3914 diuturna
3571 3871 3694 3938 non
3744 3863 3825 3938 est

2225 3927 2449 4007 (malum
2481 3935 2684 4008 quippe
2725 3944 2868 3992 esset
2913 3932 3224 4004 quoddam),
3271 3945 3466 3985 verum
3497 3927 3668 3999 paulo
3711 3934 3826 3996 post

2221 4008 2472 4065 interibit.
2503 4030 2530 4056 ιι
2562 4008 2637 4062 LE
2667 4009 2763 4062 Pa.

2294 4081 2373 4149 (6)
2410 4082 2540 4148 Qua:
2575 4097 2690 4135 vim
2725 4079 2900 4133 istam
2939 4074 3498 4151 perniciosissimam.
3533 4069 3825 4151 Damonas

2225 4146 2656 4206 soli'Cliristiani
2685 4146 2986 4221 traducunt,
3037 4146 3279 4221 abigunt,
3312 4146 3545 4221 migrare
3592 4149 3820 4221 cogunt,

2226 4221 2505 4277 excutiunt
2561 4221 2629 4276 de
2681 4211 3014 4293 hominibus,
3071 4211 3624 4293 agi—juraudogscilicet
3690 4211 3826 4293 unde

2226 4295 2452 4349 verbum
2491 4293 2837 4358 exorcimre,
2887 4285 3046 4345 etiam
3099 4285 3238 4364 juris
3267 4285 3481 4364 _civilis.
3508 4285 3835 4364 auctoribus

2223 4364 2448 4419 ethnicis
2477 4372 2685 4420 notum.
2716 4355 2894 4418 Hocce
2929 4355 3113 4416 autem
3137 4357 3318 4414 ofﬁcio
3358 4355 3652 4410 Christiani
3707 4355 3838 4407 fun—

2225 4437 2508 4506 gebantur,
2551 4450 2658 4490 non
2699 4450 2792 4502 per
2821 4431 3035 4488 fraudes
3064 4439 3152 4485 aut
3215 4429 3566 4506 imposturas,
3600 4425 3839 4506 sedunof

2228 4495 2382 4583 ininis
2409 4495 2611 4583 _Christi
2659 4495 2942 4583 potestate,
2991 4518 3097 4583 qua
3123 4495 3395 4583 praeditus
3424 4506 3537 4583 erat
3575 4495 3833 4583 quilibet

2229 4577 2583 4643 Christianus,
2613 4566 2675 4631 ut
2697 4566 2996 4647 Septimius
3010 4566 3083 4647 in
3105 4566 3335 4647 Διῇιοὶοε.
3360 4574 3616 4647 testatur.
3654 4588 3679 4617 ι
3707 4566 3836 4647 {ns-

2230 4664 2340 4716 sus,
2372 4637 2580 4719 inquit,
2615 4663 2648 4701 a
2677 4637 3268 4719 quolibetChristiano
3282 4637 3443 4712 ioqui
3472 4637 3700 4707 spiritus
3720 4637 3834 4719 ille,

2244 4707 2349 4773 tam
2387 4707 2782 4774 sedamon'em
2811 4714 3161 4787 confitebitur
3195 4712 3264 4787 _de
3293 4707 3444 4778 vero,
3481 4725 3683 4787 _quam_
3702 4707 3836 4787 alibi

2239 4791 2413 4844 Deum
2442 4789 2508 4843 de
2532 4789 2688 4844 falso.
2722 4812 2742 4838 υ
2778 4790 2962 4859 Itaque
2993 4783 3302 4842 tralatitium
3331 4791 3386 4838 et
3407 4778 3628 4859 vulgare
3655 4778 3836 4859 fuisse

2235 4861 2402 4941 app-da
2426 4861 2758 4941 Christianos
2799 4849 3183 4941 exorcistaruin
3230 4869 3430 4910 munus
3455 4849 3650 4941 je'tian't
3705 4849 3845 4941 ξμι-

2235 4921 2348 5002 pitii
2369 4932 2546 4988 Severi
2593 4932 2816 4999 saeculo,
2847 4947 2908 4986 ex
2937 4945 3004 5002 eo
3035 4927 3312 5002 discimus,
3335 4922 3478 4995 quod
3505 4924 3574 4978 de
3587 4921 3842 5002 Martioo

2229 4993 2409 5077 refert,
2435 5019 2597 5074 quem
2612 4993 2860 5077 _ililarius
2879 5073 2887 5077 _
2905 5001 3183 5056 Pictonum
3220 4993 3529 5077 episcopus,
3582 4993 3846 5077 tentandi

2231 5062 2468 5146 hominis
2487 5073 3034 5146 gratia,rexorcistam
3065 5084 3230 5146 agere
3257 5062 3506 5146 'jusserat
3538 5083 3607 5146 ινα
3653 5062 3846 5132 Quam

2224 5139 2561 5221 _ille,_i_nquit,
2607 5144 3018 5221 ordinationem,
3071 5139 3136 5195 ne
3191 5139 3510 5221 despexisse
3567 5145 3846 5206 tanquam

2221 5209 2561 5272 humiliorem
2592 5217 2880 5284 videretur,
2905 5230 3012 5269 non
3047 5209 3351 5282 repudiavit
3384 5229 3432 5262 .»
3462 5209 3588 5264 RtG.

2291 5292 2372 5358 (7)
2398 5290 2526 5345 Sola
2559 5287 2826 5343 traducit.
2870 5285 3131 5358 Eamdem
3162 5297 3292 5339 vero
3324 5287 3644 5358 potestatem
3691 5292 3844 5332 oon-

2215 5349 2424 5414 cessam
2448 5359 2611 5414 fuisse
2639 5359 2837 5413 Judais
2868 5357 3026 5412 etiam
3051 5369 3172 5427 avo
3195 5349 3336 5427 ,δυσ
3367 5351 3554 5427 refert,
3587 5349 3848 5427 Irenaeus

2215 5430 2308 5486 lib.
2351 5445 2407 5496 ll,
2442 5447 2562 5500 cap.
2613 5433 2665 5494 6,
2709 5428 2889 5494 credo,
2924 5429 2994 5484 ob
3041 5425 3359 5501 familiarem
3401 5422 3508 5501 illis
3556 5421 3683 5501 veri
3735 5420 3839 5473 Dei

2213 5492 2460 5557 notitiam
2491 5492 2563 5556 ;’‹ι
2603 5492 2665 5556 Et
2697 5492 2911 5571 pr0pter
2960 5501 3081 5571 hoc,
3141 5495 3333 5571 inquit,
3361 5492 3574 5571 “Judaai
3653 5503 3832 5571 υξξῖυθ

2209 5589 2347 5628 nunc
2385 5572 2484 5628 hac
2523 5575 2641 5646 ipsa
2673 5561 3005 5634 invocatione
3031 5561 3299 5625 damonia
3323 5562 3592 5640 effugant,
3636 5582 3661 5613 ι
3701 5561 3835 5617 Bne.
