4016 6188
164 375 261 436 689

1505 363 1698 424 LIBER
1733 362 1822 423 DE
1855 365 2085 431 ᾹΝΙΜΑ.

3353 390 3464 452 690

156 504 351 573 jubens
378 497 1001 572 pravaricetur(8),nec
1030 511 1169 553 nova
1198 494 1441 585 inferens
1459 491 1749 585 daemonia,
1780 503 1826 581 Α
1855 503 1941 552 vat
1977 500 2077 571 (9),
2133 502 2201 559 de
2257 506 2418 580 certis
2455 505 2658 563 incerta
2712 510 3044 581 praejudicat,
3078 524 3338 585 provocat
3381 519 3453 574 ad

161 591 248 648 sed
297 599 486 647 vetera
537 588 840 660 depellens;
889 602 992 644 nec
1056 582 1472 641 adolescentiam
1529 580 1742 645 vitians,

159 679 245 736 sed
292 680 443 735 omni
497 679 642 734 bono
698 676 918 749 pudoris
992 673 1312 739 informans,
1356 672 1584 744 ideoque
1637 685 1746 727 non

154 768 310 826 unius
333 767 513 835 urbis,
547 767 647 824 sed
673 765 914 823 universi
953 764 1107 820 orbis
1157 763 1393 833 iniquam
1424 759 1745 817 sententiam

152 859 422 913 sustinens
463 872 563 929 pro
619 855 837 912 nomine
880 853 1141 917 veritatis,
1175 861 1320 908 tanto
1358 849 1563 907 scilicet
1593 864 1746 921 pero-

149 947 319 1012 sioris,
354 955 557 1017 quanto
586 944 866 1017 plenioris,
890 951 950 999 ut
975 951 1030 999 et
1058 951 1287 998 mortem
1316 956 1426 997 non
1458 940 1527 997 de
1550 939 1746 1013 poculo

151 1052 239 1106 per
266 1035 518 1091 habitum
544 1031 900 1104 jucunditatis
935 1030 1241 1098 absorbeat,
1276 1031 1370 1086 sed
1409 1029 1477 1086 de
1502 1028 1745 1101 patibulo

150 1134 199 1180 et
252 1123 655 1183 vivicomburio
715 1137 813 1193 per
877 1135 1038 1176 omne
1079 1119 1360 1195 ingenium
1415 1118 1748 1175 crudelitatis

147 1212 440 1279 exhauriat,
472 1212 678 1269 interea
704 1211 761 1266 in
816 1211 920 1266 isto
976 1208 1342 1266 tenebrosiore
1386 1223 1598 1275 carcere
1642 1225 1746 1266 sae-

151 1302 251 1358 culi
277 1301 424 1358 inter
442 1316 576 1357 suos
611 1301 836 1358 Cebetas
862 1307 915 1355 et
960 1314 1089 1355 suos
1141 1298 1461 1364 Phaedonas,
1519 1281 1565 1353 si
1620 1298 1745 1369 quid

151 1394 215 1448 de
241 1391 425 1447 anima
456 1390 871 1449 examinandum
904 1396 1008 1454 est,
1040 1387 1107 1444 ad
1135 1387 1236 1444 Dei
1264 1388 1481 1461 regulas
1508 1386 1737 1459 dirigat.

150 1489 304 1546 Certe
349 1488 559 1545 nullum
597 1488 762 1543 alium
799 1485 1065 1558 potiorem
1120 1485 1312 1540 animae
1356 1484 1748 1542 demonstrato-

148 1593 258 1634 rem
305 1594 469 1650 quam
500 1585 774 1634 auctorem
801 1574 1072 1648 reperiet;
1103 1591 1136 1630 a
1161 1575 1278 1631 Deo
1320 1573 1491 1631 discat
1517 1575 1561 1642 ⁵,
1599 1573 1746 1647 quod

144 1682 174 1721 a
226 1667 342 1724 Deo
388 1667 582 1723 habeat
607 1667 661 1735 6;
692 1676 784 1723 aut
822 1681 927 1722 nec
978 1664 1045 1721 ab
1091 1664 1219 1730 alio,
1267 1665 1313 1719 si
1360 1679 1460 1720 nec
1520 1679 1552 1718 a
1598 1665 1734 1721 Deo.

144 1754 284 1824 Quis
332 1757 474 1813 enim
502 1755 761 1812 revelabit
814 1755 961 1827 quod
992 1755 1137 1809 Deus
1186 1752 1316 1810 texit
1345 1755 1373 1809 ?
1402 1752 1531 1810 Inde
1559 1754 1739 1809 scisci-

144 1844 374 1900 tandum
426 1853 527 1909 est,
609 1844 752 1899 unde
789 1850 843 1898 et
913 1843 1168 1915 ignorare
1229 1842 1554 1898 tutissimum
1604 1848 1732 1898 est:

146 1936 381 2003 praestat
432 1948 530 2002 per
579 1933 745 1988 Deum
798 1931 1032 1998 nescire,
1081 1932 1203 2003 quia
1248 1947 1356 1988 non
1403 1931 1739 2001 revelaverit,

140 2035 319 2090 quam
391 2034 493 2092 per
546 2022 809 2077 hominem
866 2020 1025 2089 scire,
1090 2020 1218 2093 quia
1288 2020 1407 2091 ipse
1470 2036 1739 2093 praesum-

141 2107 330 2178 pserit.

783 2251 1002 2309 CAPUT
1060 2252 1128 2309 II.

210 2375 380 2433 Plane
427 2392 535 2433 non
557 2376 877 2450 negabimus
906 2376 1191 2451 aliquando
1221 2377 1568 2451 philosophos
1589 2380 1747 2449 juxta

136 2474 327 2519 nostra
390 2466 667 2535 sensisse;
726 2465 1091 2522 testimonium
1138 2474 1221 2522 est
1272 2467 1510 2524 veritatis
1587 2468 1745 2525 etiam

140 2552 403 2609 inventus
428 2554 600 2625 ipsius
626 2556 671 2610 ⁷.
701 2555 1094 2627 Nonnunquam
1128 2563 1181 2611 et
1227 2555 1280 2611 in
1325 2558 1568 2627 procella
1615 2576 1746 2616 con-

137 2639 282 2696 fusis
327 2642 573 2717 vestigiis
601 2642 724 2699 creti
769 2650 821 2698 et
859 2642 977 2699 freti
1015 2643 1181 2715 aliqui
1211 2653 1403 2714 portus
1431 2644 1746 2719 offenditur,

136 2744 417 2802 prospero
464 2746 685 2788 errore:
718 2747 1104 2806 nonnunquam
1160 2740 1214 2789 et
1259 2732 1313 2788 in
1346 2735 1582 2791 tenebris
1622 2737 1746 2792 adi-

138 2828 227 2874 tus
256 2819 485 2891 quidam
516 2828 572 2876 et
625 2820 803 2877 exitus
850 2821 1363 2892 deprehenduntur,
1423 2839 1564 2880 caeca
1623 2825 1748 2881 feli-

134 2908 345 2980 citate;
393 2909 488 2964 sed
532 2918 584 2966 et
638 2917 825 2965 natura
869 2911 1124 2983 pleraque
1171 2920 1564 2985 suggeruntur,
1596 2928 1756 2987 quasi

136 2997 211 3051 de
255 2997 477 3067 publico
505 3014 690 3065 sensu,
713 3014 819 3072 quo
859 3000 1090 3055 animam
1120 3000 1267 3057 Deus
1293 3001 1479 3057 dotare
1500 3003 1758 3077 dignatus

135 3096 246 3140 est.
282 3085 440 3142 Hunc
467 3085 646 3144 649
688 3097 840 3145 nacta
868 3088 1208 3160 philosophia
1235 3091 1303 3145 ad
1332 3090 1560 3163 gloriam
1619 3110 1744 3165 pro-

134 3175 279 3244 priae
310 3176 450 3230 artis
479 3176 706 3243 inflavit,
755 3194 868 3249 prae
899 3176 1096 3250 [studio
1125 3194 1232 3235 non
1260 3180 1456 3236 mirum
1483 3183 1530 3238 si
1580 3184 1737 3240 istum

131 3264 217 3318 ita
247 3264 503 3337 dixerim]
533 3265 730 3337 eloquii
785 3266 1002 3337 quidvis
1058 3276 1267 3324 struere
1336 3271 1557 3343 eruditi,
1615 3289 1735 3329 ma-

128 3353 343 3424 gisque
381 3353 614 3412 dicendo
662 3355 1057 3424 persuadentis,
1089 3372 1249 3428 quam
1294 3357 1561 3416 docendo.
1612 3363 1743 3421 For-

131 3457 262 3498 mas
289 3443 461 3498 rebus
516 3444 762 3515 imponit,
792 3460 884 3501 eas
912 3461 1056 3502 nunc
1109 3455 1385 3518 peraequat
1440 3465 1584 3507 nunc
1628 3454 1744 3522 pri-

1854 590 2132 663 cxempla,
2189 596 2345 665 quasi
2409 598 2769 666 comparanda
2824 600 2931 656 sint
2986 603 3203 676 omnia;
3246 602 3449 664 ommia'

1851 680 2147 748 praescribit
2201 683 2338 755 (10),
2371 686 2789 757 proprietatibus
2810 691 2835 726 ⁸
2876 691 3033 746 etiam
3064 699 3204 748 Inter
3238 694 3433 751 similia

1852 767 2105 841 diversis;
2139 771 2270 828 nihil
2307 774 2503 831 divinae
2549 775 2775 832 licentiae
2816 786 3009 843 servat,
3042 779 3196 855 leges
3240 790 3444 841 naturae

1853 858 2137 928 opiniones
2186 878 2310 917 suas
2358 864 2515 934 facit;
2549 865 2760 932 ferrem,
2793 867 2838 922 si
2895 870 3152 925 naturalis
3206 870 3345 941 ipsa,
3385 881 3447 928 ut

1852 962 2077 1019 compos
2110 957 2314 1006 naturae
2344 954 2412 1007 de
2440 954 2767 1011 conditionis
2793 957 3062 1013 consortio
3100 961 3439 1029 probaretur.

1856 1035 1975 1093 Visa
2006 1037 2329 1110 estquidem
2376 1040 2477 1095 sibi
2524 1048 2578 1097 et
2614 1058 2677 1099 ex
2709 1044 2873 1099 sacris
2920 1061 3055 1115 quas
3075 1054 3288 1117 putant,
3350 1048 3441 1104 lit-

1856 1125 1982 1182 teris
2010 1128 2267 1198 hausisse,
2308 1128 2437 1199 quia
2476 1130 2768 1203 plerosque
2814 1141 3059 1189 auctores
3110 1133 3270 1189 etiam
3316 1136 3449 1192 deos

1853 1216 2170 1274 existimavit
2197 1219 2506 1289 antiquitas,
2541 1220 2738 1276 nedum
2778 1221 2952 1289 divos,
2996 1234 3057 1279 ut
3112 1224 3440 1281 Mercurium

1854 1307 2182 1381 .rEgyptium,
2217 1308 2301 1363 cui
2342 1308 2611 1380 praecipue
2665 1310 2814 1365 Plato
2877 1312 3154 1377 assuevit;
3188 1323 3247 1368 ut
3308 1312 3450 1370 Sile-

1856 1412 1982 1450 num
2029 1397 2316 1468 Phrygem,
2349 1396 2496 1453 cuia
2525 1398 2834 1469 pastoribus
2889 1399 3147 1469 perducto
3198 1401 3447 1471 ingentes

1854 1499 2011 1540 aures
2055 1499 2181 1539 suas
2226 1484 2397 1540 Midas
2425 1486 2643 1542 tradidit
2672 1488 2792 1557 (11)
2823 1505 2836 1543 :
2870 1494 2929 1543 ut
2969 1490 3361 1545 Hermotimum
3394 1490 3442 1560 9,

1854 1573 1939 1629 cui
1962 1572 2287 1630 Clazomenii
2316 1572 2430 1645 (12)
2477 1583 2694 1630 mortuo
2743 1577 3004 1647 templum
3057 1578 3444 1647 contulerunt;

1848 1670 1907 1718 ut
1934 1661 2203 1733 Orpheum
2236 1664 2370 1733 (13),
2404 1671 2464 1718 ut
2490 1662 2751 1718 Musaeum
2779 1662 2913 1734 (14),
2941 1671 3002 1719 ut
3038 1665 3403 1735 Pherecydem
3428 1711 3443 1736 ,

1847 1751 2164 1822 Pythagorae
2225 1749 2544 1824 magistrum
2586 1752 2715 1819 (15).
2747 1749 2890 1819 Quid
2917 1760 3119 1817 autem,
3166 1754 3212 1808 si
3259 1755 3442 1826 philo-

1846 1838 2003 1910 SOphi
2033 1840 2195 1894 etiam
2235 1838 2323 1893 illa
2353 1838 2762 1894 incursaverunt
2790 1855 2911 1911 quae
2945 1855 3109 1911 penes
3157 1855 3261 1897 nos
3295 1858 3441 1913 apo-

1848 1929 2174 2000 cryphorum
2219 1927 2561 1984 confessione
2586 1927 2928 1997 damnantur,
2981 1935 3158 1984 certos
3188 1929 3320 1985 nihil
3352 1945 3444 1986 re-

1847 2018 2156 2089 cipiendum
2177 2018 2322 2089 quod
2353 2030 2461 2073 non
2497 2016 2772 2087 conspiret
2793 2031 3069 2089 germanae
3097 2024 3153 2071 et
3182 2018 3302 2089 ipso
3327 2020 3442 2089 jam

1853 2122 1968 2163 avo
1997 2114 2237 2178 pronatae
2272 2105 2603 2178 prepheticae
2637 2114 2920 2177 paraturae,
2952 2105 3168 2178 quando
3197 2108 3261 2163 et'
3287 2121 3449 2179 pseu-

1851 2199 2308 2270 doprophetarum
2337 2194 2763 2262 meminerimus,
2802 2200 2858 2250 et
2905 2194 3075 2251 multo
3104 2194 3257 2265 prius
3311 2210 3450 2268 apo-

1852 2299 2110 2345 statarum
2192 2286 2477 2358 spirituum
2522 2286 2656 2357 (16),
2716 2285 2812 2358 qui
2857 2285 3174 2355 hujusmodi
3231 2300 3450 2358 quoque

1851 2379 2197 2451 ingeniorum
2242 2375 2526 2431 calliditate
2581 2389 2797 2429 omnem
2877 2372 3070 2430 faciem
3134 2373 3317 2430 smculi
3366 2375 3448 2429 in-

1854 2467 2147 2525 struxerint
2173 2467 2200 2521 ‘?
2228 2466 2528 2528 Postremo,
2561 2462 2606 2518 si
2642 2463 2804 2518 etiam
2849 2461 2914 2516 ad
2961 2460 3108 2531 ipsos
3159 2463 3448 2533 prophetas

1853 2558 2029 2613 adisse
2057 2554 2315 2612 credibile
2343 2561 2424 2611 est
2454 2553 2824 2625 indagatorem
2861 2566 3131 2624 quemque
3161 2551 3445 2624 sapientiae

1855 2662 1919 2701 ex
1967 2645 2186 2717 negotio
2223 2641 2570 2707 curiositatis,
2603 2647 2784 2696 tamen
2830 2641 2952 2709 plus
2994 2639 3320 2696 diversitatis
3354 2640 3437 2695 in-

1854 2744 2038 2800 venias
2071 2743 2212 2797 inter
2242 2740 2594 2812 phi1050phos
2620 2753 2783 2810 quam
2813 2736 3102 2804 societatis,
3139 2753 3263 2793 cum
3293 2748 3344 2792 et
3388 2738 3446 2793 in

1854 2834 1972 2906 ipsa
2008 2832 2260 2887 societate
2287 2826 2566 2884 diversitas
2606 2840 2794 2882 eorum
2842 2824 3297 2896 deprehendatur.
3357 2827 3445 2882 Si-

1862 2920 2082 2995 quidem
2102 2934 2226 2975 vera
2252 2932 2477 2989 quaeque
2504 2914 2682 2971 650
2718 2921 2773 2969 et
2791 2914 3141 2970 consonantia
3167 2915 3449 2987 prOphetis

1866 3022 1956 3071 aut
1982 3009 2196 3068 aliunde
2248 3003 2658 3067 commendant,
2708 3008 2801 3057 aut
2829 3001 3081 3058 aliorsum
3128 3006 3446 3074 subornant,

1849 3119 1975 3162 cum
1997 3096 2233 3155 maxima
2289 3091 2487 3163 injuria
2540 3089 2808 3156 veritatis,
2868 3106 3032 3160 quam
3078 3090 3317 3148 efﬁciunt
3345 3102 3445 3150 aut

1851 3186 2091 3261 adjuvari
2146 3182 2319 3243 falsis,
2348 3187 2439 3234 aut
2468 3177 2811 3248 patrocinari.
2852 3179 2967 3233 Hoc
2995 3179 3173 3248 itaque
3203 3182 3439 3237 commi-

1853 3280 1985 3336 serit
2013 3290 2113 3332 nos
2143 3279 2199 3328 et
2237 3268 2590 3341 philosophos
2618 3267 2673 3320 in
2712 3265 2811 3320 ista
2862 3266 3158 3336 praesertim
3185 3269 3439 3336 materia,

1854 3367 2001 3443 quod
2030 3361 2298 3420 interdum
2327 3372 2642 3414 communes
2679 3354 2971 3413 sententias
3000 3356 3232 3427 propriis
3285 3374 3449 3431 argu-

1854 3453 2275 3515 mentationibus
2324 3446 2577 3512 vestiant,
2638 3445 2923 3502 contrariis
2976 3445 3176 3501 alicubi
3231 3448 3435 3520 regulae

219 3594 245 3672 ξ
268 3594 561 3672 Auctorem
590 3611 622 3650 a
641 3595 769 3672 Deo
787 3596 1185 3672 Adiscatﬁeml.
1218 3599 1243 3636 6
1268 3597 1426 3672 Quod
1447 3615 1477 3654 a
1506 3524 1633 3657 Dig:
1636 3538 1855 3666 $13.33?
1860 3545 2306 3668 $233.8.0berth.
2335 3599 2479 3672 quod
2507 3598 2666 3652 aDeo
2693 3595 2869 3672 discat
2883 3599 3067 3672 Venet.
3106 3597 3206 3656 cod
3224 3599 3445 3672 ,Wouw.

127 3666 150 3701 ⁷
189 3665 442 3722 Eventus
480 3666 605 3721 Ven.
630 3665 754 3739 Rig.
783 3667 808 3704 δ
836 3666 1004 3736 Quasi
1044 3665 1424 3739 comparanda,
1457 3673 1638 3805 omaia
1676 3690 1747 3744 pr;

295 3791 301 3794 .
1591 3764 1745 3805 omm

1862 3665 1999 3747 ribit,
2033 3675 2248 3749 prOpria
2294 3665 2538 3728 aetatibus
2584 3672 2754 3725 Fran.
2777 3669 2802 3707 9
2825 3668 3178 3741 Hermippum
3206 3671 3339 3724 Par.

1862 3771 2055 3805 HI‘IIIS-

1591 3756 2025 3818 0mmentarius
2038 3796 2055 3813 .

211 3816 293 3886 (8)
326 3817 575 3893 Nullum
602 3818 923 3893 Agsculapz‘o
955 3818 1338 3893 gallinaceum
1356 3822 1514 3877 reddi
1540 3826 1740 3893 iubens

126 3890 586 3963 praevaricatum
634 3888 887 3943 Socrates
932 3888 1064 3944 deos
1103 3890 1196 3960 qui
1225 3892 1388 3963 vulgo
1428 3888 1745 3956 colebantur

124 3973 263 4044 non_
295 3973 419 4044 esse
464 3958 742 4044 docuerat
772 3966 1055 4044 etvtame‘n
1112 3958 1345 4016 moriens
1395 3964 1747 4044 gallinaceum

122 4046 197 4101 se
228 4030 439 4086 debere
464 4030 781 4101 Esculapio
811 4028 960 4084 dixit.
984 4029 1161 4097 Quare
1192 4028 1594 4101 praevaricatum
1624 4058 1749 4099 esse

118 4100 214 4226 ai:
230 4100 564 4226 εῗεξριίιιιὶιιει,
596 4099 697 4171 qui
717 4099 786 4157 de
815 4102 1073 4157 doctrinm
1121 4099 1232 4158 sum
1291 4111 1476 4161 tenore
1524 4112 1749 4171 excide-

120 4188 177 4224 τι
281 4186 365 4225 ια.

120 4181 207 4226 Γιι
230 4181 365 4226 κιρ.

112 4241 302 4367 l“(69)
381 4241 539 4296 Nunc
593 4244 813 4314 privat.
873 4243 1055 4299 Privat
1090 4252 1145 4298 et
1210 4245 1459 4316 proprias
1516 4251 1753 4325 assignat

183 4326 279 4367 ιϐ.

210 4381 337 4464 (19)
369 4382 567 4439 Omnia
602 4384 948 4464 ‘prcesm‘igit.
981 4384 1311 4459 Praescriptis
1347 4389 1752 4449 deﬁnitionibus

111 4455 328 4510 omnia
374 4455 806 4525 comprehendit.
840 4457 961 4512 Rm.

199 4525 328 4602 (11)
358 4526 464 4602 Cui
475 4527 859 4602 -qpastgrt'bus
873 4526 1141 4599 perducto
1153 4531 1409 4602 ingentes
1428 4548 1594 4590 aures
1621 4551 1751 4592 suas

118 4596 321 4676 {ﬁdas
353 4596 619 4676 tradidit.
650 4598 853 4676 _Cujus_
873 4596 974 4668 per
1025 4614 1183 4676 aures
1215 4596 1478 4676 lmentem
1534 4616 1754 4676 ceperat

109 4666 359 4723 Silenus
391 4668 775 4739 philoSOphus.
805 4666 1003 4723 Notum
1042 4669 1173 4725 illud
1219 4673 1451 4729 Zenonis
1496 4677 1562 4729 ad
1602 4666 1748 4732 'Cra—

105 4748 315 4816 ter-em
353 4755 369 4793 :
402 4739 657 4816 Auribus
703 4742 884 4816 teneri”
916 4756 1179 4816 possum,
1211 4759 1327 4801 non
1371 4746 1571 4816 pallio.
1617 4749 1754 4816 Λαὸή

102 4811 433 4878 φιλοσόφων
492 4805 731 4870 ἐπιδέξιος
777 4810 808 4877 ἧ
861 4805 949 4863 διᾶ
996 4818 1089 4864 τῶν
1134 4812 1294 4868 ὤτων.
1345 4805 1522 4873 Ᾱῑινϐδ
1571 4805 1755 4876 tradi;

99 4881 234 4945 dit,
260 4880 496 4956 _eodem
551 4895 716 4956 sensu
764 4881 969 4956 dictum
1017 4899 1135 4956 quo_
1168 4900 1335 4956 supra
1366 4904 1377 4943 :
1413 4907 1443 4939 (ε
1486 4889 1752 4945 Adamum

99 4951 386 5006 nondum
415 4965 575 5005 aures
603 4953 885 5009 debentem
923 4951 1077 5010 Evaé.
1113 4954 1237 5011 ch.

180 5026 249 5093 (1
264 5023 461 5101 2)“_Ut
482 5023 913 5101 Hennotimum,
940 5029 1064 5101 _gui
1105 5027 1469 5101 Clazomenii,
1505 5037 1609 5085 etc.
1653 5032 1760 5086 Pli-

92 5091 276 5173 nius,
308 5091 436 5149 'lib.
478 5108 577 5163 vn,
640 5110 760 5173 ca_p_.
795 5098 913 5173 52L
940 5095 1328 5173 Hermptimurn
1361 5091 1759 5157 Claaomenium

92 5166 407 5230 nominat,
443 5180 631 5219 verum
690 5166 1004 5221 Plutarchus
1065 5168 1449 5224 Hermodorum
1507 5174 1762 5227 sustinuit

87 5236 208 5294 lib.
255 5234 358 5306 de,
377 5234 619 5306 socratis
646 5236 937 5306 daemonio,
969 5238 1062 5292 ubi
1108 5238 1295 5294 falsum
1333 5255 1452 5296 esse
1503 5240 1575 5297 ait
1620 5244 1760 5299 Her-

90 5304 365 5364 modori
417 5304 745 5383 Clazomenii
800 5304 1060 5383 animam,
1113 5309 1301 5383 relicto
1346 5326 1611 5383 corpore,
1644 5315 1761 5371 dies

95 5386 451 5445 noctesque
479 5393 576 5454 per
615 5379 1013 5454 loca__p_lurim_a
1039 5380 1227 5454 vagari
1283 5379 1516 5454 solitam,
1563 5383 1759 5441 iterum

252 5463 344 5503 us
385 5448 674 5528 repetisse.
732 5448 904 5528 prbs‘
934 5451 1023 5506 illa
1077 5448 1440 5528 Clazomenae
1469 5448 1589 5526 quae
1645 5465 1760 5513 erat

100 5516 331 5599 tua}?!
366 5516 512 5599 dicta
541 5518 639 5599 fuit
694 5521 823 5599 olim
862 5523 1067 5599 Gryna,
1099 5530 1325 5599 eratque
1369 5523 1446 5578 ibi
1472 5516 1756 5599 itemplum

98 5592 426 5670 apollinis
451 5592 667 5670 oraculo
698 5592 862 5667 longe
899 5592 1343 5664 celeberrimum;
1378 5595 1519 5654 unde
1556 5592 1755 5670 Apollo

98 5661 445 5740 Grynaeus.
477 5661 556 5717 L1:
586 5663 684 5720 Pa.

1924 3832 2036 3903 (13)
2073 3818 2756 3903 Qt_0rphemlz.mlllustij§
2805 3828 2889 3876 est
2940 3819 3214 3903 Orpheus,
3274 3821 3365 3891 qui
3422 3836 3452 3873 a

1854 3890 2058 3958 Graecis
2085 3890 2282 3967 (Ἐθεῇ
2311 3902 2364 3951 et
2395 3892 2665 3967 Calliopes
2680 3890 2828 3967 filius
2856 3890 3109 3967 censetur
3139 3909 3153 3945 :

1934 3973 2114 4044 Ὀρφεῦ
2146 3959 2425 4044 [immane
2443 3983 2496 4044 re
2524 3959 2605 4044 κᾶξὶ
2633 3959 2851 4044 Oiei-790.75
2882 3963 2990 4044 (ppu
3022 3970 3166 4044 toﬁ-ps

1856 4032 2048 4115 Atqu'e'
2065 4042 2207 4095 idem
2240 4036 2312 4092 ait
2337 4034 2654 4115 Apollonius
2674 4032 2985 4115 Rhodali‘b.
3010 4050 3048 4098 ι,
3080 4032 3393 4105 Α’νθοηααι.
3431 4051 3444 4086 :

2460 4107 2561 4159 Τόν
2591 4105 2653 4176 ῥά
2686 4106 2793 4176 ποτ’
2825 4104 2947 4160 αὐτ-ἠ

1932 4182 2185 4249 Καλλιόπη
2240 4179 2415 4247 Θρήϊκι
2441 4174 2689 4248 φατίζεται
2717 4174 2991 4243 εὔνησθεΐσα

1929 4252 2134 4307 Otum?)

1860 4272 2134 4379 Αηυῖἒέῖὲ)
2160 4320 2230 4375 sit
2283 4318 2373 4372 ille
2427 4318 2590 4384 cujus
2643 4314 2909 4385 opuscula
2963 4314 3253 4383 habemus,
3313 4314 3451 4372 vehe

1786 4387 1831 4464 Β
1859 4403 2069 4448 menter
2092 4391 2299 4464 dubito.
2332 4389 2409 4442 LE
2453 4390 2546 4464 Pu.

1933 4466 2044 4533 (14)
2073 4466 2135 4521 Ut
2168 4463 2453 4518 Musaeum.
2500 4460 2576 4533 De
2629 4457 2829 4533 Musaeo
2884 4455 2975 4533 illo
3030 4455 3135 4533 late
3188 4454 3458 4511 Meursius

1859 4526 1953 4590 lib.
1985 4526 2036 4589 η’
2077 4537 2226 4590 Lect.
2257 4533 2465 4602 antiqg,
2484 4526 2872 4602 plurimosque
2893 4527 2996 4602 hoc
3023 4526 3085 4602 _in
3117 4527 3233 4602 loco
3261 4542 3457 4602 recen-

1858 4614 1959 4661 set.
1988 4604 2241 4676 Eumolpi
2257 4594 2408 4659 ﬁlius
2422 4594 2548 4676 fuit,
2573 4610 2625 4676 et
2653 4594 2857 4676 Qrpijei
2903 4594 3221 4676 discipulus.
3239 4597 3459 4676 Elei-uit

1862 4676 2087 4731 Athenis
2124 4667 2203 4730 et'
2232 4676 2506 4747 σύγχρονον
2536 4667 2747 4725 habuit
2781 4668 2973 4724 Linum
3039 4668 3185 4736 apud
3239 4667 3455 4721 Theba-

1863 4764 1982 4803 nos.
2011 4749 2089 4802 Ln
2111 4748 2209 4801 Pa.

1937 4819 2050 4889 (lii)
2098 4814 2487 4889 Pherecydem,
2522 4814 2850 4889 Pythagorae
2869 4812 3245 4889 magistrum;
3264 4807 3456 4862 Mirum

1865 4880 2002 4959 grati
2029 4880 2192 4942 animi
2225 4880 2584 4959 testimonium
2608 4880 2978 4959 “Pythagorae;
3016 4897 3147 4959 erga
3192 4880 3458 4959 Pherecy-

1867 4950 1984 5014 dem
2016 4966 2197 5014 narrat
2225 4956 2575 5020 Jamblichus,
2608 4950 2702 5009 lib.
2725 4956 2790 5011 de
2812 4950 2930 5009 {lita
2943 4950 3290 5026 Pythagorae.
3323 4950 3458 5005 Cum

1866 5031 2009 5085 enim
2042 5027 2324 5099 phthiriasi
2352 5042 2450 5082 seu
2494 5028 2685 5099 morbo
2727 5025 3023 5099 pediculari
3070 5026 3357 5087 laboraret,
3391 5038 3460 5078 ex

1870 5102 2022 5157 Italia
2044 5096 2105 5156 in
2132 5100 2366 5155 insulam
2416 5097 2607 5152 Delum
2664 5096 2823 5151 solvit
2852 5096 3183 5166 Pythagoras
3246 5104 3307 5150 ut
3334 5108 3461 5149 eum

1870 5183 2099 5237 curaret,
2159 5181 2335 5242 atque
2362 5171 2503 5238 apud
2533 5184 2656 5224 eum
2686 5166 2881 5223 mansit
2909 5169 3081 5222 donec
3108 5173 3323 5223 mortuo
3369 5181 3465 5237 pa-

1872 5249 2158 5299 rentasset.
2206 5241 2283 5296 La
2326 5241 2421 5296 Ρη.

1940 5316 2053 5386 (16)
2070 5315 2493 5387 ,Αροδιιξιᾳνιιγη
2520 5313 2850 5387 spirituum.
2888 5309 3135 5382 Angelos
3170 5308 3344 5387 innuit
3369 5309 3464 5387 qui

1869 5378 2223 5440 de‘coelo'ad
2272 5384 2406 5439 filias
2462 5378 2737 5438 hominum
2802 5378 3044 5447 ruerunt,
3105 5388 3161 5435 ut
3225 5381 3342 5449 ipse
3390 5378 3466 5431 ait

1870 5456 1968 5510 lib.
2002 5472 2056 5511 χι
2087 5457 2153 5513 de
2183 5457 2355 5513 Cultu
2392 5458 2529 5527 fem.
2574 5456 2710 5527 Iren.
2729 5454 2822 5509 lib.
2855 5469 2892 5519 ι,
2927 5468 3048 5523 cap.
3072 5456 3128 5521 2,
3157 5450 3319 5516 dixit,
3343 5449 3463 5515 Spi-

1869 5527 2043 5582 ritalia
2085 5527 2365 5596 nequitia),
2397 5536 2452 5582 et
2495 5526 2720 5597 angelos
2753 5536 3094 5596 trangressos
3122 5530 3283 5592 atque
3322 5534 3461 5588 apo-

1871 5605 2036 5654 statas
2058 5598 2242 5654 factos.
2275 5598 2398 5654 Βία.
