4016 6188
484 369 585 429 691

1186 367 1629 429 TERTULLIANI
1664 369 1930 431 OPERUM
1967 369 2132 430 PARS
2170 368 2232 427 ΙΙ.
2269 398 2341 409 -
2376 363 2602 424 SERIES
2642 364 2681 430 Ι,
2727 360 3077 421 POLEMICA.

3669 357 3769 415 692

482 501 705 558 nostrae;
742 494 1018 549 interdum
1045 495 1342 552 sententias
1400 494 1648 567 preprias
1693 496 2072 553 communibus
2106 509 2153 587 Α
2186 504 2243 549 ut
2268 489 2575 571 probabiles
2605 488 2805 559 quique
2832 487 3123 542 emicarent
3152 486 3206 555 (Ι
3228 484 3353 541 Cor.
3386 498 3447 549 ιι,
3484 482 3593 552 19),
3640 482 3769 536 nihil

480 583 1042 657 argumentationibus
1116 584 1381 653 muniant,
1439 584 1815 639 consentaneis
1879 585 2074 641 alicubi

481 673 686 744 regulae
704 672 949 739 illorum;
981 680 1044 729 ut
1063 688 1231 743 pr0pe
1253 673 1322 726 sit
1354 673 1578 729 exclusa
1616 673 1808 729 veritas
1844 689 1878 728 a
1910 674 2081 746 philo-

482 760 678 831 s0phia
697 761 813 833 (17)
840 777 933 830 per
955 759 1207 816 veneﬁcia
1236 759 1292 814 in
1315 760 1461 815 illam
1491 776 1609 829 sua,
1632 766 1685 815 et
1703 761 1825 817 ideo
1851 769 2079 833 utroque

482 850 638 906 titulo
684 851 952 907 societatis
1006 849 1315 906 adversario
1371 849 1612 905 veritatis
1669 866 1943 921 urgemur,
2022 861 2078 907 et

476 954 794 995 communes
822 939 1117 995 sententias
1145 939 1213 993 ab
1242 938 1800 1009 argumentationibus
1836 939 2076 1011 philoso-

479 1029 712 1100 phorum
758 1029 1001 1095 liberare,
1050 1036 1102 1083 et
1147 1042 1458 1083 communes
1508 1029 2001 1100 argumentationes
2044 1045 2076 1084 a

479 1117 761 1173 sententiis
799 1133 986 1173 eorum
1015 1132 1287 1187 separare,
1322 1116 1622 1173 revocando
1668 1118 1998 1188 quaestiones
2028 1120 2075 1157 ιο

481 1206 549 1262 ad
586 1205 686 1262 Dei
733 1207 955 1273 litteras,
1006 1206 1245 1277 exceptis
1308 1206 1462 1275 plane
1533 1222 1653 1277 quae
1701 1208 1819 1262 sine
1880 1208 2074 1279 laqueo

481 1294 712 1364 alicujus
743 1294 1044 1366 praajudicii
1080 1293 1145 1348 ad
1209 1292 1432 1363 simplex
1479 1294 1845 1352 testimonium
1894 1294 2073 1353 licebit

478 1383 799 1441 adsumere:
837 1383 967 1456 quia
1018 1391 1072 1438 et
1117 1397 1183 1437 ex
1234 1383 1446 1439 aemulis
1490 1399 1876 1456 nonnunquam
1919 1386 2072 1459 testi-

479 1476 719 1529 monium
766 1474 1150 1545 necessarium,
1210 1474 1256 1528 si
1311 1489 1420 1530 non
1465 1474 1673 1529 aemulis
1720 1474 1913 1545 prosit.
1962 1477 2073 1533 Nec

478 1561 633 1635 igoro
679 1572 880 1633 quanta
924 1562 991 1618 sit
1028 1562 1455 1631 sylvamateriae
1493 1561 1647 1618 istius
1684 1563 1830 1632 apud
1878 1565 2065 1635 philo-

478 1652 683 1721 30phos
708 1667 808 1722 pro
838 1664 1062 1705 numero
1092 1650 1252 1705 etiam
1294 1648 1532 1720 ipsorum
1560 1659 2070 1721 commentatorum,

480 1747 614 1809 quot
642 1738 924 1795 varietates
949 1739 1354 1801 sententiarum,
1386 1744 1516 1807 quot
1541 1739 1805 1807 palaestrae
1853 1744 2078 1815 Opinio-

2188 580 2406 638 omnino
2433 596 2555 635 curn
2588 576 2922 649 philosophis
2952 590 3113 648 super
3142 572 3320 629 anima
3346 587 3561 645 quoque
3605 587 3770 642 expe-

2187 672 2431 736 riremur,
2474 666 2810 740 patriarchis,
2876 674 2932 720 ut
2970 667 3041 721 ita
3095 663 3341 728 dixerim,
3372 660 3771 717 haereticorum.

2184 759 2460 834 Siquidem
2492 769 2546 815 et
2574 760 2643 814 ab
2667 756 2929 828 Apostolo
2966 755 3078 827 (20)
3105 755 3221 823 jam
3251 760 3381 808 tunc
3436 750 3775 822 philosophia

2184 849 2464 908 concussio
2517 848 2761 907 veritatis
2843 844 3228 915 providebatur
3263 841 3578 897 11.Athenis
3637 842 3775 896 enim

2183 947 2433 1011 expertus
2462 938 2755 1009 linguatam
2810 934 3102 999 civitatem,
3146 947 3271 989 cum
3322 944 3513 986 omnes
3580 929 3692 987 illic
3734 932 3776 969 13

2184 1029 2463 1102 sapientiae
2509 1036 2670 1098 atque
2726 1022 2989 1080 facundiae
3056 1036 3330 1091 caupones
3401 1019 3774 1092 degustasset,

2182 1120 2307 1174 inde
2334 1117 2579 1187 concepit
2607 1106 3066 1187 przeinonitorium
3098 1110 3228 1165 illud
3258 1109 3511 1166 edictum.
3553 1109 3780 1163 Proinde

2183 1211 2329 1264 enim
2360 1218 2412 1263 et
2441 1207 2636 1262 animae
2665 1204 2825 1274 ratio,
2867 1219 2966 1274 per
3026 1200 3440 1273 philosophatas
3504 1198 3781 1254 doctrinas

2181 1298 2456 1354 hominum
2503 1296 2787 1352 miscentes
2830 1307 2999 1364 aquas
3046 1289 3191 1344 vino.
3249 1288 3355 1343 Alii
3412 1286 3778 1342 immortalem

2179 1395 2377 1460 negant
2409 1385 2645 1441 animam
2676 1427 2688 1448 ,
2742 1382 2833 1437 alii
2880 1381 3002 1452 plus
3048 1395 3209 1450 quam
3248 1376 3605 1433 immortalem
3668 1378 3780 1445 (21)

2178 1474 2477 1531 afﬁrmant:
2513 1472 2603 1529 alii
2640 1472 2708 1528 de
2746 1469 3065 1538 substantia,
3092 1467 3185 1523 alii
3216 1468 3281 1522 de
3335 1466 3527 1529 forma,
3577 1465 3670 1519 alii
3718 1464 3783 1520 de

2178 1579 2500 1634 unaquaque
2547 1560 2899 1632 dispositione
2951 1558 3296 1627 disceptant:
3338 1556 3389 1609 hi
3444 1562 3643 1608 statum
3669 1554 3785 1623 ejus

2186 1653 2402 1707 aliunde
2430 1651 2652 1717 ducunt,
2685 1648 2737 1703 hi
2770 1649 2969 1703 exitum
2988 1647 3240 1701 aliorsum
3291 1643 3578 1709 abducunt,
3621 1650 3784 1713 prout

2186 1750 2277 1796 aut
2295 1739 2525 1796 Platonis
2552 1741 2744 1806 honor,
2776 1750 2865 1793 aut
2895 1735 3128 1791 Zenonis
3182 1736 3337 1807 vigor
3395 1734 3460 1799 13,
3525 1743 3615 1787 aut
3649 1732 3783 1787 Ari-

478 1845 628 1893 num,
657 1835 787 1898 quot
828 1826 1159 1897 propagines
1205 1825 1590 1896 quaestionum,
1639 1838 1770 1898 quot
1826 1794 2079 1905 imrplica-
2116 1794 2159 1870 Β
2189 1830 2392 1887 stotelis
2450 1838 2622 1895 tenor,
2678 1794 2769 1882 aut
2824 1825 3041 1897 Epicuri
3108 1794 3318 1895 stupor,
3378 1794 3467 1877 aut
3519 1822 3785 1877 Heracliti

477 1916 654 1971 tiones
718 1913 1149 1985 expeditionum.
1202 1914 1309 1969 Sed
1349 1924 1400 1971 et
1464 1916 1785 1974 medicinam
1841 1923 2076 1995 inspexi,

478 2018 748 2070 sororem,
791 2008 849 2056 ut
910 2001 1085 2067 aiunt,
1129 2002 1488 2075 philosophia:
1537 2006 1676 2078 (18),
1717 2008 1823 2065 sibi
1864 2028 2085 2084 quoque

475 2092 581 2147 hoc
617 2093 891 2164 negotium
923 2090 1300 2163 vindicantem,
1332 2095 1392 2148 ut
1429 2095 1497 2148 ad
1526 2112 1690 2168 quam
1742 2102 1923 2172 magis
1968 2103 2087 2157 ani-

479 2195 580 2235 mae
622 2179 760 2236 ratio
816 2179 1082 2250 pertinere
1143 2181 1393 2239 videatur
1440 2200 1536 2253 per
1581 2188 1829 2257 corporis
1876 2204 2083 2259 curam,

475 2267 617 2323 unde
645 2275 699 2323 et
736 2268 1029 2339 plurimum
1075 2271 1247 2325 sorori
1291 2270 1613 2345 refragatur,
1644 2276 1793 2345 quod
1844 2278 2087 2334 animam

479 2356 635 2430 quasi
711 2372 894 2413 coram
962 2357 1020 2411 in
1101 2358 1374 2415 domicilio
1419 2376 1519 2416 suo
1569 2365 1846 2421 tractando
1890 2368 2081 2445 magis,

478 2450 644 2503 norit.
705 2446 813 2502 Sed
861 2446 1055 2502 viderit
1117 2446 1397 2519 utriusque
1453 2451 1781 2520 praestantiae
1837 2454 2077 2514 ambitio.

476 2534 675 2591 Habuit
701 2542 756 2590 et
787 2534 1133 2605 philosophia
1182 2536 1485 2592 libertatem
1544 2539 1769 2611 ingenii,
1806 2551 1861 2597 et
1909 2545 2080 2599 medi-

478 2622 599 2679 cina
628 2622 997 2679 necessitatem
1026 2623 1231 2678 artificii
1279 2625 1346 2678 ad
1378 2627 1747 2684 extendendos
1794 2631 1862 2685 de
1900 2632 2080 2688 anima

479 2719 792 2767 retractatus
834 2712 979 2768 :late
1025 2722 1341 2783 quaeruntur
1398 2713 1611 2781 incerta,
1678 2716 1837 2774 65I
1916 2720 2078 2776 latius

478 2801 819 2872 diSputantur
848 2811 1191 2871 praesumpta.
1225 2799 1437 2868 Quanta
1468 2802 1762 2862 difficultas
1790 2809 2072 2876 probandi,

478 2898 626 2945 tanta
689 2889 987 2958 Operositas
1051 2890 1364 2946 suadendi:
1408 2895 1466 2947 ut
1530 2893 1723 2949 merito
1769 2897 2075 2954 Heraclitus

479 2978 571 3033 ille
610 2978 926 3033 tenebrosus
954 2978 1066 3048 (19)
1110 2978 1373 3033 vastiores
1418 2979 1682 3050 caligines
1729 2983 2068 3040 animadver-

2187 1935 2411 1984 moeror,
2469 1928 2562 1974 aut
2598 1916 2941 1988 Empedoclis
2972 1916 3118 1969 furor
3175 1918 3576 1984 persuaserunt.
3625 1912 3785 1966 Deli-

2191 2008 2324 2081 quit,
2355 2008 2568 2079 Opinor,
2598 2007 2781 2062 divina
2805 2004 3068 2072 doctrina,
3100 2019 3168 2059 ex
3194 2002 3382 2057 Judaea
3409 2001 3592 2073 potius
3622 2016 3785 2071 quam

2191 2115 2257 2154 ex
2299 2096 2511 2154 Graecia
2573 2096 2772 2152 oriens.
2813 2095 3021 2149 Erravit
3085 2101 3135 2147 et
3191 2092 3449 2157 Christus,
3483 2090 3786 2159 piscatores

2193 2187 2348 2243 citius
2376 2202 2538 2259 quam
2576 2185 2850 2256 SOphistas
2891 2184 2956 2237 ad
3014 2180 3342 2253 praeconium
3388 2180 3661 2235 emittens.
3735 2180 3788 2236 Si

2193 2295 2301 2349 qua
2329 2277 2491 2349 igitur
2510 2276 2565 2329 in
2596 2277 2738 2330 hunc
2758 2272 2973 2329 modum
2995 2272 3062 2328 de
3093 2271 3377 2326 nidoribus
3425 2267 3789 2340 philOSOphia:

2191 2365 2479 2422 candidum
2499 2372 2553 2419 et
2579 2380 2770 2436 purum
2798 2360 2972 2419 (ὶὗὲ
2995 2376 3174 2416 aerem
3212 2358 3454 2414 veritatis
3483 2356 3787 2421 infuscant,

2191 2472 2256 2513 ea
2292 2462 2452 2511 erunt
2505 2452 2821 2509 Christianis
2849 2449 3191 2517 enubilanda,
3239 2457 3292 2504 et
3360 2446 3795 2520 percutientibus

2188 2542 2679 2616 argumentationes
2725 2540 3038 2610 originales,
3107 2538 3162 2592 id
3216 2546 3295 2592 est
3350 2535 3792 2607 philosoiihicas,

2187 2642 2241 2690 et
2267 2632 2662 2704 Opponentibus
2689 2628 3029 2685 definitiones
3058 2626 3327 2694 caelestes,
3362 2624 3416 2679 id
3474 2634 3558 2678 est
3608 2623 3795 2677 domi—

2185 2723 2333 2778 nicas
2384 2729 2485 2775 :ut
2514 2728 2568 2775 et
2602 2719 2696 2773 illa
2746 2718 2940 2788 quibus
2984 2715 3182 2772 ethnici
3240 2730 3270 2769 a
3314 2712 3653 2784 philosophia
3708 2726 3799 2765 ca-

2186 2812 2423 2881 piuntur,
2484 2808 2847 2874 destruantur,
2907 2812 2959 2859 et
3019 2805 3135 2860 haec
3190 2803 3385 2873 quibus
3459 2799 3651 2855 ﬁdeles
3726 2799 3798 2852 ab

2183 2896 2373 2951 haeresi
2427 2895 2822 2961 concutiuntur,
2895 2892 3267 2948 retundantur.
3325 2890 3441 2944 Una
3492 2889 3607 2958 jam
3644 2901 3795 2943 con—

2178 2984 2460 3058 gressione
2487 2981 2669 3038 decisa
2698 2982 2959 3037 adversus
2999 2980 3417 3049 Hermogenem,
3458 2984 3515 3031 ut
3571 2975 3794 3046 praefati

479 3075 597 3122 tens
643 3066 787 3136 apud
817 3067 1206 3121 examinatores
1255 3066 1465 3133 animae,
1520 3069 1677 3125 taedio
1726 3074 2080 3143 quaestionum
2115 3076 2156 3152 ο
2188 3090 2375 3129 sumus
2406 3090 2420 3137 ;
2457 3072 2579 3143 quia
2606 3069 2839 3125 animam
2866 3085 2934 3124 ex
2972 3067 3064 3124 Dei
3093 3066 3253 3137 ﬂatu,
3288 3081 3397 3121 non
3438 3080 3513 3121 ex
3557 3063 3796 3118 materia

478 3154 855 3226 pronuntiarit,
895 3154 1151 3210 terminos
1181 3156 1374 3210 animae
1422 3173 1762 3229 nequaquam
1808 3161 2076 3217 invenisse

478 3259 694 3299 omnem
723 3242 861 3298 viam
892 3242 1271 3314 ingrediendo.
1315 3244 1617 3301 Christiano
1665 3255 1844 3301 autem
1894 3249 2078 3319 paucis

479 3332 546 3386 ad
574 3331 848 3387 scientiam
876 3331 1039 3402 hujus
1063 3330 1143 3387 rei
1181 3346 1323 3401 Opus
1357 3339 1439 3386 est
1460 3352 1477 3387 :
1506 3349 1627 3387 nam
1659 3342 1713 3387 et
1751 3345 1897 3389 certa
1937 3352 2077 3390 sem-

479 3437 579 3494 per
616 3421 673 3477 in
716 3420 934 3493 paucis;
968 3430 1022 3475 et
1072 3421 1307 3490 amplius
1350 3422 1427 3476 illi
1476 3439 1721 3494 quaerere
1777 3440 1884 3479 non
1932 3427 2078 3496 licet,

478 3527 639 3582 quam
676 3510 826 3581 quod
857 3509 1087 3567 inveniri
1122 3510 1272 3579 licet;
1304 3509 1540 3567 infinites
1584 3513 1725 3567 enim
1758 3513 2083 3583 quaestiones

479 3598 771 3670 Apostolus
824 3597 1093 3669 prohibet.
1168 3598 1335 3654 Porro
1399 3613 1507 3653 non
1562 3600 1789 3668 amplius
1854 3601 2084 3659 inveniri

481 3686 628 3751 licet,
662 3702 824 3756 quam
857 3687 1005 3755 quod
1035 3700 1066 3738 a
1094 3685 1211 3740 Deo
1233 3685 1493 3757 discitur;
1526 3688 1672 3756 quod
1703 3696 1881 3745 autem
1910 3705 1945 3745 ε.
1973 3692 2085 3749 Deo

489 3774 731 3843 disictur,
758 3783 929 3829 totum
956 3780 1055 3828 est.

1088 3918 1322 3974 CAPUT
1399 3918 1494 3977 ΙΙΙ.

553 4010 732 4083 Atque
760 4007 967 4066 utinam
990 4007 1163 4064 nullas
1186 4008 1421 4064 haereses
1442 4009 1771 4081 oportuisset
1799 4011 2077 4084 exsistere,

2182 3164 2517 3222 vindicamus
2550 3158 2784 3226 ;muniti
2838 3165 2893 3211 et
2919 3156 3031 3211 illic
3069 3156 3265 3210 divinae
3321 3152 3798 3208 determinationis

2185 3248 2572 3306 inobscurabili
2602 3247 2817 3318 regula:
2842 3250 2910 3302 Et
2937 3247 3120 3314 ﬂavit,
3170 3243 3360 3313 inquit,
3401 3245 3547 3298 Deus
3577 3244 3793 3311 ﬂatum

2186 3342 2320 3395 vita:
2353 3340 2418 3393 in
2445 3338 2651 3408 faciem
2680 3336 2941 3404 hominis,
2965 3339 3021 3392 et
3059 3336 3251 3405 factus
3266 3338 3350 3390 est
3378 3332 3537 3391 homo
3567 3332 3627 3386 in
3660 3331 3799 3384 ani-

2188 3444 2343 3482 mam
2381 3427 2584 3489 vivam,
2608 3425 2790 3496 utique
2828 3439 2893 3479 ex
2924 3422 3021 3479 Dei
3049 3421 3178 3477 ﬂatu
3211 3439 3222 3475 :
3256 3420 3323 3474 de
3361 3420 3463 3476 isto
3502 3418 3637 3473 nihil
3680 3434 3792 3471 am-

2192 3516 2334 3587 plius
2365 3514 2751 3572 revolvendum
2783 3530 2795 3566 ε
2822 3513 2990 3567 habet
3020 3527 3183 3567 suum
3241 3510 3473 3579 titulum,
3535 3517 3589 3563 et
3626 3524 3787 3562 suum

2193 3604 2524 3662 haereticum.
2557 3602 2778 3659 Caeteris
2830 3602 2957 3657 hinc
2984 3600 3266 3656 exordium
3296 3599 3568 3655 inducam.

2805 3743 3030 3800 CAPUT
3058 3743 3150 3799 IV.

2266 3839 2393 3893 Post
2422 3832 2781 3890 definitionem
2810 3847 3028 3898 census,
3086 3831 3408 3904 quaetionem
3455 3838 3624 3886 status
3680 3845 3791 3903 pa-

2197 3926 2342 3982 titur.
2375 3926 2724 3995 Consequens
2753 3922 2895 3977 enim
2916 3929 3016 3986 est,
3051 3930 3109 3977 ut
3135 3937 3199 3975 ex
3227 3920 3324 3976 Dei
3380 3921 3507 3976 ﬂatu
3549 3919 3787 3974 animam

2191 4014 2438 4087 professi,
2470 4014 2682 4069 initium
2719 4011 2768 4067 ei
2804 4012 3129 4083 deputemus
3162 4011 3207 4047 14
3236 4010 3370 4066 Hoc.
3423 4008 3570 4065 Plato
3599 4009 3791 4064 exclu-

555 4164 604 4203 ιο
630 4161 927 4233 Quaestioni
956 4163 1087 4216 Par.
1114 4160 1158 4198 ιι
1190 4159 1593 4219 Praevidebatur
1621 4163 1792 4219 Seml.
1828 4084 2314 4237 1:333:33???
2319 4106 2484 4237 fisigor
2510 4167 2641 4223 Jun.
2677 4164 2722 4201 ιίι
2754 4164 3142 4234 Deputaremus
3180 4164 3333 4216 Pam.

1867 4235 2366 4303 Commentarius.

555 4315 667 4387 (17)
698 4317 764 4389 Ut
799 4328 971 4389 prope
997 4314 1073 4369 sit
1115 4312 1351 4389 exclusa
1395 4314 1607 4389 veritas
1655 4315 2083 4389 aphilosOphia.

486 4383 661 4455 Qnasi
701 4383 989 4440 fascina’ret
1034 4383 1308 4455 veritatem
1340 4384 1562 4439 intuitus
1633 4392 1686 4439 et
1710 4383 1947 4441 acumen
1990 4390 2091 4442 hu-

481 4453 723 4521 manum,
756 4463 809 4529 et
836 4456 1132 4529 rationibus
1162 4470 1227 4529 ex
1267 4453 1534 4529 industria
1550 4462 1747 4529 nostra
1788 4458 2085 4529 fugaretur,

482 4531 635 4585 velut
685 4528 1048 4583 excluduntur
1093 4526 1316 4596 spiritus
1366 4526 1592 4597 magicis
1655 4526 1947 4597 veneﬁciis,
1999 4538 2091 4584 aut

483 4599 1002 4673 quiagpraesumptio
1055 4597 1286 4673 propriae
1339 4596 1765 4673 ratiocinationis
1820 4614 2087 4656 venenum

484 4667 553 4727 sit
584 4667 994 4741 ad'perdendam
1022 4669 1324 4741 veritatem.
1353 4667 1480 4722 Lac.

550 4739 1257 4814 (18):Medicinamz'nspexi
1272 4754 1540 4814 sororem,
1563 4744 1631 4795 ut
1644 4741 1832 4814 aiunt,
1842 4739 2089 4811 philoso-

476 4809 661 4887 phiw.‘
677 4813 825 4887 Hanc
843 4809 1257 4881 disputatidnem
1283 4809 1351 4887 de
1370 4809 1549 4863 anima
1570 4818 1626 4865 ut
1640 4809 1925 4887 propriam
1972 4828 2086 4887 suae

480 4880 829 4955 speculationi
878 4890 1170 4955 tractarunt
1212 4880 1541 4955 medicorum
1574 4881 1842 4955 principes
1890 4899 1901 4938 :
1958 4883 2086 4955 citat

480 4950 947 5025 aliquos‘aucton
976 4952 1039 5025 in_
1066 4950 1186 5025 “hoc
1232 4966 1412 5025 opere.
1460 4952 1598 5005 Nam
1645 4950 1773 5006 licet
1830 4953 2081 5009 conside-

482 5019 615 5097 ratio
643 5023 835 5078 animae
867 5020 950 5097 _ad_
990 5019 1339 5097 philosophos
1383 5032 1607 5097 spectet,
1646 5024 2081 5097 jureicognatio-

480 5094 565 5150 nis
594 5094 733 5148 inter
762 5092 1078 5148 medicinam
1118 5101 1171 5146 et
1216 5091 1627 5162 phiIOSOphiam,
1650 5091 1904 5150 'medici'
1918 5112 2078 5150 usur-

482 5174 626 5234 pant.
650 5163 802 5221 Multi
819 5163 986 5219 citant
1002 5162 1373 5227 Aristotelem,
1396 5164 1672 5219 Platonem
1697 5205 1711 5233 ,
1734 5174 1787 5220 et
1814 5166 2077 5222 Galenum

480 5236 701 5301 dixisse,
775 5234 1168 5305 philOSOphiam
1197 5241 1249 5287 et
1289 5235 1605 5289 medicinam
1654 5252 1869 5291 sorores
1915 5252 2073 5292 esse:

479 5308 701 5387 alteram
757 5306 982 5387 animi,
1014 5305 1235 5387 alteram
1299 5306 1543 5387 corporis
1591 5310 2070 5387 conservatricem.

479 5377 789 5437 Certissime
842 5377 896 5431 id
934 5376 1064 5431 dixit
1099 5378 1331 5432 Joannes
1388 5379 1537 5433 Alex.
1589 5380 1641 5433 in
1679 5379 2076 5434 commentariis

479 5451 534 5506 in
565 5452 656 5507 lib.
688 5450 982 5505 hatreseon.
1029 5446 1135 5502 Sed
1188 5448 1329 5503 inter
1372 5448 1694 5504 vetustiores
1750 5449 1801 5503 id
1862 5449 2074 5505 invenio

480 5521 763 5650 icripsisse
814 5518 1182 5576 Democritum
1244 5519 1472 5591 epistola
1553 5521 1620 5574 ad
1678 5520 2078 5592 Hippocratem.

523 5609 610 5650 AC.

523 5609 610 5650 AC.

548 5664 667 5734 (l9)
696 5664 1011 5725 Heraclitus
1049 5663 1147 5721 ille
1177 5661 1516 5721 tenebrosus.
1558 5662 1710 5720 Haud
1762 5664 2081 5724 absimiliter

2196 4322 2253 4375 B.
2288 4317 2669 4387 Hieronymus,
2694 4313 2844 4368 initio
2862 4312 2954 4367 lib.
2984 4316 3005 4366 1
3046 4312 3167 4368 adv.
3204 4312 3589 4387 Iovinianum,
3618 4311 3794 4387 Hera:-

2201 4391 2384 4445 elitum
2456 4381 2614 4442 vocat
2658 4381 2944 4448 ’σκοτεινὸη
2986 4399 3143 4453 quem
3176 4384 3431 4438 sudantes
3473 4381 3793 4451 philosoiihi

2199 4462 2289 4515 vix
2322 4458 2625 4530 intelligunt
2649 4458 2796 4530 ipse
2825 4455 2967 4509 enim
3008 4452 3221 4530 Laertio
3252 4456 3498 4530 teste_de_
3522 4452 3796 4530 industria

2201 4534 2401 4586 librum
2437 4523 2594 4583 su'um
2626 4523 2949 4583 de'Natura
3002 4525 3280 4580 obscurius
3309 4524 3542 4595 scripsit,
3588 4533 3644 4577 ut
3692 4523 3795 4577 soli

2198 4602 2348 4659 illum
2413 4597 2605 4655 eruditi
2659 4597 2901 4668 legerent
2936 4614 2947 4652 :
2984 4598 3126 4651 unde
3172 4606 3224 4651 et
3258 4595 3791 4668 Cratenquemdam,

2197 4690 2315 4727 cum
2340 4671 2505 4727 illium
2553 4666 3301 4730 libruniGreecisinveheret,
3360 4666 3594 4721 dixisse:
3630 4666 3794 4720 Delio

2195 4744 2374 4816 aliquo
2405 4751 2643 4867 gatatore
2675 4755 2812 4809 opus
2842 4755 2980 4809 esse,
3041 4739 3132 4811 qui
3164 4740 3219 4793 in
3276 4738 3364 4794 illo
3414 4753 3523 4793 non
3555 4736 3795 4793 suffoca-

2196 4823 2365 4867 retur.
2449 4827 2547 4867 AM.

2196 4823 2365 4869 retur.
2410 4823 2547 4868 PAM.

2264 4885 2380 4955 (20)
2426 4882 2714 4955 Siquidem
2760 4886 2814 4937 et
2855 4882 2933 4955 ab
2988 4881 3292 4955 Apostolo,_
3321 4878 3797 4955 etc._N_u_lla_m_hic

2192 4950 2389 5010 certain
2438 4950 2760 5023 scripturam
2817 4954 2962 5022 citat,
2993 4950 3087 5007 sed
3135 4953 3320 5006 alludit
3376 4951 3442 5006 ad
3492 4950 3625 5004 illud
3674 4951 3790 5004 Co-

2190 5026 2316 5081 loss.
2377 5043 2415 5080 ιι
2438 5043 2451 5080 :
2488 5028 2562 5080 Ne
2582 5026 2701 5096 quis
2723 5040 2815 5082 vos
2854 5024 3229 5096 deprazdetur,
3253 5039 3353 5078 seu
3375 5024 3669 5080 concutiat
3683 5038 3794 5092 per

2186 5097 2622 5169 philosophiam.
2656 5098 2791 5150 Pan.

2256 5173 2366 5238 (2t)
2404 5164 2419 5169 ’
2447 5169 2559 5223 Alii
2643 5166 3028 5238 immortalem
3104 5166 3362 5220 animam
3389 5208 3401 5229 ,
3431 5164 3588 5238 alii
3624 5165 3793 5238 plus-

2185 5234 2351 5310 quam
2390 5240 2789 5296 immortalem.
2822 5237 3020 5310 Quales
3057 5248 3209 5292 erant
3235 5234 3793 5310 Valentiniani,‘S_ad-

2186 5306 2378 5380 ducaii,
2411 5312 2698 5381 Epicurus,
2756 5309 3098 5381 Democritus
3136 5318 3188 5363 et
3235 5308 3345 5361 alii.
3380 5306 3791 5381 Posterioribus

2185 5379 2372 5437 verbis
2413 5379 2664 5437 notantur
2704 5379 3141 5444 Priscillianistze,
3181 5382 3273 5452 qui
3305 5380 3510 5452 animas
3541 5380 3789 5452 ejusdem

2194 5468 2317 5507 cum
2346 5455 2459 5508 Deo
2514 5453 2831 5509 substantiae
2862 5452 3134 5519 dicebant,
3167 5450 3220 5506 et
3240 5450 3509 5517 Gnostici,
3544 5450 3636 5520 qui
3670 5451 3790 5503 Deo

2193 5533 2491 5580 coaeternas
2522 5523 2853 5579 asserebant.
2888 5522 3043 5590 Quod
3094 5523 3252 5577 etiam
3291 5524 3643 5594 nugabantur
3668 5523 3782 5594 Ma-

2190 5596 2381 5652 nichaei
2413 5595 2797 5651 Gnosticorum
2836 5594 3101 5665 discipuli,
3172 5592 3488 5651 auctor'est
3549 5592 3776 5663 Epipha-

2190 5670 2329 5737 nius,
2361 5669 2491 5726 haar.
2525 5669 2611 5723 66.
2644 5666 2720 5721 La
2752 5667 2850 5721 Pa.
