4016 6188
438 306 543 365 695

1138 298 1575 365 TERTULLIANI
1614 305 1879 365 OPERUM
1922 302 2084 363 PARS
2125 304 2191 362 ll.
2233 334 2299 344 —
2338 302 2565 364 SERIES
2606 306 2646 370 Ι,
2688 302 3031 363 POLEMICA.

3624 299 3724 360 696

436 449 542 504 que
579 430 722 502 quod
755 427 897 492 facit,
933 442 1041 483 non
1072 434 1248 497 potest
1278 444 1397 486 esse
1424 430 1559 501 ipsa,
1584 440 1643 488 ut
1671 430 1876 485 dicatur
1915 429 2027 483 ani-
2062 444 2107 522 Α
2139 426 2376 485 deﬁnitio
2433 430 2655 485 exclusa
2699 430 2783 484 sit.
2817 431 2899 484 De
2954 426 3342 503 insignioribus
3380 436 3725 497 argumenta-

436 521 574 576 male
622 519 707 577 vel
755 517 1058 574 inanimale.
1124 518 1318 575 Anima
1365 519 1509 574 enim
1556 520 1749 577 dicitur
1770 521 2028 576 substan-

433 611 523 666 tiae
552 625 664 665 suae
692 608 929 663 nomine.
962 607 1120 676 Quod
1164 609 1207 663 si
1249 624 1355 665 non
1386 610 1532 681 capit
1566 610 1793 665 animale
1831 625 2030 682 corpus

433 699 542 755 dici
583 705 673 753 aut
708 696 993 752 inanimale
1039 698 1185 769 quod
1227 706 1309 753 est
1355 700 1551 764 anima,
1602 700 1869 770 quomodo
1910 715 2030 770 pro-

431 787 709 844 vocabitur
764 786 830 840 ad
860 786 1174 841 animalium
1207 797 1262 842 et
1304 787 1358 842 in
1390 788 1699 843 animalium
1741 804 2028 860 corporum

432 876 698 933 formam?
719 875 947 943 Dehinc,
993 874 1038 928 si
1083 874 1323 943 corporis
1372 886 1452 931 est
1499 876 1705 932 moveri
1761 878 2031 933 extrinse—

433 982 531 1022 cus
577 964 644 1019 ab
706 963 912 1034 aliquo;
972 962 1307 1018 ostendimus
1365 972 1544 1020 autem
1601 982 1767 1035 supra
1824 965 2029 1021 moveri

433 1056 669 1109 animam
725 1059 778 1107 et
835 1051 901 1104 ab
958 1050 1064 1105 alio
1122 1066 1246 1105 cum
1275 1054 1614 1120 vaticinatur,
1667 1069 1791 1110 cum
1820 1054 1951 1109 furit
1983 1054 2028 1092 ιδ

430 1143 616 1214 utique
679 1142 1042 1207 extrinsecus,
1121 1154 1242 1195 cum
1308 1144 1372 1196 ab
1433 1143 1537 1198 alio
1579 1160 1592 1197 :
1636 1142 1825 1199 merito
1880 1143 2026 1215 quod

432 1229 736 1286 movebitur
773 1229 1105 1283 extrinsecus
1161 1229 1228 1283 ab
1274 1229 1397 1296 alio,
1449 1232 1745 1286 secundum
1792 1231 2026 1302 exempli

432 1318 873 1392 propositionem,
919 1332 1116 1388 corpus
1153 1332 1467 1389 agnoscam.
1514 1319 1819 1385 Enimvero,
1863 1320 1909 1376 si
1956 1321 2023 1375 ab

431 1409 539 1464 alio
588 1407 791 1465 moveri
851 1406 1095 1475 corporis
1160 1414 1262 1473 est,
1314 1414 1517 1478 quanto
1570 1411 1743 1481 magis
1804 1424 2023 1465 movere

431 1496 613 1552 aliud?
647 1495 845 1551 Anima
873 1502 1049 1550 autem
1078 1503 1259 1550 movet
1286 1510 1508 1566 corpus,
1541 1504 1591 1551 et
1618 1504 1841 1553 conatus
1878 1500 2018 1567 ejus,

431 1587 781 1651 extrinsecus,
824 1584 953 1640 foris
985 1592 1189 1653 parent.
1228 1583 1308 1636 Ab
1341 1581 1432 1637 illa
1471 1591 1556 1638 est
1602 1584 1746 1639 enim
1791 1584 2019 1656 impingi

430 1684 482 1732 et
512 1676 673 1746 pedes
703 1675 755 1728 in
784 1673 1074 1740 incessum,
1127 1680 1179 1725 et
1236 1686 1429 1725 manus
1484 1671 1538 1726 in
1592 1681 1918 1742 contactum,
1977 1683 2029 1727 et

430 1765 618 1821 oculos
657 1763 710 1818 in
738 1766 1107 1831 conspectum,
1142 1766 1195 1815 et
1255 1759 1494 1832 linguam
1526 1760 1580 1814 in
1609 1760 1853 1828 effatum,
1887 1763 2029 1818 velut

430 1851 686 1926 sigillario
716 1859 865 1905 motu
887 1849 1002 1921 (32)
1027 1847 1368 1917 superﬁciem
1398 1849 1544 1905 intus
1592 1850 1847 1922 agitante.
1873 1852 2029 1907 Unde

429 1943 548 1996 haec
579 1939 660 1995 vis
694 1938 738 1977 17
765 1937 1339 2008 incorporalianimaa‘?
1372 1937 1514 1993 unde
1569 1954 1753 1994 vacuae
1811 1941 1883 1994 rei
1941 1955 2030 1995 so-

426 2030 545 2085 lida
578 2026 933 2099 propellere?L
958 2025 1063 2081 Sed
1118 2026 1391 2097 quomodo
1455 2025 1610 2083 divisi
1670 2026 1919 2084 videntur
1975 2029 2029 2083 in

426 2116 645 2175 homine
671 2131 861 2173 sensus
889 2114 1200 2186 corporales
1230 2124 1283 2170 et
1337 2114 1723 2171 intellectuales
1751 2117 1778 2170 ἱ)
1823 2117 2029 2186 Corpo-

427 2206 625 2262 ralium
672 2205 824 2259 aiunt
854 2220 1033 2260 rerum
1062 2203 1370 2274 qualitates,
1406 2213 1465 2260 ut
1496 2211 1649 2259 terrae
1675 2206 1739 2270 ιδ,
1776 2213 1835 2259 ut
1885 2205 2026 2275 ignis

426 2294 799 2366 corporalibus
828 2293 1078 2348 sensibus
1112 2293 1426 2362 renuntiari,
1450 2299 1507 2347 ut
1528 2300 1765 2358 taetu,ut
1796 2294 1915 2348 visu
1940 2296 1985 2333 19
2010 2310 2024 2347 :

424 2382 851 2453 incorporalium
904 2395 1030 2438 vero
1087 2379 1539 2436 intellectualibus
1602 2380 1904 2448 conveniri,
1968 2390 2027 2437 ut

427 2470 792 2541 benignitatis,
828 2468 912 2525 vel
960 2468 1329 2539 malignitatis.
1390 2469 1575 2539 Itaque
1628 2468 2025 2539 incorporalem

424 2574 550 2613 esse
597 2558 829 2613 animam
850 2564 1077 2621 constat,
1109 2557 1268 2625 cujus
1287 2556 1573 2628 qualitates
1619 2572 1725 2612 non
1773 2574 2029 2630 corpora-

429 2647 602 2715 libus,
626 2647 720 2701 sed
749 2644 1196 2702 intellectualibus
1246 2644 1498 2699 sensibus
1551 2647 2025 2717 comprehendan-

434 2741 541 2789 tur.
574 2734 757 2804 Plane,
789 2735 834 2789 si
866 2749 972 2789 non
996 2734 1157 2801 hujus
1186 2732 1519 2788 deﬁnitionis
1551 2736 1779 2805 gradum
1835 2736 2025 2792 exclu-

434 2839 577 2880 sero.
625 2823 765 2881 Ecce
819 2823 963 2879 enim
1051 2821 1408 2893 incorporalia
1456 2822 1677 2878 ostendo
1734 2826 2026 2894 corporali-

434 2912 533 2966 bus
579 2912 825 2967 sensibus
862 2910 1077 2980 subjici,
1110 2925 1305 2965 sonum
1343 2910 1570 2976 auditui,
1599 2911 1835 2968 colorem
1882 2929 2020 2970 con-

2146 518 2382 573 tionibus
2412 518 2513 574 erit
2544 520 2704 573 etiam
2739 519 2848 583 illa,
2873 517 3015 591 quod
3044 532 3204 573 omne
3242 531 3439 587 corpus
3478 530 3727 586 corpora-

2145 608 2283 662 libus
2346 608 2415 662 ali
2471 607 2744 678 judicent;
2785 607 3015 662 animam
3043 622 3199 671 vero,
3231 614 3291 660 ut
3319 604 3722 676 incorporalem,

2142 697 2596 767 incorporalibus,
2638 696 2911 766 sapientia:
2970 693 3170 750 scilicet
3225 693 3437 749 studiis.
3472 693 3577 747 Sed
3636 709 3729 747 nec

2140 786 2226 840 hic
2256 786 2457 858 gradus
2483 786 2664 852 stabit,
2696 786 2854 841 etiam
2885 785 3090 841 Sorano
3153 782 3472 837 methodicae
3504 782 3728 837 medici-

2140 892 2222 929 nae
2250 875 2659 931 instructissimo
2689 876 2799 947 (33)
2837 883 3053 931 auctore
3092 873 3449 944 respondente
3501 872 3727 927 animam

2137 964 2510 1034 corporalibus
2538 981 2753 1037 quoque
2794 964 2893 1029 ali;
2936 963 3181 1033 denique,
3212 960 3555 1016 deﬁcientem
3613 977 3725 1015 eam

2136 1053 2259 1108 cibo
2280 1052 2594 1123 plerumque
2626 1052 2956 1123 fulciri(34).
3014 1050 3237 1121 Quidni,
3296 1064 3405 1120 quo
3456 1049 3723 1118 adempto,

2134 1142 2189 1197 in
2219 1150 2386 1197 totum
2414 1142 2666 1196 dilabitur
2714 1157 2777 1196 ex
2809 1156 3033 1209 corpore
3066 1140 3191 1194 “Illa
3245 1138 3405 1192 etiam
3466 1138 3579 1209 ipse
3618 1140 3724 1193 So-

2136 1246 2298 1285 ranus
2334 1229 2648 1301 plenissime
2677 1245 2841 1301 super
2869 1230 3045 1284 anima
3075 1235 3472 1285 commentatus
3502 1234 3728 1298 quatuor

2130 1319 2508 1383 voluminibus,
2541 1328 2595 1373 et
2638 1334 2759 1373 cum
2795 1318 3047 1373 omnibus
3096 1317 3539 1387 philosophorum
3600 1332 3728 1372 sen-

2132 1400 2306 1461 lentiis
2377 1414 2652 1476 expertus,
2730 1407 3059 1477 corporalem
3122 1404 3310 1459 animae
3374 1404 3725 1459 substantiam

2129 1495 2388 1561 vindicat,
2428 1496 2549 1551 etsi
2602 1495 2749 1550 illam
2808 1494 3205 1551 immortalitate
3260 1493 3545 1548 fraudavit.
3606 1494 3727 1548 Non

2137 1583 2278 1638 enim
2314 1583 2551 1639 omnium
2577 1590 2657 1638 est
2693 1583 2929 1654 credere,
2965 1583 3109 1654 quod
3155 1581 3578 1638 Christianorum
3625 1592 3727 1637 est.

2136 1671 2285 1728 Sicut
2316 1687 2443 1743 ergo
2473 1672 2715 1728 Soranus
2745 1672 2861 1741 ipse
2892 1674 3053 1728 rebus
3081 1669 3314 1727 ostendit
3343 1669 3572 1724 animam
3607 1685 3729 1726 cor-

2142 1761 2413 1831 poralibus
2442 1760 2529 1829 ali,
2558 1760 2784 1832 proinde
2823 1768 2878 1815 et
2916 1761 3275 1831 philosophus
3305 1759 3545 1815 exhibeat
3574 1758 3723 1814 illam

2138 1849 2567 1920 incorporalibus
2602 1850 2770 1920 pasci.
2800 1847 2909 1905 Sed
2956 1864 3110 1904 nemo
3168 1864 3400 1919 unquam
3458 1848 3725 1902 cunctanti

2138 1939 2205 1993 de
2237 1940 2381 1994 exitu
2405 1938 2595 1993 animae
2632 1938 2858 1993 mulsam
2891 1953 3086 2008 aquam
3116 1937 3183 1991 de
3236 1936 3447 2008 eloquio
3491 1936 3731 1990 Platonis

2138 2026 2352 2093 infudit,
2411 2034 2503 2082 aut
2542 2026 2706 2081 micas
2735 2025 2801 2080 de
2847 2025 3218 2096 minutiloquio
3290 2024 3599 2079 Aristotelis
3656 2025 3731 2079 in-

2140 2115 2287 2170 fersit
2314 2114 2448 2187 (35).
2480 2114 2617 2183 Quid
2649 2125 2824 2170 autem
2868 2113 3062 2170 facient
3102 2122 3176 2170 tot
3224 2130 3287 2168 ac
3338 2121 3495 2169 tantae
3536 2112 3727 2167 anima?

2136 2203 2385 2275 rupicum
2409 2212 2461 2259 et
2486 2204 2845 2274 barbarorum
2877 2203 2923 2240 21
2960 2204 3098 2273 (36),
3139 2204 3331 2272 quibus
3370 2203 3617 2257 alimenta
3647 2219 3729 2256 sa-

2135 2292 2349 2362 pientiae
2383 2293 2607 2355 desunt,
2634 2299 2811 2346 tamen
2848 2291 3078 2346 indoctae
3110 2291 3158 2327 22
3190 2290 3467 2361 prudentia
3498 2290 3725 2360 pollent,

2136 2387 2189 2435 et
2217 2381 2333 2434 sine
2372 2378 2659 2435 academiis
2706 2389 2757 2434 et
2809 2378 3103 2448 proticibus
3150 2378 3363 2444 atticis,
3397 2386 3448 2433 et
3495 2377 3729 2433 carceri-

2136 2468 2236 2523 bus
2291 2466 2542 2531 Socratis,
2579 2465 2809 2535 denique
2848 2467 3158 2536 jejunantes
3190 2467 3528 2537 phil0$0phia
3547 2468 3616 2533 23,
3641 2468 3728 2521 ni-

2134 2555 2424 2611 hilominus
2444 2555 2652 2611 vivunt.
2681 2556 2801 2610 Non
2829 2556 2968 2611 enim
2999 2555 3306 2611 substantiae
3354 2556 3452 2626 ipsi
3490 2556 3723 2611 alimen-

2137 2652 2187 2699 ta
2220 2643 2503 2715 proﬁciunt
2532 2642 2852 2709 studiorum,
2882 2642 3060 2700 656
3090 2643 3185 2697 sed
3221 2644 3520 2716 discipliom
3562 2662 3575 2697 :
3617 2661 3726 2716 qua

2132 2750 2235 2789 nec
2269 2733 2586 2804 opimiorem
2624 2733 2857 2787 animam
2902 2730 3163 2797 efﬁciunt,
3227 2733 3321 2787 sed
3375 2734 3729 2796 ornatiorem,

2134 2824 2274 2878 Bene
2313 2830 2510 2888 autem,
2551 2823 2693 2893 quod
2741 2832 2794 2878 et
2836 2831 2977 2877 artes
3015 2822 3177 2876 Stoici
3232 2821 3533 2891 corporales
3576 2822 3727 2877 afﬁr-

2132 2921 2295 2967 mant.
2330 2911 2479 2966 Adeo
2515 2911 2591 2966 sic
2624 2927 2838 2982 quoque
2893 2909 3069 2965 anima
3126 2912 3436 2981 corporalis,
3470 2910 3587 2965 siet
3633 2929 3728 2964 ar-

433 3000 659 3069 spectui,
695 3000 916 3054 odorem
948 2999 1196 3053 odoratui
1229 3017 1242 3058 :
1287 3014 1519 3070 quorum
1569 3001 1818 3072 exemplo
1868 3003 2025 3058 etiam
2057 3001 2099 3078 ο
2132 3001 2277 3055 tibus
2306 2998 2375 3054 ali
2405 2999 2660 3055 creditur.
2690 3000 2799 3054 Sed
2828 2999 3066 3054 enormis
3107 2998 3333 3055 intentio
3369 2999 3731 3069 philosophiae

433 3086 612 3141 anima
642 3086 857 3156 corpori
902 3087 1129 3152 accedit,
1160 3102 1228 3143 ne
1256 3087 1402 3143 dicas
1440 3087 1639 3145 idcirco
1667 3104 1732 3144 ea
1763 3106 1856 3158 per
1911 3106 2031 3147 cor-

431 3175 645 3246 porales
682 3174 855 3231 655
901 3174 1196 3231 renuntiari
1246 3191 1437 3231 sensus
1487 3176 1555 3241 2ο,
1586 3177 1709 3248 quia
1738 3180 2029 3249 corporali-

432 3264 535 3318 bus
570 3262 842 3322 accedant.
870 3263 1043 3336 Igitur
1070 3263 1115 3318 si
1154 3272 1363 3320 constat
1399 3264 1753 3335 incorporalia
1810 3282 2026 3336 quoque

432 3366 465 3406 a
501 3352 873 3422 corporalibus
916 3352 1326 3423 comprehendi,
1358 3367 1455 3407 cur
1483 3368 1591 3407 non
1620 3354 1880 3419 etanima,
1902 3372 2023 3426 quae

433 3441 748 3510 corporalis,
836 3442 903 3497 ab
974 3440 1403 3511 incorporalibus
1484 3441 2021 3498 renuntietur?Certe

2140 3089 2276 3144 solet
2333 3088 2648 3160 plerumque
2704 3104 2810 3142 nec
2865 3087 3173 3157 prospicere
3206 3103 3300 3158 pro
3345 3087 3611 3157 pedibus:
3648 3089 3737 3143 sic

2137 3177 2399 3232 Thalcsin
2432 3187 2651 3246 puteum
2682 3177 2817 3247 (37).
2851 3175 2999 3230 Solet
3031 3182 3101 3241 et,
3140 3176 3433 3230 sententias
3481 3191 3586 3231 non
3645 3176 3733 3230 in-

2137 3266 2446 3340 telligendo,
2496 3264 2819 3321 valetudinis
2875 3263 3234 3334 corruptelam
3291 3262 3551 3334 suspicari
3593 3283 3606 3318 :
3648 3264 3733 3321 sic

2138 3354 2468 3425 Chrysippus
2497 3354 2561 3406 ad
2594 3352 2888 3407 elleborum
2922 3354 3059 3421 (38).
3089 3352 3213 3406 Tale
3236 3350 3473 3423 aliquod,
3506 3354 3727 3423 Opinor,

2129 3442 2177 3497 ei
2207 3441 2415 3510 accidit,
2448 3457 2573 3496 cum
2601 3441 2710 3496 duo
2744 3440 2797 3495 in
2820 3456 2986 3495 unum
3009 3440 3056 3478 24
3076 3455 3303 3513 corpora
3328 3443 3562 3513 negavit,
3591 3442 3729 3498 alie-

1898 3544 1965 3601 r'.
2040 3544 2095 3601 le
2137 3545 2233 3601 tior
2336 3587 2349 3599 .

505 3620 553 3657 ιδ
580 3618 783 3677 Moveri
834 3617 1065 3672 animam
1098 3628 1149 3672 et
1179 3620 1245 3673 ab
1277 3618 1379 3673 alio
1415 3634 1428 3682 ;
1462 3633 1582 3672 cum
1613 3539 2521 3687 vaticinitItitllrlfcumcfurilfsutique
2549 3616 2883 3673 extrinsecus
2914 3617 2979 3672 ab
3018 3617 3141 3681 alio,
3164 3627 3265 3674 etc.
3296 3620 3428 3673 Jun.
3469 3620 3511 3656 Π
3571 3620 3729 3674 Visio

432 3688 604 3762 lmen.
648 3692 817 3762 Seml.
857 3690 1076 3762 Operti}.
1114 3690 1158 3762 lt?
1187 3691 1508 3762 Terra‘l’ar.
1545 3689 1968 3762 1‘977'I‘actuivisui
2011 3692 2180 3747 Rhen.
2214 3695 2269 3745 et
2296 3692 2418 3745 alii.
2449 3690 2498 3726 2ο
2518 3687 2751 3743 Censum
2781 3691 2912 3745 Par.
2945 3690 2989 3726 ²ι
3029 3691 3301 3745 Baronum
3340 3692 3458 3762 Rig.
3512 3692 3639 3747 Ven.
3672 3691 3731 3728 22

430 3760 650 3815 lndocta
680 3761 855 3816 Rhen.
887 3760 1058 3816 Seml.
1096 3759 1315 3815 Oberlh.
1350 3759 1399 3797 2³
1436 3761 1482 3812 Α
1522 3760 1858 3831 philosophia
1879 3762 2028 3833 apud
2058 3762 2207 3819 eosd.
2238 3762 2287 3799 2"
2321 3762 2438 3814 Duo
2464 3774 2630 3814 unum
2666 3773 2892 3828 corpora
2913 3762 3038 3831 Rig.

1833 3857 2327 3926 Commentarius.

432 3934 607 4007 tiones
663 3933 1104 4007 contradictorias
1179 3933 1413 4007 medium
1444 3937 1624 3991 statuit
1679 3936 2015 4007 Septimius;

431 4006 573 4076 quod
605 4012 689 4060 est
734 4012 939 4076 tamem
970 4005 1333 4061 Aristotelicae
1365 4007 1624 4062 doctrinae
1679 4005 1854 4065 minus
1896 4025 2021 4064 con-

434 4075 653 4145 gruens.
701 4075 889 4146 Neque
939 4078 1081 4132 enim
1145 4076 1401 4132 Platonici
1456 4079 1595 4135 male
1650 4081 2016 4146 argumentari

434 4147 489 4200 in
520 4148 621 4221 hoc
648 4145 777 4221 mihi
794 4145 1078 4221 A’videntur.
1135 4150 1307 4221 Omne
1325 4164 1546 4221 corpus,
1581 4158 1684 4206 etc.
1712 4145 1837 4206 Ric.

507 4219 620 4298 (32)
643 4218 928 4298 Sigillaria
948 4220 1199 4298 metu._Si
1217 4218 1517 4298 legeremus
1534 4218 1817 4298 singulari
1837 4227 2013 4298 motu,

431 4289 609 4365 veluti
634 4289 862 4358 privato,
894 4290 1020 4360 quid
1050 4290 1173 4365 inde
1236 4289 1505 4365 aecideret
1532 4293 1559 4345 ?
1592 4289 1696 4346 Sed
1742 4294 2017 4365 sigillaria

431 4359 479 4413 si
519 4360 827 4424 retinemus,
861 4368 1066 4416 motum
1097 4362 1404 4416 interiorem
1443 4362 1685 4419 dicemus
1732 4359 1829 4418 seu
1866 4374 2020 4419 auto-

430 4437 655 4507 matum,
688 4430 817 4507 qui__
846 4432 1092 4507 artiﬁcio
1129 4433 1363 4507 quodam
1412 4439 1466 4486 et
1510 4432 1707 4507 virtute
1762 4434 2017 4507 organica

429 4499 1034 4573 perﬁcitur.ASigi|laria
1079 4499 1356 4558 icunculas
1406 4512 1459 4558 et
1512 4504 1735 4573 exiguas
1789 4499 2017 4559 déorum

430 4572 695 4642 imagines
733 4570 899 4628 fuisse
930 4582 1114 4630 notum
1160 4582 1281 4641 est;
1309 4574 1449 4630 unde
1470 4570 1743 4631 Arnobius
1778 4576 1871 4630 lib.
1904 4576 1972 4631 VI
2000 4594 2012 4630 :

433 4661 454 4691 ι
491 4641 631 4716 Quin
654 4644 760 4716 imo
781 4644 913 4699 deos
933 4661 1052 4700 esse
1067 4645 1327 4716 sigillaria
1349 4645 1463 4713 ipsa
1480 4646 1731 4701 censetis.
1757 4668 1779 4696 α
1792 4648 1866 4701 LE
1882 4648 2010 4700 Pa.»

501 4715 613 4784 (33)
640 4715 851 4771 Sorano
864 4715 1191 4773 methodiece
1209 4716 1911 4773 medicinaeinsiruct.Fuit
1932 4718 2017 4773 hic

426 4782 666 4866 Soranus
712 4786 1003 4866 Ephesius,
1059 4795 1139 4866 _ut
1194 4786 1601 4866 d_ocet_8uidas,
1635 4788 1910 4866 lilenandri
1964 4798 2015 4866 et

427 4854 656 4929 Phagbes
706 4854 866 4929 ﬁlius,
916 4856 1187 4929 ζατρεύσαςν
1213 4858 1289 4907 ἐπὶ
1319 4858 1583 4929 (Τραϊανοῦ
1620 4858 1700 4910 καὶ
1754 4858 2012 4929 Ἀδριανοῦ

420 4924 790 5006 βασρκέωγηιιί
800 4924 1292 5006 τηᾳάίεξηαιηιγθοὶε
1304 4924 1479 5006 inipp.
1496 4931 1803 5006 Trajanoet
1819 4924 2013 5006 Adfic-

425 4996 762 5070 1_zo.Plurima
798 4996 1076 5070 volumina
1125 4996 1444 5070 composuit,
1512 4996 1633 5070 quae
1699 5000 1826 5055 citat
1881 5002 2009 5055 Sui-

424 5065 716 5137 das,atque
740 5065 899 5120 etiam
930 5074 1139 5121 exstant
1166 5065 1323 5122 hodie
1353 5065 1646 5137 fragmenta
1669 5087 1861 5126 excusa
1884 5072 2009 5126 olim

424 5133 492 5214 ah
549 5133 785 5214 adriano
804 5138 1344 5214 _'_I:urnebo__:qu_i_bus
1372 5133 1540 5214 adde
1578 5142 1836 5214 Isagogen
1893 5158 2009 5197 me-

423 5204 582 5285 dendi
612 5220 761 5285 “cum
804 5207 973 5285 Plinii,
1008 5204 1243 5285 Oribasii
1265 5218 1317 5264 et
1354 5210 1564 5281 Apuleii
1615 5204 1889 5281 opusculis
1919 5230 2007 5267 re-

424 5274 574 5357 ferri.
609 5276 860 5357 Soranos_
886 5279 1022 5332 duos
1067 5274 1605 5357 exstitissenconstat,
1653 5274 1923 5357 seniorem
1955 5294 2009 5339 et

418 5349 728 5415 juniorem;
759 5349 917 5404 ambo
984 5366 1112 5405 vero
1184 5351 1252 5406 de
1300 5349 1676 5409 affectionibus
1721 5356 2008 5409 mulierum

422 5418 773 5496 scripserunt.
801 5419 1236 5496 __Supposititiar
1299 5439 1420 5481 esse
1478 5424 1775 5496 fragmenta
1817 5426 2005 5479 Sorani

421 5490 613 5566 medici
647 5505 759 5566 pro
791 5490 1072 5566 Cleopatra
1090 5493 1316 5565 quilibet
1344 5490 1713 5551 fateturfllaec
1756 5496 2010 5566 quoniam

422 5561 811 5631 turpitudinem
839 5561 1126 5639 attingunt,
1157 5566 1404 5636 exposuit
1459 5567 1534 5621 rei
1594 5561 1854 5623 Venerem
1892 5568 2009 5623 dili-

2131 3954 2265 4009 gens
2303 3944 2543 3992 scutator
2574 3934 2875 4009 Scioripius.
2903 3935 2979 3991 LE
3009 3938 3106 3992 Pa.

2136 4007 2156 4009 “
2198 4011 2307 4077 (34)
2330 4009 2576 4079 Denique
2606 4007 2957 4077 deﬁcientem
2979 4023 3103 4065 eam
3123 4009 3235 4066 cibo
3246 4011 3574 4085 plerumque
3604 4014 3730 4083 ful-

2127 4082 2252 4136 ciri.
2287 4079 2533 4134 Horatius
2565 4095 2579 4132 :

2253 4220 2486 4284 Prptinus
2517 4219 2721 4268 accedat
2748 4218 3007 4269 stomacho
3041 4220 3227 4270 fultura
3260 4224 3444 4273 ruenti.
3480 4224 3595 4275 ch.

2197 4328 2311 4399 (35)
2368 4329 2528 4402 Μίδαις
2572 4326 3076 4402 de__min.uliloquio
3108 4332 3425 4389 Aristotelis
3464 4337 3722 4402 iri/arsit.

2125 4396 2297 4454 Micas
2345 4409 2408 4473 et
2459 4396 2887 4473 minutiloquium
2917 4396 3045 4473 dicit
3072 4402 3404 4473 λεπτολογίαν,
3446 4396 3725 4460 scribendi

2125 4485 2299 4542 genus
2330 4468 3045 4542 subtile,concisum,quale
3098 4484 3180 4527 est
3234 4468 3551 4534 Aristotelis.
3602 4478 3727 4531 Ire-

2127 4539 2277 4596 neus
2311 4541 2403 4595 lib.
2462 4556 2544 4607 χι,
2577 4540 2667 4593 ubi
2698 4539 2956 4595 adversus
3015 4543 3410 4600 Valentinianos
3467 4546 3715 4603 dixerat:

2129 4635 2152 4665 ‹‹
2178 4614 2245 4687 Et
2266 4610 2694 4687 minutiloquiam
2714 4622 2925 4687 autem,
2949 4618 3004 4667 et
3023 4614 3370 4687 subtilitatem
3388 4616 3528 4671 circa
3558 4634 3722 4687 quae-

2125 4685 2352 4746 stiones,
2385 4697 2503 4736 cum
2538 4680 2605 4733 sit
2634 4680 3058 4747 Aristotelicum,
3096 4685 3293 4742 inferre
3333 4687 3458 4742 fidei
3504 4680 3717 4743 conan-

2124 4764 2231 4828 tur.
2256 4773 2280 4805 ο
2306 4754 2459 4828 Unde
2489 4750 2644 4806 etiam
2666 4754 3159 4828 nosterSeptimus,
3192 4774 3354 4828 supra
3383 4759 3448 4814 de
3474 4760 3717 4816 Praeser.

2126 4826 2262 4897 liter.
2302 4846 2327 4897 (ς
2358 4824 2609 4897 Miserum
2649 4823 3012 4897 Aristotelem,
3052 4828 3142 4897 qui
3202 4823 3314 4882 illis
3359 4829 3719 4885 Dialecticam

2123 4895 2374 4971 instituit,
2414 4891 2672 4971 artiﬁcem
2728 4896 2965 4971 struendi
2995 4891 3409 4955 ac'destruendi
3446 4902 3720 4971 versipel-

2122 4968 2225 5042 lem
2254 4967 2309 5020 in
2339 4964 2685 5042 sententiis.»
2720 4972 2822 5042 etc_.
2856 4966 3062 5022 Glossae
3107 4978 3333 5038 veteres,
3357 4964 3603 5042 λεπτότηξ
3636 4972 3720 5025 ἐπὶ

2120 5041 2399 5110 πράγματος
2428 5036 2733 5093 subtilitas.
2784 5036 2908 5091 RIG.

2190 5111 2307 5181 (36)
2323 5110 2694 5181 Barbarorum
2715 5110 2980 5179 rupicum
2999 5115 3055 5167 et
3074 5110 3374 5169 baronum.
3398 5114 3604 5171 Placuit
3629 5116 3721 5171 Pi—

2120 5178 2298 5250 those,
2314 5197 2381 5235 ex
2409 5178 2683 5233 Luciliano
2711 5194 2867 5234 versu
2900 5198 2912 5233 :

2214 5270 2466 5319 Baronum
2501 5274 2547 5315 et
2579 5265 2809 5328 rupicum
2846 5270 3087 5331 squalosa
3118 5271 3378 5322 incondita
3412 5280 3591 5322 rostra.

2117 5351 2189 5406 At
2243 5350 2297 5404 in
2343 5346 2529 5419 codice
2558 5346 2837 5419 Agobardi
2881 5348 3075 5419 legitur
3128 5353 3527 5409 Barbarorum.
3581 5354 3710 5410 Rm.

2188 5421 2302 5494 (37)
2328 5423 2415 5494 Sic
2432 5417 2637 5494 AThales
2657 5419 2720 5472 in
2749 5417 3001 5494 puteum.
3027 5420 3264 5479 Laertius
3294 5426 3356 5483 εἰς
3378 5426 3545 5494 βόθρον
3579 5425 3710 5483 ch.

2185 5491 2395 5563 (38)Sic
2415 5490 2751 5615 Chrysippus
2779 5489 2853 5545 ad
2878 5491 3199 5550 elleborum.
3231 5489 3518 5552 Lucianus.
3536 5495 3711 5551 ἑαυτόν

2185 5564 2411 5615 Ικιϐιοθίζει.
2436 5562 2499 5615 R1
2542 5602 2557 5615 .

2118 5562 2411 5636 ilhﬁopllu.
2436 5562 2557 5618 RIG.
