4016 6188
248 317 353 378 697

1600 313 1800 376 LIBER
1836 315 1921 375 DE
1958 315 2186 376 ANIMA.

3435 321 3542 382 998

249 423 399 471 natus
430 414 479 452 2⁵
509 430 541 469 a
572 421 860 485 prospectu
889 424 942 472 et
965 415 1260 489 recogitata
1289 421 1688 488 przegnantum,
1725 430 1846 486 quae
1876 429 1923 509 Α
1957 431 2066 471 non
2103 423 2318 486 caperet
2349 416 2529 491 imago
2578 416 2769 472 animae
2805 419 3095 489 imaginem
3140 420 3411 492 corporis:
3446 437 3543 477 nec

247 520 351 561 non
376 502 601 575 singula
628 502 868 574 quotidie
895 519 1138 575 corpora,
1174 503 1271 558 sed
1301 513 1352 559 et
1380 504 1507 559 bina
1535 514 1587 559 et
1616 513 1766 559 terna
1795 504 1845 543 26

240 596 291 649 in
329 593 491 649 unius
519 592 658 647 uteri
683 593 889 648 ambitu
927 592 1207 663 preferunt
1234 594 1303 650 28.
1336 592 1613 649 Invenitur
1664 594 1829 649 etiam

243 684 294 739 in
320 683 449 752 jure
515 680 659 739 civili
689 679 879 737 Graeca
911 681 1161 752 quaedam
1207 682 1516 755 quinionem
1547 682 1702 739 enixa
1734 682 1846 754 (39)

242 771 501 840 ﬁliorum,
540 770 707 826 semel
752 769 992 826 omnium
1040 777 1236 840 mater,
1267 771 1412 827 unici
1452 769 1614 827 {cetus
1642 787 1845 843 parens

241 858 550 930 multiplex,
578 856 724 914 unici
764 857 903 914 uteri
941 874 1211 929 puerpera
1254 874 1562 931 numerosa,
1600 876 1721 931 quae
1771 866 1847 915 tot

236 949 434 1020 stipata
462 945 804 1018 corporibus,
850 961 990 1017 pene
1028 946 1262 1002 dixerim
1308 948 1509 1020 pepulo
1550 951 1685 1018 (40),
1724 964 1842 1005 sex-

237 1045 353 1092 tum
381 1035 502 1108 ipsa
528 1050 729 1107 corpus
753 1034 873 1090 fuit.
913 1035 1172 1092 Universa
1197 1037 1434 1094 conditio
1462 1039 1575 1108 (41)
1622 1036 1842 1093 testabi-

235 1134 343 1193 tur,
371 1138 606 1197 corpora
632 1124 700 1180 de
727 1124 1048 1196 corporibus
1078 1140 1399 1197 processura
1424 1128 1537 1197 jam
1568 1126 1674 1183 illic
1701 1142 1836 1194 esse,

235 1213 381 1268 unde
411 1211 749 1283 procedunt:
792 1213 1086 1269 secundum
1120 1213 1188 1267 sit
1217 1229 1435 1269 necesse
1471 1222 1573 1281 est,
1605 1214 1749 1287 quod
1778 1230 1841 1269 ex

234 1301 341 1355 alio
369 1309 487 1357 est:
531 1300 664 1355 nihil
704 1314 869 1371 porro
897 1316 961 1356 ex
989 1300 1095 1358 alio
1134 1308 1235 1372 est,
1268 1301 1372 1357 nisi
1405 1302 1533 1359 dum
1562 1301 1837 1375 gignitur:

232 1390 326 1445 sed
359 1399 490 1447 tunc
516 1389 570 1428 ²⁸
595 1388 707 1445 duo
735 1396 882 1445 sunt.

843 1529 1074 1587 CAPUT
1117 1530 1234 1586 VII.

303 1658 580 1725 Quantum
628 1656 694 1712 ad
725 1655 1093 1728 philosOphos,
1145 1655 1273 1712 satis
1316 1656 1469 1728 haec;
1505 1655 1629 1728 quia
1659 1670 1832 1727 quan-

232 1752 349 1803 tum
387 1745 458 1801 ad
494 1752 733 1816 nostros,
774 1760 839 1800 ex
885 1745 1198 1812 abundanti,
1249 1743 1442 1817 quibus
1489 1743 1840 1816 corporalitas

234 1835 436 1890 animae
472 1834 527 1888 in
556 1835 674 1906 ipso
701 1834 1000 1907 Evangelio
1026 1832 1311 1891 relucebit.
1351 1833 1511 1889 Dolet
1539 1832 1681 1905 apud
1707 1832 1841 1888 infe-

236 1937 337 1977 ros
383 1921 561 1978 anima
601 1920 896 1991 cujusdam,
947 1921 1173 1993 punitur
1201 1920 1255 1975 in
1283 1920 1521 1989 ﬂamma,
1552 1929 1606 1976 et
1632 1921 1839 1978 crucia-

237 2016 333 2064 tur
362 2009 419 2064 in
445 2009 645 2082 lingua,
672 2016 724 2064 et
764 2009 834 2065 de
881 2007 1052 2081 digito
1098 2008 1292 2065 animm
1329 2008 1588 2067 felicioris
1644 2009 1870 2081 implo-.

232 2104 324 2153 rat
355 2097 607 2154 solatium
636 2096 794 2153 roris.
832 2097 1124 2169 Imaginem
1170 2097 1444 2154 existimas
1482 2097 1589 2170 (£2)
1638 2098 1839 2154 exitum
1870 2152 1875 2161 ,

226 2183 390 2240 illum
432 2185 686 2257 pauperis
730 2184 961 2241 laztantis
1007 2182 1169 2241 657
1218 2194 1273 2240 et
1308 2185 1490 2242 divitis
1517 2187 1840 2243 maerentis?

226 2275 295 2330 Et
340 2274 477 2345 quid
513 2272 625 2330 illic
668 2273 849 2329 Lazari
900 2289 1099 2331 nomen
1147 2274 1283 2345 (43),
1312 2276 1359 2331 si
1389 2290 1496 2330 non
1526 2275 1582 2330 in
1612 2276 1840 2332 veritate

228 2377 321 2418 res
351 2363 486 2418 est?
516 2362 621 2418 Sed
650 2363 755 2417 etsi
780 2363 965 2436 imago
1010 2363 1281 2419 credenda
1322 2373 1425 2434 est,
1470 2364 1838 2420 testimonium

223 2449 328 2507 erit
376 2450 639 2508 veritatis.
683 2451 742 2506 Si
788 2451 933 2506 enim
981 2465 1089 2507 non
1135 2452 1356 2510 haberet
1399 2451 1575 2508 anima
1620 2467 1835 2523 corpus,

1956 504 2271 561 mentiretur
2316 505 2385 559 de
2430 504 2802 576 corporalibus
2852 510 3110 563 membris
3141 509 3451 582 Scriptura,
3495 512 3541 565 si

1951 609 2061 650 non
2102 601 2274 649 erant.
2327 593 2468 664 Quid
2515 603 2597 649 est
2626 602 2807 649 autem
2838 594 2966 650 illud
3015 598 3159 669 quod
3214 600 3279 653 ad
3326 598 3540 654 inferna

1950 683 2264 738 transfertur
2294 690 2416 753 post
2441 683 2730 738 divortium
2750 683 2994 753 corporis
3016 684 3043 738 ἱ)
3070 685 3215 756 quod
3242 685 3542 743 detinetur?

1950 771 2169 842 quodin
2189 770 2335 827 diem
2357 770 2550 841 judicii
2579 779 2883 829 reservatur
2901 772 2929 827 ?
2956 772 3024 827 ad
3042 773 3190 844 quod
3217 780 3270 829 et
3298 774 3544 831 Christus

1950 860 2229 925 moriendo
2251 861 2578 918 descendit?
2598 863 2735 933 puto
2767 861 2832 915 ad
2860 861 3067 917 animas
3093 862 3542 925 Patriarcharum;

1950 949 2053 1005 Sed
2090 951 2460 1021 quamobrem,
2493 951 2540 1006 si
2587 949 2720 1005 nihil
2768 949 2945 1005 anima
2985 952 3088 1008 sub
3134 951 3292 1006 terris
3320 953 3348 1006 ἲ
3394 952 3539 1007 Nihil

1950 1039 2112 1106 enim,
2144 1037 2189 1093 si
2228 1053 2338 1094 non
2384 1054 2582 1111 corpus
2630 1039 2742 1110 (44)
2774 1057 2786 1094 :
2828 1038 3242 1111 incorporalitas
3280 1040 3424 1097 enim
3475 1043 3543 1097 ab

1949 1125 2097 1182 omni
2134 1141 2333 1196 genere
2365 1126 2622 1182 custodiae
2649 1127 2822 1183 libera
2869 1135 2973 1197 est,
3015 1127 3270 1185 immunis
3318 1144 3347 1183 a
3378 1146 3542 1201 paena

1949 1222 2002 1271 et
2032 1231 2063 1269 a
2103 1214 2292 1271 fovela.
2316 1216 2416 1271 Per
2446 1215 2593 1287 quod
2624 1216 2767 1272 enim
2795 1216 3021 1289 punitur
3039 1226 3134 1273 aut
3170 1215 3404 1284 fovetur,
3433 1218 3543 1274 hoc

1945 1302 2048 1359 erit
2084 1318 2312 1374 corpus;
2345 1304 2563 1360 reddam
2594 1306 2661 1361 de
2700 1305 2805 1362 isto
2835 1306 3048 1376 plenius
3077 1313 3131 1362 et
3158 1306 3537 1380 opportunius.

1944 1393 2119 1459 Igitur
2145 1392 2190 1448 si
2221 1392 2347 1463 quid
2375 1394 2625 1450 tormenti
2665 1394 2779 1451 sive
2825 1395 3002 1451 solatii
3030 1394 3207 1449 anima
3255 1396 3543 1467 praecerpit

1943 1482 1993 1520 29
2029 1480 2085 1535 in
2114 1496 2332 1537 carcere
2360 1498 2455 1537 seu
2484 1482 2787 1539 diversorio
2815 1483 3069 1551 inferum,
3105 1483 3159 1538 in
3190 1482 3325 1557 igni,
3356 1485 3439 1539 vel
3487 1485 3541 1539 in

1945 1571 2069 1626 sinu
2097 1571 2346 1637 Abrahae,
2383 1571 2613 1641 probata
2649 1574 2750 1627 erit
2787 1572 3145 1642 corporalitas
3190 1571 3403 1628 animae.
3463 1572 3545 1626 Iu-

1944 1657 2295 1729 corporalitas
2322 1657 2464 1712 enim
2496 1657 2627 1712 nihil
2648 1658 2872 1728 patitur,
2903 1672 3013 1713 non
3032 1659 3235 1714 habens
3265 1675 3361 1729 per
3396 1658 3542 1729 quod

1948 1747 1997 1784 30
2014 1744 2127 1817 pati
2147 1744 2347 1815 possit:
2380 1752 2472 1799 aut
2490 1745 2533 1800 si
2565 1746 2747 1813 habet,
2781 1747 2886 1802 hoc
2914 1747 3015 1802 erit
3042 1761 3256 1816 corpus.
3278 1747 3342 1802 In
3363 1762 3537 1819 quan-

1950 1843 2061 1890 tum
2090 1832 2232 1890 enim
2271 1847 2431 1889 omne
2458 1832 2764 1905 corporale,
2804 1833 3057 1903 passibile
3085 1843 3199 1902 est;
3221 1833 3277 1889 in
3306 1841 3539 1904 tantum,

1945 1922 2089 1995 quod
2120 1921 2376 1993 passibile
2405 1928 2508 1987 est,
2543 1921 2824 1993 corporale
2852 1928 2953 1976 est.

2540 2061 2767 2118 CAPUT
2805 2062 2945 2117 Vill.

2017 2187 2321 2258 Abruptum
2379 2184 2620 2258 alioquin
2668 2193 2723 2242 et
2784 2185 3104 2256 absurdum,
3156 2184 3356 2243 idcirco
3412 2188 3543 2259 quid

1945 2278 2013 2334 de
2042 2270 2401 2348 corporalium
2431 2275 2667 2332 eximere
2706 2289 2894 2340 censu,
2934 2276 3062 2346 quia
3102 2274 3314 2333 caeteris
3343 2292 3542 2347 corpo-

1946 2367 2154 2422 ralibus
2199 2362 2458 2434 exemplis
2506 2377 2614 2419 non
2651 2362 2949 2435 adeequet;
3003 2362 3097 2418 ubi
3142 2364 3547 2437 praprietatum

1946 2452 2152 2524 privata
2183 2450 2495 2507 discrimina
2523 2449 2660 2523 (45),
2691 2467 2790 2524 per
2834 2466 2956 2522 quae
2994 2450 3397 2525 magniﬁcentia
3443 2470 3540 2509 au-

298 2620 351 2698 ?5
383 2618 638 2698 Alienati!
657 2621 816 2698 _Jun.
846 2620 1076 2698 alienate
1121 2621 1296 2680 Rhen.
1325 2622 1375 2661 26
1421 2541 1817 2679 Τθιοιθιιξῗίέῗ

1948 2553 2222 2678 ’ῗὲτξῗθῗεῗιιιῐ
2248 2624 2379 2679 Par.
2414 2622 2464 2660 2⁸
2497 2620 2603 2678 Sed
2642 2628 2767 2677 tunc
2822 2619 2977 2676 abest
3008 2622 3131 2693 Rig.
3181 2621 3231 2661 39
3286 2621 3541 2698 Praecepit

227 2692 358 2764 Rig.
414 2692 543 2747 Ven.
575 2691 626 2730 ³ο
657 2692 758 2748 Per
784 2695 942 2750 omit.
988 2697 1115 2752 Ven.

1635 2763 1681 2827 C
1722 2786 1779 2827 n1

297 2842 417 2924 (39)
441 2842 641 2900 Inveni
648 2847 745 2924 lar
759 2845 936 2937 etigm
964 2846 1025 2900 in
1036 2846 1171 2937 iure
1191 2843 1349 2937 cigili
1363 2844 1562 2937 ‘Grazca
1576 2785 1835 2937 ᾳμὲἀέιὲ

1948 2785 2033 2827 ari
2095 2788 2129 2827 '.

1948 2787 2557 2937 perﬁde-lineationem,
2578 2841 3033 2937 lumbratilesqtle
3058 2857 3252 2937 sensps
3287 2858 3350 2899 ac
3387 2845 3537 2937 colo:

224 2915 793 2985 quinionemgenicva.
834 2916 953 2971 Non
981 2914 1213 2971 arbitror
1250 2914 1567 2985 Septimium
1583 2914 1701 2971 ‘hoc
1731 2918 1830 2970 ha-

220 2983 358 3039 bere
389 3000 456 3040 ex
485 2983 630 3041 Julio
670 2984 853 3053 Paulo,
903 3001 1028 3042 cum
1067 2986 1112 3041 is
1157 2983 1434 3042 diversum
1477 3000 1701 3040 numero
1741 2986 1828 3040 fe-

222 3061 341 3128 tum
374 3055 594 3128 referat,
626 3053 717 3111 lib.
748 3070 831 3110 ιιι.
864 3055 922 3111 Si
970 3072 1095 3128 pars
1141 3056 1327 3113 hered.
1374 3065 1538 3126 peta.,
1579 3055 1830 3111 nimirum

218 3125 522 3197 quinquies
580 3125 869 3197 quaternos
924 3125 1136 3182 enixam
1190 3128 1242 3182 in
1302 3125 1711 3196 Pel0ponneso.
1774 3128 1830 3181 lu

220 3195 397 3265 cujus
431 3195 645 3251 numeri
684 3195 963 3253 mentione
1010 3197 1208 3254 Paulus
1248 3212 1280 3250 a
1329 3195 1501 3252 Plinio
1540 3197 1826 3266 discrepat.

219 3266 449 3348 ﬁte-nim
489 3265 542 3320 in
570 3282 651 3321 vn
690 3267 822 3347 Nat:
875 3268 1007 3323 hist.
1041 3269 1118 3348 sic
1164 3267 1393 3348 legimus
1419 3265 1746 3348 :AReperitur
1776 3276 1829 3348 et

221 3335 285 3421 in
314 3337 700 3421 _Peloponneso
729 3338 927 3410 quinos
954 3347 1140 3421 quater
1160 3335 1342 3421 enixa.
1375 3356 1402 3387 ι
1432 3335 1591 3418 Quod
1621 3353 1688 3392 ex
1714 3337 1831 3392 Ari-

218 3409 428 3479 stotele
454 3408 730 3479 sumptum
750 3408 879 3465 esse
918 3408 1137 3465 minime
1184 3408 1603 3479 adﬁrmaverim,
1647 3424 1831 3479 quam.

220 3479 320 3553 vis
340 3478 563 3553 dixefit,
584 3478 848 3553 ᾅνὰ-πέγτε
869 3480 966 3553 γὰρ
995 3481 1147 3549 ἔτεκε,
1162 3481 1243 3534 καὶ
1267 3478 1331 3533 τὰ
1345 3480 1519 3553 ⁸ιπεφλλρι
1547 3478 1719 3553 culta!
1730 3478 1829 3540 ἐξε-

218 3551 413 3630 τράφης
447 3549 658 3605 Etenim
687 3548 1043 3630 P_elopo:nn_esi
1074 3567 1179 3630 non
1199 3548 1456 3630 meminit.
1478 3550 1586 3630 Sed
1606 3559 1660 3630 e_t
1686 3550 1832 3606 Stra-

222 3620 301 3692 bo
335 3620 500 3676 etiam
529 3637 593 3677 ex
633 3620 833 3692 eodem
869 3622 1161 3678 Aristotele
1196 3621 1352 3692 aliter
1397 3628 1596 3692 narrat,
1638 3621 1691 3675 in
1721 3636 1827 3692 xv;

223 3691 398 3747 aliter
439 3691 684 3764 Agellius
711 3690 766 3764 in
804 3708 864 3749 χ.
894 3693 1141 3764 Denique
1175 3691 1667 3764 Aristotelesﬂipse,
1696 3690 1831 3764 libro

225 3778 400 3833 quem
453 3762 623 3831 supra
677 3762 978 3833 citavimus,
1010 3762 1197 3819 eadem
1249 3762 1315 3817 de
1360 3778 1417 3817 re
1456 3762 1561 3817 alio
1603 3778 1663 3818 se
1710 3763 1829 3819 loco

223 3833 441 3905 dixisse
468 3845 876 3900 commemorat,
907 3835 996 3905 qui
1023 3835 1175 3890 locus
1214 3833 1381 3905 hodie
1426 3848 1536 3888 non
1567 3843 1824 3905 apparet.

226 3903 405 3959 Gaius
430 3904 527 3959 lib.
569 3918 588 3957 ι
633 3906 790 3962 Fidei
818 3903 1182 3972 conimissor.,
1210 3914 1268 3959 ut
1297 3903 1527 3959 refertur
1562 3903 1617 3958 in
1644 3903 1738 3959 lib.
1770 3919 1831 3960 ιιι

227 3978 307 4031 De
336 3974 453 4032 reb.
487 3973 692 4041 dubiis,
722 3983 774 4031 et
798 3976 1040 4031 Julianus
1069 3976 1162 4031 lib.
1192 3990 1369 4031 xxxvr
1398 3976 1473 4032 De
1501 3976 1827 4032 solutionib.

228 4045 379 4119 idem
418 4046 639 4119 omnino
677 4047 746 4101 de
776 4046 1137 4119 Alexandrina
1165 4046 1389 4119 muliere
1416 4045 1653 4112 tradunt,
1683 4047 1828 4119 quod

228 4116 322 4172 hic
348 4116 646 4188 Septimius
672 4125 857 4172 noster
883 4118 951 4172 de
988 4118 1196 4174 Graaca.
1230 4117 1355 4171 Illa.

308 4185 514 4259 (ωὶίτι
534 4189 668 4259 jure
688 4188 864 4259 civili.
886 4189 945 4242 In
965 4189 1474 4244 Jurisconsultorum
1502 4185 1671 4259 libris,
1695 4202 1833 4259 quos

232 4257 314 4330 ita
342 4257 509 4311 citare
535 4256 725 4313 solent
769 4258 930 4314 etiam
974 4269 1184 4316 veteres
1237 4256 1591 4330 grammatici.
1635 4256 1836 4330 Auctor

240 4325 452 4403 Quaestt
484 4331 580 4403 lng
604 4343 679 4403 τε
713 4330 938 4403 Legitur
977 4345 1213 4403 namque
1240 4325 1469 4403 cautum
1514 4328 1568 4382 in
1597 4329 1832 4403 quodam

225 4395 377 4471 iuris
394 4397 573 4454 libello
603 4395 891 4471 aliquando
918 4395 1194 4457 mulierem
1224 4399 1465 4471 quinque
1490 4395 1781 4470 peperisse.
1801 4418 1825 4453 ι

233 4469 640 4554 Rta.—Unitis
670 4469 822 4528 uteri
842 4487 1122 4554 puerpera
1150 4469 1843 4554 numerasa,;quce_tot.‘sti-

224 4545 373 4625 pata
420 4541 733 4625 coporibus,
762 4540 909 4624 pene
938 4540 1439 4625 digerimﬂpop‘ulo‘.
1473 4540 1564 4625 Sic
1594 4541 1842 4625 Manilius

228 4616 458 4696 Astron.
484 4611 536 4668 ι.
572 4612 644 4696 de
676 4611 992 4696 tergeminis
1032 4611 1263 4696 ﬂoratiis
1284 4611 1480 4696 ‘dixith
1512 4612 1647 4696 Tata
1693 4612 1841 4696 acies

266 4685 459 4740 artus.
495 4712 569 4722 —
593 4682 730 4738 Nam
763 4682 834 4739 ita
871 4685 1157 4756 legendum
1187 4682 1519 4754 exemplaria
1550 4690 1838 4738 testantur.

275 4768 359 4808 IG.

302 4824 424 4895 (41)
462 4825 728 4882 Πηίυενεα
755 4824 1021 4898 conditio.
1054 4824 1324 4898 Quidquid
1353 4841 1384 4881 a
1406 4826 1525 4881 Deo
1553 4823 1835 4881 conditum

222 4904 587 4967 creatumque
615 4905 712 4952 est.
750 4897 871 4951 Βία.

327 4966 429 5038 42)
462 4965 771 5038 Ihtaglnem
802 4967 1129 5023 existimas.
1163 4965 1497 5023 Parabolam.
1528 4968 1653 5022 Pas.
1688 5000 1725 5038 _A

327 5036 429 5109 43)
465 5038 533 5109 Et
554 5036 688 5108 quid
718 5040 922 5109 [μακανὶ
949 5054 1178 5094 nomen.
1206 5039 1266 5093 In
1296 5038 1427 5109 eod.
1450 5036 1724 5109 Agobardi
1753 5037 1832 5109 le-y

222 5106 413 5180 gitur,
445 5106 681 5164 Elaeari
723 5107 991 5163 Cteterum
1030 5110 1219 5164 eodem
1267 5125 1332 5165 ex
1380 5106 1602 5165 historia
1651 5108 1829 5163 Lazari

223 5181 881 5260 argumento_lrenaeus_,
940 5180 1081 5260 circa
1150 5194 1470 5260 corporeum
1529 5180 1829 5260 .quemdam

222 5248 431 5305 animus
506 5249 749 5306 habitum
823 5251 1065 5320 ejusdem
1130 5248 1261 5305 cum'
1320 5248 1580 5320 Septimio
1647 5258 1828 5305 nostro

196 5320 512 5376 sententia;
560 5336 681 5378 esse
731 5321 945 5378 videtur
988 5321 1087 5378 lib.
1144 5336 1206 5387 ιι,
1248 5337 1367 5391 cap.
1417 5323 1486 5375 62
1532 5327 1587 5375 et
1625 5323 1714 5375 63.
1766 5320 1830 5375 Et

223 5392 613 5465 tamensolus
653 5393 885 5465 vapulat
918 5391 1230 5465 Septimius.
1263 5392 1468 5465 Credo,
1510 5391 1655 5465 quod
1704 5391 1826 5447 elo-

215 5462 360 5534 quio
407 5463 694 5534 disertiore
724 5462 1040 5521 _notabilem
1076 5479 1137 5518 se
1175 5462 1319 5520 fecit.
1368 5463 1593 5534 Rtat—
1621 5463 1827 5534 Perpe-

218 5533 354 5607 rarn
411 5533 500 5607 hic
545 5535 752 5607 irean
812 5535 1066 5607 tribuitur
1119 5548 1292 5599 error,
1332 5548 1440 5607 quo
1475 5533 1835 5607 Tertullianus

224 5603 344 5659 sibi
386 5603 601 5677 efﬁngit
655 5605 941 5664 animabus
995 5603 1365 5665 inhaerescere'
1387 5605 1659 5679 quandam
1711 5619 1834 5662 cor-

1940 2912 2028 2970 res
2084 2915 2293 2981 aerios;
2350 2913 2519 2970 voluit
2578 2922 2783 2969 tantum
2840 2912 3098 2982 Irenaeus,
3156 2912 3410 2984 idemque
3482 2925 3536 2972 et

1939 2986 2094 3042 multi
2138 2994 2416 3056 posterum
2458 2985 2648 3056 volunt
2696 2984 2876 3056 inesse
2918 2985 2971 3039 in
3006 2984 3277 3053 mentibus
3337 2985 3532 3042 huma-

1939 3057 2044 3123 nis,
2095 3055 2258 3112 etiam
2314 3058 2369 3111 in
2425 3055 2563 3110 cmlo
2629 3055 2972 3128 degentibus,
3027 3064 3202 3128 certos
3272 3058 3531 3128 quosdam

1938 3134 2237 3199 caracteres
2283 3136 2336 3183 et
2392 3133 2598 3199 certum
2645 3126 3236 3199 quemdamuordinem
3288 3126 3535 3199 corporis

1939 3196 2304 3269 superstitem,
2336 3195 2535 3269 quibus
2554 3197 2622 3249 ab
2634 3195 2755 3269 aliis
2782 3195 3085 3269 spiritibus,
3118 3214 3316 3269 nempe
3341 3195 3409 3254 ab
3437 3216 3534 3255 an-

1938 3266 2095 3338 gelis,
2146 3266 2369 3321 animae
2398 3268 2646 3321 humanae
2688 3266 3111 3338 distinguantur.
3169 3266 3408 3338 Idipsum
3450 3278 3535 3326 est

1936 3338 2083 3409 quod
2112 3347 2266 3394 vocat
2295 3338 2550 3409 Irenaeus
2574 3338 2959 3409 characterem
2980 3340 3227 3409 corporis
3257 3343 3313 3394 et
3357 3339 3534 3397 homi-

1937 3407 2029 3467 nis
2056 3410 2324 3481 ﬁguram.
2356 3409 2503 3481 Haec,
2530 3407 2703 3463 fusius
2741 3408 2805 3461 D.
2848 3407 3087 3463 Massuet’
3124 3408 3344 3481 adgloc.
3386 3411 3531 3466 citat.

1937 3496 2000 3536 ac
2027 3479 2333 3550 praesertim
2369 3479 2424 3534 in
2455 3480 2670 3534 dissert.
2705 3493 2803 3534 sua
2832 3481 2885 3545 3,
2926 3486 3025 3533 art.
3068 3483 3157 3534 ll.
3189 3479 3326 3534 Enn.

2011 3550 2126 3621 (44)
2138 3551 2294 3623 Νἱζιίι
2312 3552 2467 3623 enim
2484 3552 2705 3623 anima,
2716 3552 2785 3623 _si
2810 3565 2923 3606 non
2941 3566 3163 3622 corpus.
3197 3550 3536 3623 Augustinus

1940 3620 2119 3679 notat:
2158 3642 2181 3673 α
2214 3621 2461 3693 Denique
2509 3620 2865 3693 Tertullianus
2905 3620 3104 3693 corpus
3138 3620 3367 3676 animam
3413 3638 3534 3678 esse

1940 3693 2189 3761 credidit,
2223 3707 2330 3748 non
2361 3691 2431 3748 δι)
2455 3693 2625 3756 aliud,
2657 3692 2759 3746 nisi
2787 3691 2930 3762 quod
2977 3707 3099 3746 eam
3153 3693 3535 3762 incorpoream

1939 3765 2180 3837 cogitare
2208 3780 2316 3820 non
2345 3762 2536 3837 potuit,
2566 3770 2623 3817 et
2651 3761 2979 3837 ideoAtimuit
3007 3777 3073 3837 ne
3095 3761 3238 3837 _nihil
3271 3761 3438 3837 eSSet,
3483 3764 3531 3819 si

1938 3832 2158 3962 animus,
2206 3855 2229 3886 ι
2264 3832 2368 3890 θιιί.
2399 3834 2517 3890 Lib.
2547 3851 2611 3902 χ,
2644 3833 2712 3891 de
2762 3834 2956 3891 Genesi
2982 3832 3050 3887 ad
3095 3833 3177 3888 lit.
3210 3834 3313 3890 sub
3348 3833 3532 3891 ﬁnem.

1991 3922 2065 3962 ιο.

1991 3922 2065 3963 lG.
3534 3922 3537 3927 ’

2009 3977 2134 4050 (45)-
2173 3977 2487 4050 Abruptum
2533 3977 2791 4049 alioquin
2856 3979 2912 4030 et
2959 3974 3287 4050 absurdum,
3332 3976 3543 4050 ideirco

1939 4049 2071 4119 quid
2099 4048 2167 4105 de
2213 4048 2593 4120 corporalium
2630 4048 2878 4120 einimere
2907 4063 3095 4120 censu,
3139 4049 3272 4120 quia
3319 4049 3542 4106 casteria

1939 4117 2319 4201 corporalibus
2334 4120 2735 4201 ememplispon
2744 4118 3125 4201 adaequetmbi
3134 4117 3546 4201 proprietatem

1866 4193 1911 4270 υ
1937 4188 2167 4270 priuata
2205 4188 2679 4270 ἀίδοζὶτηξηὶιτβξι
2714 4189 2860 4270 quod
2879 4188 3149 4270 miremur
3178 4188 3542 4270 Augustinum

1943 4257 2065 4330 post
2094 4260 2206 4313 haec
2234 4260 2400 4313 verba
2422 4258 2691 4338 Septimio
2721 4257 2902 4338 nostro
2922 4328 2933 4338 .
2942 4257 3298 4338 nihilominus
3348 4259 3549 4338 acerbe

1940 4327 2257 4385 succensere
2291 4345 2305 4382 :
2350 4348 2373 4379 α
2416 4327 2555 4397 Quia
2591 4343 2741 4398 sane,
2774 4327 2979 4398 inquit,
3029 4329 3284 4398 quoniam
3354 4337 3547 4383 acutus

1952 4408 2048 4467 est,
2092 4398 2359 4454 interdum
2406 4396 2594 4454 centra
2640 4396 2951 4467 opinionem
2978 4396 3133 4451 suam
3170 4398 3283 4451 visa
3320 4399 3545 4457 veritate

1952 4465 2252 4542 superatur.
2300 4467 2450 4542 Quid
2489 4467 2635 4542 enim
2671 4465 2849 4542 verius
2885 4465 3066 4523 dicere
3124 4467 3318 4542 potuit,
3376 4486 3547 4542 quam

1951 4536 2181 4611 id'quod
2210 4541 2282 4595 ait
2309 4536 2546 4612 quodam
2594 4538 2751 4593 loco:
2803 4536 2979 4593 Omne
3017 4536 3296 4612 corporale
3360 4536 3545 4612 passi-

1950 4608 2064 4667 bile'
2093 4613 2219 4668 est?
2250 4608 2447 4667 Debuit
2475 4625 2605 4679 ergo
2632 4615 2839 4664 mutare
2862 4608 3205 4679 sententiam,
3249 4608 3545 4680 qua‘paulo

1948 4683 2204 4753 superius
2250 4682 2457 4738 dixerat
2503 4681 2666 4753 etiam
2714 4681 3139 4753 Deum_corpus
3184 4679 3324 4753 esse.
3358 4679 3547 4753 Neque

1946 4748 2093 4809 enim
2121 4753 2355 4809 arbitror
2399 4767 2522 4808 eum
2578 4751 2654 4806 ita
2707 4748 3175 4820 desipuisse,rut
3229 4749 3389 4820 etiam
3445 4751 3548 4804 Dei

1947 4832 2190 4880 naturam
2235 4824 2547 4895 passibilem
2584 4819 2854 4895 crederet.
2882 4841 2914 4895 ν»
2962 4819 3209 4895 Profecto
3245 4819 3391 4895 enirn
3445 4821 3549 4875 hoc

1944 4897 2116 4953 voluit
2143 4890 2462 4966 Septimius,
2505 4896 2712 4949 animas
2765 4892 3005 4966 quidem,
3035 4908 3097 4966 ac
3150 4892 3323 4966 Deum
3367 4890 3547 4962 ipsum

1945 4982 2066 5023 esse
2105 4963 2357 5038 corpora,
2388 4966 2483 5038 sed
2513 4981 2742 5037 corpora
2771 4963 2853 5038 sui
2882 4963 3121 5038 generis,
3151 4964 3255 5038 hoc
3286 4968 3392 5032 est,
3423 4978 3547 5038 cum

1940 5054 2158 5093 suarum
2204 5033 2627 5108 'proprietaturm'
2722 5033 2927 5106 private
3021 5034 3351 5108 discrimine.
3430 5033 3552 5104 Quo

1940 5124 2074 5164 sane
2103 5105 2427 5191 signiﬁcavit
2474 5107 2603 5191 talia
2658 5105 2731 5162 se
2763 5121 3008 5191 corpora.
3047 5105 3371 5191 intelligere,
3429 5122 3551 5191 quae

1939 5196 2039 5236 nec
2094 5176 2289 5252 animae
2341 5178 2604 5252 dignitati,
2658 5193 2761 5234 nec
2814 5176 3090 5246 majestati
3141 5176 3339 5252 divinae
3382 5176 3547 5250 quid-

1937 5265 2101 5324 quam
2148 5250 2423 5324 ofﬁciantf
2440 5252 2627 5321 Itaque
2654 5264 2771 5324 nec
2817 5256 3109 5324 prepterega
3146 5250 3246 5324 Dei
3298 5256 3547 5303 naturam

1935 5320 2433 5399 essepassibilem,
2453 5320 2696 5391 quamvis
2727 5329 3014 5399 prppterea
3040 5320 3111 5375 sit
3136 5322 3327 5399 animus
3356 5331 3549 5399 natura

1937 5390 2230 5465 passibilis.
2280 5390 2495 5450 Etenim
2546 5408 2667 5449 esse
2721 5390 3164 5465 animaagcorpus
3217 5390 3303 5446 sui
3329 5390 3549 5460 generis

1940 5463 2037 5539 per
2061 5467 2209 5539 quod
2229 5466 2467 5539 patiatur
2493 5483 2508 5535 ;
2541 5480 2660 5539 esse
2694 5472 2896 5539 _aut_em
2925 5463 3041 5519 Deo
3071 5476 3284 5539 quoque
3348 5474 3550 5528 corpus

1942 5531 2024 5662 ῗιί
2053 5531 2291 5611 generis,
2312 5539 2418 5594 hoc
2433 5531 2516 5594 est
2539 5535 2731 5607 divini,
2751 5537 2996 5606 adeoque
3021 5531 3291 5606 passionis
3333 5544 3548 5601 expers.

1995 5623 2072 5662 ια.

1995 5623 2072 5664 ια.
