4016 6188
289 332 383 393 701

1643 330 1838 391 LIBER
1876 329 1957 389 DE
1996 331 2224 390 ΑΝΙΜΑ.

3478 323 3582 383 702

287 459 502 514 rismata
549 457 758 521 sortita,
827 472 964 527 quas
1017 456 1075 510 in
1124 455 1352 512 ecclesia
1409 457 1550 512 inter
1607 457 1880 514 Dominica
1915 475 1960 554 Α
1995 460 2129 515 ritus
2157 458 2368 514 tradux.
2416 455 2718 528 Siquidem,
2770 473 2878 528 prae
2919 456 3034 525 ipsa
3080 454 3355 511 tenuitatis
3409 451 3584 508 subti-

287 547 546 605 solemnia
564 563 662 619 per
689 546 923 603 exstasin
952 543 1141 602 660
1165 546 1220 602 in
1251 545 1444 616 spiritu
1479 546 1716 617 patitur:
1751 563 1880 604 con-

292 646 540 695 versatur
568 652 690 691 cum
719 634 951 707 angelis,
975 635 1271 706 aliquando
1299 635 1462 691 etiam
1481 653 1607 693 cum
1627 636 1877 705 Domino,

290 735 343 782 et
371 725 517 781 videt
557 733 610 779 et
657 724 806 778 audit
856 731 1209 795 sacramenta,
1271 724 1383 793 (δεῖ)
1425 734 1478 780 et
1525 725 1881 795 quorumdam

287 813 456 871 corda
519 813 792 884 dignoscit
829 812 972 883 (56),
1015 820 1068 867 et
1100 813 1402 868 medecinas
1456 812 1886 868 desiderantibus

289 901 573 957 submittit.
606 901 676 955 37.
715 901 832 955 lam
862 915 1011 966 vero,
1073 909 1233 970 prout
1263 899 1554 970 Scripturaa
1604 901 1880 972 leguntur,

289 1000 380 1047 aut
415 992 614 1046 Psalmi
671 998 962 1058 canuntur,
1023 999 1116 1044 aut
1173 989 1544 1046 adlocutiones
1600 990 1884 1060 proferun-

288 1089 376 1136 tur
433 1081 567 1151 (57),
616 1087 708 1134 aut
764 1079 1052 1149 petitiones
1101 1079 1440 1151 delegantur,
1497 1079 1568 1133 ita
1606 1079 1728 1134 inde
1777 1095 1887 1133 ma-

290 1169 438 1225 teria:
523 1169 823 1226 visionibus
903 1167 1388 1223 subministrantur.
1466 1167 1622 1224 Forte
1703 1168 1886 1223 nescio

289 1257 421 1329 quid
460 1256 530 1312 de
575 1257 755 1311 anima
812 1254 1258 1320 disserueramus,
1317 1272 1440 1312 cum
1497 1273 1563 1311 ea
1624 1272 1782 1312 soror
1833 1257 1888 1310 in

287 1346 485 1419 spiritu
513 1353 681 1402 esset.
713 1345 841 1400 Post
863 1352 1128 1399 transacta
1149 1344 1435 1414 solemnia,
1457 1344 1680 1401 dimissa
1706 1345 1884 1417 plebe,

287 1449 394 1506 quo
436 1450 537 1489 usu
582 1432 722 1489 solet
753 1431 908 1488 nobis
963 1432 1274 1487 renuntiare
1329 1450 1449 1504 quae
1497 1433 1695 1490 viderit
1742 1434 1886 1504 (nam

288 1532 342 1579 et
389 1521 800 1595 diligentissime
830 1521 1164 1593 digeruntur,
1217 1531 1274 1575 ut
1302 1521 1459 1576 etiam
1517 1523 1838 1593 probentur)
1870 1541 1883 1580 :

286 1614 436 1667 Inter
463 1618 680 1675 caetera,
714 1610 904 1681 inquit,
938 1617 1155 1664 ostensa
1193 1617 1270 1664 est
1301 1610 1432 1664 mihi
1481 1610 1658 1665 anima
1695 1625 1890 1680 corpo-

291 1699 495 1766 raliter,
563 1709 617 1754 et
669 1698 891 1767 spiritus
945 1697 1241 1764 videbatur,
1304 1699 1398 1754 sed
1448 1714 1556 1754 non
1603 1701 1776 1753 inanis
1835 1706 1889 1754 et

290 1805 480 1846 vacua:
511 1788 801 1860 qualitatis,
854 1788 962 1842 imo
1018 1802 1141 1858 quae
1195 1789 1350 1842 etiam
1393 1789 1563 1844 teneri
1605 1789 1893 1858 repromit-

301 1885 465 1942 teret,
487 1886 661 1933 tenera
706 1883 758 1930 ct
788 1875 984 1943 lucida,
1018 1887 1070 1931 et
1097 1879 1242 1932 aerei
1271 1878 1468 1933 coloris
1497 1879 1566 1942 33,
1629 1886 1681 1932 et
1725 1877 1892 1933 forma

298 1982 397 2036 per
427 1966 605 2021 omnia
630 1967 875 2020 humana.
922 1965 1036 2020 Hoc
1064 1965 1200 2021 visio
1237 1967 1309 2031 39,
1351 1976 1402 2020 et
1454 1967 1595 2020 Deus
1627 1965 1795 2036 testis,
1839 1973 1894 2021 et

291 2055 590 2125 Apostolus
624 2053 1007 2110 charismatum
1056 2055 1108 2108 in
1137 2053 1379 2110 Ecclesia
1422 2054 1725 2111 futurorum
1774 2055 1894 2109 ide-

291 2158 429 2197 neus
458 2157 690 2214 sponsor
714 2159 730 2213 ;
759 2150 835 2210 tu,
869 2158 970 2198 nec
998 2143 1044 2197 si
1071 2144 1230 2211 δοχεῖς
1260 2143 1374 2213 ipsa
1414 2144 1480 2198 de
1509 2143 1743 2216 singulis
1773 2161 1892 2215 per-

293 2231 620 2300 suaserit“,
645 2231 834 2288 credas
859 2232 871 2290 !
905 2231 960 2286 Si
979 2230 1127 2286 enim
1152 2247 1350 2302 corpus
1367 2231 1563 2301 anima,
1585 2233 1702 2287 sine
1729 2231 1894 2287 dubio

293 2320 434 2376 inter
461 2320 555 2375 illa
590 2337 712 2393 qua:
741 2336 906 2390 supra
934 2336 1121 2377 sumus
1152 2320 1404 2391 professi.
1447 2322 1680 2377 Proinde
1709 2330 1762 2378 et
1797 2331 1895 2376 co-‘-

295 2409 427 2464 loris
458 2409 760 2481 prOprietas
787 2409 936 2464 omni
976 2409 1189 2480 corpori
1235 2409 1508 2478 adhaeret;
1545 2427 1702 2482 quem
1731 2410 1897 2483 igitur

296 2498 460 2553 alium
497 2498 693 2553 animae
742 2498 1036 2554 aestimabis
1071 2499 1332 2564 colorem,
1365 2516 1525 2570 quam
1583 2501 1786 2555 aerium
1834 2516 1896 2554 ac

295 2588 538 2643 lucidum
559 2587 587 2640 τ
608 2588 730 2643 Νοιι
761 2597 818 2644 ιιι
847 2604 937 2643 aer
983 2587 1052 2642 sit
1097 2587 1215 2659 ipsa
1245 2588 1546 2644 substantia
1575 2590 1713 2658 ejus,
1754 2598 1806 2643 et
1850 2587 1896 2641 si

297 2679 401 2733 hoc
429 2679 782 2734 .rEnesidemo
828 2678 998 2734 visum
1028 2687 1110 2732 est
1151 2686 1202 2732 ct
1231 2678 1568 2746 Anaximeni,
1633 2686 1762 2750 puto
1817 2694 1901 2733 se-

296 2768 537 2822 cundum
615 2766 902 2838 quosdam,
961 2774 1012 2821 et
1076 2766 1376 2834 Heraclito;
1436 2783 1534 2823 nec
1577 2775 1636 2822 ut
1690 2768 1895 2832 lumen,

295 2855 398 2909 etsi
440 2856 546 2910 hoc
585 2855 779 2926 placuit
807 2854 1349 2931 ponticoglleraclidi.
1406 2857 1540 2912 Nam
1591 2866 1644 2912 et
1696 2873 1892 2914 cerau-

300 2943 416 3000 neis
442 2943 673 3014 gemmis
702 2959 811 2999 non
853 2943 975 2998 ideo
1022 2944 1321 2999 substantia
1362 2943 1531 3017 ignita
1585 2955 1684 3011 est,
1745 2950 1894 3017 quod

1996 550 2165 615 litate,
2225 549 2292 603 de
2355 547 2461 602 fide
2518 545 2913 616 corporalitatis
2965 545 3316 617 periclitatur.
3377 543 3466 598 Sic
3531 547 3585 595 et

1989 638 2222 710 effigiem
2253 639 2321 694 de
2367 653 2528 693 sensu
2554 637 2667 706 jam
2721 644 2815 692 tuo
2843 635 3066 704 concipe
3119 650 3230 690 non
3267 634 3422 688 aliam
3461 633 3583 686 ani-

1990 745 2092 783 mae
2130 729 2376 783 humanm
2457 725 2818 796 deputandum
2887 732 3083 792 praeter
3149 723 3460 785 humanam,
3534 729 3586 775 et

1989 816 2206 888 quidem
2243 817 2360 884 ejus
2402 813 2647 884 corporis
2701 811 2848 884 quod
2904 825 3240 881 unaquaeque
3287 809 3585 865 circumtu-

1989 904 2072 960 lit.
2140 906 2250 961 Hoc
2320 921 2422 960 nos
2475 919 2666 974 sapere
2718 901 2934 957 interim
3001 898 3280 970 primordii
3345 904 3585 954 eontem-

1993 994 2156 1065 p‘atio
2211 994 2445 1049 inducat.
2506 992 2760 1065 Recogita
2813 991 2974 1055 enim,
3045 1005 3169 1044 cum
3241 989 3392 1042 Deus
3450 987 3588 1054 ﬂas-

1993 1089 2076 1140 set
2107 1085 2168 1140 in
2198 1085 2405 1155 faciem
2443 1084 2688 1139 hominis
2718 1084 2924 1151 ﬂatum
2963 1082 3111 1146 vita,
3139 1083 3196 1134 et
3223 1081 3413 1149 factus
3445 1080 3588 1131 esset

1996 1173 2155 1229 homo
2187 1174 2248 1227 in
2292 1174 2549 1228 animam
2586 1174 2788 1239 vivam,
2821 1177 2988 1226 totum
3042 1168 3230 1240 utique
3268 1182 3362 1238 per
3399 1164 3589 1219 faciem

1994 1261 2172 1315 statim
2228 1260 2413 1315 ﬂatum
2457 1261 2605 1315 illum
2662 1259 2718 1313 in
2775 1258 3031 1314 interiora
3083 1255 3477 1319 transmissum,
3539 1258 3592 1305 et

1997 1365 2090 1420 per
2144 1349 2392 1406 universa
2449 1348 2694 1419 corporis
2751 1348 2923 1417 spatia
2981 1344 3264 1410 dilfusum,
3323 1341 3590 1410 simulque

1997 1438 2178 1492 divina
2249 1437 2578 1506 nepiratione
2655 1438 2962 1508 densatum,
3032 1434 3178 1490 omni
3244 1433 3388 1487 intus
3456 1430 3592 1482 linea

1997 1541 2308 1596 expressum
2339 1540 2481 1592 esse,
2514 1541 2675 1596 quam
2707 1526 2974 1580 densatus
3020 1524 3355 1596 impleverat,
3403 1522 3458 1574 et
3495 1534 3591 1572 ve-

1999 1615 2075 1669 lut
2124 1615 2177 1669 in
2222 1615 2397 1671 forma
2439 1614 2670 1687 gelasse.
2727 1613 2858 1669 Inde
2904 1613 3072 1684 igitur
3129 1621 3183 1667 et
3254 1605 3593 1679 corpulentia

1998 1706 2190 1759 animae
2221 1721 2288 1759 ex
2318 1703 2630 1760 densatione
2658 1701 2884 1758 solidata
2912 1709 3014 1768 est,
3048 1709 3102 1754 et
3131 1699 3342 1770 efﬁgies
3371 1709 3594 1767 expres-

1925 1760 1968 1836 Β
1999 1793 2151 1850 sione
2191 1793 2435 1849 formata.
2489 1792 2588 1847 Hic
2625 1790 2731 1845 erit
2771 1790 2933 1844 homo
2970 1788 3212 1856 interior,
3269 1786 3406 1840 alius
3443 1791 3592 1838 exte-

2002 1883 2132 1948 rior,
2192 1882 2478 1952 dupliciter
2537 1895 2725 1935 unus:
2787 1879 2994 1932 habens
3047 1884 3101 1929 et
3156 1875 3245 1929 ille
3311 1873 3499 1928 oculos
3543 1879 3596 1925 et

2001 1987 2160 2028 aures
2196 1987 2340 2042 suas,
2371 1971 2567 2042 quibus
2595 1967 2828 2041 populus
2855 1966 2904 2004 ⁴²
2961 1964 3254 2020 Dominum
3303 1961 3490 2017 audire
3542 1972 3596 2016 et

2001 2059 2187 2117 videre
2215 2061 2473 2116 debuerat
2509 2059 2657 2130 (58);
2708 2056 2913 2112 habens
2943 2062 2994 2110 et
3021 2059 3250 2109 caeteros
3275 2059 3446 2118 artus,
3497 2061 3595 2120 per

2001 2159 2216 2222 quoset
2269 2149 2321 2204 in
2363 2149 2691 2221 cogitatibus
2728 2145 2915 2216 utitur,
2963 2151 3019 2198 et
3059 2141 3116 2196 in
3145 2139 3368 2197 somniis
3388 2138 3438 2177 ’⁸³
3468 2136 3595 2192 fun-

2002 2239 2166 2314 gitur.
2199 2239 2288 2294 Sic
2317 2248 2368 2294 et
2394 2237 2548 2296 diviti
2595 2235 2742 2307 apud
2772 2233 2980 2290 inferos
3009 2232 3193 2304 lingua
3234 2236 3338 2300 est,
3372 2235 3424 2284 et
3454 2242 3594 2298 pau-

2003 2331 2118 2400 peri
2145 2330 2371 2402 digitus,
2419 2337 2473 2385 et
2537 2328 2688 2384 sinus
2733 2325 2983 2380 Abrahae.
3045 2324 3150 2379 Per
3190 2322 3289 2376 has
3343 2320 3514 2375 lineas
3541 2325 3597 2372 et

2004 2419 2196 2476 animae
2233 2426 2530 2491 martyrum
2575 2418 2679 2474 sub
2723 2414 2874 2471 altari
2912 2411 3306 2483 intelliguntur.
3369 2407 3419 2463 A
3473 2406 3594 2480 pri-

2005 2507 2216 2566 mordio
2290 2507 2432 2563 enim
2505 2507 2560 2562 in
2611 2505 2781 2561 Adam
2834 2508 3086 2560 concreta
3149 2505 3206 2554 et
3258 2494 3595 2568 conﬁgurata

2004 2596 2219 2669 corpori
2265 2596 2463 2666 anima,
2504 2605 2564 2650 ut
2597 2593 2762 2649 totius
2797 2588 3132 2653 substantiae,
3187 2587 3258 2642 ita
3294 2592 3348 2640 et
3401 2583 3593 2640 condi-

2007 2687 2167 2743 tionis
2196 2685 2354 2742 istius
2385 2699 2573 2740 scmen
2601 2682 2768 2738 efﬁcit
2786 2683 2853 2734 '4".

2626 2770 2856 2827 CAPUT
2896 2770 2971 2824 X.

2081 2867 2312 2922 Pertinet
2338 2864 2404 2919 ad
2444 2869 2641 2920 statum
2671 2859 2816 2926 fidei,
2838 2855 3135 2927 simplicem
3166 2851 3400 2908 animam
3416 2849 3594 2905 deter-

2003 2956 2230 3020 minare,
2288 2953 2587 3011 secundum
2643 2951 2940 3014 Platonem,
3002 2944 3057 3000 id
3136 2950 3220 2997 est
3274 2941 3592 2997 uniformem

297 3039 579 3089 coruscent
618 3032 833 3088 rutilato
872 3032 1100 3101 rubore;
1131 3048 1228 3088 nec
1271 3033 1491 3104 beryllis
1524 3033 1646 3090 ideo
1692 3051 1891 3106 aquosa

2007 3047 2276 3100 dumtaxat
2307 3040 2619 3100 substantiae
2649 3038 2881 3093 nomine.
2919 3033 3160 3090 Viderint
3208 3040 3352 3087 artes
3397 3037 3448 3085 et
3476 3029 3593 3083 dis-

297 3123 523 3178 materia
571 3133 673 3190 est,
729 3122 871 3193 quod
916 3123 1179 3178 ﬂuctuant
1232 3124 1406 3179 colato
1465 3124 1660 3181 nitore.
1716 3125 1878 3182 66]

297 3213 506 3283 Quanta
541 3212 683 3267 enim
725 3223 777 3267 et
813 3213 916 3266 alia
959 3212 1108 3266 color
1137 3212 1324 3275 sociat,
1355 3222 1544 3268 natura
1595 3215 1882 3271 dissociati

299 3303 402 3358 Sed
441 3301 694 3373 quoniam
733 3315 894 3355 omne
942 3309 1099 3355 tenue
1154 3311 1318 3373 atque
1364 3301 1702 3372 perlucidum
1746 3305 1890 3358 aeris

299 3391 550 3447 aemulum
581 3399 680 3454 est,
717 3391 818 3445 hoc
847 3391 950 3445 erit
981 3390 1179 3458 anima,
1218 3406 1322 3462 qua
1351 3390 1512 3446 flatus
1540 3402 1624 3448 est
1672 3401 1722 3447 et
1777 3394 1891 3463 spi-

2001 3133 2233 3204 ciplinm,
2263 3131 2494 3189 viderint
2531 3138 2582 3184 et
2614 3128 2873 3182 haereses.
2922 3124 3152 3194 Quidam
3184 3121 3329 3176 enim
3386 3119 3592 3182 volunt,

2000 3222 2154 3275 aliam
2187 3220 2260 3274 illi
2303 3216 2658 3274 substantiam
2713 3213 3010 3268 naturalem
3061 3211 3260 3274 inesse,
3321 3207 3592 3278 spiritum,

1999 3307 2154 3381 quasi
2182 3308 2324 3362 aliud
2364 3306 2433 3361 sit
2471 3305 2673 3371 vivere,
2714 3302 2858 3375 quod
2905 3299 3059 3356 venit
3103 3299 3168 3353 ab
3217 3296 3416 3361 anima,
3448 3295 3594 3349 aliud

2000 3397 2224 3468 spirare,
2247 3393 2422 3453 662
2438 3393 2583 3469 quod
2615 3392 2706 3447 fiat
2725 3407 2752 3446 a
2769 3391 2959 3464 spiritu
2983 3390 3129 3459 (59);
3153 3401 3273 3440 nam
3291 3393 3344 3441 et
3357 3382 3601 3439 animali-

368 3544 415 3582 ³Ἷ
446 3541 621 3598 Sumit
648 3544 777 3598 Par.
802 3540 852 3579 38
870 3540 1092 3596 Etherii
1115 3541 1309 3598 coloris
1337 3545 1469 3598 Par.
1501 3551 1557 3598 et
1584 3465 1891 3604 “£233

2007 3480 2356 3604 ἷξιῗιξτῗῗιιιαιι.
2391 3546 2440 3584 39
2475 3545 2590 3601 Hoc
2618 3543 2752 3601 visio
2783 3543 2971 3599 delent
2999 3540 3175 3597 Rhen.
3208 3539 3323 3593 haec
3343 3534 3481 3593 visio
3511 3544 3594 3606 est

298 3619 458 3672 Pam.
489 3615 540 3651 ἰο
566 3613 679 3669 Nisi
709 3616 868 3670 Pam.
897 3613 942 3650 ’σι
973 3613 1053 3669 Ne
1074 3616 1244 3670 inser.
1265 3616 1428 3670 Pam.
1460 3616 1509 3653 ’⁸2
1537 3615 1732 3672 Paulus
1771 3620 1822 3675 V.
1861 3622 1916 3678 C.
1962 3604 2171 3678 Wouw.
2205 3619 2254 3657 ‘13
2277 3617 2493 3675 Somnis
2517 3616 2693 3674 Rhen.
2727 3614 2896 3672 Seml.
2934 3611 3153 3670 Oberth.
3187 3613 3347 3667 Pam.
3382 3609 3431 3647 ⁸³4
3457 3604 3594 3663 Efﬁ-

299 3688 368 3744 cit
385 3689 550 3742 Pam.

1701 3757 2199 3826 Commentarius.

301 3838 528 3908 respuit,
560 3845 684 3908 post
709 3835 952 3906 lunium,
984 3835 1236 3892 Lacerda.
1278 3837 1487 3894 Putavit
1513 3839 1704 3896 Junius
1743 3860 1888 3899 reve-

300 3909 530 3964 lationes
569 3910 686 3964 illas
723 3924 755 3962 a
785 3911 897 3963 Deo
929 3921 1036 3961 non
1067 3923 1208 3980 esse,
1251 3909 1345 3980 sed
1389 3910 1706 3980 phantasma
1734 3915 1888 3970 labo-

301 3982 469 4036 rantis
512 3980 900 4055 melancholiaa,
943 3985 1034 4055 aut
1080 3978 1694 4055 illudentis‘daemonis:
1745 3987 1889 4055 quod

304 4055 489 4123 rejecit
544 4067 762 4124 quoque
817 4051 1077 4105 Lacerda.
1113 4050 1284 4120 Loqui
1338 4051 1553 4124 videtur
1581 4055 1648 4109 de
1703 4050 1890 4111 sorore

301 4140 398 4180 seu
433 4123 640 4196 privata
686 4136 957 4196 persona;
999 4129 1111 4196 erat
1149 4131 1324 4196 tamen
1364 4123 1575 4191 publica
1628 4125 1888 4194 Priscilla,

306 4211 377 4248 ex
399 4191 507 4273 quo
537 4191 915 4273 sacerdotium
947 4201 999 4273 et
1046 4191 1526 4273 docendi_munus
1572 4191 1890 4273 assumpsit,

312 4274 373 4320 ut
397 4263 491 4320 lib.
517 4267 582 4323 de
610 4266 937 4335 Prcescript.
981 4264 1229 4318 habetur.
1289 4263 1562 4319 Revelatio
1593 4264 1719 4319 item
1754 4263 1893 4322 cor-'-

304 4336 470 4403 dium,
505 4347 556 4392 et
587 4337 897 4391 morborum
947 4335 1152 4389 c'uratio
1183 4335 1431 4404 suadent,
1477 4349 1540 4390 ea
1575 4350 1684 4391 non
1713 4339 1892 4395 conti-

301 4409 448 4482 gisse
473 4407 841 4482 melancholiae
871 4405 1017 4460 vitio.
1037 4406 1130 4482 _[_.a
1163 4407 1257 4460 Pa.
1337 4445 1346 4451 α

369 4481 486 4562 (55)
528 4482 599 4562 ξι
628 4478 778 4562 vnidet
833 4482 888 4533 et
937 4477 1560 4562 auditsacramenta."
1587 4477 1896 4562 Parabolas,

300 4547 613 4625 aenigmata,
644 4550 865 4624 ﬁguras,
912 4547 1209 4618 mysteria;
1257 4549 1730 4625 cujusmodi_sunt
1777 4568 1896 4625 qua)

298 4620 664 4680 ostenduntur
689 4620 790 4676 aut
828 4628 1197 4690 suggeruntur
1252 4635 1349 4690 per
1406 4620 1652 4685 sommia,
1701 4620 1897 4690 quibus

296 4697 394 4752 Dei
425 4695 679 4750 voluntas
721 4689 1058 4763 significatur
1090 4689 1202 4745 sive
1253 4689 1518 4762 aperitur.
1563 4689 1650 4746 Sic
1697 4692 1792 4747 lib.
1826 4695 1890 4750 de

295 4769 566 4848 Jejuniz's,
591 4762 960 4848 agnitionem
993 4767 1498 4844 sacramentorum
1540 4762 1673 4848 dixit
1712 4781 1741 4818 a
1781 4766 1894 4820 Deo

298 4834 560 4894 tributam
591 4834 798 4891 Danieli
831 4834 1743 4907 somniorumHintcrpretandorum
1802 4853 1896 4907 pe-

298 4910 505 4964 ritiam.
555 4910 625 4964 Et
662 4907 755 4965 lib.
789 4921 808 4960 ι
863 4905 1134 4960 adversus
1174 4906 1509 4962 Marcionem
1542 4927 1559 4961 :
1616 4927 1638 4956 ι
1694 4905 1899 4963 Leones

296 4980 472 5036 arida:
528 4988 582 5034 et
633 4976 874 5033 ardentis
929 4987 1133 5030 naturae
1167 4987 1542 5044 sacramenta;
1582 4998 1604 5025 »
1653 4979 1755 5036 hoc
1791 4990 1894 5045 est,

297 5054 481 5124 signa,
512 5051 730 5124 ﬁguras.

369 5119 445 5164 '....
485 5119 632 5180 Videt
660 5127 716 5178 et
744 5121 907 5177 audit
937 5122 1316 5174 sacramenta.
1371 5119 1642 5180 Mysteria.
1675 5122 1900 5176 Audivit

369 5151 445 5164 ——
486 5136 632 5180 met
660 5136 716 5178 et
744 5136 907 5177 auazt
937 5136 1316 5174 sacramenta.
1371 5136 1416 5172 M
1443 5136 1642 5173 'swrta.
1675 5136 1899 5176 auumt

297 5193 502 5249 Paulus
550 5195 603 5249 in
657 5193 750 5247 illo
809 5192 892 5246 sui
942 5198 1094 5260 raptu
1134 5188 1322 5259 ᾱῤῥήτα
1377 5136 1590 5261 (stipata.
1657 5191 1899 5248 Irenaeus

300 5264 488 5390 lﬁatine
517 5266 671 5332 dixit,
704 5267 1000 5321 Sermones
1033 5261 1576 5327 tnenarrabilcs,lib.
1610 5280 1660 5322 ν.
1692 5281 1810 5336 cap.
1841 5269 1896 5320 7.

356 5352 429 5390 te.

356 5352 429 5392 l6.

373 5411 488 5480 (56)
511 5412 576 5465 Et
605 5408 981 5481 quorumdam
1007 5405 1176 5481 corda
1205 5404 1501 5481 dignoscit.
1535 5405 1735 5481 Quales
1770 5423 1898 5479 per-

301 5476 428 5537 feeti
453 5476 530 5537 illi
557 5476 700 5552 apud
725 5482 1011 5552 Irenaeum,
1046 5479 1164 5534 loco
1195 5476 1500 5552 supradicto
1528 5494 1539 5528 :
1574 5500 1595 5525 «ι
1622 5476 1902 5552 Absconsa

301 5549 607 5608 hominum
636 5553 691 5606 in
745 5551 1083 5606 manifestum
1152 5549 1510 5619 producentes
1579 5564 1644 5603 ac
1699 5551 1902 5606 utilita-

299 5637 417 5681 tem
464 5643 477 5681 :
535 5624 609 5678 Τὰ
659 5625 838 5695 κρύφια
885 5629 980 5678 τῶν
1033 5618 1300 5693 ἀνθρώπων
1350 5618 1414 5679 εἰς
1451 5623 1652 5691 φανερὸν
1705 5623 1899 5694 ἄγοντες

1996 3842 2073 3917 ἐπὶ
2101 3850 2174 3917 τῷ
2202 3843 2499 3917 συμφέρρντι
2517 3857 2531 3894 :
2566 3853 2686 3910 quae
2714 3838 2885 3894 verba
2922 3837 3180 3909 leguntur
3215 3833 3356 3905 apud
3393 3830 3595 3888 Euseb.

1999 3916 2096 3969 lib.
2130 3913 2204 3979 v.,
2229 3913 2350 3979 cap.
2382 3915 2436 3967 7.
2469 3913 2593 3967 RIG.
3282 3977 3291 3979 _
3393 3978 3397 3979 ν
3490 3975 3502 3979 _
3563 3965 3569 3970 .

2068 3975 2198 4056 (57)⁷
2234 3975 2626 4056 Adlocutt'ones
2664 3985 3061 4056 proferuntur.
3102 3979 3224 4050 Ipse
3280 3977 3335 4031 in
3364 3975 3591 4048 Apolog.

2003 4077 2026 4107 α
2073 4053 2297 4111 Coimus
2347 4055 2413 4109 ad
2481 4053 2784 4110 litterarum
2841 4053 3144 4110 divinarum
3209 4061 3600 4105 commemora-

1999 4127 2217 4189 tionem,
2277 4126 2320 4178 si
2376 4124 2510 4194 quid
2576 4125 2922 4195 praesentium
2994 4134 3297 4192 temporum
3364 4117 3601 4195 qualitas

1999 4207 2094 4251 aut
2122 4190 2456 4266 praemonere
2485 4190 2648 4264 cogit,
2681 4202 2776 4249 aut
2799 4190 3209 4266 recognoscere,
3233 4211 3259 4240 ι)
3294 4190 3533 4266 etcRie.

2070 4257 2181 4337 (5'8)
2215 4267 2415 4335 Quibus
2435 4257 2674 4337 populus
2695 4257 2993 4337 Dominum
3009 4263 3286 4337 audireet
3303 4259 3490 4337 videre
3510 4257 3598 4337 de-

2001 4326 2520 4405 buera't.‘Exemp'lar
2531 4337 2829 4406 Agobardi,
2843 4335 3048 4403 Quibus
3055 4350 3166 4406 pop
3167 4349 3203 4406 ει
3213 4333 3300 4406 lus
3309 4330 3442 4406 duo.
3457 4326 3594 4406 aud.

2004 4415 2058 4466 ct
2079 4427 2130 4464 v.
2164 4409 2218 4464 d.
2269 4399 2505 4463 Omnino
2543 4399 2834 4477 legendum
2860 4399 2963 4477 'cx”
2987 4399 3106 4458 cod.
3128 4399 3267 4477 'Ful.
3309 4399 3494 4477 Ursini
3528 4417 3541 4450 :
3570 4419 3592 4447 »

2013 4500 2033 4532 ‹
2059 4479 2268 4548 Quibus
2291 4479 2485 4533 Paulus
2523 4472 2814 4532 Doininum
2844 4474 3026 4548 audire
3057 4484 3108 4548 et
3164 4472 3356 4548 videre
3397 4472 3598 4548 debue-

2007 4542 2105 4606 rat:
2134 4573 2160 4600 η
2211 4549 2393 4604 Innuit
2431 4548 2574 4603 enim
2618 4557 2831 4612 raptum
2871 4545 3017 4599 illum
3061 4543 3226 4607 Pauli,
3271 4543 3428 4612 cujus
3484 4542 3600 4612 ipse

2008 4625 2204 4676 Paulus
2229 4620 2472 4677 meminit
2501 4620 2548 4674 Il
2574 4619 2640 4673 ad
2671 4614 2793 4673 Cor.
2836 4633 2953 4687 cap.
2987 4631 3075 4679 III,
3109 4614 3216 4687 _ubi
3273 4628 3334 4687 se
3385 4621 3596 4687 raptum

2005 4693 2172 4748 fuisse
2209 4694 2281 4746 ait
2326 4692 2379 4745 in
2439 4689 2767 4762 paradisum,
2827 4681 3205 4762 sed-“nescire,
3247 4681 3352 4762 sire
3404 4681 3602 4762 adipes:

2005 4764 2096 4817 εἴτε
2139 4763 2272 4825 ἐκτὸς
2311 4767 2392 4816 τεῦ
2433 4753 2685 4833 ὀώμσιτος.
2730 4753 2971 4830 Septimii
2992 4755 3346 4833 “sententiam
3405 4753 3602 4833 refellit

2008 4835 2345 4906 Augustinus
2377 4825 2690 4906 loco'supra
2711 4825 2867 4906 cita-to
2893 4849 2911 4906 3
2941 4850 2967 4881 α
2992 4830 3149 4906 Esse,
3184 4825 3381 4906 inquit,
3403 4825 3604 4906 quibus

2007 4897 2228 4962 auribus
2251 4914 2303 4962 et
2330 4907 2526 4976 quibus
2546 4897 2716 4962 oculis
2746 4901 2930 4958 debuit
2951 4900 3139 4976 audire
3161 4897 3426 4976 et_videre_
3429 4897 3600 4974 Deum

2010 4976 2225 5043 Paulus,
2283 4968 2482 5048 quibus
2513 4977 2690 5031 anima
2739 4975 2792 5048 in
2839 4973 3056 5048 somnis
3081 4970 3342 5048 fungitur.
3389 4968 3598 5048 Cum-si

2009 5040 2624 5121 ipsum-Tertullianum
2665 5047 2944 5121 quisquam
3009 5040 3212 5099 videret
3269 5042 3324 5096 in
3373 5040 3594 5121 somnis,

2009 5110 2304 5191 numquam
2331 5137 2390 5176 se
2437 5121 2643 5176 diceret
2679 5110 2746 5173 ab
2774 5110 2839 5174 eo
2867 5119 3047 5191 visum
3073 5125 3128 5191 et
3173 5129 3294 5171 cum
3341 5127 3407 5168 eo
3443 5110 3598 5191 locu:

2010 5182 2350 5262 tum,'quem
2392 5191 2631 5246 vicissim
2677 5191 2790 5260 ipse
2851 5204 2962 5262 non
2995 5186 3244 5262 vidisset,
3276 5205 3300 5234 ι
3343 5191 3446 5262 etc.
3496 5182 3600 5250 Qui

2009 5256 2176 5327 locus,
2208 5256 2282 5318 uti
2313 5263 2478 5333 vulgo
2516 5256 2749 5333 legitur,
2772 5259 2962 5333 eodem
2995 5257 3203 5333 laborat
3233 5256 3447 5333 mendo,
3499 5266 3606 5333 quo

2013 5323 2653 5405 Septimianiis.VEtciiri'm
2703 5323 2786 5386 bis
2835 5331 2948 5385 illic
2980 5330 3174 5404 legitur
3211 5328 3468 5400 populus,
3512 5323 3601 5376 ubi

2010 5407 2298 5480 legendum
2326 5408 2554 5480 Paulus.
2588 5408 2714 5461 lito.
2877 5475 2888 5480 μ
3037 5475 3069 5480 μ
3143 5471 3154 5480 .
3285 5469 3294 5478 O
3487 5467 3523 5480 ν

2083 5467 2198 5548 (59)
2233 5479 2399 5536 Aliud
2430 5481 2505 5533 sit
2535 5481 2716 5534 vivere
2745 5475 2888 5550 quod
2902 5475 3072 5550 petiit
3099 5471 3168 5550 ab_
3192 5469 3408 5550 citima,
3441 5467 3603 5521 aliud

2011 5542 2232 5621 spirare
2261 5550 2406 5622 quod
2434 5551 2537 5618 ﬁat
2568 5566 2602 5602 a
2631 5542 2859 5622 spiritu.
2879 5542 3240 5622 Philosophia
3257 5542 3493 5622 ratio-ex
3524 5553 3601 5591 re-

2014 5608 2306 5691 s'piration‘e
2354 5608 2566 5690 sumpta
2595 5608 2776 5690 magni
2817 5615 2916 5672 fuit
2952 5608 3209 5685 ponderis
3241 5628 3254 5666 :
3305 5608 3605 5680 distingue-
