4016 6188
356 283 466 343 703

1049 274 1491 336 TERTULLIANI
1528 272 1793 333 OPERUM
1836 272 2002 332 PARS
2051 272 2118 331 II.
2158 303 2228 315 -
2264 269 2489 330 SBRIES
2527 272 2567 336 Ι,
2611 270 2954 329 POLEMICA.

3547 268 3649 326 704

352 411 457 464 bus
475 422 581 462 non
602 404 852 461 omnibus
872 414 1160 477 utrumque
1180 404 1388 459 adesse.
1410 401 1677 474 Pleraque
1705 400 1849 454 enim
1866 415 1943 453 Vl-
1976 414 2023 491 Α
2052 398 2510 470 quemadmodum
2539 406 2593 452 et
2637 397 2895 453 incedunt
2941 395 3185 467 quaedam
3229 394 3345 450 sine
3404 394 3651 464 pedibus,

352 512 485 553 vere
512 494 874 561 solummodo,
902 508 1011 549 non
1040 494 1194 549 etiam
1216 492 1443 563 spirare,
1467 505 1532 545 eo
1552 490 1694 561 quod
1718 504 1825 544 non
1848 490 1944 543 ha-

351 588 513 642 beant
534 599 738 657 organa
758 583 997 655 spiritus,
1019 583 1303 653 pulmones
1324 588 1377 636 et
1398 581 1642 635 arterias.
1658 578 1832 645 Quale
1862 586 1945 633 est

354 682 549 741 autem,
568 673 621 727 in
655 672 1048 727 examinatione
1068 672 1317 725 humanae
1338 669 1546 733 animae,
1570 668 1751 723 culicis
1781 676 1944 738 atque

355 763 589 818 formicae
607 769 928 835 argumenta
958 761 1272 831 respicere?
1298 757 1514 827 quando
1546 768 1599 813 et
1618 756 1813 825 vitalia,
1847 772 1945 826 pro

355 854 614 923 cujusque
643 851 854 921 generis
883 849 1252 921 dispositione,
1283 846 1533 903 omnibus
1572 846 1793 917 prOpria
1822 845 1944 899 ani-

356 941 590 997 malibus
620 940 937 1011 temperavit
958 939 1149 994 artifex
1185 939 1345 1002 Deus,
1378 945 1437 991 ut
1469 936 1616 990 nulla
1645 935 1771 989 inde
1811 951 1944 990 con-

353 1032 564 1101 jectura
592 1030 854 1101 captanda
883 1029 969 1083 sit.
989 1028 1123 1083 Nam
1142 1043 1315 1098 neque
1335 1028 1519 1094 homo,
1535 1026 1578 1080 si
1603 1025 1951 1094 pulmonibus

354 1128 409 1175 et
437 1119 649 1175 arteriis
678 1126 911 1175 structus
942 1125 1043 1185 est,
1080 1116 1276 1172 idcirco
1310 1116 1530 1169 aliunde
1568 1113 1813 1185 spirabit,
1846 1112 1948 1167 ali-

360 1209 505 1265 unde
525 1207 667 1266 vivet
699 1226 711 1263 :
748 1223 928 1278 neque
966 1206 1213 1269 formica,
1255 1203 1300 1257 si
1337 1203 1591 1258 membris
1635 1200 1953 1270 hujusmodi

357 1305 521 1363 caret,
546 1294 751 1351 idcirco
772 1294 1057 1368 negabitur
1074 1293 1302 1364 spirare,
1328 1291 1484 1363 quasi
1514 1292 1855 1346 solummodo
1874 1288 1954 1343 vi-

357 1400 508 1440 vens.
550 1385 797 1439 Cuivero
828 1391 1032 1438 tantum
1055 1382 1229 1453 patuit
1259 1381 1309 1435 in
1342 1382 1456 1437 Deo
1484 1396 1671 1452 opera,
1704 1388 1761 1435 ut
1790 1377 1953 1433 alicui

356 1476 473 1531 haec
499 1474 688 1529 deesse
726 1473 1173 1544 praesumpserit?
1214 1471 1538 1540 Her0philus
1566 1471 1674 1533 ille,
1709 1466 1954 1523 medicus

354 1570 445 1618 aut
480 1560 656 1618 lanius
694 1563 825 1631 (60),
856 1560 947 1631 qui
977 1566 1259 1614 sexcentos
1307 1557 1550 1613 exsecuit
1610 1566 1669 1613 ut
1707 1565 1951 1612 naturam

355 1657 700 1715 scrutaretur,
745 1649 836 1720 qui
880 1648 1151 1703 hominem
1206 1645 1342 1702 odiit
1388 1653 1449 1700 ut
1505 1652 1710 1711 nosset,
1767 1644 1953 1699 nescio

356 1756 423 1794 an
452 1739 637 1795 omnia
665 1738 878 1793 interna
908 1737 1025 1804 ejus
1045 1735 1253 1805 liquido
1281 1733 1606 1803 exploravit,
1630 1733 1749 1803 ipsa
1777 1741 1953 1787 morte

359 1834 597 1884 mutante
624 1842 745 1897 quae
774 1824 1036 1887 vixerant,
1075 1829 1127 1877 et
1170 1830 1348 1877 morte
1391 1838 1497 1878 non
1553 1821 1807 1893 simplici,
1858 1820 1951 1876 sed

360 1918 477 1989 ipsa
498 1916 641 1970 inter
667 1912 893 1968 artiﬁcia
934 1910 1262 1968 exsectionis
1302 1919 1514 1966 errante
1573 1910 1710 1981 (61).
1764 1910 1952 1965 Philo-

361 2005 518 2077 δοριιὶ
557 2018 655 2074 pro
683 2008 830 2057 certo
860 2002 1327 2067 renuntiaverunt,
1346 1999 1610 2057 culicibus
1640 2010 1692 2055 et
1722 1999 1955 2056 formicis

358 2097 411 2149 et
438 2089 600 2145 tineis
628 2090 819 2144 deesse
846 2088 1132 2159 pulmones
1162 2095 1217 2143 et
1263 2087 1507 2142 arterias.
1552 2086 1645 2142 Dic
1682 2086 1829 2152 mihi,
1867 2086 1953 2140 in-

359 2189 572 2250 spector
591 2176 980 2247 curiosissime,
997 2176 1182 2233 oculos
1197 2175 1781 2247 habentadfyidendum
1798 2180 1826 2232 ‘?
1854 2178 1955 2229 At-

357 2268 488 2342 quin
525 2276 578 2323 et
608 2256 840 2339 pergunt
880 2280 985 2335 quo
1015 2266 1224 2331 volunt,
1271 2273 1325 2319 et
1380 2265 1551 2320 vitant
1596 2272 1648 2318 et
1696 2264 1957 2334 adpetunt

358 2375 478 2431 qum
510 2356 743 2413 videndo
781 2354 990 2421 sciunt;
1023 2353 1251 2425 designa
1281 2352 1490 2416 oculos,
1528 2352 1725 2425 deuota
1766 2368 1953 2422 pupu-

354 2450 451 2502 las.
484 2445 591 2501 Sed
639 2452 689 2499 et
716 2443 951 2500 exedunt
996 2441 1175 2509 tineae;
1232 2442 1548 2496 demonstra
1587 2440 1952 2511 mandibulas,

358 2538 425 2604 45,
450 2536 709 2605 deprome
739 2533 1025 2606 genuinos.
1060 2531 1165 2587 Sed
1182 2538 1234 2587 et
1252 2538 1546 2602 personant
1577 2531 1793 2597 culices,
1817 2548 1882 2587 ne
1900 2531 1954 2586 in

362 2625 595 2681 tenebris
624 2624 839 2696 quidem
872 2622 1079 2677 aurium
1123 2620 1251 2675 caeci
1300 2620 1453 2691 (62):
1525 2620 1706 2675 tubam
1755 2622 1958 2690 pariter

364 2723 417 2768 et
447 2714 688 2769 lanceam
719 2712 835 2782 (63)
856 2710 965 2766 oris
994 2710 1133 2765 illius
1160 2710 1410 2766 ostende:
1441 2709 1684 2778 Quodvis
1733 2710 1956 2776 animal,

366 2796 521 2851 unius
556 2796 678 2851 licet
706 2795 911 2865 puncti,
943 2793 1124 2865 aliquo
1163 2793 1341 2847 alatur
1370 2808 1589 2848 necesse
1612 2802 1720 2861 est;
1748 2793 1944 2848 exhibe

368 2884 552 2954 pabuli
636 2881 1051 2948 transmittendi,
1148 2880 1483 2951 decoquendi
1549 2879 1958 2952 defmcandique

2054 496 2306 544 manante
2334 488 2557 558 impetu,
2577 486 2725 556 quod
2741 500 2986 557 angues;
3020 493 3073 539 et
3092 484 3405 553 insurgente
3435 492 3651 547 conatu,

2054 579 2195 649 quod
2226 592 2473 645 vermes;
2499 583 2552 632 et
2572 584 2857 645 spumante
2884 581 3091 643 reptatu
3113 572 3259 641 quod
3280 572 3501 627 limaces
3517 572 3679 642 (63).~

2053 666 2132 719 Ita
2159 672 2211 719 et
2237 664 2425 734 spirari
2454 680 2551 718 cur
2579 677 2687 717 non
2715 672 2878 734 putes
2910 661 3026 715 sine
3050 660 3370 731 pulmonum
3402 658 3651 717 follibus,

2054 763 2107 809 et
2126 754 2245 808 sine
2273 752 2465 808 fistulis
2492 750 2865 806 arteriarum?
2894 760 2952 804 ut
2982 765 3078 820 pro
3118 764 3317 819 magno
3347 749 3651 819 amplecta-

2057 844 2135 897 ris
2160 848 2500 914 argumento,
2534 840 2735 896 idcirco
2766 839 2961 894 animze
2999 841 3251 893 humanae
3280 836 3529 908 spiritum
3561 852 3654 892 ac-

2057 933 2268 996 cedere,
2299 931 2425 1002 quia
2457 930 2566 986 sint
2594 946 2715 1000 quae
2745 928 2938 1001 spiritu
2966 937 3213 994 careant;
3255 935 3308 983 et
3350 927 3549 982 idcirco
3592 944 3656 983 ea

2059 1020 2253 1091 spiritu
2282 1035 2485 1090 carere,
2514 1018 2641 1089 quia
2671 1017 3008 1074 ﬂaturalibus
3034 1017 3261 1072 artubus
3299 1024 3501 1072 structa
3543 1032 3652 1071 non

2059 1110 2180 1164 sint.
2216 1109 2408 1163 Vivere
2438 1108 2553 1163 sine
2584 1107 2774 1177 spiritu
2806 1106 3079 1162 existimas
3100 1104 3322 1177 aliquid,
3352 1105 3561 1175 spirare
3590 1106 3655 1160 si-

2060 1215 2128 1253 ne
2162 1196 2507 1268 pulmonibus
2538 1212 2645 1251 non
2672 1197 2864 1267 putas?
2884 1194 3025 1262 Quid
3044 1206 3144 1261 est,
3176 1208 3271 1249 oro
3297 1198 3370 1257 te,
3403 1195 3654 1264 spirare?

2062 1289 2291 1352 Flatum,
2328 1287 2541 1354 Opinor,
2578 1302 2643 1341 ex
2685 1284 2975 1355 semetipso
3005 1298 3187 1354 agere.
3234 1281 3376 1349 Quid
3413 1292 3494 1338 est
3547 1300 3657 1339 non

2060 1374 2278 1432 vivere?
2334 1374 2564 1437 Flatum,
2596 1374 2809 1444 Opinor,
2854 1388 2920 1427 ex
2974 1373 3264 1442 semetipso
3321 1386 3430 1425 non
3467 1388 3654 1445 agere.

2063 1466 2177 1518 lloc
2229 1463 2371 1519 enim
2429 1463 2758 1530 respondere
2826 1463 3022 1529 debeo,
3079 1461 3123 1515 si
3172 1477 3283 1516 non
3354 1462 3498 1516 idem
3573 1472 3659 1517 est

2060 1552 2269 1620 spirare
2298 1550 2444 1621 quod
2484 1551 2685 1607 vivere.
2716 1551 2824 1606 Sed
2857 1549 3052 1606 mortui
3093 1548 3195 1603 erit
3227 1564 3336 1605 non
3365 1565 3529 1621 agere
3559 1548 3657 1603 ﬂa-

2064 1647 2205 1693 tum:
2228 1655 2358 1709 ergo
2387 1638 2615 1696 viventis
2643 1649 2725 1693 est
2751 1653 2915 1711 agere
2945 1638 3152 1693 ﬂatum.
3184 1637 3286 1693 Sed
3310 1648 3364 1691 et
3401 1638 3657 1706 spirantis

2061 1736 2143 1782 cst
2165 1743 2328 1800 agere
2345 1725 2531 1782 ﬂatum
2556 1746 2567 1780 :
2593 1742 2726 1799 ergo
2754 1734 2809 1781 et
2836 1725 3045 1797 Spirare
3064 1725 3293 1781 viventis
3312 1733 3412 1781 est.
3437 1728 3652 1783 Utrum.

2064 1832 2172 1888 que
2207 1816 2253 1870 si
2290 1814 2405 1870 sine
2451 1816 2629 1873 anima
2667 1816 2959 1871 decurrere
3006 1815 3289 1884 potuisset,
3330 1828 3435 1870 non
3473 1814 3661 1870 fuisset

2062 1904 2250 1960 animae
2267 1904 2494 1975 spirare,
2518 1903 2617 1959 sed
2632 1904 2970 1959 solummodo
2990 1903 3193 1959 vivere.
3218 1906 3287 1957 At
3305 1902 3448 1956 enim
3476 1903 3660 1959 vivere

2063 1992 2269 2063 spirare
2297 2000 2399 2057 est,
2432 2000 2483 2046 et
2518 1991 2721 2062 spirare
2750 1991 2930 2065 vivere
2974 1999 3074 2045 est.
3131 1990 3275 2064 Ergo
3323 1999 3494 2047 totum
3532 1992 3654 2058 hoc,

2064 2092 2116 2138 et
2153 2081 2359 2151 spirare
2391 2088 2445 2136 et
2471 2080 2674 2146 vivere,
2708 2080 2829 2148 ejus
2858 2090 2959 2149 est,
2992 2081 3153 2149 cujus
3194 2089 3249 2136 et
3270 2081 3468 2146 vivere,
3492 2080 3544 2134 id
3576 2088 3662 2135 est

2065 2171 2275 2227 animae.
2306 2169 2577 2240 Denique,
2621 2169 2665 2223 si
2694 2184 2911 2237 separas
2942 2168 3188 2237 spiritum
3247 2177 3297 2223 et
3350 2167 3566 2223 animan
3588 2170 3655 2233 46,

2066 2275 2256 2328 separa
2284 2266 2337 2311 et
2384 2272 2546 2327 opera
2580 2278 2591 2312 :
2639 2265 2802 2327 agant
2839 2256 2893 2309 in
2934 2257 3172 2313 discreto
3216 2256 3418 2327 aliquid
3475 2258 3655 2323 ambo,

2065 2364 2312 2404 seorsum
2343 2346 2541 2411 anima,
2565 2359 2806 2401 seorsum
2827 2346 3075 2415 spiritus:
3108 2345 3284 2399 anima
3322 2346 3438 2401 sine
3466 2346 3657 2417 Spiritu

2064 2437 2224 2503 vivat,
2255 2432 2476 2505 spiritus
2503 2432 2618 2487 sine
2646 2431 2825 2486 anima
2870 2433 3081 2503 spiret;
3129 2433 3354 2488 alterum
3396 2434 3661 2507 relinquat

2065 2539 2312 2597 corpora,
2338 2520 2600 2577 alternum
2630 2529 3085 2586 remaneat,mors
3114 2529 3167 2577 et
3194 2522 3300 2578 vita
3321 2522 3655 2579 conveniant.

2066 2616 2118 2670 Si
2151 2613 2293 2669 enim
2316 2613 2423 2666 duo
2453 2618 2596 2679 sunt,
2629 2610 2809 2665 anima
2836 2620 2889 2665 et
2917 2611 3162 2680 spiritus,
3195 2611 3360 2667 dividi
3410 2622 3655 2682 possunt,

2065 2714 2122 2759 ut
2149 2702 2411 2759 divisione
2431 2714 2637 2769 eorum,
2678 2699 2901 2755 alterius
2930 2698 3276 2766 discedentis,
3308 2701 3534 2755 alterius
3554 2700 3657 2755 im-

2068 2790 2352 2857 manentis,
2394 2788 2583 2843 mortis
2628 2796 2682 2843 et
2718 2788 2841 2843 vitae
2899 2803 3198 2844 concursus
3256 2787 3489 2843 eveniat.
3548 2788 3649 2843 Sed

2068 2880 2217 2934 nullo
2245 2878 2408 2933 modo
2436 2877 2648 2932 eveniet
2683 2895 2696 2930 :
2728 2892 2860 2950 ergo
2908 2878 3014 2932 duo
3044 2892 3155 2933 non
3184 2885 3357 2941 erunt,
3406 2893 3527 2947 quae
3568 2877 3652 2931 di-

365 2973 627 3027 membra.
675 2969 814 3037 Quid
861 2984 990 3041 ergo
1025 2969 1314 3024 dicemus?
1346 2968 1403 3022 Si
1440 2983 1535 3039 per
1576 2970 1693 3026 haec
1736 2970 1953 3033 vivitur,
1991 2975 2033 3051 ο
2064 2968 2174 3025 vidi
2203 2983 2309 3022 non
2341 2976 2601 3037 possunt;
2650 2981 2770 3036 quae
2817 2965 2981 3021 dividi
3017 2974 3258 3037 possent,
3309 2966 3356 3020 si
3408 2964 3652 3021 fuissent.

364 3068 522 3115 erunt
541 3059 655 3113 haec
692 3058 748 3112 in
785 3057 1036 3113 omnibus
1076 3057 1259 3128 utique
1288 3073 1409 3129 quae
1444 3057 1653 3125 vivunt,
1688 3058 1791 3112 etsi
1848 3074 1953 3113 non

362 3147 632 3215 videntur,
652 3146 751 3201 etsi
781 3160 888 3201 non
917 3145 1399 3216 adprehenduntur
1430 3160 1525 3215 pro
1555 3146 1953 3201 mediocritate:

362 3239 463 3294 hoc
494 3236 671 3309 magis
697 3235 905 3303 credas,
939 3236 984 3291 si
1023 3236 1192 3291 Deum
1223 3235 1494 3307 recOgites
1541 3243 1747 3290 tantum
1778 3235 1957 3290 artiﬁ-

363 3343 480 3382 cem
512 3327 566 3381 in
595 3325 819 3381 modicis
838 3325 976 3398 (64),
1008 3333 1267 3397 quantum
1290 3332 1342 3378 et
1362 3324 1415 3379 in
1448 3324 1715 3379 maximis.
1749 3325 1805 3378 Si
1828 3340 1959 3378 vero

363 3431 468 3471 non
498 3422 656 3486 putas
676 3430 872 3485 capere
906 3422 1014 3468 tam
1045 3413 1249 3468 minuta
1288 3413 1607 3483 corpuscula
1656 3413 1756 3468 Dei
1783 3412 1960 3469 663

361 3503 661 3575 ingenium,
695 3504 773 3558 sic
802 3517 1020 3573 quoque
1044 3500 1496 3573 magniﬁcentiam
1520 3502 1641 3569 ejus
1668 3516 1958 3573 agnoscas,

360 3592 506 3663 quod
536 3589 765 3646 modicis
794 3589 1140 3654 animalibus,
1172 3588 1289 3642 sine
1337 3587 1654 3644 necessariis
1704 3589 1959 3644 membris

362 3680 710 3736 nihilominus
739 3678 921 3735 vivere
950 3676 1283 3745 instruxerit,
1318 3675 1464 3732 salvo
1495 3675 1652 3729 etiam
1694 3676 1814 3732 visu
1843 3678 1959 3732 sine

363 3768 558 3836 oculis,
587 3776 642 3823 et
670 3782 767 3821 esu
798 3767 911 3820 sine
932 3763 1239 3826 denticulis,
1284 3771 1336 3818 et
1359 3764 1572 3834 digesta
1604 3765 1721 3820 sine
1752 3765 1917 3820 alveis
1943 3784 1955 3819 :

2064 3056 2170 3111 Sed
2217 3055 2341 3111 licet
2371 3062 2423 3111 et
2460 3055 2570 3110 duo
2602 3069 2720 3108 esse
2748 3062 3019 3110 concreta.
3083 3053 3188 3109 Sed
3218 3067 3329 3109 non
3384 3062 3543 3109 erunt
3606 3052 3655 3092 4⁷

2067 3151 2339 3210 concreta,
2371 3144 2415 3197 si
2443 3143 2587 3196 aliud
2604 3151 2685 3197 est
2712 3141 2911 3207 vivere,
2945 3140 3091 3197 aliud
3114 3142 3337 3212 spirare.
3368 3141 3657 3215 Distingu-

2069 3240 2163 3286 unt
2190 3230 2512 3286 substantias
2533 3245 2695 3300 opera
2727 3246 2739 3283 :
2771 3238 2824 3284 et
2844 3238 3044 3300 quanto
3066 3246 3210 3284 nunc
3240 3228 3444 3283 ﬁrmius
3465 3238 3569 3295 est,
3603 3242 3662 3286 ut

2068 3338 2236 3377 unum
2258 3319 2432 3376 664
2460 3320 2672 3387 credas,
2695 3336 2818 3375 eum
2851 3318 3162 3375 distantiam
3196 3334 3303 3375 non
3337 3318 3453 3385 das,
3489 3318 3663 3389 utipsa

2067 3410 2134 3466 sit
2164 3409 2339 3465 anima
2368 3409 2609 3479 spiritus,
2642 3408 2772 3462 dum
2803 3410 2969 3479 ipsius
2999 3417 3081 3464 est
3128 3408 3350 3479 Spirare,
3404 3408 3565 3477 cujus
3611 3416 3664 3463 et

2067 3498 2271 3555 vivere!
2308 3496 2448 3565 Quid
2478 3497 2641 3561 enim,
2669 3497 2713 3550 si
2740 3498 2882 3552 diem
2912 3497 3060 3552 aliud
3091 3498 3292 3552 habere
3324 3497 3481 3561 velis,
3516 3495 3660 3551 aliud

2068 3586 2241 3641 lucem
2264 3600 2386 3656 quae
2420 3585 2783 3643 aceidatdiei?
2820 3601 2939 3639 cum
2969 3585 3087 3640 dies
3108 3587 3224 3655 ipsa
3252 3586 3341 3639 lux
3380 3585 3469 3640 sit.
3501 3584 3664 3639 Plane

2069 3683 2224 3730 erunt
2251 3682 2306 3730 et
2332 3674 2433 3728 alia
2457 3690 2657 3745 genera
2686 3674 2837 3743 lucis,
2871 3684 2931 3730 ut
2971 3690 3037 3730 ex
3093 3674 3299 3746 ignium
3338 3674 3656 3729 ministerio.

2066 3763 2237 3818 Erunt
2266 3763 2411 3818 enim
2442 3771 2494 3818 et
2522 3764 2638 3817 aliae
2668 3763 2902 3834 ’spiritus
2935 3765 3163 3833 species,
3214 3772 3273 3819 ut
3320 3778 3387 3819 ex
3418 3764 3554 3833 Deo,
3606 3771 3664 3816 ut

1743 3863 1932 3924 Variae
1978 3866 2288 3924 lectiones.

435 3962 485 3999 4⁵
504 3958 813 4014 Mandibula
831 3959 955 4015 alii.
980 3959 1028 3996 46
1053 3958 1330 4027 Spiritum,
1372 3970 1614 4014 naturam
1663 3960 1837 4017 Rhen.
1871 3962 1918 3998 ‘7
1942 3960 2075 4027 Quae
2106 3960 2212 4013 div.
2246 3974 2389 4027 poss.
2432 3959 2476 4013 si
2511 3958 2550 4013 f.
2585 3958 2691 4013 Sed
2718 3959 2759 4012 1.
2790 3968 2842 4014 et
2869 3959 2921 4016 d.
2951 3974 3000 4016 c.
3033 3957 3134 4014 Sed
3174 3975 3227 4013 n.
3271 3968 3434 4015 erunt
3465 3961 3656 4015 omitt.

365 4036 526 4088 Pam.
566 4047 638 4089 ex
690 4031 935 4088 Gelenio.
958 4030 1135 4088 Dividi
1174 4047 1279 4086 non
1311 4042 1549 4102 possent,
1583 4039 1635 4087 et
1664 4031 1909 4097 fuissent,
1943 4031 2039 4086 sed
2070 4030 2322 4086 licetduo
2353 4046 2473 4086 esse
2495 4039 2775 4098 concreta,
2806 4038 2933 4096 etc.,
2974 4031 3269 4102 Gagnaeus.

1796 4148 2224 4190 ommentartus
2254 4175 2267 4188 .

1750 4132 2224 4191 Commentarius
2254 4175 2267 4188 .

366 4211 494 4266 bant
520 4209 798 4300 enli‘m‘hoc
828 4216 1006 4300 Jpacto
1064 4207 1292 4300 animam
1343 4225 1373 4263 a
1402 4208 1643 4300 spiritu,‘
1666 4208 1778 4263 sive
1841 4209 1962 4285 ani-
1996 4224 2040 4300 ο
2074 4209 2221 4300 ribus
2255 4206 2459 4300 infesti:
2491 4208 2601 4300 Has
2639 4206 2977 4277 potissimum
3004 4214 3266 4280 appetunt
3308 4210 3451 4265 tubae
3483 4218 3663 4265 trucu-

365 4297 512 4337 mam
543 4280 677 4336 nihil
706 4280 853 4336 aliud
882 4294 1047 4350 quam
1097 4280 1347 4350 spiritum
1399 4281 1649 4336 dicebant
1695 4295 1794 4335 seu
1824 4280 1961 4336 ven-'-

368 4363 498 4409 tum.
536 4351 725 4406 Anima
764 4353 913 4422 quasi
972 4352 1142 4421 ἄνεμος
1182 4352 1478 4408 secundum
1525 4353 1820 4420 lsidorum,
1862 4351 1957 4405 lib.

366 4440 404 4479 ιι
440 4424 604 4504 Ὀνίᾳ.
629 4424 875 4504 Patribus
903 4439 1011 4504 non
1039 4423 1165 4478 item
1192 4423 1394 4493 placuit
1421 4424 1513 4477 illa
1542 4423 1698 4491 ratio,
1734 4423 1831 4478 sed
1859 4422 1959 4477 fri-

366 4495 493 4551 vola
520 4495 633 4552 visa
662 4504 761 4551 est.
797 4497 874 4549 LE
906 4496 1001 4550 Pa.

429 4566 548 4636 (60)
562 4568 891 4636 IlerOphilus
904 4569 1022 4635 ille,
1036 4567 1283 4624 medicus
1304 4570 1408 4621 aut
1427 4567 1637 4620 lanius.
1654 4564 1955 4627 Anatomia,

368 4654 490 4710 qua:
514 4648 567 4694 et
595 4636 821 4693 celebris
843 4655 1154 4710 magnoque,
1182 4640 1233 4692 in
1273 4638 1458 4710 pretio
1490 4636 1583 4689 fuit
1615 4637 1758 4710 apud
1788 4636 1962 4710 ethni-

369 4705 483 4774 cos,
517 4725 548 4763 a
572 4711 845 4765 veteribus
876 4705 1190 4764 Christianis
1216 4708 1343 4763 odio
1371 4723 1533 4779 quam
1565 4705 1799 4779 maximo
1837 4705 1960 4779 afﬁ-

366 4779 629 4836 ciebatur.
670 4779 928 4847 Quamvis
976 4781 1063 4834 hic
1112 4780 1309 4833 dictum
1340 4777 1569 4849 lanium
1616 4777 1961 4849 HerOphilum

368 4859 597 4918 constet,
628 4854 768 4921 quod
817 4850 968 4904 vivos
1016 4848 1630 4921 hominesrdissecaret.
1682 4848 1961 4904 Id’autem

368 4923 559 4977 solitos
588 4920 761 4976 iaeere
792 4921 1193 4991 Erasistratum,
1236 4920 1477 4975 Dioclem
1511 4928 1563 4975 et
1611 4921 1960 4991 Herophilum

369 4994 525 5048 docet
546 4991 803 5045 Claudius
823 4990 1019 5045 Galen.
1036 5006 1135 5045 vm
1155 4991 1220 5047 de
1242 4993 1393 5046 Plac.
1412 4996 1467 5048 et
1490 5007 1526 5044 ιι
1549 4994 1717 5048 Anat.
1742 4990 1959 5047 ddmi-n.

370 5062 624 5119 Paenituit
651 5062 848 5117 saeculo
880 5061 1120 5130 proxime
1146 5063 1332 5132 elapso
1389 5063 1565 5118 virum
1605 5065 1869 5118 eruditum
1911 5072 1966 5117 et

368 5132 680 5188 anatomica:
710 5133 789 5188 rei
828 5132 1217 5189 peritissimum
1250 5133 1517 5188 Vesalium
1564 5134 1745 5189 vivum
1783 5133 1961 5189 homi-

369 5222 491 5261 nem
520 5203 786 5259 anatomia
828 5203 1116 5274 lacerasse,
1169 5204 1223 5258 id
1265 5204 1404 5259 enim
1458 5205 1816 5261 Christianum
1858 5221 1964 5259 non

368 5276 528 5346 sapit.
550 5275 627 5331 LE
663 5275 755 5331 Pa.

442 5346 556 5418 (61)
588 5347 691 5405 Sed
722 5349 845 5419 ipsa
888 5348 1040 5403 inter
1080 5347 1332 5419 artiﬁcia,
1354 5350 1693 5404 cxsectz’onis
1712 5350 1962 5419 errante.

370 5419 558 5488 Itaque
584 5418 753 5475 etiam
782 5420 934 5474 vivos
974 5419 1292 5488 HerOphilus
1323 5418 1413 5475 ille
1435 5419 1684 5475 laniabat.
1727 5418 1852 5471 Bne.

442 5491 664 5561 (62)Ne
692 5493 754 5546 in
779 5490 1019 5546 tenebris
1040 5492 1263 5561 quidem
1288 5492 1521 5545 aurium
1538 5491 1688 5547 ccecz'.
1717 5489 1891 5561 Etiam
1912 5488 1962 5542 in

371 5558 614 5618 tenebris
652 5562 965 5620 discernunt
1006 5558 1186 5621 aures.
1225 5564 1359 5617 Nam
1390 5571 1514 5617 sunt
1544 5558 1841 5631 prtesertim
1874 5576 1963 5616 au-

2073 4281 2251 4335 lentiae
2278 4279 2503 4348 Spiculo.
2542 4280 2667 4336 Rm.

2141 4350 2257 4419 (63)
2279 4351 2477 4423 Tubmn
2498 4352 2722 4423 pariter
2736 4354 2791 4405 θι
2811 4351 3087 4407 lanceam.
3106 4350 3194 4405 Sic
3214 4351 3375 4405 habet
3392 4352 3665 4420 exemplar

2072 4421 2367 4493 Agobardi.
2402 4421 2572 4476 Antea
2618 4422 2897 4493 legebatur
2952 4423 3265 4485 hiancca-m,
3316 4422 3658 4491 depravatis-

2071 4494 2225 4547 sime.
2256 4493 2331 4548 Os
2368 4493 2559 4548 culicis
2589 4494 2712 4547 tuba
2749 4501 2830 4546 est
2859 4493 3058 4561 pariter
3104 4502 3155 4546 et
3191 4494 3395 4548 lancea.
3438 4494 3661 4559 Plinius,

2072 4568 2201 4645 x1,_2
2236 4582 2247 4621 :
2277 4585 2306 4617 α
2337 4562 2455 4631 Qua
2481 4564 3000 4645 subtilitatepennas
3021 4564 3296 4645 adnexu-it,
3324 4565 3666 4645 praelongave

2073 4636 2265 4707 pedum
2296 4651 2452 4691 crura
2482 4634 2789 4707 disposuit?
2823 4634 2916 4707 ubi
2950 4634 3093 4689 illam
3123 4634 3330 4707 avidam
3364 4634 3661 4707 sanguinis,

2070 4703 2123 4761 et
2152 4706 2488 4776 potissimum
2527 4703 2744 4758 humani
2791 4705 2932 4759 sitim
2980 4705 3254 4775 accendit;
3316 4703 3492 4760 telunf
3537 4722 3665 4761 vero

2070 4776 2424 4848 perfodiendo
2464 4776 2664 4848 tergori
2699 4790 2810 4848 quo
2838 4776 3122 4846 spiculavit
3147 4776 3404 4848 ingenio,
3458 4783 3518 4831 ut
3575 4778 3662 4831 fo-

2070 4846 2265 4902 diendo
2305 4846 2660 4901 acuminatum
2702 4847 2900 4916 pariter
2929 4846 3313 4918 sorbendoque
3360 4847 3663 4902 ﬁstulosum

2072 4920 2265 4975 esset?
2299 4938 2320 4967 »
2351 4920 2471 4972 Rm.

2143 4989 2257 5058 (64)
2274 4992 2445 5044 Deum
2468 4991 2732 5060 recoqz’tes
2755 4992 2989 5045 tantum
3011 4990 3285 5058 artiﬁcem
3310 4990 3369 5043 in
3388 4990 3663 5047 modicis"

2074 5061 2163 5115 Sic
2184 5061 2360 5116 decuit
2389 5061 2454 5115 ad
2485 5068 2692 5116 naturae
2722 5063 3007 5115 Auctorem
3031 5061 3253 5128 referre,
3281 5077 3399 5130 qua).
3424 5076 3532 5115 non
3563 5060 3667 5114 nisi

2073 5141 2277 5186 naturae
2309 5132 2493 5186 tribuit
2518 5133 2747 5187 Plinius:
2800 5152 2822 5181 «
2864 5132 3139 5201 Nusquam
3182 5132 3521 5200 spectatiore,
3576 5132 3665 5185 in-

2075 5203 2436 5274 quit,naturae
2483 5203 2724 5258 artiﬁcio.
2776 5205 2833 5256 In
2886 5203 3094 5274 magnis
3144 5202 3411 5273 siquidem
3469 5217 3667 5270 corpo-

2075 5273 2244 5339 ribus,
2269 5284 2358 5328 aut
2384 5282 2528 5329 certe
2560 5275 2873 5341 majoribus,
2917 5273 3090 5328 facilis
3143 5275 3379 5338 ol'licina,
3449 5273 3669 5342 sequaci

2076 5345 2315 5413 materia,
2342 5345 2458 5401 fuit.
2498 5347 2553 5401 In
2584 5346 2665 5400 his
2694 5362 2820 5400 vero
2863 5355 2965 5398 tam
2999 5344 3178 5413 parvis
3208 5354 3369 5413 atque
3400 5353 3505 5399 tam
3538 5345 3669 5399 nul-

2075 5417 2158 5483 lis,
2186 5432 2302 5489 quae
2333 5416 2501 5473 ratio!
2535 5426 2736 5489 quanta
2756 5418 2835 5472 vis
2867 5417 2878 5469 !
2915 5432 3074 5486 quam
3116 5415 3495 5473 inextricabilis
3555 5432 3673 5485 per-

2076 5488 2235 5543 lectio
2262 5488 2273 5540 l
2311 5510 2332 5535 ι)
2368 5489 2493 5544 R16.

2142 5560 2257 5629 (65)
2288 5562 2549 5617 Limaces.
2587 5560 2769 5616 Limax
2802 5564 2883 5615 est
2912 5559 3137 5616 cochlea
3167 5560 3332 5615 nuda.
3363 5559 3441 5613 LE
3464 5559 3559 5612 Pa.
