  <div class='ocr_page' id='page_1' title='image "/cluster/home/n/w/nwhite01/storage/ocr_20150623/2/hvd.32044096580329/358.png"; bbox 0 0 4016 6188; ppageno 0'>
   <div class='ocr_carea' id='block_1_1' title="bbox 296 309 407 371">
    <p class='ocr_par' dir='ltr' id='par_1_1' title="bbox 296 309 407 371">
     <span class='ocr_line' id='line_1_1' title="bbox 296 309 407 371; baseline 0.009 -1"><span class='ocrx_word' id='word_1_1' title='bbox 296 309 407 371; x_wconf 82' lang='lat'><strong>705</strong></span> 
     </span>
    </p>
   </div>
   <div class='ocr_carea' id='block_1_2' title="bbox 291 435 1889 509">
    <p class='ocr_par' dir='ltr' id='par_1_2' title="bbox 291 435 1889 509">
     <span class='ocr_line' id='line_1_2' title="bbox 291 435 1889 509; baseline -0.001 -15"><span class='ocrx_word' id='word_1_2' title='bbox 291 453 355 495; x_wconf 85' lang='lat' dir='ltr'><strong>ex</strong></span> <span class='ocrx_word' id='word_1_3' title='bbox 382 435 625 492; x_wconf 85' lang='lat' dir='ltr'><strong>diabolo.</strong></span> <span class='ocrx_word' id='word_1_4' title='bbox 655 437 736 494; x_wconf 85' lang='lat' dir='ltr'><strong>Ita</strong></span> <span class='ocrx_word' id='word_1_5' title='bbox 756 453 884 503; x_wconf 86' lang='lat' dir='ltr'><strong>cum</strong></span> <span class='ocrx_word' id='word_1_6' title='bbox 924 438 994 494; x_wconf 89' lang='lat' dir='ltr'><strong>de</strong></span> <span class='ocrx_word' id='word_1_7' title='bbox 1027 438 1204 493; x_wconf 87' lang='lat' dir='ltr'><strong>anima</strong></span> <span class='ocrx_word' id='word_1_8' title='bbox 1242 443 1298 493; x_wconf 88' lang='lat' dir='ltr'><strong>et</strong></span> <span class='ocrx_word' id='word_1_9' title='bbox 1323 436 1517 507; x_wconf 80' lang='lat' dir='ltr'><strong>spiritu</strong></span> <span class='ocrx_word' id='word_1_10' title='bbox 1543 439 1740 508; x_wconf 88' lang='lat' dir='ltr'><strong>agitur,</strong></span> <span class='ocrx_word' id='word_1_11' title='bbox 1771 453 1889 509; x_wconf 80' lang='lat' dir='ltr'><strong>ipsa</strong></span> 
     </span>
    </p>
   </div>
   <div class='ocr_carea' id='block_1_3' title="bbox 291 524 1892 599">
    <p class='ocr_par' dir='ltr' id='par_1_3' title="bbox 291 524 1892 599">
     <span class='ocr_line' id='line_1_3' title="bbox 291 524 1892 599; baseline 0.001 -16"><span class='ocrx_word' id='word_1_12' title='bbox 291 527 397 583; x_wconf 91' lang='lat' dir='ltr'><strong>erit</strong></span> <span class='ocrx_word' id='word_1_13' title='bbox 444 524 623 583; x_wconf 85' lang='lat' dir='ltr'><strong>anima</strong></span> <span class='ocrx_word' id='word_1_14' title='bbox 645 528 891 598; x_wconf 78' lang='lat' dir='ltr'><strong>spiritus,</strong></span> <span class='ocrx_word' id='word_1_15' title='bbox 924 528 1069 583; x_wconf 90' lang='lat' dir='ltr'><strong>sicut</strong></span> <span class='ocrx_word' id='word_1_16' title='bbox 1110 526 1233 597; x_wconf 90' lang='lat' dir='ltr'><strong>ipsa</strong></span> <span class='ocrx_word' id='word_1_17' title='bbox 1280 526 1400 582; x_wconf 88' lang='lat' dir='ltr'><strong>dies</strong></span> <span class='ocrx_word' id='word_1_18' title='bbox 1436 527 1546 583; x_wconf 84' lang='lat' dir='ltr'><strong>lux.</strong></span> <span class='ocrx_word' id='word_1_19' title='bbox 1589 528 1770 599; x_wconf 88' lang='lat' dir='ltr'><strong>Ipsum</strong></span> <span class='ocrx_word' id='word_1_20' title='bbox 1808 537 1892 584; x_wconf 90' lang='lat' dir='ltr'><strong>est</strong></span> 
     </span>
    </p>
   </div>
   <div class='ocr_carea' id='block_1_4' title="bbox 295 614 1222 688">
    <p class='ocr_par' dir='ltr' id='par_1_4' title="bbox 295 614 1222 688">
     <span class='ocr_line' id='line_1_4' title="bbox 295 614 1222 688; baseline -0.001 -17"><span class='ocrx_word' id='word_1_21' title='bbox 295 615 437 679; x_wconf 87' lang='lat' dir='ltr'><strong>enim</strong></span> <span class='ocrx_word' id='word_1_22' title='bbox 474 614 628 688; x_wconf 87' lang='lat' dir='ltr'><strong>quid,</strong></span> <span class='ocrx_word' id='word_1_23' title='bbox 661 630 763 686; x_wconf 87' lang='lat' dir='ltr'><strong>per</strong></span> <span class='ocrx_word' id='word_1_24' title='bbox 783 615 932 688; x_wconf 91' lang='lat' dir='ltr'><strong>quod</strong></span> <span class='ocrx_word' id='word_1_25' title='bbox 960 625 1043 672; x_wconf 91' lang='lat' dir='ltr'><strong>est</strong></span> <span class='ocrx_word' id='word_1_26' title='bbox 1071 616 1222 687; x_wconf 92' lang='lat' dir='ltr'><strong>quid.</strong></span> 
     </span>
    </p>
   </div>
   <div class='ocr_carea' id='block_1_5' title="bbox 913 753 1278 811">
    <p class='ocr_par' dir='ltr' id='par_1_5' title="bbox 913 753 1278 811">
     <span class='ocr_line' id='line_1_5' title="bbox 913 753 1278 811; baseline -0.005 -2"><span class='ocrx_word' id='word_1_27' title='bbox 913 754 1139 811; x_wconf 82' lang='lat' dir='ltr'><strong>CAPUT</strong></span> <span class='ocrx_word' id='word_1_28' title='bbox 1178 753 1278 809; x_wconf 80' lang='lat' dir='ltr'><strong>XI.</strong></span> 
     </span>
    </p>
   </div>
   <div class='ocr_carea' id='block_1_6' title="bbox 367 876 1897 951">
    <p class='ocr_par' dir='ltr' id='par_1_6' title="bbox 367 876 1897 951">
     <span class='ocr_line' id='line_1_6' title="bbox 367 876 1897 951; baseline 0.003 -19"><span class='ocrx_word' id='word_1_29' title='bbox 367 877 471 932; x_wconf 89' lang='lat' dir='ltr'><strong>Sed</strong></span> <span class='ocrx_word' id='word_1_30' title='bbox 491 883 553 931; x_wconf 90' lang='lat' dir='ltr'><strong>ut</strong></span> <span class='ocrx_word' id='word_1_31' title='bbox 579 876 810 933; x_wconf 89' lang='lat' dir='ltr'><strong>animam</strong></span> <span class='ocrx_word' id='word_1_32' title='bbox 839 877 1089 949; x_wconf 74' lang='lat' dir='ltr'><strong>spiritum</strong></span> <span class='ocrx_word' id='word_1_33' title='bbox 1112 878 1305 945; x_wconf 89' lang='lat' dir='ltr'><strong>dicam,</strong></span> <span class='ocrx_word' id='word_1_34' title='bbox 1328 878 1614 948; x_wconf 88' lang='lat' dir='ltr'><strong>prmsentis</strong></span> <span class='ocrx_word' id='word_1_35' title='bbox 1642 880 1897 951; x_wconf 67' lang='lat' dir='ltr'><strong>quaestio-</strong></span> 
     </span>
    </p>
   </div>
   <div class='ocr_carea' id='block_1_7' title="bbox 297 966 1898 1040">
    <p class='ocr_par' dir='ltr' id='par_1_7' title="bbox 297 966 1898 1040">
     <span class='ocr_line' id='line_1_7' title="bbox 297 966 1898 1040; baseline 0.001 -18"><span class='ocrx_word' id='word_1_36' title='bbox 297 966 382 1022; x_wconf 91' lang='lat' dir='ltr'><strong>nis</strong></span> <span class='ocrx_word' id='word_1_37' title='bbox 418 967 556 1022; x_wconf 93' lang='lat' dir='ltr'><strong>ratio</strong></span> <span class='ocrx_word' id='word_1_38' title='bbox 602 967 891 1039; x_wconf 90' lang='lat' dir='ltr'><strong>compellit,</strong></span> <span class='ocrx_word' id='word_1_39' title='bbox 912 970 1037 1040; x_wconf 90' lang='lat' dir='ltr'><strong>quia</strong></span> <span class='ocrx_word' id='word_1_40' title='bbox 1074 968 1285 1038; x_wconf 87' lang='lat' dir='ltr'><strong>spirare</strong></span> <span class='ocrx_word' id='word_1_41' title='bbox 1313 967 1404 1022; x_wconf 85' lang='lat' dir='ltr'><strong>alii</strong></span> <span class='ocrx_word' id='word_1_42' title='bbox 1450 968 1763 1025; x_wconf 88' lang='lat' dir='ltr'><strong>substantim</strong></span> <span class='ocrx_word' id='word_1_43' title='bbox 1809 968 1898 1026; x_wconf 91' lang='lat' dir='ltr'><strong>ad-</strong></span> 
     </span>
    </p>
   </div>
   <div class='ocr_carea' id='block_1_8' title="bbox 297 1046 1897 1127">
    <p class='ocr_par' dir='ltr' id='par_1_8' title="bbox 297 1046 1897 1127">
     <span class='ocr_line' id='line_1_8' title="bbox 297 1046 1897 1127; baseline 0.003 -17"><span class='ocrx_word' id='word_1_44' title='bbox 297 1054 551 1110; x_wconf 86' lang='lat' dir='ltr'><strong>scribitur</strong></span> <span class='ocrx_word' id='word_1_45' title='bbox 582 1071 599 1110; x_wconf 92' lang='lat'><strong>:</strong></span> <span class='ocrx_word' id='word_1_46' title='bbox 627 1055 734 1112; x_wconf 90' lang='lat' dir='ltr'><strong>hoc</strong></span> <span class='ocrx_word' id='word_1_47' title='bbox 754 1055 882 1110; x_wconf 93' lang='lat' dir='ltr'><strong>dum</strong></span> <span class='ocrx_word' id='word_1_48' title='bbox 911 1055 1104 1110; x_wconf 89' lang='lat' dir='ltr'><strong>animm</strong></span> <span class='ocrx_word' id='word_1_49' title='bbox 1133 1055 1484 1123; x_wconf 80' lang='lat' dir='ltr'><strong>vindicamus,</strong></span> <span class='ocrx_word' id='word_1_50' title='bbox 1510 1072 1669 1127; x_wconf 90' lang='lat' dir='ltr'><strong>quam</strong></span> <span class='ocrx_word' id='word_1_51' title='bbox 1696 1046 1897 1114; x_wconf 85' lang='lat' dir='ltr'><strong>unifor-</strong></span> 
     </span>
    </p>
   </div>
   <div class='ocr_carea' id='block_1_9' title="bbox 296 1143 1897 1217">
    <p class='ocr_par' dir='ltr' id='par_1_9' title="bbox 296 1143 1897 1217">
     <span class='ocr_line' id='line_1_9' title="bbox 296 1143 1897 1217; baseline 0.003 -18"><span class='ocrx_word' id='word_1_52' title='bbox 296 1160 440 1199; x_wconf 90' lang='lat' dir='ltr'><strong>mem</strong></span> <span class='ocrx_word' id='word_1_53' title='bbox 465 1152 520 1201; x_wconf 86' lang='lat' dir='ltr'><strong>et</strong></span> <span class='ocrx_word' id='word_1_54' title='bbox 556 1143 857 1216; x_wconf 81' lang='lat' dir='ltr'><strong>simplicem</strong></span> <span class='ocrx_word' id='word_1_55' title='bbox 887 1144 1261 1217; x_wconf 87' lang='lat' dir='ltr'><strong>agnoscimus,</strong></span> <span class='ocrx_word' id='word_1_56' title='bbox 1294 1146 1539 1217; x_wconf 83' lang='lat' dir='ltr'><strong>spiritum</strong></span> <span class='ocrx_word' id='word_1_57' title='bbox 1567 1161 1789 1204; x_wconf 80' lang='lat' dir='ltr'><strong>necesse</strong></span> <span class='ocrx_word' id='word_1_58' title='bbox 1816 1157 1897 1205; x_wconf 87' lang='lat' dir='ltr'><strong>est</strong></span> 
     </span>
    </p>
   </div>
   <div class='ocr_carea' id='block_1_10' title="bbox 294 1232 1895 1305">
    <p class='ocr_par' dir='ltr' id='par_1_10' title="bbox 294 1232 1895 1305">
     <span class='ocr_line' id='line_1_10' title="bbox 294 1232 1895 1305; baseline 0.001 -15"><span class='ocrx_word' id='word_1_59' title='bbox 294 1243 440 1290; x_wconf 88' lang='lat' dir='ltr'><strong>certa</strong></span> <span class='ocrx_word' id='word_1_60' title='bbox 468 1232 776 1288; x_wconf 90' lang='lat' dir='ltr'><strong>conditione</strong></span> <span class='ocrx_word' id='word_1_61' title='bbox 811 1232 1089 1301; x_wconf 88' lang='lat' dir='ltr'><strong>dicamus;</strong></span> <span class='ocrx_word' id='word_1_62' title='bbox 1146 1248 1256 1289; x_wconf 89' lang='lat' dir='ltr'><strong>non</strong></span> <span class='ocrx_word' id='word_1_63' title='bbox 1312 1242 1484 1290; x_wconf 88' lang='lat' dir='ltr'><strong>status</strong></span> <span class='ocrx_word' id='word_1_64' title='bbox 1539 1235 1774 1305; x_wconf 85' lang='lat' dir='ltr'><strong>nomine,</strong></span> <span class='ocrx_word' id='word_1_65' title='bbox 1801 1237 1895 1292; x_wconf 89' lang='lat' dir='ltr'><strong>sed</strong></span> 
     </span>
    </p>
   </div>
   <div class='ocr_carea' id='block_1_11' title="bbox 293 1322 1897 1398">
    <p class='ocr_par' dir='ltr' id='par_1_11' title="bbox 293 1322 1897 1398">
     <span class='ocr_line' id='line_1_11' title="bbox 293 1322 1897 1398; baseline 0.004 -22"><span class='ocrx_word' id='word_1_66' title='bbox 293 1330 486 1390; x_wconf 88' lang='lat' dir='ltr'><strong>actus;</strong></span> <span class='ocrx_word' id='word_1_67' title='bbox 533 1336 640 1377; x_wconf 90' lang='lat' dir='ltr'><strong>nec</strong></span> <span class='ocrx_word' id='word_1_68' title='bbox 664 1322 984 1378; x_wconf 89' lang='lat' dir='ltr'><strong>substantim</strong></span> <span class='ocrx_word' id='word_1_69' title='bbox 1007 1323 1182 1391; x_wconf 87' lang='lat' dir='ltr'><strong>titulo,</strong></span> <span class='ocrx_word' id='word_1_70' title='bbox 1229 1323 1323 1391; x_wconf 83' lang='lat' dir='ltr'><strong>sed</strong></span> <span class='ocrx_word' id='word_1_71' title='bbox 1353 1338 1571 1394; x_wconf 89' lang='lat' dir='ltr'><strong>operm;</strong></span> <span class='ocrx_word' id='word_1_72' title='bbox 1604 1324 1731 1396; x_wconf 85' lang='lat' dir='ltr'><strong>quia</strong></span> <span class='ocrx_word' id='word_1_73' title='bbox 1785 1327 1897 1398; x_wconf 90' lang='lat' dir='ltr'><strong>spi-</strong></span> 
     </span>
    </p>
   </div>
   <div class='ocr_carea' id='block_1_12' title="bbox 294 1411 1892 1486">
    <p class='ocr_par' dir='ltr' id='par_1_12' title="bbox 294 1411 1892 1486">
     <span class='ocr_line' id='line_1_12' title="bbox 294 1411 1892 1486; baseline 0.002 -20"><span class='ocrx_word' id='word_1_74' title='bbox 294 1418 397 1478; x_wconf 88' lang='lat' dir='ltr'><strong>rat,</strong></span> <span class='ocrx_word' id='word_1_75' title='bbox 431 1424 543 1467; x_wconf 92' lang='lat' dir='ltr'><strong>non</strong></span> <span class='ocrx_word' id='word_1_76' title='bbox 571 1411 701 1483; x_wconf 88' lang='lat' dir='ltr'><strong>quia</strong></span> <span class='ocrx_word' id='word_1_77' title='bbox 727 1411 951 1482; x_wconf 74' lang='lat' dir='ltr'><strong>Spiritus</strong></span> <span class='ocrx_word' id='word_1_78' title='bbox 981 1412 1201 1484; x_wconf 89' lang='lat' dir='ltr'><strong>proprie</strong></span> <span class='ocrx_word' id='word_1_79' title='bbox 1217 1421 1299 1468; x_wconf 89' lang='lat' dir='ltr'><strong>est</strong></span> <span class='ocrx_word' id='word_1_80' title='bbox 1323 1412 1437 1486; x_wconf 90' lang='lat'><strong>(66)</strong></span> <span class='ocrx_word' id='word_1_81' title='bbox 1466 1429 1481 1467; x_wconf 89' lang='lat'><strong>:</strong></span> <span class='ocrx_word' id='word_1_82' title='bbox 1513 1428 1639 1467; x_wconf 88' lang='lat' dir='ltr'><strong>nam</strong></span> <span class='ocrx_word' id='word_1_83' title='bbox 1664 1420 1717 1469; x_wconf 90' lang='lat' dir='ltr'><strong>et</strong></span> <span class='ocrx_word' id='word_1_84' title='bbox 1745 1413 1892 1480; x_wconf 89' lang='lat' dir='ltr'><strong>ﬂare,</strong></span> 
     </span>
    </p>
   </div>
   <div class='ocr_carea' id='block_1_13' title="bbox 294 1498 1898 1574">
    <p class='ocr_par' dir='ltr' id='par_1_13' title="bbox 294 1498 1898 1574">
     <span class='ocr_line' id='line_1_13' title="bbox 294 1498 1898 1574; baseline 0.003 -22"><span class='ocrx_word' id='word_1_85' title='bbox 294 1498 502 1570; x_wconf 88' lang='lat' dir='ltr'><strong>Spirare</strong></span> <span class='ocrx_word' id='word_1_86' title='bbox 532 1508 634 1557; x_wconf 90' lang='lat' dir='ltr'><strong>est.</strong></span> <span class='ocrx_word' id='word_1_87' title='bbox 666 1500 746 1555; x_wconf 90' lang='lat' dir='ltr'><strong>Ita</strong></span> <span class='ocrx_word' id='word_1_88' title='bbox 786 1509 837 1555; x_wconf 93' lang='lat' dir='ltr'><strong>et</strong></span> <span class='ocrx_word' id='word_1_89' title='bbox 857 1501 1113 1568; x_wconf 91' lang='lat' dir='ltr'><strong>animam,</strong></span> <span class='ocrx_word' id='word_1_90' title='bbox 1146 1515 1312 1574; x_wconf 89' lang='lat' dir='ltr'><strong>quam</strong></span> <span class='ocrx_word' id='word_1_91' title='bbox 1339 1501 1520 1557; x_wconf 90' lang='lat' dir='ltr'><strong>ﬂatum</strong></span> <span class='ocrx_word' id='word_1_92' title='bbox 1550 1517 1615 1558; x_wconf 81' lang='lat' dir='ltr'><strong>ex</strong></span> <span class='ocrx_word' id='word_1_93' title='bbox 1641 1501 1898 1574; x_wconf 86' lang='lat' dir='ltr'><strong>prOprie-</strong></span> 
     </span>
    </p>
   </div>
   <div class='ocr_carea' id='block_1_14' title="bbox 295 1586 1896 1660">
    <p class='ocr_par' dir='ltr' id='par_1_14' title="bbox 295 1586 1896 1660">
     <span class='ocr_line' id='line_1_14' title="bbox 295 1586 1896 1660; baseline 0.002 -18"><span class='ocrx_word' id='word_1_94' title='bbox 295 1596 402 1643; x_wconf 89' lang='lat' dir='ltr'><strong>tate</strong></span> <span class='ocrx_word' id='word_1_95' title='bbox 431 1586 775 1644; x_wconf 87' lang='lat' dir='ltr'><strong>defendimus</strong></span> <span class='ocrx_word' id='word_1_96' title='bbox 803 1588 1056 1659; x_wconf 79' lang='lat' dir='ltr'><strong>Spiritum</strong></span> <span class='ocrx_word' id='word_1_97' title='bbox 1122 1604 1270 1646; x_wconf 91' lang='lat' dir='ltr'><strong>nunc</strong></span> <span class='ocrx_word' id='word_1_98' title='bbox 1307 1606 1371 1646; x_wconf 88' lang='lat' dir='ltr'><strong>ex</strong></span> <span class='ocrx_word' id='word_1_99' title='bbox 1416 1588 1737 1646; x_wconf 85' lang='lat' dir='ltr'><strong>necessitate</strong></span> <span class='ocrx_word' id='word_1_100' title='bbox 1766 1604 1896 1660; x_wconf 84' lang='lat' dir='ltr'><strong>pro-</strong></span> 
     </span>
    </p>
   </div>
   <div class='ocr_carea' id='block_1_15' title="bbox 1661 306 2256 370">
    <p class='ocr_par' dir='ltr' id='par_1_15' title="bbox 1661 306 2256 370">
     <span class='ocr_line' id='line_1_15' title="bbox 1661 306 2256 370; baseline -0.003 -1"><span class='ocrx_word' id='word_1_101' title='bbox 1661 307 1860 370; x_wconf 80' lang='lat' dir='ltr'><strong>LIBER</strong></span> <span class='ocrx_word' id='word_1_102' title='bbox 1897 308 1983 369; x_wconf 71' lang='lat' dir='ltr'><strong>DE</strong></span> <span class='ocrx_word' id='word_1_103' title='bbox 2017 306 2256 370; x_wconf 70' lang='lat' dir='ltr'><strong>ANIIA.</strong></span> 
     </span>
    </p>
   </div>
   <div class='ocr_carea' id='block_1_16' title="bbox 3486 316 3594 378">
    <p class='ocr_par' dir='ltr' id='par_1_16' title="bbox 3486 316 3594 378">
     <span class='ocr_line' id='line_1_16' title="bbox 3486 316 3594 378; baseline 0.028 -3"><span class='ocrx_word' id='word_1_104' title='bbox 3486 316 3594 378; x_wconf 85' lang='lat'><strong>706</strong></span> 
     </span>
    </p>
   </div>
   <div class='ocr_carea' id='block_1_17' title="bbox 1998 428 3587 513">
    <p class='ocr_par' dir='ltr' id='par_1_17' title="bbox 1998 428 3587 513">
     <span class='ocr_line' id='line_1_17' title="bbox 1998 428 3587 513; baseline 0.004 -20"><span class='ocrx_word' id='word_1_105' title='bbox 1998 435 2170 508; x_wconf 90' lang='lat' dir='ltr'><strong>spiret</strong></span> <span class='ocrx_word' id='word_1_106' title='bbox 2200 454 2212 494; x_wconf 89' lang='lat'>:</span> <span class='ocrx_word' id='word_1_107' title='bbox 2236 436 2369 493; x_wconf 87' lang='lat' dir='ltr'><strong>satis</strong></span> <span class='ocrx_word' id='word_1_108' title='bbox 2398 435 2687 492; x_wconf 87' lang='lat' dir='ltr'><strong>declarans</strong></span> <span class='ocrx_word' id='word_1_109' title='bbox 2705 428 3039 495; x_wconf 81' lang='lat' dir='ltr'><strong>differentias</strong></span> <span class='ocrx_word' id='word_1_110' title='bbox 3058 442 3281 513; x_wconf 83' lang='lat' dir='ltr'><strong>spiritus</strong></span> <span class='ocrx_word' id='word_1_111' title='bbox 3299 451 3353 499; x_wconf 91' lang='lat' dir='ltr'><strong>et</strong></span> <span class='ocrx_word' id='word_1_112' title='bbox 3372 442 3587 509; x_wconf 85' lang='lat' dir='ltr'><strong>animm,</strong></span> 
     </span>
    </p>
   </div>
   <div class='ocr_carea' id='block_1_18' title="bbox 2001 522 3588 600">
    <p class='ocr_par' dir='ltr' id='par_1_18' title="bbox 2001 522 3588 600">
     <span class='ocr_line' id='line_1_18' title="bbox 2001 522 3588 600; baseline 0.004 -21"><span class='ocrx_word' id='word_1_113' title='bbox 2001 522 2415 596; x_wconf 86' lang='lat' dir='ltr'><strong>insequentibus</strong></span> <span class='ocrx_word' id='word_1_114' title='bbox 2442 522 2839 591; x_wconf 85' lang='lat' dir='ltr'><strong>instrumentis,</strong></span> <span class='ocrx_word' id='word_1_115' title='bbox 2872 525 2994 598; x_wconf 91' lang='lat' dir='ltr'><strong>ipso</strong></span> <span class='ocrx_word' id='word_1_116' title='bbox 3039 527 3156 585; x_wconf 91' lang='lat' dir='ltr'><strong>Deo</strong></span> <span class='ocrx_word' id='word_1_117' title='bbox 3205 531 3588 600; x_wconf 86' lang='lat' dir='ltr'><strong>pronuntiante</strong></span> 
     </span>
    </p>
   </div>
   <div class='ocr_carea' id='block_1_19' title="bbox 2001 613 3593 691">
    <p class='ocr_par' dir='ltr' id='par_1_19' title="bbox 2001 613 3593 691">
     <span class='ocr_line' id='line_1_19' title="bbox 2001 613 3593 691; baseline 0.005 -21"><span class='ocrx_word' id='word_1_118' title='bbox 2001 613 2279 684; x_wconf 83' lang='lat' dir='ltr'><strong>(Isa.t.vu,</strong></span> <span class='ocrx_word' id='word_1_119' title='bbox 2317 613 2404 684; x_wconf 79' lang='lat' dir='ltr'><strong>t6)</strong></span> <span class='ocrx_word' id='word_1_120' title='bbox 2420 632 2436 670; x_wconf 87' lang='lat'><strong>:</strong></span> <span class='ocrx_word' id='word_1_121' title='bbox 2454 614 2704 686; x_wconf 80' lang='lat' dir='ltr'><strong>Spiritus</strong></span> <span class='ocrx_word' id='word_1_122' title='bbox 2724 632 2796 673; x_wconf 74' lang='lat' dir='ltr'><strong>ex</strong></span> <span class='ocrx_word' id='word_1_123' title='bbox 2813 631 2903 674; x_wconf 89' lang='lat' dir='ltr'><strong>me</strong></span> <span class='ocrx_word' id='word_1_124' title='bbox 2917 615 3369 691; x_wconf 69' lang='lat' dir='ltr'><strong>prodieit(71),et</strong></span> <span class='ocrx_word' id='word_1_125' title='bbox 3386 620 3593 689; x_wconf 87' lang='lat' dir='ltr'><strong>ﬂatum</strong></span> 
     </span>
    </p>
   </div>
   <div class='ocr_carea' id='block_1_20' title="bbox 2003 702 3673 782">
    <p class='ocr_par' dir='ltr' id='par_1_20' title="bbox 2003 702 3673 782">
     <span class='ocr_line' id='line_1_20' title="bbox 2003 702 3673 782; baseline 0.004 -25"><span class='ocrx_word' id='word_1_126' title='bbox 2003 717 2228 759; x_wconf 85' lang='lat' dir='ltr'><strong>omnem</strong></span> <span class='ocrx_word' id='word_1_127' title='bbox 2258 717 2352 774; x_wconf 96' lang='lat' dir='ltr'><strong>ego</strong></span> <span class='ocrx_word' id='word_1_128' title='bbox 2379 703 2513 773; x_wconf 84' lang='lat' dir='ltr'><strong>feci.</strong></span> <span class='ocrx_word' id='word_1_129' title='bbox 2538 703 2608 758; x_wconf 90' lang='lat' dir='ltr'><strong>Et</strong></span> <span class='ocrx_word' id='word_1_130' title='bbox 2622 702 2806 758; x_wconf 87' lang='lat' dir='ltr'><strong>anima</strong></span> <span class='ocrx_word' id='word_1_131' title='bbox 2825 703 2969 758; x_wconf 91' lang='lat' dir='ltr'><strong>enim</strong></span> <span class='ocrx_word' id='word_1_132' title='bbox 2989 704 3153 760; x_wconf 90' lang='lat' dir='ltr'><strong>ﬂatus</strong></span> <span class='ocrx_word' id='word_1_133' title='bbox 3181 704 3358 762; x_wconf 87' lang='lat' dir='ltr'><strong>factus</strong></span> <span class='ocrx_word' id='word_1_134' title='bbox 3387 723 3456 766; x_wconf 83' lang='lat' dir='ltr'><strong>ex</strong></span> <span class='ocrx_word' id='word_1_135' title='bbox 3480 710 3593 782; x_wconf 78' lang='lat' dir='ltr'><strong>spi-</strong></span> <span class='ocrx_word' id='word_1_136' title='bbox 3666 772 3673 775; x_wconf 93' lang='lat'>_</span> 
     </span>
    </p>
   </div>
   <div class='ocr_carea' id='block_1_21' title="bbox 2001 789 3592 870">
    <p class='ocr_par' dir='ltr' id='par_1_21' title="bbox 2001 789 3592 870">
     <span class='ocr_line' id='line_1_21' title="bbox 2001 789 3592 870; baseline 0.009 -28"><span class='ocrx_word' id='word_1_137' title='bbox 2001 789 2125 845; x_wconf 88' lang='lat' dir='ltr'><strong>ritu.</strong></span> <span class='ocrx_word' id='word_1_138' title='bbox 2148 789 2218 845; x_wconf 91' lang='lat' dir='ltr'><strong>Et</strong></span> <span class='ocrx_word' id='word_1_139' title='bbox 2237 805 2426 845; x_wconf 89' lang='lat' dir='ltr'><strong>rursus</strong></span> <span class='ocrx_word' id='word_1_140' title='bbox 2448 790 2740 861; x_wconf 74' lang='lat' dir='ltr'><strong>(Isa,iu.n,</strong></span> <span class='ocrx_word' id='word_1_141' title='bbox 2754 792 2840 862; x_wconf 82' lang='lat'><strong>5):</strong></span> <span class='ocrx_word' id='word_1_142' title='bbox 2861 792 2967 860; x_wconf 83' lang='lat' dir='ltr'><strong>Qui</strong></span> <span class='ocrx_word' id='word_1_143' title='bbox 2983 791 3139 848; x_wconf 80' lang='lat' dir='ltr'><strong>dedit</strong></span> <span class='ocrx_word' id='word_1_144' title='bbox 3158 795 3371 863; x_wconf 87' lang='lat' dir='ltr'><strong>ﬂatum</strong></span> <span class='ocrx_word' id='word_1_145' title='bbox 3385 797 3592 870; x_wconf 79' lang='lat' dir='ltr'><strong>populo</strong></span> 
     </span>
    </p>
   </div>
   <div class='ocr_carea' id='block_1_22' title="bbox 2002 882 3595 956">
    <p class='ocr_par' dir='ltr' id='par_1_22' title="bbox 2002 882 3595 956">
     <span class='ocr_line' id='line_1_22' title="bbox 2002 882 3595 956; baseline 0.005 -23"><span class='ocrx_word' id='word_1_146' title='bbox 2002 894 2173 951; x_wconf 92' lang='lat' dir='ltr'><strong>super</strong></span> <span class='ocrx_word' id='word_1_147' title='bbox 2190 882 2424 947; x_wconf 87' lang='lat' dir='ltr'><strong>terram,</strong></span> <span class='ocrx_word' id='word_1_148' title='bbox 2448 884 2505 937; x_wconf 86' lang='lat' dir='ltr'><strong>et</strong></span> <span class='ocrx_word' id='word_1_149' title='bbox 2522 882 2794 952; x_wconf 77' lang='lat' dir='ltr'><strong>spiritum</strong></span> <span class='ocrx_word' id='word_1_150' title='bbox 2815 882 3175 940; x_wconf 78' lang='lat' dir='ltr'><strong>calcantibus</strong></span> <span class='ocrx_word' id='word_1_151' title='bbox 3195 899 3322 941; x_wconf 89' lang='lat' dir='ltr'><strong>eam</strong></span> <span class='ocrx_word' id='word_1_152' title='bbox 3341 885 3595 956; x_wconf 85' lang='lat' dir='ltr'><strong>(72).Pri-</strong></span> 
     </span>
    </p>
   </div>
   <div class='ocr_carea' id='block_1_23' title="bbox 2003 970 3591 1047">
    <p class='ocr_par' dir='ltr' id='par_1_23' title="bbox 2003 970 3591 1047">
     <span class='ocr_line' id='line_1_23' title="bbox 2003 970 3591 1047; baseline 0.006 -24"><span class='ocrx_word' id='word_1_153' title='bbox 2003 984 2093 1024; x_wconf 92' lang='lat' dir='ltr'><strong>mo</strong></span> <span class='ocrx_word' id='word_1_154' title='bbox 2106 970 2249 1025; x_wconf 90' lang='lat' dir='ltr'><strong>enim</strong></span> <span class='ocrx_word' id='word_1_155' title='bbox 2268 970 2526 1037; x_wconf 90' lang='lat' dir='ltr'><strong>anima,id</strong></span> <span class='ocrx_word' id='word_1_156' title='bbox 2543 977 2628 1027; x_wconf 89' lang='lat' dir='ltr'><strong>est</strong></span> <span class='ocrx_word' id='word_1_157' title='bbox 2647 970 2828 1036; x_wconf 88' lang='lat' dir='ltr'><strong>ﬂatus,</strong></span> <span class='ocrx_word' id='word_1_158' title='bbox 2837 971 3038 1042; x_wconf 84' lang='lat' dir='ltr'><strong>pepulo</strong></span> <span class='ocrx_word' id='word_1_159' title='bbox 3060 973 3114 1027; x_wconf 91' lang='lat' dir='ltr'><strong>in</strong></span> <span class='ocrx_word' id='word_1_160' title='bbox 3136 981 3278 1029; x_wconf 85' lang='lat' dir='ltr'><strong>terra</strong></span> <span class='ocrx_word' id='word_1_161' title='bbox 3296 973 3591 1047; x_wconf 84' lang='lat' dir='ltr'><strong>incedenti,</strong></span> 
     </span>
    </p>
   </div>
   <div class='ocr_carea' id='block_1_24' title="bbox 2004 1057 3594 1133">
    <p class='ocr_par' dir='ltr' id='par_1_24' title="bbox 2004 1057 3594 1133">
     <span class='ocr_line' id='line_1_24' title="bbox 2004 1057 3594 1133; baseline 0.005 -23"><span class='ocrx_word' id='word_1_162' title='bbox 2004 1057 2058 1112; x_wconf 88' lang='lat' dir='ltr'><strong>id</strong></span> <span class='ocrx_word' id='word_1_163' title='bbox 2087 1066 2171 1114; x_wconf 91' lang='lat' dir='ltr'><strong>est</strong></span> <span class='ocrx_word' id='word_1_164' title='bbox 2194 1057 2250 1113; x_wconf 91' lang='lat' dir='ltr'><strong>in</strong></span> <span class='ocrx_word' id='word_1_165' title='bbox 2279 1074 2443 1115; x_wconf 87' lang='lat' dir='ltr'><strong>carne</strong></span> <span class='ocrx_word' id='word_1_166' title='bbox 2481 1057 2773 1114; x_wconf 86' lang='lat' dir='ltr'><strong>carnaliter</strong></span> <span class='ocrx_word' id='word_1_167' title='bbox 2798 1059 3005 1130; x_wconf 82' lang='lat' dir='ltr'><strong>agenti,</strong></span> <span class='ocrx_word' id='word_1_168' title='bbox 3040 1072 3230 1131; x_wconf 89' lang='lat' dir='ltr'><strong>postea</strong></span> <span class='ocrx_word' id='word_1_169' title='bbox 3259 1060 3486 1133; x_wconf 90' lang='lat' dir='ltr'><strong>spiritus</strong></span> <span class='ocrx_word' id='word_1_170' title='bbox 3513 1062 3594 1118; x_wconf 88' lang='lat' dir='ltr'><strong>eis</strong></span> 
     </span>
    </p>
   </div>
   <div class='ocr_carea' id='block_1_25' title="bbox 2003 1147 3589 1222">
    <p class='ocr_par' dir='ltr' id='par_1_25' title="bbox 2003 1147 3589 1222">
     <span class='ocr_line' id='line_1_25' title="bbox 2003 1147 3589 1222; baseline 0.003 -20"><span class='ocrx_word' id='word_1_171' title='bbox 2003 1147 2095 1218; x_wconf 90' lang='lat' dir='ltr'><strong>qui</strong></span> <span class='ocrx_word' id='word_1_172' title='bbox 2126 1154 2326 1204; x_wconf 89' lang='lat' dir='ltr'><strong>terram</strong></span> <span class='ocrx_word' id='word_1_173' title='bbox 2364 1148 2597 1216; x_wconf 87' lang='lat' dir='ltr'><strong>calcant,</strong></span> <span class='ocrx_word' id='word_1_174' title='bbox 2642 1147 2697 1202; x_wconf 89' lang='lat' dir='ltr'><strong>id</strong></span> <span class='ocrx_word' id='word_1_175' title='bbox 2734 1154 2822 1202; x_wconf 90' lang='lat' dir='ltr'><strong>est</strong></span> <span class='ocrx_word' id='word_1_176' title='bbox 2846 1162 3017 1219; x_wconf 90' lang='lat' dir='ltr'><strong>opera</strong></span> <span class='ocrx_word' id='word_1_177' title='bbox 3062 1148 3242 1204; x_wconf 87' lang='lat' dir='ltr'><strong>carnis</strong></span> <span class='ocrx_word' id='word_1_178' title='bbox 3280 1149 3589 1222; x_wconf 79' lang='lat' dir='ltr'><strong>subigunt:</strong></span> 
     </span>
    </p>
   </div>
   <div class='ocr_carea' id='block_1_26' title="bbox 2001 1235 3592 1312">
    <p class='ocr_par' dir='ltr' id='par_1_26' title="bbox 2001 1235 3592 1312">
     <span class='ocr_line' id='line_1_26' title="bbox 2001 1235 3592 1312; baseline 0.004 -22"><span class='ocrx_word' id='word_1_179' title='bbox 2001 1235 2126 1307; x_wconf 88' lang='lat' dir='ltr'><strong>quia</strong></span> <span class='ocrx_word' id='word_1_180' title='bbox 2145 1244 2201 1291; x_wconf 89' lang='lat' dir='ltr'><strong>et</strong></span> <span class='ocrx_word' id='word_1_181' title='bbox 2220 1235 2517 1307; x_wconf 87' lang='lat' dir='ltr'><strong>Apostolus</strong></span> <span class='ocrx_word' id='word_1_182' title='bbox 2536 1236 2590 1307; x_wconf 90' lang='grc' dir='ltr'>(Ι</span> <span class='ocrx_word' id='word_1_183' title='bbox 2616 1236 2738 1293; x_wconf 85' lang='lat' dir='ltr'><strong>Cor.</strong></span> <span class='ocrx_word' id='word_1_184' title='bbox 2759 1251 2860 1303; x_wconf 80' lang='lat' dir='ltr'><strong>xv,</strong></span> <span class='ocrx_word' id='word_1_185' title='bbox 2882 1236 2976 1308; x_wconf 73' lang='grc'>46)</span> <span class='ocrx_word' id='word_1_186' title='bbox 3000 1253 3014 1291; x_wconf 87' lang='lat'><strong>:</strong></span> <span class='ocrx_word' id='word_1_187' title='bbox 3040 1238 3159 1294; x_wconf 85' lang='lat' dir='ltr'><strong>Non</strong></span> <span class='ocrx_word' id='word_1_188' title='bbox 3179 1239 3429 1311; x_wconf 86' lang='lat' dir='ltr'><strong>primum</strong></span> <span class='ocrx_word' id='word_1_189' title='bbox 3446 1239 3592 1312; x_wconf 86' lang='lat' dir='ltr'><strong>quod</strong></span> 
     </span>
    </p>
   </div>
   <div class='ocr_carea' id='block_1_27' title="bbox 2004 1325 3593 1402">
    <p class='ocr_par' dir='ltr' id='par_1_27' title="bbox 2004 1325 3593 1402">
     <span class='ocr_line' id='line_1_27' title="bbox 2004 1325 3593 1402; baseline 0.003 -21"><span class='ocrx_word' id='word_1_190' title='bbox 2004 1326 2269 1397; x_wconf 81' lang='lat' dir='ltr'><strong>spiritale</strong></span> <span class='ocrx_word' id='word_1_191' title='bbox 2286 1325 2492 1394; x_wconf 88' lang='lat' dir='ltr'><strong>est,sed</strong></span> <span class='ocrx_word' id='word_1_192' title='bbox 2510 1325 2655 1399; x_wconf 85' lang='lat' dir='ltr'><strong>quod</strong></span> <span class='ocrx_word' id='word_1_193' title='bbox 2675 1326 2946 1393; x_wconf 76' lang='lat' dir='ltr'><strong>animale,</strong></span> <span class='ocrx_word' id='word_1_194' title='bbox 2955 1332 3151 1399; x_wconf 82' lang='lat' dir='ltr'><strong>postea</strong></span> <span class='ocrx_word' id='word_1_195' title='bbox 3170 1329 3593 1402; x_wconf 85' lang='lat' dir='ltr'><strong>spiritale.Nam</strong></span> 
     </span>
    </p>
   </div>
   <div class='ocr_carea' id='block_1_28' title="bbox 2003 1413 3591 1488">
    <p class='ocr_par' dir='ltr' id='par_1_28' title="bbox 2003 1413 3591 1488">
     <span class='ocr_line' id='line_1_28' title="bbox 2003 1413 3591 1488; baseline 0.002 -18"><span class='ocrx_word' id='word_1_196' title='bbox 2003 1413 2106 1470; x_wconf 85' lang='lat' dir='ltr'><strong>etsi</strong></span> <span class='ocrx_word' id='word_1_197' title='bbox 2133 1414 2309 1468; x_wconf 88' lang='lat' dir='ltr'><strong>Adam</strong></span> <span class='ocrx_word' id='word_1_198' title='bbox 2357 1413 2537 1469; x_wconf 88' lang='lat' dir='ltr'><strong>statim</strong></span> <span class='ocrx_word' id='word_1_199' title='bbox 2564 1413 2904 1485; x_wconf 84' lang='lat' dir='ltr'><strong>prophetavit</strong></span> <span class='ocrx_word' id='word_1_200' title='bbox 2932 1430 3188 1488; x_wconf 88' lang='lat' dir='ltr'><strong>magnum</strong></span> <span class='ocrx_word' id='word_1_201' title='bbox 3219 1416 3370 1473; x_wconf 91' lang='lat' dir='ltr'><strong>illum</strong></span> <span class='ocrx_word' id='word_1_202' title='bbox 3402 1433 3591 1475; x_wconf 89' lang='lat' dir='ltr'><strong>sacra-</strong></span> 
     </span>
    </p>
   </div>
   <div class='ocr_carea' id='block_1_29' title="bbox 2005 1503 3593 1578">
    <p class='ocr_par' dir='ltr' id='par_1_29' title="bbox 2005 1503 3593 1578">
     <span class='ocr_line' id='line_1_29' title="bbox 2005 1503 3593 1578; baseline 0.003 -21"><span class='ocrx_word' id='word_1_203' title='bbox 2005 1510 2246 1558; x_wconf 89' lang='lat' dir='ltr'><strong>mentum</strong></span> <span class='ocrx_word' id='word_1_204' title='bbox 2268 1503 2323 1557; x_wconf 93' lang='lat' dir='ltr'><strong>in</strong></span> <span class='ocrx_word' id='word_1_205' title='bbox 2344 1503 2618 1559; x_wconf 88' lang='lat' dir='ltr'><strong>Christum</strong></span> <span class='ocrx_word' id='word_1_206' title='bbox 2635 1511 2689 1558; x_wconf 92' lang='lat' dir='ltr'><strong>et</strong></span> <span class='ocrx_word' id='word_1_207' title='bbox 2712 1503 3018 1561; x_wconf 72' lang='lat' dir='ltr'><strong>Ecclesium</strong></span> <span class='ocrx_word' id='word_1_208' title='bbox 3036 1504 3261 1578; x_wconf 83' lang='lat' dir='ltr'><strong>(Ephes.</strong></span> <span class='ocrx_word' id='word_1_209' title='bbox 3284 1521 3341 1564; x_wconf 73' lang='grc' dir='ltr'><strong>γ.</strong></span> <span class='ocrx_word' id='word_1_210' title='bbox 3366 1508 3455 1577; x_wconf 88' lang='lat'><strong>30,</strong></span> <span class='ocrx_word' id='word_1_211' title='bbox 3471 1507 3593 1578; x_wconf 75' lang='lat' dir='ltr'><strong>3t):</strong></span> 
     </span>
    </p>
   </div>
   <div class='ocr_carea' id='block_1_30' title="bbox 2004 1592 3595 1664">
    <p class='ocr_par' dir='ltr' id='par_1_30' title="bbox 2004 1592 3595 1664">
     <span class='ocr_line' id='line_1_30' title="bbox 2004 1592 3595 1664; baseline 0.004 -17"><span class='ocrx_word' id='word_1_212' title='bbox 2004 1593 2114 1648; x_wconf 85' lang='lat' dir='ltr'><strong>Hoc</strong></span> <span class='ocrx_word' id='word_1_213' title='bbox 2132 1607 2289 1649; x_wconf 84' lang='lat' dir='ltr'><strong>nunc</strong></span> <span class='ocrx_word' id='word_1_214' title='bbox 2317 1605 2376 1649; x_wconf 88' lang='lat' dir='ltr'><strong>os</strong></span> <span class='ocrx_word' id='word_1_215' title='bbox 2406 1608 2480 1650; x_wconf 75' lang='lat' dir='ltr'><strong>ea:</strong></span> <span class='ocrx_word' id='word_1_216' title='bbox 2498 1592 2710 1648; x_wconf 85' lang='lat' dir='ltr'><strong>ossibus</strong></span> <span class='ocrx_word' id='word_1_217' title='bbox 2727 1594 2889 1660; x_wconf 85' lang='lat' dir='ltr'><strong>meis,</strong></span> <span class='ocrx_word' id='word_1_218' title='bbox 2913 1596 2968 1651; x_wconf 89' lang='lat' dir='ltr'><strong>et</strong></span> <span class='ocrx_word' id='word_1_219' title='bbox 2997 1610 3126 1652; x_wconf 90' lang='lat' dir='ltr'><strong>caro</strong></span> <span class='ocrx_word' id='word_1_220' title='bbox 3154 1609 3226 1650; x_wconf 74' lang='lat' dir='ltr'><strong>ea:</strong></span> <span class='ocrx_word' id='word_1_221' title='bbox 3244 1609 3419 1652; x_wconf 84' lang='lat' dir='ltr'><strong>carne</strong></span> <span class='ocrx_word' id='word_1_222' title='bbox 3435 1612 3595 1664; x_wconf 85' lang='lat' dir='ltr'><strong>mea;</strong></span> 
     </span>
    </p>
   </div>
   <div class='ocr_carea' id='block_1_31' title="bbox 296 1676 3596 1755">
    <p class='ocr_par' dir='ltr' id='par_1_31' title="bbox 296 1676 3596 1755">
     <span class='ocr_line' id='line_1_31' title="bbox 296 1676 3596 1755; baseline 0.004 -25"><span class='ocrx_word' id='word_1_223' title='bbox 296 1676 630 1733; x_wconf 89' lang='lat' dir='ltr'><strong>nuntiamus.</strong></span> <span class='ocrx_word' id='word_1_224' title='bbox 689 1676 970 1734; x_wconf 81' lang='lat' dir='ltr'><strong>Cmtmrum</strong></span> <span class='ocrx_word' id='word_1_225' title='bbox 1013 1679 1273 1737; x_wconf 87' lang='lat' dir='ltr'><strong>adversus</strong></span> <span class='ocrx_word' id='word_1_226' title='bbox 1317 1679 1730 1751; x_wconf 83' lang='lat' dir='ltr'><strong>Hermogenem,</strong></span> <span class='ocrx_word' id='word_1_227' title='bbox 1776 1677 1898 1751; x_wconf 90' lang='lat' dir='ltr'><strong>qui-</strong></span> <span class='ocrx_word' id='word_1_228' title='bbox 1929 1746 1967 1755; x_wconf 84' lang='lat'><em>_</em></span> <span class='ocrx_word' id='word_1_229' title='bbox 2001 1682 2235 1753; x_wconf 84' lang='lat' dir='ltr'><strong>propter</strong></span> <span class='ocrx_word' id='word_1_230' title='bbox 2264 1679 2365 1735; x_wconf 86' lang='lat' dir='ltr'><strong>hoc</strong></span> <span class='ocrx_word' id='word_1_231' title='bbox 2391 1680 2679 1750; x_wconf 79' lang='lat' dir='ltr'><strong>relinquet</strong></span> <span class='ocrx_word' id='word_1_232' title='bbox 2712 1677 2872 1738; x_wconf 84' lang='lat' dir='ltr'><strong>homo</strong></span> <span class='ocrx_word' id='word_1_233' title='bbox 2898 1685 3122 1752; x_wconf 84' lang='lat' dir='ltr'><strong>patrem</strong></span> <span class='ocrx_word' id='word_1_234' title='bbox 3152 1687 3208 1738; x_wconf 90' lang='lat' dir='ltr'><strong>et</strong></span> <span class='ocrx_word' id='word_1_235' title='bbox 3239 1687 3509 1755; x_wconf 86' lang='lat' dir='ltr'><strong>matrem,</strong></span> <span class='ocrx_word' id='word_1_236' title='bbox 3542 1688 3596 1742; x_wconf 87' lang='lat' dir='ltr'><strong>et</strong></span> 
     </span>
    </p>
   </div>
   <div class='ocr_carea' id='block_1_32' title="bbox 298 1746 3595 1841">
    <p class='ocr_par' dir='ltr' id='par_1_32' title="bbox 298 1746 3595 1841">
     <span class='ocr_line' id='line_1_32' title="bbox 298 1746 3595 1841; baseline 0.003 -21"><span class='ocrx_word' id='word_1_237' title='bbox 298 1781 422 1820; x_wconf 86' lang='lat' dir='ltr'><strong>eam</strong></span> <span class='ocrx_word' id='word_1_238' title='bbox 458 1782 525 1821; x_wconf 81' lang='lat' dir='ltr'><strong>ex</strong></span> <span class='ocrx_word' id='word_1_239' title='bbox 573 1766 817 1833; x_wconf 89' lang='lat' dir='ltr'><strong>materia,</strong></span> <span class='ocrx_word' id='word_1_240' title='bbox 861 1782 971 1823; x_wconf 86' lang='lat' dir='ltr'><strong>non</strong></span> <span class='ocrx_word' id='word_1_241' title='bbox 1001 1783 1066 1824; x_wconf 87' lang='lat' dir='ltr'><strong>ex</strong></span> <span class='ocrx_word' id='word_1_242' title='bbox 1096 1767 1197 1823; x_wconf 92' lang='lat' dir='ltr'><strong>Dei</strong></span> <span class='ocrx_word' id='word_1_243' title='bbox 1227 1767 1357 1823; x_wconf 90' lang='lat' dir='ltr'><strong>ﬂatu</strong></span> <span class='ocrx_word' id='word_1_244' title='bbox 1387 1746 1682 1834; x_wconf 72' lang='lat' dir='ltr'><strong>contendit,</strong></span> <span class='ocrx_word' id='word_1_245' title='bbox 1714 1746 1897 1822; x_wconf 71' lang='lat' dir='ltr'><strong>ﬂatum</strong></span> <span class='ocrx_word' id='word_1_246' title='bbox 1929 1746 1974 1825; x_wconf 77' lang='grc' dir='ltr'><strong>Β</strong></span> <span class='ocrx_word' id='word_1_247' title='bbox 2001 1746 2388 1841; x_wconf 45' lang='grc' dir='ltr'><strong>ἆρα-ιηιίηαὺὶι</strong></span> <span class='ocrx_word' id='word_1_248' title='bbox 2413 1784 2472 1825; x_wconf 87' lang='lat' dir='ltr'><strong>se</strong></span> <span class='ocrx_word' id='word_1_249' title='bbox 2504 1746 2678 1824; x_wconf 55' lang='lat' dir='ltr'><strong>umori</strong></span> <span class='ocrx_word' id='word_1_250' title='bbox 2705 1768 2756 1806; x_wconf 62' lang='grc'><strong>49</strong></span> <span class='ocrx_word' id='word_1_251' title='bbox 2781 1746 2922 1838; x_wconf 61' lang='lat' dir='ltr'><strong>sum,</strong></span> <span class='ocrx_word' id='word_1_252' title='bbox 2953 1774 3010 1825; x_wconf 89' lang='lat' dir='ltr'><strong>et</strong></span> <span class='ocrx_word' id='word_1_253' title='bbox 3042 1773 3213 1826; x_wconf 83' lang='lat' dir='ltr'><strong>erunt</strong></span> <span class='ocrx_word' id='word_1_254' title='bbox 3238 1771 3347 1828; x_wconf 91' lang='lat' dir='ltr'><strong>duo</strong></span> <span class='ocrx_word' id='word_1_255' title='bbox 3378 1775 3447 1828; x_wconf 86' lang='lat' dir='ltr'><strong>in</strong></span> <span class='ocrx_word' id='word_1_256' title='bbox 3470 1746 3595 1830; x_wconf 76' lang='lat' dir='ltr'><strong>car-</strong></span> 
     </span>
    </p>
   </div>
   <div class='ocr_carea' id='block_1_33' title="bbox 305 1853 1897 1926">
    <p class='ocr_par' dir='ltr' id='par_1_33' title="bbox 305 1853 1897 1926">
     <span class='ocr_line' id='line_1_33' title="bbox 305 1853 1897 1926; baseline 0 -19"><span class='ocrx_word' id='word_1_257' title='bbox 305 1853 531 1923; x_wconf 88' lang='lat' dir='ltr'><strong>proprie</strong></span> <span class='ocrx_word' id='word_1_258' title='bbox 559 1863 787 1910; x_wconf 87' lang='lat' dir='ltr'><strong>tuemur.</strong></span> <span class='ocrx_word' id='word_1_259' title='bbox 818 1853 911 1909; x_wconf 90' lang='lat' dir='ltr'><strong>Ille</strong></span> <span class='ocrx_word' id='word_1_260' title='bbox 968 1854 1132 1926; x_wconf 89' lang='lat' dir='ltr'><strong>enim,</strong></span> <span class='ocrx_word' id='word_1_261' title='bbox 1189 1854 1446 1912; x_wconf 90' lang='lat' dir='ltr'><strong>adversus</strong></span> <span class='ocrx_word' id='word_1_262' title='bbox 1501 1854 1673 1925; x_wconf 88' lang='lat' dir='ltr'><strong>ipsius</strong></span> <span class='ocrx_word' id='word_1_263' title='bbox 1717 1853 1897 1926; x_wconf 89' lang='lat' dir='ltr'><strong>Scrip-</strong></span> 
     </span>
    </p>
   </div>
   <div class='ocr_carea' id='block_1_34' title="bbox 311 1940 1899 2015">
    <p class='ocr_par' dir='ltr' id='par_1_34' title="bbox 311 1940 1899 2015">
     <span class='ocr_line' id='line_1_34' title="bbox 311 1940 1899 2015; baseline 0.001 -21"><span class='ocrx_word' id='word_1_264' title='bbox 311 1951 448 1994; x_wconf 85' lang='lat' dir='ltr'><strong>turm</strong></span> <span class='ocrx_word' id='word_1_265' title='bbox 478 1940 653 2008; x_wconf 89' lang='lat' dir='ltr'><strong>ﬁdem,</strong></span> <span class='ocrx_word' id='word_1_266' title='bbox 681 1940 861 1997; x_wconf 89' lang='lat' dir='ltr'><strong>ﬂatum</strong></span> <span class='ocrx_word' id='word_1_267' title='bbox 889 1941 944 1996; x_wconf 91' lang='lat' dir='ltr'><strong>in</strong></span> <span class='ocrx_word' id='word_1_268' title='bbox 974 1942 1166 2013; x_wconf 88' lang='lat' dir='ltr'><strong>spiritu</strong></span> <span class='ocrx_word' id='word_1_269' title='bbox 1192 1944 1350 2000; x_wconf 88' lang='lat' dir='ltr'><strong>vertit</strong></span> <span class='ocrx_word' id='word_1_270' title='bbox 1386 1942 1501 2015; x_wconf 85' lang='lat'><strong>(6&#39;7)</strong></span> <span class='ocrx_word' id='word_1_271' title='bbox 1528 1960 1541 1996; x_wconf 88' lang='lat'><strong>:</strong></span> <span class='ocrx_word' id='word_1_272' title='bbox 1570 1950 1629 1998; x_wconf 93' lang='lat' dir='ltr'><strong>ut</strong></span> <span class='ocrx_word' id='word_1_273' title='bbox 1657 1943 1781 1997; x_wconf 90' lang='lat' dir='ltr'><strong>dum</strong></span> <span class='ocrx_word' id='word_1_274' title='bbox 1812 1940 1899 1996; x_wconf 90' lang='lat' dir='ltr'><strong>in-</strong></span> 
     </span>
    </p>
   </div>
   <div class='ocr_carea' id='block_1_35' title="bbox 303 2028 1901 2102">
    <p class='ocr_par' dir='ltr' id='par_1_35' title="bbox 303 2028 1901 2102">
     <span class='ocr_line' id='line_1_35' title="bbox 303 2028 1901 2102; baseline 0.001 -19"><span class='ocrx_word' id='word_1_275' title='bbox 303 2028 567 2086; x_wconf 88' lang='lat' dir='ltr'><strong>credibile</strong></span> <span class='ocrx_word' id='word_1_276' title='bbox 583 2037 663 2085; x_wconf 89' lang='lat' dir='ltr'><strong>est</strong></span> <span class='ocrx_word' id='word_1_277' title='bbox 688 2030 822 2101; x_wconf 87' lang='lat'><strong>(68),</strong></span> <span class='ocrx_word' id='word_1_278' title='bbox 856 2030 1104 2102; x_wconf 76' lang='lat' dir='ltr'><strong>Spiritum</strong></span> <span class='ocrx_word' id='word_1_279' title='bbox 1147 2030 1244 2087; x_wconf 91' lang='lat' dir='ltr'><strong>Dei</strong></span> <span class='ocrx_word' id='word_1_280' title='bbox 1273 2031 1330 2087; x_wconf 92' lang='lat' dir='ltr'><strong>in</strong></span> <span class='ocrx_word' id='word_1_281' title='bbox 1367 2030 1641 2099; x_wconf 89' lang='lat' dir='ltr'><strong>delictum,</strong></span> <span class='ocrx_word' id='word_1_282' title='bbox 1692 2036 1748 2087; x_wconf 90' lang='lat' dir='ltr'><strong>et</strong></span> <span class='ocrx_word' id='word_1_283' title='bbox 1778 2045 1901 2086; x_wconf 81' lang='lat' dir='ltr'><strong>mox</strong></span> 
     </span>
    </p>
   </div>
   <div class='ocr_carea' id='block_1_36' title="bbox 298 2117 1901 2193">
    <p class='ocr_par' dir='ltr' id='par_1_36' title="bbox 298 2117 1901 2193">
     <span class='ocr_line' id='line_1_36' title="bbox 298 2117 1901 2193; baseline 0.003 -23"><span class='ocrx_word' id='word_1_284' title='bbox 298 2117 354 2171; x_wconf 91' lang='lat' dir='ltr'><strong>in</strong></span> <span class='ocrx_word' id='word_1_285' title='bbox 378 2117 648 2187; x_wconf 87' lang='lat' dir='ltr'><strong>judicium</strong></span> <span class='ocrx_word' id='word_1_286' title='bbox 678 2119 952 2186; x_wconf 87' lang='lat' dir='ltr'><strong>devenire,</strong></span> <span class='ocrx_word' id='word_1_287' title='bbox 985 2135 1052 2174; x_wconf 81' lang='lat' dir='ltr'><strong>ex</strong></span> <span class='ocrx_word' id='word_1_288' title='bbox 1084 2121 1311 2176; x_wconf 88' lang='lat' dir='ltr'><strong>materia</strong></span> <span class='ocrx_word' id='word_1_289' title='bbox 1348 2120 1528 2193; x_wconf 91' lang='lat' dir='ltr'><strong>potius</strong></span> <span class='ocrx_word' id='word_1_290' title='bbox 1554 2120 1736 2176; x_wconf 88' lang='lat' dir='ltr'><strong>anima</strong></span> <span class='ocrx_word' id='word_1_291' title='bbox 1776 2135 1901 2175; x_wconf 90' lang='lat' dir='ltr'><strong>cre-</strong></span> 
     </span>
    </p>
   </div>
   <div class='ocr_carea' id='block_1_37' title="bbox 299 2207 1904 2280">
    <p class='ocr_par' dir='ltr' id='par_1_37' title="bbox 299 2207 1904 2280">
     <span class='ocr_line' id='line_1_37' title="bbox 299 2207 1904 2280; baseline 0.002 -18"><span class='ocrx_word' id='word_1_292' title='bbox 299 2208 478 2273; x_wconf 88' lang='lat' dir='ltr'><strong>datur,</strong></span> <span class='ocrx_word' id='word_1_293' title='bbox 508 2223 671 2278; x_wconf 86' lang='lat' dir='ltr'><strong>quam</strong></span> <span class='ocrx_word' id='word_1_294' title='bbox 698 2224 768 2264; x_wconf 80' lang='lat' dir='ltr'><strong>ex</strong></span> <span class='ocrx_word' id='word_1_295' title='bbox 794 2207 893 2264; x_wconf 90' lang='lat' dir='ltr'><strong>Dei</strong></span> <span class='ocrx_word' id='word_1_296' title='bbox 929 2208 1144 2280; x_wconf 88' lang='lat' dir='ltr'><strong>spiritu.</strong></span> <span class='ocrx_word' id='word_1_297' title='bbox 1190 2210 1399 2268; x_wconf 91' lang='lat' dir='ltr'><strong>Idcirco</strong></span> <span class='ocrx_word' id='word_1_298' title='bbox 1442 2226 1544 2266; x_wconf 85' lang='lat' dir='ltr'><strong>nos</strong></span> <span class='ocrx_word' id='word_1_299' title='bbox 1590 2220 1644 2267; x_wconf 90' lang='lat' dir='ltr'><strong>et</strong></span> <span class='ocrx_word' id='word_1_300' title='bbox 1673 2210 1761 2266; x_wconf 92' lang='lat' dir='ltr'><strong>illc</strong></span> <span class='ocrx_word' id='word_1_301' title='bbox 1799 2209 1904 2266; x_wconf 86' lang='lat' dir='ltr'><strong>ﬂa-</strong></span> 
     </span>
    </p>
   </div>
   <div class='ocr_carea' id='block_1_38' title="bbox 299 2297 1904 2371">
    <p class='ocr_par' dir='ltr' id='par_1_38' title="bbox 299 2297 1904 2371">
     <span class='ocr_line' id='line_1_38' title="bbox 299 2297 1904 2371; baseline 0.002 -22"><span class='ocrx_word' id='word_1_302' title='bbox 299 2305 410 2350; x_wconf 90' lang='lat' dir='ltr'><strong>tum</strong></span> <span class='ocrx_word' id='word_1_303' title='bbox 431 2312 553 2352; x_wconf 86' lang='lat' dir='ltr'><strong>eam</strong></span> <span class='ocrx_word' id='word_1_304' title='bbox 579 2297 940 2371; x_wconf 80' lang='lat' dir='ltr'><strong>defendimus,</strong></span> <span class='ocrx_word' id='word_1_305' title='bbox 971 2314 1079 2355; x_wconf 90' lang='lat' dir='ltr'><strong>non</strong></span> <span class='ocrx_word' id='word_1_306' title='bbox 1126 2299 1395 2371; x_wconf 89' lang='lat' dir='ltr'><strong>spiritum,</strong></span> <span class='ocrx_word' id='word_1_307' title='bbox 1427 2301 1729 2358; x_wconf 90' lang='lat' dir='ltr'><strong>secundum</strong></span> <span class='ocrx_word' id='word_1_308' title='bbox 1760 2298 1904 2355; x_wconf 92' lang='lat' dir='ltr'><strong>Scri-</strong></span> 
     </span>
    </p>
   </div>
   <div class='ocr_carea' id='block_1_39' title="bbox 298 2387 1907 2459">
    <p class='ocr_par' dir='ltr' id='par_1_39' title="bbox 298 2387 1907 2459">
     <span class='ocr_line' id='line_1_39' title="bbox 298 2387 1907 2459; baseline 0.002 -19"><span class='ocrx_word' id='word_1_309' title='bbox 298 2394 537 2457; x_wconf 87' lang='lat' dir='ltr'><strong>pturam,</strong></span> <span class='ocrx_word' id='word_1_310' title='bbox 569 2397 624 2444; x_wconf 92' lang='lat' dir='ltr'><strong>et</strong></span> <span class='ocrx_word' id='word_1_311' title='bbox 650 2387 950 2444; x_wconf 88' lang='lat' dir='ltr'><strong>secundum</strong></span> <span class='ocrx_word' id='word_1_312' title='bbox 982 2388 1205 2459; x_wconf 89' lang='lat' dir='ltr'><strong>spiritus</strong></span> <span class='ocrx_word' id='word_1_313' title='bbox 1232 2389 1632 2446; x_wconf 86' lang='lat' dir='ltr'><strong>distinctionem</strong></span> <span class='ocrx_word' id='word_1_314' title='bbox 1664 2410 1677 2447; x_wconf 89' lang='lat'><strong>:</strong></span> <span class='ocrx_word' id='word_1_315' title='bbox 1719 2398 1774 2445; x_wconf 92' lang='lat' dir='ltr'><strong>et</strong></span> <span class='ocrx_word' id='word_1_316' title='bbox 1818 2389 1907 2444; x_wconf 87' lang='lat' dir='ltr'><strong>hic</strong></span> 
     </span>
    </p>
   </div>
   <div class='ocr_carea' id='block_1_40' title="bbox 298 2473 1907 2549">
    <p class='ocr_par' dir='ltr' id='par_1_40' title="bbox 298 2473 1907 2549">
     <span class='ocr_line' id='line_1_40' title="bbox 298 2473 1907 2549; baseline 0.002 -24"><span class='ocrx_word' id='word_1_317' title='bbox 298 2474 551 2548; x_wconf 81' lang='lat' dir='ltr'><strong>Spiritum</strong></span> <span class='ocrx_word' id='word_1_318' title='bbox 598 2473 823 2547; x_wconf 78' lang='lat' dir='ltr'><strong>ingratis</strong></span> <span class='ocrx_word' id='word_1_319' title='bbox 851 2475 1262 2546; x_wconf 86' lang='lat' dir='ltr'><strong>pronuntiamus</strong></span> <span class='ocrx_word' id='word_1_320' title='bbox 1292 2476 1423 2549; x_wconf 85' lang='lat'><strong>(69),</strong></span> <span class='ocrx_word' id='word_1_321' title='bbox 1470 2477 1769 2533; x_wconf 89' lang='lat' dir='ltr'><strong>secundum</strong></span> <span class='ocrx_word' id='word_1_322' title='bbox 1798 2476 1907 2547; x_wconf 89' lang='lat' dir='ltr'><strong>spi-</strong></span> 
     </span>
    </p>
   </div>
   <div class='ocr_carea' id='block_1_41' title="bbox 302 2563 1907 2624">
    <p class='ocr_par' dir='ltr' id='par_1_41' title="bbox 302 2563 1907 2624">
     <span class='ocr_line' id='line_1_41' title="bbox 302 2563 1907 2624; baseline 0.001 -6"><span class='ocrx_word' id='word_1_323' title='bbox 302 2564 462 2621; x_wconf 89' lang='lat' dir='ltr'><strong>randi</strong></span> <span class='ocrx_word' id='word_1_324' title='bbox 509 2572 566 2620; x_wconf 90' lang='lat' dir='ltr'><strong>et</strong></span> <span class='ocrx_word' id='word_1_325' title='bbox 602 2563 763 2619; x_wconf 89' lang='lat' dir='ltr'><strong>ﬂandi</strong></span> <span class='ocrx_word' id='word_1_326' title='bbox 811 2566 1266 2624; x_wconf 90' lang='lat' dir='ltr'><strong>communionem.</strong></span> <span class='ocrx_word' id='word_1_327' title='bbox 1331 2566 1447 2623; x_wconf 90' lang='lat' dir='ltr'><strong>Illic</strong></span> <span class='ocrx_word' id='word_1_328' title='bbox 1487 2568 1558 2623; x_wconf 90' lang='lat' dir='ltr'><strong>de</strong></span> <span class='ocrx_word' id='word_1_329' title='bbox 1607 2565 1907 2622; x_wconf 87' lang='lat' dir='ltr'><strong>substantia</strong></span> 
     </span>
    </p>
   </div>
   <div class='ocr_carea' id='block_1_42' title="bbox 299 2652 1908 2725">
    <p class='ocr_par' dir='ltr' id='par_1_42' title="bbox 299 2652 1908 2725">
     <span class='ocr_line' id='line_1_42' title="bbox 299 2652 1908 2725; baseline 0.001 -17"><span class='ocrx_word' id='word_1_330' title='bbox 299 2652 533 2725; x_wconf 86' lang='lat' dir='ltr'><strong>quaestio</strong></span> <span class='ocrx_word' id='word_1_331' title='bbox 553 2660 677 2710; x_wconf 88' lang='lat' dir='ltr'><strong>est:</strong></span> <span class='ocrx_word' id='word_1_332' title='bbox 701 2653 912 2725; x_wconf 88' lang='lat' dir='ltr'><strong>spirare</strong></span> <span class='ocrx_word' id='word_1_333' title='bbox 939 2654 1084 2710; x_wconf 90' lang='lat' dir='ltr'><strong>enim</strong></span> <span class='ocrx_word' id='word_1_334' title='bbox 1110 2655 1426 2711; x_wconf 89' lang='lat' dir='ltr'><strong>substantim</strong></span> <span class='ocrx_word' id='word_1_335' title='bbox 1467 2666 1621 2712; x_wconf 88' lang='lat' dir='ltr'><strong>actus</strong></span> <span class='ocrx_word' id='word_1_336' title='bbox 1663 2661 1768 2710; x_wconf 90' lang='lat' dir='ltr'><strong>est.</strong></span> <span class='ocrx_word' id='word_1_337' title='bbox 1797 2655 1908 2710; x_wconf 90' lang='lat' dir='ltr'><strong>Nec</strong></span> 
     </span>
    </p>
   </div>
   <div class='ocr_carea' id='block_1_43' title="bbox 300 2741 1905 2815">
    <p class='ocr_par' dir='ltr' id='par_1_43' title="bbox 300 2741 1905 2815">
     <span class='ocr_line' id='line_1_43' title="bbox 300 2741 1905 2815; baseline 0.001 -18"><span class='ocrx_word' id='word_1_338' title='bbox 300 2742 513 2799; x_wconf 90' lang='lat' dir='ltr'><strong>diutius</strong></span> <span class='ocrx_word' id='word_1_339' title='bbox 548 2742 617 2797; x_wconf 91' lang='lat' dir='ltr'><strong>de</strong></span> <span class='ocrx_word' id='word_1_340' title='bbox 643 2742 768 2812; x_wconf 91' lang='lat' dir='ltr'><strong>isto,</strong></span> <span class='ocrx_word' id='word_1_341' title='bbox 816 2742 924 2798; x_wconf 89' lang='lat' dir='ltr'><strong>nisi</strong></span> <span class='ocrx_word' id='word_1_342' title='bbox 980 2750 1206 2815; x_wconf 88' lang='lat' dir='ltr'><strong>pr0pter</strong></span> <span class='ocrx_word' id='word_1_343' title='bbox 1242 2743 1545 2813; x_wconf 72' lang='lat' dir='ltr'><strong>haereticos,</strong></span> <span class='ocrx_word' id='word_1_344' title='bbox 1595 2743 1689 2815; x_wconf 91' lang='lat' dir='ltr'><strong>qui</strong></span> <span class='ocrx_word' id='word_1_345' title='bbox 1718 2741 1905 2798; x_wconf 90' lang='lat' dir='ltr'><strong>nescio</strong></span> 
     </span>
    </p>
   </div>
   <div class='ocr_carea' id='block_1_44' title="bbox 302 2830 1907 2903">
    <p class='ocr_par' dir='ltr' id='par_1_44' title="bbox 302 2830 1907 2903">
     <span class='ocr_line' id='line_1_44' title="bbox 302 2830 1907 2903; baseline -0.001 -15"><span class='ocrx_word' id='word_1_346' title='bbox 302 2832 454 2903; x_wconf 89' lang='lat' dir='ltr'><strong>quod</strong></span> <span class='ocrx_word' id='word_1_347' title='bbox 486 2832 729 2903; x_wconf 87' lang='lat' dir='ltr'><strong>spiritale</strong></span> <span class='ocrx_word' id='word_1_348' title='bbox 758 2846 946 2887; x_wconf 88' lang='lat' dir='ltr'><strong>semen</strong></span> <span class='ocrx_word' id='word_1_349' title='bbox 1000 2830 1293 2888; x_wconf 84' lang='lat' dir='ltr'><strong>infuleiunt</strong></span> <span class='ocrx_word' id='word_1_350' title='bbox 1343 2832 1556 2901; x_wconf 87' lang='lat' dir='ltr'><strong>animm,</strong></span> <span class='ocrx_word' id='word_1_351' title='bbox 1589 2831 1655 2886; x_wconf 89' lang='lat' dir='ltr'><strong>de</strong></span> <span class='ocrx_word' id='word_1_352' title='bbox 1686 2831 1907 2901; x_wconf 87' lang='lat' dir='ltr'><strong>SOphim</strong></span> 
     </span>
    </p>
   </div>
   <div class='ocr_carea' id='block_1_45' title="bbox 304 2921 1901 2997">
    <p class='ocr_par' dir='ltr' id='par_1_45' title="bbox 304 2921 1901 2997">
     <span class='ocr_line' id='line_1_45' title="bbox 304 2921 1901 2997; baseline 0.002 -22"><span class='ocrx_word' id='word_1_353' title='bbox 304 2921 494 2977; x_wconf 88' lang='lat' dir='ltr'><strong>matris</strong></span> <span class='ocrx_word' id='word_1_354' title='bbox 541 2923 749 2978; x_wconf 89' lang='lat' dir='ltr'><strong>occulta</strong></span> <span class='ocrx_word' id='word_1_355' title='bbox 792 2921 1115 2978; x_wconf 88' lang='lat' dir='ltr'><strong>liberalitate</strong></span> <span class='ocrx_word' id='word_1_356' title='bbox 1144 2924 1437 2989; x_wconf 89' lang='lat' dir='ltr'><strong>conlatum,</strong></span> <span class='ocrx_word' id='word_1_357' title='bbox 1468 2925 1755 2997; x_wconf 77' lang='lat' dir='ltr'><strong>ignorante</strong></span> <span class='ocrx_word' id='word_1_358' title='bbox 1783 2921 1901 2978; x_wconf 88' lang='lat' dir='ltr'><strong>fac-</strong></span> 
     </span>
    </p>
   </div>
   <div class='ocr_carea' id='block_1_46' title="bbox 2006 1854 3597 1928">
    <p class='ocr_par' dir='ltr' id='par_1_46' title="bbox 2006 1854 3597 1928">
     <span class='ocr_line' id='line_1_46' title="bbox 2006 1854 3597 1928; baseline 0.001 -14"><span class='ocrx_word' id='word_1_359' title='bbox 2006 1854 2135 1915; x_wconf 82' lang='lat' dir='ltr'><strong>nem</strong></span> <span class='ocrx_word' id='word_1_360' title='bbox 2157 1873 2374 1925; x_wconf 85' lang='lat' dir='ltr'><strong>unam;</strong></span> <span class='ocrx_word' id='word_1_361' title='bbox 2404 1855 2765 1912; x_wconf 77' lang='lat' dir='ltr'><strong>accidentium</strong></span> <span class='ocrx_word' id='word_1_362' title='bbox 2802 1856 3020 1926; x_wconf 85' lang='lat' dir='ltr'><strong>spiritus</strong></span> <span class='ocrx_word' id='word_1_363' title='bbox 3069 1873 3266 1928; x_wconf 90' lang='lat' dir='ltr'><strong>passus</strong></span> <span class='ocrx_word' id='word_1_364' title='bbox 3293 1869 3377 1915; x_wconf 89' lang='lat' dir='ltr'><strong>est</strong></span> <span class='ocrx_word' id='word_1_365' title='bbox 3411 1878 3424 1915; x_wconf 91' lang='lat'><strong>:</strong></span> <span class='ocrx_word' id='word_1_366' title='bbox 3457 1861 3597 1918; x_wconf 79' lang='lat' dir='ltr'><strong>ceci-</strong></span> 
     </span>
    </p>
   </div>
   <div class='ocr_carea' id='block_1_47' title="bbox 2010 1944 3594 2021">
    <p class='ocr_par' dir='ltr' id='par_1_47' title="bbox 2010 1944 3594 2021">
     <span class='ocr_line' id='line_1_47' title="bbox 2010 1944 3594 2021; baseline 0.002 -20"><span class='ocrx_word' id='word_1_367' title='bbox 2010 1946 2087 2002; x_wconf 90' lang='lat' dir='ltr'><strong>dit</strong></span> <span class='ocrx_word' id='word_1_368' title='bbox 2114 1944 2256 2001; x_wconf 90' lang='lat' dir='ltr'><strong>enim</strong></span> <span class='ocrx_word' id='word_1_369' title='bbox 2307 1945 2537 2001; x_wconf 80' lang='lat' dir='ltr'><strong>exstasis</strong></span> <span class='ocrx_word' id='word_1_370' title='bbox 2581 1956 2748 2014; x_wconf 87' lang='lat' dir='ltr'><strong>super</strong></span> <span class='ocrx_word' id='word_1_371' title='bbox 2792 1945 2964 2010; x_wconf 90' lang='lat' dir='ltr'><strong>illum,</strong></span> <span class='ocrx_word' id='word_1_372' title='bbox 3016 1945 3193 2001; x_wconf 89' lang='lat' dir='ltr'><strong>sancti</strong></span> <span class='ocrx_word' id='word_1_373' title='bbox 3229 1946 3463 2018; x_wconf 87' lang='lat' dir='ltr'><strong>Spiritus</strong></span> <span class='ocrx_word' id='word_1_374' title='bbox 3488 1949 3594 2021; x_wconf 86' lang='lat' dir='ltr'><strong>vis,</strong></span> 
     </span>
    </p>
   </div>
   <div class='ocr_carea' id='block_1_48' title="bbox 2008 2032 3596 2106">
    <p class='ocr_par' dir='ltr' id='par_1_48' title="bbox 2008 2032 3596 2106">
     <span class='ocr_line' id='line_1_48' title="bbox 2008 2032 3596 2106; baseline 0 -15"><span class='ocrx_word' id='word_1_375' title='bbox 2008 2033 2293 2106; x_wconf 79' lang='lat' dir='ltr'><strong>operatrix‘</strong></span> <span class='ocrx_word' id='word_1_376' title='bbox 2323 2033 2643 2106; x_wconf 80' lang='lat' dir='ltr'><strong>prephetim.</strong></span> <span class='ocrx_word' id='word_1_377' title='bbox 2692 2032 2831 2088; x_wconf 88' lang='lat' dir='ltr'><strong>Nam</strong></span> <span class='ocrx_word' id='word_1_378' title='bbox 2877 2039 2933 2088; x_wconf 91' lang='lat' dir='ltr'><strong>et</strong></span> <span class='ocrx_word' id='word_1_379' title='bbox 2961 2033 3133 2088; x_wconf 90' lang='lat' dir='ltr'><strong>malus</strong></span> <span class='ocrx_word' id='word_1_380' title='bbox 3179 2034 3401 2105; x_wconf 87' lang='lat' dir='ltr'><strong>spiritus</strong></span> <span class='ocrx_word' id='word_1_381' title='bbox 3447 2038 3596 2093; x_wconf 90' lang='lat' dir='ltr'><strong>acci-</strong></span> 
     </span>
    </p>
   </div>
   <div class='ocr_carea' id='block_1_49' title="bbox 2012 2120 3600 2201">
    <p class='ocr_par' dir='ltr' id='par_1_49' title="bbox 2012 2120 3600 2201">
     <span class='ocr_line' id='line_1_49' title="bbox 2012 2120 3600 2201; baseline 0.002 -23"><span class='ocrx_word' id='word_1_382' title='bbox 2012 2124 2147 2180; x_wconf 90' lang='lat' dir='ltr'><strong>dens</strong></span> <span class='ocrx_word' id='word_1_383' title='bbox 2174 2139 2264 2179; x_wconf 89' lang='lat' dir='ltr'><strong>res</strong></span> <span class='ocrx_word' id='word_1_384' title='bbox 2303 2129 2406 2178; x_wconf 90' lang='lat' dir='ltr'><strong>est.</strong></span> <span class='ocrx_word' id='word_1_385' title='bbox 2437 2121 2680 2194; x_wconf 89' lang='lat' dir='ltr'><strong>Denique</strong></span> <span class='ocrx_word' id='word_1_386' title='bbox 2711 2120 2926 2201; x_wconf 86' lang='lat' dir='ltr'><strong>Saulem</strong></span> <span class='ocrx_word' id='word_1_387' title='bbox 2957 2130 3062 2176; x_wconf 88' lang='lat' dir='ltr'><strong>tam</strong></span> <span class='ocrx_word' id='word_1_388' title='bbox 3104 2122 3206 2178; x_wconf 92' lang='lat' dir='ltr'><strong>Dei</strong></span> <span class='ocrx_word' id='word_1_389' title='bbox 3243 2123 3466 2194; x_wconf 90' lang='lat' dir='ltr'><strong>Spiritus</strong></span> <span class='ocrx_word' id='word_1_390' title='bbox 3495 2140 3600 2195; x_wconf 89' lang='lat' dir='ltr'><strong>po-</strong></span> 
     </span>
    </p>
   </div>
   <div class='ocr_carea' id='block_1_50' title="bbox 2012 2210 3602 2284">
    <p class='ocr_par' dir='ltr' id='par_1_50' title="bbox 2012 2210 3602 2284">
     <span class='ocr_line' id='line_1_50' title="bbox 2012 2210 3602 2284; baseline 0 -15"><span class='ocrx_word' id='word_1_391' title='bbox 2012 2222 2125 2269; x_wconf 89' lang='lat' dir='ltr'><strong>stea</strong></span> <span class='ocrx_word' id='word_1_392' title='bbox 2153 2211 2312 2269; x_wconf 89' lang='lat' dir='ltr'><strong>vertit</strong></span> <span class='ocrx_word' id='word_1_393' title='bbox 2338 2211 2395 2265; x_wconf 91' lang='lat' dir='ltr'><strong>in</strong></span> <span class='ocrx_word' id='word_1_394' title='bbox 2423 2210 2591 2267; x_wconf 87' lang='lat' dir='ltr'><strong>alium</strong></span> <span class='ocrx_word' id='word_1_395' title='bbox 2618 2211 2817 2277; x_wconf 91' lang='lat' dir='ltr'><strong>virum,</strong></span> <span class='ocrx_word' id='word_1_396' title='bbox 2841 2210 2895 2265; x_wconf 93' lang='lat' dir='ltr'><strong>id</strong></span> <span class='ocrx_word' id='word_1_397' title='bbox 2924 2221 3006 2268; x_wconf 91' lang='lat' dir='ltr'><strong>est</strong></span> <span class='ocrx_word' id='word_1_398' title='bbox 3033 2211 3090 2266; x_wconf 91' lang='lat' dir='ltr'><strong>in</strong></span> <span class='ocrx_word' id='word_1_399' title='bbox 3115 2212 3442 2284; x_wconf 81' lang='lat' dir='ltr'><strong>prOpheten,</strong></span> <span class='ocrx_word' id='word_1_400' title='bbox 3476 2229 3602 2271; x_wconf 91' lang='lat' dir='ltr'><strong>cum</strong></span> 
     </span>
    </p>
   </div>
   <div class='ocr_carea' id='block_1_51' title="bbox 2013 2296 3606 2372">
    <p class='ocr_par' dir='ltr' id='par_1_51' title="bbox 2013 2296 3606 2372">
     <span class='ocr_line' id='line_1_51' title="bbox 2013 2296 3606 2372; baseline 0.004 -18"><span class='ocrx_word' id='word_1_401' title='bbox 2013 2298 2215 2356; x_wconf 91' lang='lat' dir='ltr'><strong>dictum</strong></span> <span class='ocrx_word' id='word_1_402' title='bbox 2245 2306 2326 2358; x_wconf 88' lang='lat' dir='ltr'><strong>est</strong></span> <span class='ocrx_word' id='word_1_403' title='bbox 2354 2299 2411 2371; x_wconf 93' lang='lat' dir='ltr'><strong>(I</strong></span> <span class='ocrx_word' id='word_1_404' title='bbox 2436 2302 2562 2372; x_wconf 87' lang='lat' dir='ltr'><strong>Reg.</strong></span> <span class='ocrx_word' id='word_1_405' title='bbox 2594 2314 2654 2367; x_wconf 70' lang='grc' dir='ltr'><strong>ι,</strong></span> <span class='ocrx_word' id='word_1_406' title='bbox 2688 2300 2817 2371; x_wconf 73' lang='lat' dir='ltr'><strong>tt):</strong></span> <span class='ocrx_word' id='word_1_407' title='bbox 2848 2296 3111 2369; x_wconf 82' lang='lat' dir='ltr'><strong>Quid&#39;hoc</strong></span> <span class='ocrx_word' id='word_1_408' title='bbox 3140 2301 3261 2371; x_wconf 84' lang='lat' dir='ltr'><strong>ﬁlio</strong></span> <span class='ocrx_word' id='word_1_409' title='bbox 3295 2302 3425 2359; x_wconf 83' lang='lat' dir='ltr'><strong>Cis?</strong></span> <span class='ocrx_word' id='word_1_410' title='bbox 3444 2319 3521 2359; x_wconf 86' lang='lat' dir='ltr'><strong>an</strong></span> <span class='ocrx_word' id='word_1_411' title='bbox 3551 2309 3606 2362; x_wconf 90' lang='lat' dir='ltr'><strong>et</strong></span> 
     </span>
    </p>
   </div>
   <div class='ocr_carea' id='block_1_52' title="bbox 2015 2387 3608 2462">
    <p class='ocr_par' dir='ltr' id='par_1_52' title="bbox 2015 2387 3608 2462">
     <span class='ocr_line' id='line_1_52' title="bbox 2015 2387 3608 2462; baseline -0.001 -16"><span class='ocrx_word' id='word_1_412' title='bbox 2015 2389 2157 2446; x_wconf 85' lang='lat' dir='ltr'><strong>Saul</strong></span> <span class='ocrx_word' id='word_1_413' title='bbox 2185 2391 2251 2446; x_wconf 83' lang='lat' dir='ltr'><strong>in</strong></span> <span class='ocrx_word' id='word_1_414' title='bbox 2286 2388 2619 2462; x_wconf 81' lang='lat' dir='ltr'><strong>prophetis?</strong></span> <span class='ocrx_word' id='word_1_415' title='bbox 2644 2403 2806 2460; x_wconf 89' lang='lat' dir='ltr'><strong>quam</strong></span> <span class='ocrx_word' id='word_1_416' title='bbox 2837 2396 2893 2443; x_wconf 91' lang='lat' dir='ltr'><strong>et</strong></span> <span class='ocrx_word' id='word_1_417' title='bbox 2935 2387 3110 2443; x_wconf 88' lang='lat' dir='ltr'><strong>malus</strong></span> <span class='ocrx_word' id='word_1_418' title='bbox 3156 2388 3382 2459; x_wconf 88' lang='lat' dir='ltr'><strong>spiritus</strong></span> <span class='ocrx_word' id='word_1_419' title='bbox 3409 2400 3608 2462; x_wconf 85' lang='lat' dir='ltr'><strong>postea</strong></span> 
     </span>
    </p>
   </div>
   <div class='ocr_carea' id='block_1_53' title="bbox 2013 2475 3612 2549">
    <p class='ocr_par' dir='ltr' id='par_1_53' title="bbox 2013 2475 3612 2549">
     <span class='ocr_line' id='line_1_53' title="bbox 2013 2475 3612 2549; baseline -0.001 -15"><span class='ocrx_word' id='word_1_420' title='bbox 2013 2478 2173 2535; x_wconf 84' lang='lat' dir='ltr'><strong>vertit</strong></span> <span class='ocrx_word' id='word_1_421' title='bbox 2201 2477 2255 2533; x_wconf 86' lang='lat' dir='ltr'><strong>in</strong></span> <span class='ocrx_word' id='word_1_422' title='bbox 2286 2478 2457 2534; x_wconf 88' lang='lat' dir='ltr'><strong>alium</strong></span> <span class='ocrx_word' id='word_1_423' title='bbox 2492 2477 2691 2549; x_wconf 90' lang='lat' dir='ltr'><strong>virum,</strong></span> <span class='ocrx_word' id='word_1_424' title='bbox 2722 2476 2779 2532; x_wconf 91' lang='lat' dir='ltr'><strong>in</strong></span> <span class='ocrx_word' id='word_1_425' title='bbox 2809 2484 3116 2549; x_wconf 88' lang='lat' dir='ltr'><strong>apostatam</strong></span> <span class='ocrx_word' id='word_1_426' title='bbox 3156 2475 3383 2534; x_wconf 85' lang='lat' dir='ltr'><strong>scilicet.</strong></span> <span class='ocrx_word' id='word_1_427' title='bbox 3412 2478 3612 2535; x_wconf 85' lang='lat' dir='ltr'><strong>Judam</strong></span> 
     </span>
    </p>
   </div>
   <div class='ocr_carea' id='block_1_54' title="bbox 2013 2564 3613 2641">
    <p class='ocr_par' dir='ltr' id='par_1_54' title="bbox 2013 2564 3613 2641">
     <span class='ocr_line' id='line_1_54' title="bbox 2013 2564 3613 2641; baseline -0.001 -18"><span class='ocrx_word' id='word_1_428' title='bbox 2013 2582 2228 2641; x_wconf 90' lang='lat' dir='ltr'><strong>quoque</strong></span> <span class='ocrx_word' id='word_1_429' title='bbox 2256 2565 2572 2638; x_wconf 89' lang='lat' dir='ltr'><strong>aliquandiu</strong></span> <span class='ocrx_word' id='word_1_430' title='bbox 2605 2581 2730 2624; x_wconf 91' lang='lat' dir='ltr'><strong>cum</strong></span> <span class='ocrx_word' id='word_1_431' title='bbox 2758 2564 2948 2624; x_wconf 89' lang='lat' dir='ltr'><strong>electis</strong></span> <span class='ocrx_word' id='word_1_432' title='bbox 2992 2565 3310 2636; x_wconf 88' lang='lat' dir='ltr'><strong>deputatum</strong></span> <span class='ocrx_word' id='word_1_433' title='bbox 3339 2581 3519 2638; x_wconf 89' lang='lat' dir='ltr'><strong>usque</strong></span> <span class='ocrx_word' id='word_1_434' title='bbox 3544 2567 3613 2621; x_wconf 88' lang='lat' dir='ltr'><strong>ad</strong></span> 
     </span>
    </p>
   </div>
   <div class='ocr_carea' id='block_1_55' title="bbox 2013 2653 3616 2727">
    <p class='ocr_par' dir='ltr' id='par_1_55' title="bbox 2013 2653 3616 2727">
     <span class='ocr_line' id='line_1_55' title="bbox 2013 2653 3616 2727; baseline -0.001 -14"><span class='ocrx_word' id='word_1_435' title='bbox 2013 2658 2317 2714; x_wconf 89' lang='lat' dir='ltr'><strong>loculorum</strong></span> <span class='ocrx_word' id='word_1_436' title='bbox 2347 2655 2609 2727; x_wconf 81' lang='lat' dir='ltr'><strong>ofﬁcium,</strong></span> <span class='ocrx_word' id='word_1_437' title='bbox 2640 2663 2712 2721; x_wconf 87' lang='lat' dir='ltr'><strong>et,</strong></span> <span class='ocrx_word' id='word_1_438' title='bbox 2744 2653 2792 2710; x_wconf 89' lang='lat' dir='ltr'><strong>Si</strong></span> <span class='ocrx_word' id='word_1_439' title='bbox 2825 2655 2939 2725; x_wconf 85' lang='lat' dir='ltr'><strong>jam</strong></span> <span class='ocrx_word' id='word_1_440' title='bbox 2972 2654 3364 2723; x_wconf 84' lang='lat' dir='ltr'><strong>fraudatorem,</strong></span> <span class='ocrx_word' id='word_1_441' title='bbox 3395 2654 3616 2712; x_wconf 85' lang='lat' dir='ltr'><strong>tradito-</strong></span> 
     </span>
    </p>
   </div>
   <div class='ocr_carea' id='block_1_56' title="bbox 2012 2743 3602 2813">
    <p class='ocr_par' dir='ltr' id='par_1_56' title="bbox 2012 2743 3602 2813">
     <span class='ocr_line' id='line_1_56' title="bbox 2012 2743 3602 2813; baseline -0.003 -11"><span class='ocrx_word' id='word_1_442' title='bbox 2012 2762 2131 2802; x_wconf 90' lang='lat' dir='ltr'><strong>rem</strong></span> <span class='ocrx_word' id='word_1_443' title='bbox 2168 2754 2347 2802; x_wconf 86' lang='lat' dir='ltr'><strong>tamen</strong></span> <span class='ocrx_word' id='word_1_444' title='bbox 2404 2743 2453 2783; x_wconf 81' lang='grc' dir='ltr'><strong>⁵ο</strong></span> <span class='ocrx_word' id='word_1_445' title='bbox 2505 2744 2766 2810; x_wconf 89' lang='lat' dir='ltr'><strong>nondum,</strong></span> <span class='ocrx_word' id='word_1_446' title='bbox 2824 2750 3017 2813; x_wconf 87' lang='lat' dir='ltr'><strong>postea</strong></span> <span class='ocrx_word' id='word_1_447' title='bbox 3064 2743 3313 2799; x_wconf 84' lang='lat' dir='ltr'><strong>diabolus</strong></span> <span class='ocrx_word' id='word_1_448' title='bbox 3365 2743 3602 2802; x_wconf 88' lang='lat' dir='ltr'><strong>intravit.</strong></span> 
     </span>
    </p>
   </div>
   <div class='ocr_carea' id='block_1_57' title="bbox 2014 2830 3603 2907">
    <p class='ocr_par' dir='ltr' id='par_1_57' title="bbox 2014 2830 3603 2907">
     <span class='ocr_line' id='line_1_57' title="bbox 2014 2830 3603 2907; baseline -0.001 -17"><span class='ocrx_word' id='word_1_449' title='bbox 2014 2835 2186 2907; x_wconf 81' lang='lat' dir='ltr'><strong>Igitur</strong></span> <span class='ocrx_word' id='word_1_450' title='bbox 2214 2834 2260 2889; x_wconf 93' lang='lat' dir='ltr'><strong>si</strong></span> <span class='ocrx_word' id='word_1_451' title='bbox 2291 2848 2467 2905; x_wconf 90' lang='lat' dir='ltr'><strong>neque</strong></span> <span class='ocrx_word' id='word_1_452' title='bbox 2501 2832 2619 2899; x_wconf 88' lang='lat' dir='ltr'><strong>Dei,</strong></span> <span class='ocrx_word' id='word_1_453' title='bbox 2669 2845 2843 2903; x_wconf 90' lang='lat' dir='ltr'><strong>neque</strong></span> <span class='ocrx_word' id='word_1_454' title='bbox 2889 2830 3095 2887; x_wconf 92' lang='lat' dir='ltr'><strong>diaboli</strong></span> <span class='ocrx_word' id='word_1_455' title='bbox 3135 2832 3356 2902; x_wconf 86' lang='lat' dir='ltr'><strong>spiritus</strong></span> <span class='ocrx_word' id='word_1_456' title='bbox 3400 2848 3467 2888; x_wconf 82' lang='lat' dir='ltr'><strong>ex</strong></span> <span class='ocrx_word' id='word_1_457' title='bbox 3499 2847 3603 2888; x_wconf 87' lang='lat' dir='ltr'><strong>na-</strong></span> 
     </span>
    </p>
   </div>
   <div class='ocr_carea' id='block_1_58' title="bbox 2012 2917 3605 2992">
    <p class='ocr_par' dir='ltr' id='par_1_58' title="bbox 2012 2917 3605 2992">
     <span class='ocr_line' id='line_1_58' title="bbox 2012 2917 3605 2992; baseline -0.002 -14"><span class='ocrx_word' id='word_1_458' title='bbox 2012 2923 2215 2981; x_wconf 88' lang='lat' dir='ltr'><strong>tivitate</strong></span> <span class='ocrx_word' id='word_1_459' title='bbox 2262 2921 2541 2977; x_wconf 81' lang='lat' dir='ltr'><strong>confertur</strong></span> <span class='ocrx_word' id='word_1_460' title='bbox 2586 2919 2805 2992; x_wconf 88' lang='lat' dir='ltr'><strong>animm,</strong></span> <span class='ocrx_word' id='word_1_461' title='bbox 2850 2917 3019 2975; x_wconf 88' lang='lat' dir='ltr'><strong>solam</strong></span> <span class='ocrx_word' id='word_1_462' title='bbox 3069 2934 3188 2976; x_wconf 91' lang='lat' dir='ltr'><strong>eam</strong></span> <span class='ocrx_word' id='word_1_463' title='bbox 3223 2927 3434 2976; x_wconf 88' lang='lat' dir='ltr'><strong>constat</strong></span> <span class='ocrx_word' id='word_1_464' title='bbox 3477 2927 3605 2975; x_wconf 89' lang='lat' dir='ltr'><strong>ante</strong></span> 
     </span>
    </p>
   </div>
   <div class='ocr_carea' id='block_1_59' title="bbox 304 2992 3601 3082">
    <p class='ocr_par' dir='ltr' id='par_1_59' title="bbox 304 2992 3601 3082">
     <span class='ocr_line' id='line_1_59' title="bbox 304 2992 3601 3082; baseline -0.001 -16"><span class='ocrx_word' id='word_1_465' title='bbox 304 3024 588 3080; x_wconf 86' lang='lat' dir='ltr'><strong>tore,cum</strong></span> <span class='ocrx_word' id='word_1_466' title='bbox 617 3010 896 3082; x_wconf 87' lang='lat' dir='ltr'><strong>Scriptura</strong></span> <span class='ocrx_word' id='word_1_467' title='bbox 913 3008 1133 3067; x_wconf 84' lang='lat' dir='ltr'><strong>factoris</strong></span> <span class='ocrx_word' id='word_1_468' title='bbox 1171 3010 1348 3082; x_wconf 87' lang='lat' dir='ltr'><strong>magis</strong></span> <span class='ocrx_word' id='word_1_469' title='bbox 1373 3010 1471 3066; x_wconf 90' lang='lat' dir='ltr'><strong>Dei</strong></span> <span class='ocrx_word' id='word_1_470' title='bbox 1491 2992 1577 3066; x_wconf 67' lang='lat' dir='ltr'><strong>Sui</strong></span> <span class='ocrx_word' id='word_1_471' title='bbox 1605 3010 1901 3078; x_wconf 60' lang='lat' dir='ltr'><strong>conscia“,</strong></span> <span class='ocrx_word' id='word_1_472' title='bbox 1935 2992 1978 3069; x_wconf 71' lang='grc' dir='ltr'><strong><em>Β</em></strong></span> <span class='ocrx_word' id='word_1_473' title='bbox 2009 3018 2258 3068; x_wconf 89' lang='lat' dir='ltr'><strong>eventum</strong></span> <span class='ocrx_word' id='word_1_474' title='bbox 2286 3008 2510 3080; x_wconf 90' lang='lat' dir='ltr'><strong>spiritus</strong></span> <span class='ocrx_word' id='word_1_475' title='bbox 2542 3006 2824 3078; x_wconf 88' lang='lat' dir='ltr'><strong>utriusque</strong></span> <span class='ocrx_word' id='word_1_476' title='bbox 2871 3027 2884 3064; x_wconf 91' lang='lat'>:</span> <span class='ocrx_word' id='word_1_477' title='bbox 2921 3006 2968 3061; x_wconf 89' lang='lat' dir='ltr'><strong>si</strong></span> <span class='ocrx_word' id='word_1_478' title='bbox 2995 3005 3186 3073; x_wconf 90' lang='lat' dir='ltr'><strong>solam,</strong></span> <span class='ocrx_word' id='word_1_479' title='bbox 3218 3014 3274 3062; x_wconf 91' lang='lat' dir='ltr'><strong>et</strong></span> <span class='ocrx_word' id='word_1_480' title='bbox 3301 3006 3601 3077; x_wconf 84' lang='lat' dir='ltr'><strong>simplicem</strong></span> 
     </span>
    </p>
   </div>
   <div class='ocr_carea' id='block_1_60' title="bbox 307 3099 1905 3176">
    <p class='ocr_par' dir='ltr' id='par_1_60' title="bbox 307 3099 1905 3176">
     <span class='ocr_line' id='line_1_60' title="bbox 307 3099 1905 3176; baseline -0.001 -22"><span class='ocrx_word' id='word_1_481' title='bbox 307 3099 443 3155; x_wconf 85' lang='lat' dir='ltr'><strong>nihil</strong></span> <span class='ocrx_word' id='word_1_482' title='bbox 458 3099 692 3170; x_wconf 86' lang='lat' dir='ltr'><strong>amplius</strong></span> <span class='ocrx_word' id='word_1_483' title='bbox 737 3100 1182 3176; x_wconf 82' lang='lat' dir='ltr'><strong>promulgaverit,</strong></span> <span class='ocrx_word' id='word_1_484' title='bbox 1216 3116 1381 3170; x_wconf 89' lang='lat' dir='ltr'><strong>quam</strong></span> <span class='ocrx_word' id='word_1_485' title='bbox 1403 3101 1573 3155; x_wconf 92' lang='lat' dir='ltr'><strong>Deum</strong></span> <span class='ocrx_word' id='word_1_486' title='bbox 1602 3100 1818 3156; x_wconf 88' lang='lat' dir='ltr'><strong>ﬂantem</strong></span> <span class='ocrx_word' id='word_1_487' title='bbox 1849 3099 1905 3154; x_wconf 90' lang='lat' dir='ltr'><strong>in</strong></span> 
     </span>
    </p>
   </div>
   <div class='ocr_carea' id='block_1_61' title="bbox 305 3186 1905 3261">
    <p class='ocr_par' dir='ltr' id='par_1_61' title="bbox 305 3186 1905 3261">
     <span class='ocr_line' id='line_1_61' title="bbox 305 3186 1905 3261; baseline -0.002 -17"><span class='ocrx_word' id='word_1_488' title='bbox 305 3188 503 3246; x_wconf 83' lang='lat' dir='ltr'><strong>faciem</strong></span> <span class='ocrx_word' id='word_1_489' title='bbox 532 3187 771 3244; x_wconf 86' lang='lat' dir='ltr'><strong>hominis</strong></span> <span class='ocrx_word' id='word_1_490' title='bbox 797 3186 982 3246; x_wconf 90' lang='lat' dir='ltr'><strong>ﬂatum</strong></span> <span class='ocrx_word' id='word_1_491' title='bbox 1008 3188 1134 3247; x_wconf 84' lang='lat' dir='ltr'><strong>vitae</strong></span> <span class='ocrx_word' id='word_1_492' title='bbox 1158 3190 1291 3261; x_wconf 84' lang='lat'><strong>(70),</strong></span> <span class='ocrx_word' id='word_1_493' title='bbox 1321 3197 1375 3245; x_wconf 89' lang='lat' dir='ltr'><strong>et</strong></span> <span class='ocrx_word' id='word_1_494' title='bbox 1405 3189 1677 3244; x_wconf 90' lang='lat' dir='ltr'><strong>hominem</strong></span> <span class='ocrx_word' id='word_1_495' title='bbox 1705 3188 1905 3243; x_wconf 81' lang='lat' dir='ltr'><strong>factum</strong></span> 
     </span>
    </p>
   </div>
   <div class='ocr_carea' id='block_1_62' title="bbox 306 3275 1906 3352">
    <p class='ocr_par' dir='ltr' id='par_1_62' title="bbox 306 3275 1906 3352">
     <span class='ocr_line' id='line_1_62' title="bbox 306 3275 1906 3352; baseline -0.002 -19"><span class='ocrx_word' id='word_1_496' title='bbox 306 3277 363 3334; x_wconf 90' lang='lat' dir='ltr'><strong>in</strong></span> <span class='ocrx_word' id='word_1_497' title='bbox 391 3279 626 3334; x_wconf 89' lang='lat' dir='ltr'><strong>animam</strong></span> <span class='ocrx_word' id='word_1_498' title='bbox 646 3275 1032 3349; x_wconf 75' lang='lat' dir='ltr'><strong>665vivam,</strong></span> <span class='ocrx_word' id='word_1_499' title='bbox 1063 3294 1162 3352; x_wconf 89' lang='lat' dir='ltr'><strong>per</strong></span> <span class='ocrx_word' id='word_1_500' title='bbox 1187 3293 1348 3351; x_wconf 88' lang='lat' dir='ltr'><strong>quam</strong></span> <span class='ocrx_word' id='word_1_501' title='bbox 1378 3276 1576 3334; x_wconf 83' lang='lat' dir='ltr'><strong>exinde</strong></span> <span class='ocrx_word' id='word_1_502' title='bbox 1604 3282 1660 3333; x_wconf 87' lang='lat' dir='ltr'><strong>et</strong></span> <span class='ocrx_word' id='word_1_503' title='bbox 1687 3275 1835 3334; x_wconf 90' lang='lat' dir='ltr'><strong>vivat</strong></span> <span class='ocrx_word' id='word_1_504' title='bbox 1851 3283 1906 3330; x_wconf 93' lang='lat' dir='ltr'><strong>et</strong></span> 
     </span>
    </p>
   </div>
   <div class='ocr_carea' id='block_1_63' title="bbox 2013 3093 3605 3167">
    <p class='ocr_par' dir='ltr' id='par_1_63' title="bbox 2013 3093 3605 3167">
     <span class='ocr_line' id='line_1_63' title="bbox 2013 3093 3605 3167; baseline -0.003 -12"><span class='ocrx_word' id='word_1_505' title='bbox 2013 3107 2067 3155; x_wconf 91' lang='lat' dir='ltr'><strong>et</strong></span> <span class='ocrx_word' id='word_1_506' title='bbox 2092 3097 2416 3154; x_wconf 90' lang='lat' dir='ltr'><strong>uniformem</strong></span> <span class='ocrx_word' id='word_1_507' title='bbox 2458 3095 2773 3152; x_wconf 81' lang='lat' dir='ltr'><strong>substantiae</strong></span> <span class='ocrx_word' id='word_1_508' title='bbox 2811 3096 3049 3160; x_wconf 91' lang='lat' dir='ltr'><strong>nomine,</strong></span> <span class='ocrx_word' id='word_1_509' title='bbox 3081 3103 3246 3167; x_wconf 88' lang='lat' dir='ltr'><strong>atque</strong></span> <span class='ocrx_word' id='word_1_510' title='bbox 3300 3093 3482 3153; x_wconf 90' lang='lat'><strong>666</strong></span> <span class='ocrx_word' id='word_1_511' title='bbox 3532 3097 3605 3151; x_wconf 90' lang='lat' dir='ltr'><strong>ita</strong></span> 
     </span>
    </p>
   </div>
   <div class='ocr_carea' id='block_1_64' title="bbox 2013 3182 3605 3254">
    <p class='ocr_par' dir='ltr' id='par_1_64' title="bbox 2013 3182 3605 3254">
     <span class='ocr_line' id='line_1_64' title="bbox 2013 3182 3605 3254; baseline -0.001 -13"><span class='ocrx_word' id='word_1_512' title='bbox 2013 3202 2123 3244; x_wconf 91' lang='lat' dir='ltr'><strong>non</strong></span> <span class='ocrx_word' id='word_1_513' title='bbox 2178 3184 2394 3241; x_wconf 88' lang='lat' dir='ltr'><strong>aliunde</strong></span> <span class='ocrx_word' id='word_1_514' title='bbox 2450 3182 2745 3254; x_wconf 78' lang='lat' dir='ltr'><strong>spirantem</strong></span> <span class='ocrx_word' id='word_1_515' title='bbox 2796 3198 2959 3254; x_wconf 85' lang='lat' dir='ltr'><strong>quam</strong></span> <span class='ocrx_word' id='word_1_516' title='bbox 3016 3197 3082 3240; x_wconf 88' lang='lat' dir='ltr'><strong>ex</strong></span> <span class='ocrx_word' id='word_1_517' title='bbox 3130 3183 3449 3240; x_wconf 85' lang='lat' dir='ltr'><strong>substantim</strong></span> <span class='ocrx_word' id='word_1_518' title='bbox 3491 3199 3605 3239; x_wconf 86' lang='lat' dir='ltr'><strong>sum</strong></span> 
     </span>
    </p>
   </div>
   <div class='ocr_carea' id='block_1_65' title="bbox 2015 3284 2186 3331">
    <p class='ocr_par' dir='ltr' id='par_1_65' title="bbox 2015 3284 2186 3331">
     <span class='ocr_line' id='line_1_65' title="bbox 2015 3284 2186 3331; baseline -0.006 -1"><span class='ocrx_word' id='word_1_519' title='bbox 2015 3284 2186 3331; x_wconf 91' lang='lat' dir='ltr'><strong>sorte.</strong></span> 
     </span>
    </p>
   </div>
   <div class='ocr_carea' id='block_1_66' title="bbox 376 3377 3254 3530">
    <p class='ocr_par' dir='ltr' id='par_1_66' title="bbox 376 3377 3254 3530">
     <span class='ocr_line' id='line_1_66' title="bbox 376 3377 3254 3530; baseline -0.003 -17"><span class='ocrx_word' id='word_1_520' title='bbox 376 3459 428 3496; x_wconf 67' lang='grc'><strong>4⁸</strong></span> <span class='ocrx_word' id='word_1_521' title='bbox 454 3457 626 3530; x_wconf 81' lang='lat' dir='ltr'><strong>Magis</strong></span> <span class='ocrx_word' id='word_1_522' title='bbox 655 3458 980 3515; x_wconf 88' lang='lat' dir='ltr'><strong>conscientia</strong></span> <span class='ocrx_word' id='word_1_523' title='bbox 1008 3458 1129 3518; x_wconf 89' lang='lat' dir='ltr'><strong>cod.</strong></span> <span class='ocrx_word' id='word_1_524' title='bbox 1159 3457 1437 3528; x_wconf 82' lang='lat' dir='ltr'><strong>Agobardi</strong></span> <span class='ocrx_word' id='word_1_525' title='bbox 1464 3457 1513 3496; x_wconf 60' lang='grc'>49</span> <span class='ocrx_word' id='word_1_526' title='bbox 1541 3377 1901 3513; x_wconf 43' lang='lat' dir='ltr'><strong>Manli-i133.</strong></span> <span class='ocrx_word' id='word_1_527' title='bbox 1918 3380 2293 3528; x_wconf 38' lang='lat'><strong>1313323315..”</strong></span> <span class='ocrx_word' id='word_1_528' title='bbox 2321 3452 2565 3509; x_wconf 88' lang='lat' dir='ltr'><strong>Tandem</strong></span> <span class='ocrx_word' id='word_1_529' title='bbox 2604 3451 2780 3510; x_wconf 82' lang='lat' dir='ltr'><strong>Rhen.</strong></span> <span class='ocrx_word' id='word_1_530' title='bbox 2813 3451 2985 3509; x_wconf 80' lang='lat' dir='ltr'><strong>Seml.</strong></span> <span class='ocrx_word' id='word_1_531' title='bbox 3034 3449 3254 3507; x_wconf 85' lang='lat' dir='ltr'><strong>Oberth.</strong></span> 
     </span>
    </p>
   </div>
   <div class='ocr_carea' id='block_1_67' title="bbox 1704 3546 2215 3613">
    <p class='ocr_par' dir='ltr' id='par_1_67' title="bbox 1704 3546 2215 3613">
     <span class='ocr_line' id='line_1_67' title="bbox 1704 3546 2215 3613; baseline -0.002 -5"><span class='ocrx_word' id='word_1_532' title='bbox 1704 3546 2181 3613; x_wconf 88' lang='lat' dir='ltr'><strong>Commentarius</strong></span> <span class='ocrx_word' id='word_1_533' title='bbox 2200 3591 2215 3606; x_wconf 96' lang='lat'><strong>.</strong></span> 
     </span>
    </p>
   </div>
   <div class='ocr_carea' id='block_1_68' title="bbox 383 3626 1909 3701">
    <p class='ocr_par' dir='ltr' id='par_1_68' title="bbox 383 3626 1909 3701">
     <span class='ocr_line' id='line_1_68' title="bbox 383 3626 1909 3701; baseline -0.001 -19"><span class='ocrx_word' id='word_1_534' title='bbox 383 3628 502 3701; x_wconf 80' lang='grc'>(66)</span> <span class='ocrx_word' id='word_1_535' title='bbox 524 3628 646 3686; x_wconf 83' lang='grc' dir='ltr'><strong>Νοη</strong></span> <span class='ocrx_word' id='word_1_536' title='bbox 658 3631 793 3701; x_wconf 82' lang='lat' dir='ltr'><strong>quia</strong></span> <span class='ocrx_word' id='word_1_537' title='bbox 806 3629 1048 3701; x_wconf 83' lang='lat' dir='ltr'><strong>spiritus</strong></span> <span class='ocrx_word' id='word_1_538' title='bbox 1058 3628 1287 3699; x_wconf 85' lang='lat' dir='ltr'><strong>proprie</strong></span> <span class='ocrx_word' id='word_1_539' title='bbox 1299 3630 1402 3701; x_wconf 73' lang='lat' dir='ltr'><strong>est.</strong></span> <span class='ocrx_word' id='word_1_540' title='bbox 1423 3626 1641 3701; x_wconf 81' lang='lat' dir='ltr'><strong>scilicet</strong></span> <span class='ocrx_word' id='word_1_541' title='bbox 1657 3640 1765 3701; x_wconf 84' lang='lat' dir='ltr'><strong>non</strong></span> <span class='ocrx_word' id='word_1_542' title='bbox 1778 3626 1909 3698; x_wconf 90' lang='lat' dir='ltr'><strong>quia</strong></span> 
     </span>
    </p>
   </div>
   <div class='ocr_carea' id='block_1_69' title="bbox 308 3697 1912 3779">
    <p class='ocr_par' dir='ltr' id='par_1_69' title="bbox 308 3697 1912 3779">
     <span class='ocr_line' id='line_1_69' title="bbox 308 3697 1912 3779; baseline -0.001 -27"><span class='ocrx_word' id='word_1_543' title='bbox 308 3697 539 3779; x_wconf 75' lang='lat' dir='ltr'><strong>spiritus</strong></span> <span class='ocrx_word' id='word_1_544' title='bbox 584 3697 847 3779; x_wconf 64' lang='lat' dir='ltr'><strong>scdrsim;</strong></span> <span class='ocrx_word' id='word_1_545' title='bbox 886 3709 941 3755; x_wconf 87' lang='lat' dir='ltr'><strong>et</strong></span> <span class='ocrx_word' id='word_1_546' title='bbox 986 3697 1189 3779; x_wconf 82' lang='lat' dir='ltr'><strong>per_se</strong></span> <span class='ocrx_word' id='word_1_547' title='bbox 1226 3697 1515 3779; x_wconf 76' lang='lat' dir='ltr'><strong>peculiaris</strong></span> <span class='ocrx_word' id='word_1_548' title='bbox 1540 3713 1657 3779; x_wconf 47' lang='lat' dir='ltr'><strong>&quot;res</strong></span> <span class='ocrx_word' id='word_1_549' title='bbox 1692 3697 1912 3779; x_wconf 64' lang='lat' dir='ltr'><strong>diversa</strong></span> 
     </span>
    </p>
   </div>
   <div class='ocr_carea' id='block_1_70' title="bbox 307 3768 1912 3838">
    <p class='ocr_par' dir='ltr' id='par_1_70' title="bbox 307 3768 1912 3838">
     <span class='ocr_line' id='line_1_70' title="bbox 307 3768 1912 3838; baseline -0.001 -14"><span class='ocrx_word' id='word_1_550' title='bbox 307 3768 377 3824; x_wconf 89' lang='lat' dir='ltr'><strong>sit</strong></span> <span class='ocrx_word' id='word_1_551' title='bbox 406 3772 478 3826; x_wconf 88' lang='lat' dir='ltr'><strong>ab</strong></span> <span class='ocrx_word' id='word_1_552' title='bbox 523 3771 720 3838; x_wconf 89' lang='lat' dir='ltr'><strong>anima,</strong></span> <span class='ocrx_word' id='word_1_553' title='bbox 752 3771 825 3825; x_wconf 91' lang='lat' dir='ltr'><strong>ita</strong></span> <span class='ocrx_word' id='word_1_554' title='bbox 869 3768 1175 3838; x_wconf 88' lang='lat' dir='ltr'><strong>commode,</strong></span> <span class='ocrx_word' id='word_1_555' title='bbox 1206 3779 1260 3823; x_wconf 90' lang='lat' dir='ltr'><strong>et</strong></span> <span class='ocrx_word' id='word_1_556' title='bbox 1314 3769 1494 3825; x_wconf 89' lang='lat' dir='ltr'><strong>mitius</strong></span> <span class='ocrx_word' id='word_1_557' title='bbox 1539 3768 1666 3824; x_wconf 89' lang='lat' dir='ltr'><strong>licet</strong></span> <span class='ocrx_word' id='word_1_558' title='bbox 1703 3768 1912 3825; x_wconf 89' lang='lat' dir='ltr'><strong>mollire</strong></span> 
     </span>
    </p>
   </div>
   <div class='ocr_carea' id='block_1_71' title="bbox 308 3839 1914 3913">
    <p class='ocr_par' dir='ltr' id='par_1_71' title="bbox 308 3839 1914 3913">
     <span class='ocr_line' id='line_1_71' title="bbox 308 3839 1914 3913; baseline -0.001 -18"><span class='ocrx_word' id='word_1_559' title='bbox 308 3841 744 3907; x_wconf 86' lang='lat' dir='ltr'><strong>Tertullianum;</strong></span> <span class='ocrx_word' id='word_1_560' title='bbox 777 3857 952 3913; x_wconf 91' lang='lat' dir='ltr'><strong>neque</strong></span> <span class='ocrx_word' id='word_1_561' title='bbox 983 3853 1160 3913; x_wconf 83' lang='lat' dir='ltr'><strong>tamen</strong></span> <span class='ocrx_word' id='word_1_562' title='bbox 1204 3839 1433 3897; x_wconf 90' lang='lat' dir='ltr'><strong>nimium</strong></span> <span class='ocrx_word' id='word_1_563' title='bbox 1482 3842 1834 3913; x_wconf 70' lang='lat' dir='ltr'><strong>succensebg,</strong></span> <span class='ocrx_word' id='word_1_564' title='bbox 1867 3839 1914 3895; x_wconf 87' lang='lat' dir='ltr'><strong>Si</strong></span> 
     </span>
    </p>
   </div>
   <div class='ocr_carea' id='block_1_72' title="bbox 312 3911 1914 3984">
    <p class='ocr_par' dir='ltr' id='par_1_72' title="bbox 312 3911 1914 3984">
     <span class='ocr_line' id='line_1_72' title="bbox 312 3911 1914 3984; baseline -0.001 -16"><span class='ocrx_word' id='word_1_565' title='bbox 312 3914 638 3984; x_wconf 78' lang='lat' dir='ltr'><strong>paradoxum</strong></span> <span class='ocrx_word' id='word_1_566' title='bbox 693 3911 913 3984; x_wconf 79' lang='lat' dir='ltr'><strong>aliquod</strong></span> <span class='ocrx_word' id='word_1_567' title='bbox 977 3913 1067 3984; x_wconf 86' lang='lat' dir='ltr'><strong>hic</strong></span> <span class='ocrx_word' id='word_1_568' title='bbox 1099 3912 1566 3984; x_wconf 85' lang='lat' dir='ltr'><strong>observes,quasi</strong></span> <span class='ocrx_word' id='word_1_569' title='bbox 1594 3911 1914 3984; x_wconf 7' lang='lat' dir='ltr'><strong>negctherg</strong></span> 
     </span>
    </p>
   </div>
   <div class='ocr_carea' id='block_1_73' title="bbox 313 3980 1914 4057">
    <p class='ocr_par' dir='ltr' id='par_1_73' title="bbox 313 3980 1914 4057">
     <span class='ocr_line' id='line_1_73' title="bbox 313 3980 1914 4057; baseline -0.001 -18"><span class='ocrx_word' id='word_1_570' title='bbox 313 3980 570 4057; x_wconf 75' lang='lat' dir='ltr'><strong>tullianus</strong></span> <span class='ocrx_word' id='word_1_571' title='bbox 611 3980 854 4057; x_wconf 76' lang='lat' dir='ltr'><strong>animam</strong></span> <span class='ocrx_word' id='word_1_572' title='bbox 912 3983 1160 4053; x_wconf 84' lang='lat' dir='ltr'><strong>spiritum</strong></span> <span class='ocrx_word' id='word_1_573' title='bbox 1217 3980 1443 4057; x_wconf 79' lang='lat' dir='ltr'><strong>pr0p_rie</strong></span> <span class='ocrx_word' id='word_1_574' title='bbox 1504 3980 1821 4057; x_wconf 54' lang='lat' dir='ltr'><strong>essm—quia</strong></span> <span class='ocrx_word' id='word_1_575' title='bbox 1868 3980 1914 4038; x_wconf 91' lang='lat' dir='ltr'><strong>si</strong></span> 
     </span>
    </p>
   </div>
   <div class='ocr_carea' id='block_1_74' title="bbox 315 4054 1468 4125">
    <p class='ocr_par' dir='ltr' id='par_1_74' title="bbox 315 4054 1468 4125">
     <span class='ocr_line' id='line_1_74' title="bbox 315 4054 1468 4125; baseline 0 -16"><span class='ocrx_word' id='word_1_576' title='bbox 315 4063 457 4109; x_wconf 81' lang='lat' dir='ltr'><strong>esset</strong></span> <span class='ocrx_word' id='word_1_577' title='bbox 493 4055 714 4125; x_wconf 86' lang='lat' dir='ltr'><strong>spiritus</strong></span> <span class='ocrx_word' id='word_1_578' title='bbox 748 4096 762 4122; x_wconf 91' lang='lat'><strong>,</strong></span> <span class='ocrx_word' id='word_1_579' title='bbox 784 4069 983 4125; x_wconf 88' lang='lat' dir='ltr'><strong>corpus</strong></span> <span class='ocrx_word' id='word_1_580' title='bbox 1011 4067 1119 4108; x_wconf 91' lang='lat' dir='ltr'><strong>non</strong></span> <span class='ocrx_word' id='word_1_581' title='bbox 1149 4062 1310 4110; x_wconf 85' lang='lat' dir='ltr'><strong>esset.</strong></span> <span class='ocrx_word' id='word_1_582' title='bbox 1338 4054 1468 4109; x_wconf 69' lang='lat' dir='ltr'><strong>Lac.</strong></span> 
     </span>
    </p>
   </div>
   <div class='ocr_carea' id='block_1_75' title="bbox 389 4125 1916 4196">
    <p class='ocr_par' dir='ltr' id='par_1_75' title="bbox 389 4125 1916 4196">
     <span class='ocr_line' id='line_1_75' title="bbox 389 4125 1916 4196; baseline -0.001 -17"><span class='ocrx_word' id='word_1_583' title='bbox 389 4127 502 4195; x_wconf 83' lang='grc'>(67)</span> <span class='ocrx_word' id='word_1_584' title='bbox 531 4125 807 4185; x_wconf 84' lang='lat' dir='ltr'><strong>Adversus</strong></span> <span class='ocrx_word' id='word_1_585' title='bbox 834 4127 1015 4195; x_wconf 85' lang='lat' dir='ltr'><strong>ipsius</strong></span> <span class='ocrx_word' id='word_1_586' title='bbox 1064 4126 1379 4196; x_wconf 72' lang='lat' dir='ltr'><strong>Scripturm</strong></span> <span class='ocrx_word' id='word_1_587' title='bbox 1405 4126 1575 4196; x_wconf 83' lang='lat' dir='ltr'><strong>ﬁdem</strong></span> <span class='ocrx_word' id='word_1_588' title='bbox 1600 4127 1806 4195; x_wconf 75' lang='lat' dir='ltr'><strong>ﬂatu-1n</strong></span> <span class='ocrx_word' id='word_1_589' title='bbox 1853 4126 1916 4196; x_wconf 80' lang='lat' dir='ltr'><strong>in</strong></span> 
     </span>
    </p>
   </div>
   <div class='ocr_carea' id='block_1_76' title="bbox 323 4194 1917 4269">
    <p class='ocr_par' dir='ltr' id='par_1_76' title="bbox 323 4194 1917 4269">
     <span class='ocr_line' id='line_1_76' title="bbox 323 4194 1917 4269; baseline -0.001 -19"><span class='ocrx_word' id='word_1_590' title='bbox 323 4194 588 4269; x_wconf 75' lang='lat' dir='ltr'><strong>spiritum</strong></span> <span class='ocrx_word' id='word_1_591' title='bbox 614 4194 994 4269; x_wconf 84' lang='lat' dir='ltr'><strong>vertit.Secuti</strong></span> <span class='ocrx_word' id='word_1_592' title='bbox 1025 4202 1150 4269; x_wconf 91' lang='lat' dir='ltr'><strong>sunt</strong></span> <span class='ocrx_word' id='word_1_593' title='bbox 1180 4194 1583 4269; x_wconf 80' lang='lat' dir='ltr'><strong>Hermogenem</strong></span> <span class='ocrx_word' id='word_1_594' title='bbox 1604 4194 1701 4251; x_wconf 87' lang='lat' dir='ltr'><strong>alii</strong></span> <span class='ocrx_word' id='word_1_595' title='bbox 1731 4194 1917 4269; x_wconf 88' lang='lat' dir='ltr'><strong>tumin</strong></span> 
     </span>
    </p>
   </div>
   <div class='ocr_carea' id='block_1_77' title="bbox 323 4265 1907 4340">
    <p class='ocr_par' dir='ltr' id='par_1_77' title="bbox 323 4265 1907 4340">
     <span class='ocr_line' id='line_1_77' title="bbox 323 4265 1907 4340; baseline 0.001 -22"><span class='ocrx_word' id='word_1_596' title='bbox 323 4265 588 4340; x_wconf 62' lang='lat' dir='ltr'><strong>versione,</strong></span> <span class='ocrx_word' id='word_1_597' title='bbox 615 4276 727 4322; x_wconf 88' lang='lat' dir='ltr'><strong>tum</strong></span> <span class='ocrx_word' id='word_1_598' title='bbox 754 4267 828 4340; x_wconf 89' lang='lat' dir='ltr'><strong>in</strong></span> <span class='ocrx_word' id='word_1_599' title='bbox 858 4267 1143 4332; x_wconf 89' lang='lat' dir='ltr'><strong>sententia,</strong></span> <span class='ocrx_word' id='word_1_600' title='bbox 1185 4282 1336 4340; x_wconf 78' lang='lat' dir='ltr'><strong>quos</strong></span> <span class='ocrx_word' id='word_1_601' title='bbox 1352 4265 1502 4323; x_wconf 79' lang='lat' dir='ltr'><strong>notat</strong></span> <span class='ocrx_word' id='word_1_602' title='bbox 1547 4268 1907 4340; x_wconf 81' lang='lat' dir='ltr'><strong>Augustinus,</strong></span> 
     </span>
    </p>
   </div>
   <div class='ocr_carea' id='block_1_78' title="bbox 320 4334 1912 4410">
    <p class='ocr_par' dir='ltr' id='par_1_78' title="bbox 320 4334 1912 4410">
     <span class='ocr_line' id='line_1_78' title="bbox 320 4334 1912 4410; baseline -0.001 -19"><span class='ocrx_word' id='word_1_603' title='bbox 320 4334 415 4410; x_wconf 74' lang='lat' dir='ltr'><strong>lib.</strong></span> <span class='ocrx_word' id='word_1_604' title='bbox 471 4353 569 4403; x_wconf 62' lang='grc' dir='ltr'><strong>χιι,</strong></span> <span class='ocrx_word' id='word_1_605' title='bbox 620 4340 687 4396; x_wconf 87' lang='lat' dir='ltr'><strong>de</strong></span> <span class='ocrx_word' id='word_1_606' title='bbox 732 4339 904 4394; x_wconf 82' lang='lat' dir='ltr'><strong>Civit.</strong></span> <span class='ocrx_word' id='word_1_607' title='bbox 955 4353 1079 4410; x_wconf 87' lang='lat' dir='ltr'><strong>cap.</strong></span> <span class='ocrx_word' id='word_1_608' title='bbox 1127 4334 1221 4409; x_wconf 65' lang='lat'><strong>25;</strong></span> <span class='ocrx_word' id='word_1_609' title='bbox 1250 4334 1912 4410; x_wconf 9' lang='lat' dir='ltr'><strong>ubirobservatadversus</strong></span> 
     </span>
    </p>
   </div>
   <div class='ocr_carea' id='block_1_79' title="bbox 2018 3618 3601 3693">
    <p class='ocr_par' dir='ltr' id='par_1_79' title="bbox 2018 3618 3601 3693">
     <span class='ocr_line' id='line_1_79' title="bbox 2018 3618 3601 3693; baseline -0.004 -11"><span class='ocrx_word' id='word_1_610' title='bbox 2018 3642 2186 3693; x_wconf 87' lang='lat' dir='ltr'><strong>vam;</strong></span> <span class='ocrx_word' id='word_1_611' title='bbox 2224 3625 2407 3679; x_wconf 87' lang='lat' dir='ltr'><strong>ﬂatum</strong></span> <span class='ocrx_word' id='word_1_612' title='bbox 2435 3622 2557 3678; x_wconf 87' lang='lat' dir='ltr'><strong>vitm</strong></span> <span class='ocrx_word' id='word_1_613' title='bbox 2597 3621 2837 3677; x_wconf 90' lang='lat' dir='ltr'><strong>animam</strong></span> <span class='ocrx_word' id='word_1_614' title='bbox 2881 3618 3162 3691; x_wconf 90' lang='lat' dir='ltr'><strong>utrobique</strong></span> <span class='ocrx_word' id='word_1_615' title='bbox 3192 3618 3601 3693; x_wconf 84' lang='lat' dir='ltr'><strong>interpretatur;</strong></span> 
     </span>
    </p>
   </div>
   <div class='ocr_carea' id='block_1_80' title="bbox 2020 3691 3603 3766">
    <p class='ocr_par' dir='ltr' id='par_1_80' title="bbox 2020 3691 3603 3766">
     <span class='ocr_line' id='line_1_80' title="bbox 2020 3691 3603 3766; baseline -0.003 -15"><span class='ocrx_word' id='word_1_616' title='bbox 2020 3691 2184 3766; x_wconf 85' lang='lat' dir='ltr'><strong>quam</strong></span> <span class='ocrx_word' id='word_1_617' title='bbox 2216 3694 2621 3764; x_wconf 87' lang='lat' dir='ltr'><strong>explicationem</strong></span> <span class='ocrx_word' id='word_1_618' title='bbox 2636 3708 2822 3766; x_wconf 84' lang='lat' dir='ltr'><strong>veram</strong></span> <span class='ocrx_word' id='word_1_619' title='bbox 2840 3707 2960 3746; x_wconf 89' lang='lat' dir='ltr'><strong>esse</strong></span> <span class='ocrx_word' id='word_1_620' title='bbox 2979 3705 3158 3766; x_wconf 72' lang='lat' dir='ltr'><strong>supra</strong></span> <span class='ocrx_word' id='word_1_621' title='bbox 3176 3691 3532 3766; x_wconf 79' lang='lat' dir='ltr'><strong>ostendimus,</strong></span> <span class='ocrx_word' id='word_1_622' title='bbox 3559 3692 3603 3766; x_wconf 78' lang='grc' dir='ltr'><strong>Ι.</strong></span> 
     </span>
    </p>
   </div>
   <div class='ocr_carea' id='block_1_81' title="bbox 2021 3761 3606 3833">
    <p class='ocr_par' dir='ltr' id='par_1_81' title="bbox 2021 3761 3606 3833">
     <span class='ocr_line' id='line_1_81' title="bbox 2021 3761 3606 3833; baseline -0.003 -11"><span class='ocrx_word' id='word_1_623' title='bbox 2021 3761 2088 3824; x_wconf 81' lang='lat' dir='ltr'><strong>de</strong></span> <span class='ocrx_word' id='word_1_624' title='bbox 2118 3761 2426 3833; x_wconf 77' lang='lat' dir='ltr'><strong>Baptismo,</strong></span> <span class='ocrx_word' id='word_1_625' title='bbox 2483 3781 2533 3821; x_wconf 90' lang='lat' dir='ltr'><strong>c.</strong></span> <span class='ocrx_word' id='word_1_626' title='bbox 2586 3767 2640 3820; x_wconf 83' lang='lat'><strong>5.</strong></span> <span class='ocrx_word' id='word_1_627' title='bbox 2688 3764 2901 3833; x_wconf 86' lang='lat' dir='ltr'><strong>Quibus</strong></span> <span class='ocrx_word' id='word_1_628' title='bbox 2930 3761 3129 3817; x_wconf 80' lang='lat' dir='ltr'><strong>addere</strong></span> <span class='ocrx_word' id='word_1_629' title='bbox 3171 3762 3349 3818; x_wconf 88' lang='lat' dir='ltr'><strong>visum</strong></span> <span class='ocrx_word' id='word_1_630' title='bbox 3374 3773 3457 3819; x_wconf 88' lang='lat' dir='ltr'><strong>est</strong></span> <span class='ocrx_word' id='word_1_631' title='bbox 3476 3764 3606 3818; x_wconf 90' lang='lat' dir='ltr'><strong>illud</strong></span> 
     </span>
    </p>
   </div>
   <div class='ocr_carea' id='block_1_82' title="bbox 2019 3833 3607 3910">
    <p class='ocr_par' dir='ltr' id='par_1_82' title="bbox 2019 3833 3607 3910">
     <span class='ocr_line' id='line_1_82' title="bbox 2019 3833 3607 3910; baseline -0.001 -18"><span class='ocrx_word' id='word_1_632' title='bbox 2019 3833 2350 3910; x_wconf 84' lang='lat' dir='ltr'><strong>Theodoreti</strong></span> <span class='ocrx_word' id='word_1_633' title='bbox 2380 3837 2435 3910; x_wconf 86' lang='lat' dir='ltr'><strong>in</strong></span> <span class='ocrx_word' id='word_1_634' title='bbox 2466 3838 2645 3910; x_wconf 84' lang='lat' dir='ltr'><strong>Epist.</strong></span> <span class='ocrx_word' id='word_1_635' title='bbox 2676 3835 2789 3891; x_wconf 83' lang='lat' dir='ltr'><strong>diu.</strong></span> <span class='ocrx_word' id='word_1_636' title='bbox 2821 3835 3067 3910; x_wconf 74' lang='lat' dir='ltr'><strong>dogmat.</strong></span> <span class='ocrx_word' id='word_1_637' title='bbox 3098 3851 3118 3889; x_wconf 90' lang='lat'><strong><em>:</em></strong></span> <span class='ocrx_word' id='word_1_638' title='bbox 3155 3850 3181 3886; x_wconf 71' lang='grc' dir='ltr'><strong>ε</strong></span> <span class='ocrx_word' id='word_1_639' title='bbox 3212 3833 3446 3910; x_wconf 78' lang='lat' dir='ltr'><strong>Nomine</strong></span> <span class='ocrx_word' id='word_1_640' title='bbox 3461 3835 3607 3910; x_wconf 70' lang='lat' dir='ltr'><strong>flatu</strong></span> 
     </span>
    </p>
   </div>
   <div class='ocr_carea' id='block_1_83' title="bbox 2023 3904 3608 3989">
    <p class='ocr_par' dir='ltr' id='par_1_83' title="bbox 2023 3904 3608 3989">
     <span class='ocr_line' id='line_1_83' title="bbox 2023 3904 3608 3989; baseline -0.004 -24"><span class='ocrx_word' id='word_1_641' title='bbox 2023 3924 2132 3965; x_wconf 91' lang='lat' dir='ltr'><strong>non</strong></span> <span class='ocrx_word' id='word_1_642' title='bbox 2172 3904 2524 3989; x_wconf 74' lang='lat' dir='ltr'><strong>intelligimus</strong></span> <span class='ocrx_word' id='word_1_643' title='bbox 2565 3916 2771 3989; x_wconf 65' lang='lat' dir='ltr'><strong>partem</strong></span> <span class='ocrx_word' id='word_1_644' title='bbox 2801 3904 3041 3988; x_wconf 73' lang='lat' dir='ltr'><strong>aliquam</strong></span> <span class='ocrx_word' id='word_1_645' title='bbox 3096 3905 3366 3989; x_wconf 42' lang='lat' dir='ltr'><strong>essentim‘</strong></span> <span class='ocrx_word' id='word_1_646' title='bbox 3387 3904 3608 3988; x_wconf 76' lang='lat' dir='ltr'><strong>divinm,</strong></span> 
     </span>
    </p>
   </div>
   <div class='ocr_carea' id='block_1_84' title="bbox 2025 3976 3610 4043">
    <p class='ocr_par' dir='ltr' id='par_1_84' title="bbox 2025 3976 3610 4043">
     <span class='ocr_line' id='line_1_84' title="bbox 2025 3976 3610 4043; baseline -0.003 -8"><span class='ocrx_word' id='word_1_647' title='bbox 2025 3981 2327 4038; x_wconf 89' lang='lat' dir='ltr'><strong>secundum</strong></span> <span class='ocrx_word' id='word_1_648' title='bbox 2343 3976 2609 4037; x_wconf 75' lang='lat' dir='ltr'><strong>Cerdonis</strong></span> <span class='ocrx_word' id='word_1_649' title='bbox 2636 3985 2689 4033; x_wconf 89' lang='lat' dir='ltr'><strong>et</strong></span> <span class='ocrx_word' id='word_1_650' title='bbox 2716 3976 3008 4034; x_wconf 83' lang='lat' dir='ltr'><strong>Marcionis</strong></span> <span class='ocrx_word' id='word_1_651' title='bbox 3035 3976 3368 4043; x_wconf 89' lang='lat' dir='ltr'><strong>rabiem,sed</strong></span> <span class='ocrx_word' id='word_1_652' title='bbox 3398 3977 3610 4033; x_wconf 75' lang='lat' dir='ltr'><strong>animo:</strong></span> 
     </span>
    </p>
   </div>
   <div class='ocr_carea' id='block_1_85' title="bbox 2024 4046 3613 4122">
    <p class='ocr_par' dir='ltr' id='par_1_85' title="bbox 2024 4046 3613 4122">
     <span class='ocr_line' id='line_1_85' title="bbox 2024 4046 3613 4122; baseline -0.004 -15"><span class='ocrx_word' id='word_1_653' title='bbox 2024 4064 2275 4122; x_wconf 82' lang='lat' dir='ltr'><strong>naturam</strong></span> <span class='ocrx_word' id='word_1_654' title='bbox 2320 4067 2420 4122; x_wconf 89' lang='lat' dir='ltr'><strong>per</strong></span> <span class='ocrx_word' id='word_1_655' title='bbox 2451 4050 2515 4122; x_wconf 84' lang='lat' dir='ltr'><strong>id</strong></span> <span class='ocrx_word' id='word_1_656' title='bbox 2556 4050 2828 4122; x_wconf 83' lang='lat' dir='ltr'><strong>denotari,</strong></span> <span class='ocrx_word' id='word_1_657' title='bbox 2860 4048 3008 4122; x_wconf 74' lang='lat' dir='ltr'><strong>quod</strong></span> <span class='ocrx_word' id='word_1_658' title='bbox 3046 4046 3229 4122; x_wconf 78' lang='lat' dir='ltr'><strong>anima</strong></span> <span class='ocrx_word' id='word_1_659' title='bbox 3273 4047 3515 4122; x_wconf 72' lang='lat' dir='ltr'><strong>Spiritus</strong></span> <span class='ocrx_word' id='word_1_660' title='bbox 3541 4046 3613 4102; x_wconf 91' lang='lat' dir='ltr'><strong>sit</strong></span> 
     </span>
    </p>
   </div>
   <div class='ocr_carea' id='block_1_86' title="bbox 2028 4117 3609 4177">
    <p class='ocr_par' dir='ltr' id='par_1_86' title="bbox 2028 4117 3609 4177">
     <span class='ocr_line' id='line_1_86' title="bbox 2028 4117 3609 4177; baseline -0.003 -1"><span class='ocrx_word' id='word_1_661' title='bbox 2028 4117 2405 4177; x_wconf 51' lang='lat' dir='ltr'><strong>rationalis‘et</strong></span> <span class='ocrx_word' id='word_1_662' title='bbox 2447 4119 2847 4176; x_wconf 84' lang='lat' dir='ltr'><strong>intellectualis.</strong></span> <span class='ocrx_word' id='word_1_663' title='bbox 2882 4117 2916 4168; x_wconf 77' lang='grc'><strong>“»</strong></span> <span class='ocrx_word' id='word_1_664' title='bbox 2969 4117 3068 4172; x_wconf 89' lang='lat' dir='ltr'><strong>Cui</strong></span> <span class='ocrx_word' id='word_1_665' title='bbox 3123 4117 3391 4174; x_wconf 83' lang='lat' dir='ltr'><strong>consentit</strong></span> <span class='ocrx_word' id='word_1_666' title='bbox 3448 4117 3609 4174; x_wconf 90' lang='lat' dir='ltr'><strong>etiam</strong></span> 
     </span>
    </p>
   </div>
   <div class='ocr_carea' id='block_1_87' title="bbox 2023 4187 3605 4261">
    <p class='ocr_par' dir='ltr' id='par_1_87' title="bbox 2023 4187 3605 4261">
     <span class='ocr_line' id='line_1_87' title="bbox 2023 4187 3605 4261; baseline -0.004 -13"><span class='ocrx_word' id='word_1_667' title='bbox 2023 4192 2342 4249; x_wconf 89' lang='lat' dir='ltr'><strong>Prudentius</strong></span> <span class='ocrx_word' id='word_1_668' title='bbox 2386 4191 2441 4245; x_wconf 92' lang='lat' dir='ltr'><strong>in</strong></span> <span class='ocrx_word' id='word_1_669' title='bbox 2492 4192 2805 4261; x_wconf 72' lang='lat' dir='ltr'><strong>Hamartig.</strong></span> <span class='ocrx_word' id='word_1_670' title='bbox 2842 4200 2895 4244; x_wconf 90' lang='lat' dir='ltr'><strong>et</strong></span> <span class='ocrx_word' id='word_1_671' title='bbox 2943 4199 3073 4261; x_wconf 77' lang='lat' dir='ltr'><strong>ante</strong></span> <span class='ocrx_word' id='word_1_672' title='bbox 3112 4187 3499 4261; x_wconf 84' lang='lat' dir='ltr'><strong>Tertullianum</strong></span> <span class='ocrx_word' id='word_1_673' title='bbox 3542 4191 3605 4244; x_wconf 89' lang='lat' dir='ltr'><strong>B.</strong></span> 
     </span>
    </p>
   </div>
   <div class='ocr_carea' id='block_1_88' title="bbox 2020 4257 3608 4329">
    <p class='ocr_par' dir='ltr' id='par_1_88' title="bbox 2020 4257 3608 4329">
     <span class='ocr_line' id='line_1_88' title="bbox 2020 4257 3608 4329; baseline -0.004 -10"><span class='ocrx_word' id='word_1_674' title='bbox 2020 4265 2278 4329; x_wconf 87' lang='lat' dir='ltr'><strong>lrenmus,</strong></span> <span class='ocrx_word' id='word_1_675' title='bbox 2310 4264 2352 4316; x_wconf 85' lang='grc' dir='ltr'><strong>ι.</strong></span> <span class='ocrx_word' id='word_1_676' title='bbox 2381 4278 2434 4316; x_wconf 92' lang='lat' dir='ltr'><strong>v.</strong></span> <span class='ocrx_word' id='word_1_677' title='bbox 2466 4276 2515 4316; x_wconf 92' lang='lat' dir='ltr'><strong>c.</strong></span> <span class='ocrx_word' id='word_1_678' title='bbox 2557 4264 2613 4316; x_wconf 91' lang='lat'><strong>7.</strong></span> <span class='ocrx_word' id='word_1_679' title='bbox 2658 4257 2840 4327; x_wconf 79' lang='lat' dir='ltr'><strong>Quare</strong></span> <span class='ocrx_word' id='word_1_680' title='bbox 2875 4259 3023 4329; x_wconf 80' lang='lat' dir='ltr'><strong>male</strong></span> <span class='ocrx_word' id='word_1_681' title='bbox 3059 4257 3199 4312; x_wconf 87' lang='lat' dir='ltr'><strong>inter</strong></span> <span class='ocrx_word' id='word_1_682' title='bbox 3233 4259 3479 4329; x_wconf 8' lang='lat' dir='ltr'><strong>haereses,</strong></span> <span class='ocrx_word' id='word_1_683' title='bbox 3513 4273 3608 4313; x_wconf 91' lang='lat' dir='ltr'><strong>re-</strong></span> 
     </span>
    </p>
   </div>
   <div class='ocr_carea' id='block_1_89' title="bbox 2021 4327 3605 4397">
    <p class='ocr_par' dir='ltr' id='par_1_89' title="bbox 2021 4327 3605 4397">
     <span class='ocr_line' id='line_1_89' title="bbox 2021 4327 3605 4397; baseline -0.006 -6"><span class='ocrx_word' id='word_1_684' title='bbox 2021 4339 2204 4391; x_wconf 86' lang='lat' dir='ltr'><strong>censet</strong></span> <span class='ocrx_word' id='word_1_685' title='bbox 2233 4327 2570 4397; x_wconf 83' lang='lat' dir='ltr'><strong>Philastrius,</strong></span> <span class='ocrx_word' id='word_1_686' title='bbox 2603 4329 2836 4385; x_wconf 88' lang='lat' dir='ltr'><strong>animam</strong></span> <span class='ocrx_word' id='word_1_687' title='bbox 2872 4328 2973 4382; x_wconf 86' lang='lat' dir='ltr'><strong>Dei</strong></span> <span class='ocrx_word' id='word_1_688' title='bbox 2999 4327 3182 4382; x_wconf 88' lang='lat' dir='ltr'><strong>ﬂatum</strong></span> <span class='ocrx_word' id='word_1_689' title='bbox 3227 4328 3430 4383; x_wconf 90' lang='lat' dir='ltr'><strong>dicere.</strong></span> <span class='ocrx_word' id='word_1_690' title='bbox 3466 4328 3605 4384; x_wconf 73' lang='lat' dir='ltr'><strong>Plut.</strong></span> 
     </span>
    </p>
   </div>
   <div class='ocr_carea' id='block_1_90' title="bbox 313 4398 3606 4484">
    <p class='ocr_par' dir='ltr' id='par_1_90' title="bbox 313 4398 3606 4484">
     <span class='ocr_line' id='line_1_90' title="bbox 313 4398 3606 4484; baseline -0.002 -23"><span class='ocrx_word' id='word_1_691' title='bbox 313 4407 443 4484; x_wconf 32' lang='lat' dir='ltr'><strong>illos.</strong></span> <span class='ocrx_word' id='word_1_692' title='bbox 464 4417 518 4463; x_wconf 89' lang='lat' dir='ltr'><strong>et</strong></span> <span class='ocrx_word' id='word_1_693' title='bbox 548 4398 961 4484; x_wconf 76' lang='lat' dir='ltr'><strong>Hermogenem,</strong></span> <span class='ocrx_word' id='word_1_694' title='bbox 993 4398 1101 4465; x_wconf 70' lang='lat' dir='ltr'><strong>non</strong></span> <span class='ocrx_word' id='word_1_695' title='bbox 1119 4398 1238 4484; x_wconf 78' lang='lat' dir='ltr'><strong>esse</strong></span> <span class='ocrx_word' id='word_1_696' title='bbox 1265 4409 1521 4484; x_wconf 87' lang='lat' dir='ltr'><strong>scriptum</strong></span> <span class='ocrx_word' id='word_1_697' title='bbox 1574 4415 1784 4484; x_wconf 61' lang='grc' dir='ltr'><strong>’τι-γεῦμα,</strong></span> <span class='ocrx_word' id='word_1_698' title='bbox 1817 4407 1911 4484; x_wconf 80' lang='lat' dir='ltr'><strong>sed</strong></span> <span class='ocrx_word' id='word_1_699' title='bbox 1945 4407 1991 4484; x_wconf 77' lang='grc' dir='ltr'><strong>υ</strong></span> <span class='ocrx_word' id='word_1_700' title='bbox 2036 4403 2199 4484; x_wconf 40' lang='grc'>--(71)</span> <span class='ocrx_word' id='word_1_701' title='bbox 2247 4403 2495 4474; x_wconf 85' lang='lat' dir='ltr'><strong>Spiritus</strong></span> <span class='ocrx_word' id='word_1_702' title='bbox 2540 4418 2614 4457; x_wconf 79' lang='lat' dir='ltr'><strong>ea:</strong></span> <span class='ocrx_word' id='word_1_703' title='bbox 2658 4416 2748 4484; x_wconf 54' lang='lat' dir='ltr'><strong>me</strong></span> <span class='ocrx_word' id='word_1_704' title='bbox 2798 4398 3426 4484; x_wconf 30' lang='lat' dir='ltr'><strong>prodicit;_S_upra.‘lib.</strong></span> <span class='ocrx_word' id='word_1_705' title='bbox 3471 4400 3606 4484; x_wconf 47' lang='lat' dir='ltr'><strong>‘adv.</strong></span> 
     </span>
    </p>
   </div>
   <div class='ocr_carea' id='block_1_91' title="bbox 313 4478 1911 4552">
    <p class='ocr_par' dir='ltr' id='par_1_91' title="bbox 313 4478 1911 4552">
     <span class='ocr_line' id='line_1_91' title="bbox 313 4478 1911 4552; baseline 0.001 -21"><span class='ocrx_word' id='word_1_706' title='bbox 313 4479 497 4552; x_wconf 57' lang='lat' dir='ltr'><strong>mpm,</strong></span> <span class='ocrx_word' id='word_1_707' title='bbox 525 4487 587 4536; x_wconf 85' lang='lat' dir='ltr'><strong>ut</strong></span> <span class='ocrx_word' id='word_1_708' title='bbox 626 4478 875 4536; x_wconf 81' lang='lat' dir='ltr'><strong>excludat</strong></span> <span class='ocrx_word' id='word_1_709' title='bbox 927 4481 1241 4537; x_wconf 89' lang='lat' dir='ltr'><strong>eorumdem</strong></span> <span class='ocrx_word' id='word_1_710' title='bbox 1288 4478 1784 4552; x_wconf 79' lang='lat' dir='ltr'><strong>interpretationem</strong></span> <span class='ocrx_word' id='word_1_711' title='bbox 1842 4478 1911 4533; x_wconf 89' lang='lat' dir='ltr'><strong>de</strong></span> 
     </span>
    </p>
   </div>
   <div class='ocr_carea' id='block_1_92' title="bbox 316 4550 1449 4620">
    <p class='ocr_par' dir='ltr' id='par_1_92' title="bbox 316 4550 1449 4620">
     <span class='ocr_line' id='line_1_92' title="bbox 316 4550 1449 4620; baseline 0.004 -16"><span class='ocrx_word' id='word_1_712' title='bbox 316 4550 512 4620; x_wconf 89' lang='lat' dir='ltr'><strong>spiritu</strong></span> <span class='ocrx_word' id='word_1_713' title='bbox 541 4561 748 4618; x_wconf 90' lang='lat' dir='ltr'><strong>sancto,</strong></span> <span class='ocrx_word' id='word_1_714' title='bbox 789 4559 843 4607; x_wconf 90' lang='lat' dir='ltr'><strong>et</strong></span> <span class='ocrx_word' id='word_1_715' title='bbox 862 4566 972 4607; x_wconf 90' lang='lat' dir='ltr'><strong>non</strong></span> <span class='ocrx_word' id='word_1_716' title='bbox 997 4553 1066 4607; x_wconf 90' lang='lat' dir='ltr'><strong>de</strong></span> <span class='ocrx_word' id='word_1_717' title='bbox 1094 4552 1296 4607; x_wconf 80' lang='lat' dir='ltr'><strong>anima.</strong></span> <span class='ocrx_word' id='word_1_718' title='bbox 1315 4550 1449 4609; x_wconf 60' lang='lat' dir='ltr'><strong>Lac;</strong></span> 
     </span>
    </p>
   </div>
   <div class='ocr_carea' id='block_1_93' title="bbox 386 4621 1914 4692">
    <p class='ocr_par' dir='ltr' id='par_1_93' title="bbox 386 4621 1914 4692">
     <span class='ocr_line' id='line_1_93' title="bbox 386 4621 1914 4692; baseline 0.001 -17"><span class='ocrx_word' id='word_1_719' title='bbox 386 4625 500 4692; x_wconf 85' lang='lat'><strong>(68)</strong></span> <span class='ocrx_word' id='word_1_720' title='bbox 542 4624 608 4679; x_wconf 89' lang='lat' dir='ltr'><strong>Ut</strong></span> <span class='ocrx_word' id='word_1_721' title='bbox 637 4624 770 4679; x_wconf 90' lang='lat' dir='ltr'><strong>dum</strong></span> <span class='ocrx_word' id='word_1_722' title='bbox 798 4623 1122 4680; x_wconf 84' lang='lat' dir='ltr'><strong>iucredibile</strong></span> <span class='ocrx_word' id='word_1_723' title='bbox 1152 4627 1255 4680; x_wconf 87' lang='lat' dir='ltr'><strong>est.</strong></span> <span class='ocrx_word' id='word_1_724' title='bbox 1285 4624 1401 4678; x_wconf 91' lang='lat' dir='ltr'><strong>Non</strong></span> <span class='ocrx_word' id='word_1_725' title='bbox 1432 4622 1561 4679; x_wconf 81' lang='lat' dir='ltr'><strong>fecit</strong></span> <span class='ocrx_word' id='word_1_726' title='bbox 1609 4621 1714 4678; x_wconf 87' lang='lat' dir='ltr'><strong>hoc</strong></span> <span class='ocrx_word' id='word_1_727' title='bbox 1773 4621 1914 4677; x_wconf 85' lang='lat' dir='ltr'><strong>Her-</strong></span> 
     </span>
    </p>
   </div>
   <div class='ocr_carea' id='block_1_94' title="bbox 309 4694 1912 4763">
    <p class='ocr_par' dir='ltr' id='par_1_94' title="bbox 309 4694 1912 4763">
     <span class='ocr_line' id='line_1_94' title="bbox 309 4694 1912 4763; baseline -0.001 -15"><span class='ocrx_word' id='word_1_728' title='bbox 309 4707 604 4763; x_wconf 83' lang='lat' dir='ltr'><strong>mogenes,</strong></span> <span class='ocrx_word' id='word_1_729' title='bbox 634 4702 695 4748; x_wconf 92' lang='lat' dir='ltr'><strong>ut</strong></span> <span class='ocrx_word' id='word_1_730' title='bbox 715 4696 1087 4750; x_wconf 87' lang='lat' dir='ltr'><strong>auctoritatem</strong></span> <span class='ocrx_word' id='word_1_731' title='bbox 1125 4695 1293 4750; x_wconf 88' lang='lat' dir='ltr'><strong>veteri</strong></span> <span class='ocrx_word' id='word_1_732' title='bbox 1323 4695 1618 4763; x_wconf 89' lang='lat' dir='ltr'><strong>Scripturm</strong></span> <span class='ocrx_word' id='word_1_733' title='bbox 1646 4694 1912 4761; x_wconf 88' lang='lat' dir='ltr'><strong>demeret,</strong></span> 
     </span>
    </p>
   </div>
   <div class='ocr_carea' id='block_1_95' title="bbox 310 4712 1917 4846">
    <p class='ocr_par' dir='ltr' id='par_1_95' title="bbox 310 4712 1917 4846">
     <span class='ocr_line' id='line_1_95' title="bbox 310 4712 1912 4763; baseline -0.001 -15"><span class='ocrx_word' id='word_1_734' title='bbox 310 4712 604 4763; x_wconf 84' lang='lat' dir='ltr'><strong>mogenes,</strong></span> <span class='ocrx_word' id='word_1_735' title='bbox 634 4712 695 4748; x_wconf 85' lang='lat' dir='ltr'><strong>ut</strong></span> <span class='ocrx_word' id='word_1_736' title='bbox 715 4712 1087 4750; x_wconf 78' lang='lat' dir='ltr'><strong>auctoritatem</strong></span> <span class='ocrx_word' id='word_1_737' title='bbox 1125 4712 1293 4750; x_wconf 81' lang='lat' dir='ltr'><strong>veteri</strong></span> <span class='ocrx_word' id='word_1_738' title='bbox 1323 4712 1438 4751; x_wconf 71' lang='lat' dir='ltr'><strong>bCl‘l</strong></span> <span class='ocrx_word' id='word_1_739' title='bbox 1487 4712 1618 4749; x_wconf 89' lang='lat' dir='ltr'><strong>turm</strong></span> <span class='ocrx_word' id='word_1_740' title='bbox 1646 4712 1912 4761; x_wconf 77' lang='lat' dir='ltr'><strong>demeret,</strong></span> 
     </span>
     <span class='ocr_line' id='line_1_96' title="bbox 310 4712 1917 4846; baseline 0.001 -29"><span class='ocrx_word' id='word_1_741' title='bbox 310 4779 481 4835; x_wconf 85' lang='lat' dir='ltr'><strong>quam</strong></span> <span class='ocrx_word' id='word_1_742' title='bbox 505 4765 605 4846; x_wconf 76' lang='lat' dir='ltr'><strong>alii</strong></span> <span class='ocrx_word' id='word_1_743' title='bbox 626 4766 867 4846; x_wconf 71' lang='lat' dir='ltr'><strong>haeretici</strong></span> <span class='ocrx_word' id='word_1_744' title='bbox 894 4768 1016 4846; x_wconf 67' lang='lat' dir='ltr'><strong>ejus</strong></span> <span class='ocrx_word' id='word_1_745' title='bbox 1044 4765 1155 4846; x_wconf 65' lang='lat' dir='ltr'><strong>mvi</strong></span> <span class='ocrx_word' id='word_1_746' title='bbox 1169 4712 1568 4846; x_wconf 58' lang='lat' dir='ltr'><strong>contendegant</strong></span> <span class='ocrx_word' id='word_1_747' title='bbox 1594 4783 1611 4846; x_wconf 56' lang='grc' dir='ltr'>δ</span> <span class='ocrx_word' id='word_1_748' title='bbox 1646 4781 1769 4846; x_wconf 85' lang='lat' dir='ltr'><strong>nam</strong></span> <span class='ocrx_word' id='word_1_749' title='bbox 1807 4780 1917 4846; x_wconf 78' lang='lat' dir='ltr'><strong>non</strong></span> 
     </span>
    </p>
   </div>
   <div class='ocr_carea' id='block_1_96' title="bbox 311 4836 1918 4908">
    <p class='ocr_par' dir='ltr' id='par_1_96' title="bbox 311 4836 1918 4908">
     <span class='ocr_line' id='line_1_97' title="bbox 311 4836 1918 4908; baseline 0.001 -19"><span class='ocrx_word' id='word_1_750' title='bbox 311 4836 544 4908; x_wconf 85' lang='lat' dir='ltr'><strong>negavit</strong></span> <span class='ocrx_word' id='word_1_751' title='bbox 591 4837 709 4908; x_wconf 89' lang='lat' dir='ltr'><strong>ipse</strong></span> <span class='ocrx_word' id='word_1_752' title='bbox 738 4836 902 4892; x_wconf 89' lang='lat' dir='ltr'><strong>ﬁdem</strong></span> <span class='ocrx_word' id='word_1_753' title='bbox 928 4836 1087 4891; x_wconf 58' lang='lat' dir='ltr'><strong>&#39;libro</strong></span> <span class='ocrx_word' id='word_1_754' title='bbox 1117 4838 1432 4904; x_wconf 87' lang='lat' dir='ltr'><strong>Geneseos;</strong></span> <span class='ocrx_word' id='word_1_755' title='bbox 1465 4838 1561 4892; x_wconf 89' lang='lat' dir='ltr'><strong>sed</strong></span> <span class='ocrx_word' id='word_1_756' title='bbox 1589 4836 1918 4907; x_wconf 86' lang='lat' dir='ltr'><strong>interpreta-</strong></span> 
     </span>
    </p>
   </div>
   <div class='ocr_carea' id='block_1_97' title="bbox 314 4906 1919 4982">
    <p class='ocr_par' dir='ltr' id='par_1_97' title="bbox 314 4906 1919 4982">
     <span class='ocr_line' id='line_1_98' title="bbox 314 4906 1919 4982; baseline 0.001 -22"><span class='ocrx_word' id='word_1_757' title='bbox 314 4906 479 4982; x_wconf 82' lang='lat' dir='ltr'><strong>batur</strong></span> <span class='ocrx_word' id='word_1_758' title='bbox 534 4906 666 4982; x_wconf 84' lang='lat' dir='ltr'><strong>illuc</strong></span> <span class='ocrx_word' id='word_1_759' title='bbox 712 4909 991 4982; x_wconf 80' lang='lat' dir='ltr'><strong>spiritum</strong></span> <span class='ocrx_word' id='word_1_760' title='bbox 1014 4908 1090 4982; x_wconf 84' lang='lat' dir='ltr'><strong>de</strong></span> <span class='ocrx_word' id='word_1_761' title='bbox 1142 4908 1345 4982; x_wconf 88' lang='lat' dir='ltr'><strong>Spiritu</strong></span> <span class='ocrx_word' id='word_1_762' title='bbox 1375 4915 1581 4982; x_wconf 86' lang='lat' dir='ltr'><strong>sancto,</strong></span> <span class='ocrx_word' id='word_1_763' title='bbox 1609 4906 1919 4982; x_wconf 87' lang='lat' dir='ltr'><strong>supponens</strong></span> 
     </span>
    </p>
   </div>
   <div class='ocr_carea' id='block_1_98' title="bbox 306 4979 1918 5053">
    <p class='ocr_par' dir='ltr' id='par_1_98' title="bbox 306 4979 1918 5053">
     <span class='ocr_line' id='line_1_99' title="bbox 306 4979 1918 5053; baseline 0.002 -22"><span class='ocrx_word' id='word_1_764' title='bbox 306 4979 427 5047; x_wconf 89' lang='lat' dir='ltr'><strong>jam</strong></span> <span class='ocrx_word' id='word_1_765' title='bbox 489 4979 831 5035; x_wconf 64' lang='lat' dir='ltr'><strong>animam&#39;in</strong></span> <span class='ocrx_word' id='word_1_766' title='bbox 878 4979 1119 5053; x_wconf 78' lang='lat' dir='ltr'><strong>homine,</strong></span> <span class='ocrx_word' id='word_1_767' title='bbox 1169 4989 1232 5053; x_wconf 81' lang='lat' dir='ltr'><strong>ut</strong></span> <span class='ocrx_word' id='word_1_768' title='bbox 1254 4981 1381 5053; x_wconf 90' lang='lat' dir='ltr'><strong>inde</strong></span> <span class='ocrx_word' id='word_1_769' title='bbox 1411 4980 1680 5053; x_wconf 86' lang='lat' dir='ltr'><strong>originem</strong></span> <span class='ocrx_word' id='word_1_770' title='bbox 1724 4979 1918 5053; x_wconf 83' lang='lat' dir='ltr'><strong>animm</strong></span> 
     </span>
    </p>
   </div>
   <div class='ocr_carea' id='block_1_99' title="bbox 310 5051 1917 5122">
    <p class='ocr_par' dir='ltr' id='par_1_99' title="bbox 310 5051 1917 5122">
     <span class='ocr_line' id='line_1_100' title="bbox 310 5051 1917 5122; baseline 0 -18"><span class='ocrx_word' id='word_1_771' title='bbox 310 5058 570 5121; x_wconf 82' lang='lat' dir='ltr'><strong>argutare</strong></span> <span class='ocrx_word' id='word_1_772' title='bbox 599 5060 799 5122; x_wconf 87' lang='lat' dir='ltr'><strong>posset,</strong></span> <span class='ocrx_word' id='word_1_773' title='bbox 827 5065 936 5106; x_wconf 91' lang='lat' dir='ltr'><strong>non</strong></span> <span class='ocrx_word' id='word_1_774' title='bbox 974 5067 1040 5106; x_wconf 87' lang='lat' dir='ltr'><strong>ex</strong></span> <span class='ocrx_word' id='word_1_775' title='bbox 1067 5051 1183 5107; x_wconf 90' lang='lat' dir='ltr'><strong>Deo</strong></span> <span class='ocrx_word' id='word_1_776' title='bbox 1210 5051 1403 5116; x_wconf 84' lang='lat' dir='ltr'><strong>fuisse,</strong></span> <span class='ocrx_word' id='word_1_777' title='bbox 1450 5051 1543 5108; x_wconf 77' lang='lat' dir='ltr'><strong>sed</strong></span> <span class='ocrx_word' id='word_1_778' title='bbox 1574 5069 1639 5108; x_wconf 81' lang='lat' dir='ltr'><strong>ex</strong></span> <span class='ocrx_word' id='word_1_779' title='bbox 1672 5051 1917 5106; x_wconf 88' lang='lat' dir='ltr'><strong>materia.</strong></span> 
     </span>
    </p>
   </div>
   <div class='ocr_carea' id='block_1_100' title="bbox 311 5121 1146 5192">
    <p class='ocr_par' dir='ltr' id='par_1_100' title="bbox 311 5121 1146 5192">
     <span class='ocr_line' id='line_1_101' title="bbox 311 5121 1146 5192; baseline 0.002 -18"><span class='ocrx_word' id='word_1_780' title='bbox 311 5121 397 5175; x_wconf 90' lang='lat' dir='ltr'><strong>Ita</strong></span> <span class='ocrx_word' id='word_1_781' title='bbox 427 5122 764 5192; x_wconf 88' lang='lat' dir='ltr'><strong>Philastrius,</strong></span> <span class='ocrx_word' id='word_1_782' title='bbox 797 5123 890 5177; x_wconf 92' lang='lat' dir='ltr'><strong>lib.</strong></span> <span class='ocrx_word' id='word_1_783' title='bbox 929 5138 982 5177; x_wconf 91' lang='lat' dir='ltr'><strong>L.</strong></span> <span class='ocrx_word' id='word_1_784' title='bbox 1013 5123 1146 5178; x_wconf 72' lang='lat' dir='ltr'><strong>Lac.</strong></span> 
     </span>
    </p>
   </div>
   <div class='ocr_carea' id='block_1_101' title="bbox 381 5193 1919 5267">
    <p class='ocr_par' dir='ltr' id='par_1_101' title="bbox 381 5193 1919 5267">
     <span class='ocr_line' id='line_1_102' title="bbox 381 5193 1919 5267; baseline 0.001 -21"><span class='ocrx_word' id='word_1_785' title='bbox 381 5195 501 5267; x_wconf 69' lang='lat'><strong>(69)</strong></span> <span class='ocrx_word' id='word_1_786' title='bbox 522 5197 594 5267; x_wconf 83' lang='lat' dir='ltr'><strong>Et</strong></span> <span class='ocrx_word' id='word_1_787' title='bbox 626 5194 714 5250; x_wconf 87' lang='lat' dir='ltr'><strong>hic</strong></span> <span class='ocrx_word' id='word_1_788' title='bbox 744 5195 1019 5267; x_wconf 73' lang='lat' dir='ltr'><strong>spiritum</strong></span> <span class='ocrx_word' id='word_1_789' title='bbox 1066 5195 1312 5267; x_wconf 82' lang='lat' dir='ltr'><strong>ingratis</strong></span> <span class='ocrx_word' id='word_1_790' title='bbox 1338 5196 1803 5267; x_wconf 81' lang='lat' dir='ltr'><strong>pronuntiamus.</strong></span> <span class='ocrx_word' id='word_1_791' title='bbox 1834 5193 1919 5247; x_wconf 88' lang='lat' dir='ltr'><strong>In-</strong></span> 
     </span>
    </p>
   </div>
   <div class='ocr_carea' id='block_1_102' title="bbox 314 5263 1921 5338">
    <p class='ocr_par' dir='ltr' id='par_1_102' title="bbox 314 5263 1921 5338">
     <span class='ocr_line' id='line_1_103' title="bbox 314 5263 1921 5338; baseline 0.004 -23"><span class='ocrx_word' id='word_1_792' title='bbox 314 5263 504 5334; x_wconf 78' lang='lat' dir='ltr'><strong>gratis,</strong></span> <span class='ocrx_word' id='word_1_793' title='bbox 554 5266 659 5320; x_wconf 91' lang='lat' dir='ltr'><strong>boc</strong></span> <span class='ocrx_word' id='word_1_794' title='bbox 686 5263 790 5330; x_wconf 73' lang='lat' dir='ltr'><strong>est,</strong></span> <span class='ocrx_word' id='word_1_795' title='bbox 820 5265 1026 5338; x_wconf 66' lang='lat' dir='ltr'><strong>Invitis.</strong></span> <span class='ocrx_word' id='word_1_796' title='bbox 1059 5263 1236 5338; x_wconf 73' lang='lat' dir='ltr'><strong>Supra</strong></span> <span class='ocrx_word' id='word_1_797' title='bbox 1261 5263 1416 5335; x_wconf 65' lang='lat' dir='ltr'><strong>diiit,</strong></span> <span class='ocrx_word' id='word_1_798' title='bbox 1447 5269 1533 5322; x_wconf 69' lang='lat' dir='ltr'><em>Ex</em></span> <span class='ocrx_word' id='word_1_799' title='bbox 1587 5267 1921 5322; x_wconf 84' lang='lat' dir='ltr'><strong>necessitate</strong></span> 
     </span>
    </p>
   </div>
   <div class='ocr_carea' id='block_1_103' title="bbox 315 5334 949 5405">
    <p class='ocr_par' dir='ltr' id='par_1_103' title="bbox 315 5334 949 5405">
     <span class='ocr_line' id='line_1_104' title="bbox 315 5334 949 5405; baseline 0.006 -18"><span class='ocrx_word' id='word_1_800' title='bbox 315 5338 789 5405; x_wconf 80' lang='lat' dir='ltr'><strong>pronuntiamus.</strong></span> <span class='ocrx_word' id='word_1_801' title='bbox 826 5334 949 5396; x_wconf 80' lang='lat' dir='ltr'><strong>Rm.</strong></span> 
     </span>
    </p>
   </div>
   <div class='ocr_carea' id='block_1_104' title="bbox 385 5406 1917 5481">
    <p class='ocr_par' dir='ltr' id='par_1_104' title="bbox 385 5406 1917 5481">
     <span class='ocr_line' id='line_1_105' title="bbox 385 5406 1917 5481; baseline 0.001 -21"><span class='ocrx_word' id='word_1_802' title='bbox 385 5406 501 5481; x_wconf 70' lang='lat'><strong>(19)</strong></span> <span class='ocrx_word' id='word_1_803' title='bbox 519 5408 700 5481; x_wconf 80' lang='lat' dir='ltr'><strong>Deum</strong></span> <span class='ocrx_word' id='word_1_804' title='bbox 713 5408 951 5481; x_wconf 76' lang='lat' dir='ltr'><strong>ﬂantem</strong></span> <span class='ocrx_word' id='word_1_805' title='bbox 966 5410 1033 5464; x_wconf 89' lang='lat' dir='ltr'><strong>in</strong></span> <span class='ocrx_word' id='word_1_806' title='bbox 1050 5411 1259 5481; x_wconf 79' lang='lat' dir='ltr'><strong>faciem</strong></span> <span class='ocrx_word' id='word_1_807' title='bbox 1277 5408 1518 5465; x_wconf 85' lang='lat' dir='ltr'><strong>hominis</strong></span> <span class='ocrx_word' id='word_1_808' title='bbox 1538 5408 1745 5476; x_wconf 83' lang='lat' dir='ltr'><strong>ﬂatum</strong></span> <span class='ocrx_word' id='word_1_809' title='bbox 1764 5409 1917 5481; x_wconf 60' lang='lat' dir='ltr'><strong>vitm.</strong></span> 
     </span>
    </p>
   </div>
   <div class='ocr_carea' id='block_1_105' title="bbox 306 5476 1916 5551">
    <p class='ocr_par' dir='ltr' id='par_1_105' title="bbox 306 5476 1916 5551">
     <span class='ocr_line' id='line_1_106' title="bbox 306 5476 1916 5551; baseline 0 -20"><span class='ocrx_word' id='word_1_810' title='bbox 306 5476 520 5551; x_wconf 75' lang='lat' dir='ltr'><strong>Alludit</strong></span> <span class='ocrx_word' id='word_1_811' title='bbox 548 5479 616 5533; x_wconf 83' lang='lat' dir='ltr'><strong>ad</strong></span> <span class='ocrx_word' id='word_1_812' title='bbox 646 5479 778 5534; x_wconf 91' lang='lat' dir='ltr'><strong>illud</strong></span> <span class='ocrx_word' id='word_1_813' title='bbox 808 5479 944 5535; x_wconf 91' lang='lat' dir='ltr'><strong>Gen.</strong></span> <span class='ocrx_word' id='word_1_814' title='bbox 978 5496 1017 5535; x_wconf 86' lang='lat' dir='ltr'><strong>tt</strong></span> <span class='ocrx_word' id='word_1_815' title='bbox 1046 5476 1207 5551; x_wconf 79' lang='lat' dir='ltr'><strong>Supra</strong></span> <span class='ocrx_word' id='word_1_816' title='bbox 1227 5481 1453 5536; x_wconf 85' lang='lat' dir='ltr'><strong>citatum</strong></span> <span class='ocrx_word' id='word_1_817' title='bbox 1477 5495 1527 5535; x_wconf 90' lang='lat' dir='ltr'><strong>c.</strong></span> <span class='ocrx_word' id='word_1_818' title='bbox 1561 5481 1615 5533; x_wconf 88' lang='lat'><strong>3.</strong></span> <span class='ocrx_word' id='word_1_819' title='bbox 1635 5487 1704 5545; x_wconf 90' lang='lat' dir='ltr'><strong>et,</strong></span> <span class='ocrx_word' id='word_1_820' title='bbox 1736 5489 1797 5551; x_wconf 87' lang='lat' dir='ltr'><strong>et</strong></span> <span class='ocrx_word' id='word_1_821' title='bbox 1823 5478 1916 5533; x_wconf 92' lang='lat' dir='ltr'><strong>lib.</strong></span> 
     </span>
    </p>
   </div>
   <div class='ocr_carea' id='block_1_106' title="bbox 304 5547 1921 5623">
    <p class='ocr_par' dir='ltr' id='par_1_106' title="bbox 304 5547 1921 5623">
     <span class='ocr_line' id='line_1_107' title="bbox 304 5547 1921 5623; baseline 0.001 -21"><span class='ocrx_word' id='word_1_822' title='bbox 304 5547 441 5623; x_wconf 66' lang='lat' dir='ltr'><strong>adv.</strong></span> <span class='ocrx_word' id='word_1_823' title='bbox 491 5551 748 5623; x_wconf 80' lang='lat' dir='ltr'><strong>Hemog.</strong></span> <span class='ocrx_word' id='word_1_824' title='bbox 772 5567 822 5608; x_wconf 88' lang='lat' dir='ltr'><strong>c.</strong></span> <span class='ocrx_word' id='word_1_825' title='bbox 854 5553 918 5605; x_wconf 87' lang='grc'><strong>31</strong></span> <span class='ocrx_word' id='word_1_826' title='bbox 955 5554 1045 5607; x_wconf 85' lang='lat' dir='ltr'><strong>:Et</strong></span> <span class='ocrx_word' id='word_1_827' title='bbox 1071 5547 1235 5623; x_wconf 77' lang='lat' dir='ltr'><strong>ﬂavit</strong></span> <span class='ocrx_word' id='word_1_828' title='bbox 1262 5552 1415 5623; x_wconf 83' lang='lat' dir='ltr'><strong>Deus</strong></span> <span class='ocrx_word' id='word_1_829' title='bbox 1451 5552 1656 5619; x_wconf 87' lang='lat' dir='ltr'><strong>ﬂatum</strong></span> <span class='ocrx_word' id='word_1_830' title='bbox 1684 5549 1820 5605; x_wconf 71' lang='lat' dir='ltr'><strong>vita:</strong></span> <span class='ocrx_word' id='word_1_831' title='bbox 1855 5550 1921 5604; x_wconf 86' lang='lat' dir='ltr'><strong>in</strong></span> 
     </span>
    </p>
   </div>
   <div class='ocr_carea' id='block_1_107' title="bbox 302 5618 1921 5694">
    <p class='ocr_par' dir='ltr' id='par_1_107' title="bbox 302 5618 1921 5694">
     <span class='ocr_line' id='line_1_108' title="bbox 302 5618 1921 5694; baseline 0.001 -18"><span class='ocrx_word' id='word_1_832' title='bbox 302 5618 524 5691; x_wconf 85' lang='lat' dir='ltr'><strong>faciem</strong></span> <span class='ocrx_word' id='word_1_833' title='bbox 543 5618 811 5694; x_wconf 69' lang='lat' dir='ltr'><strong>hominis,</strong></span> <span class='ocrx_word' id='word_1_834' title='bbox 834 5626 891 5677; x_wconf 90' lang='lat' dir='ltr'><strong>et</strong></span> <span class='ocrx_word' id='word_1_835' title='bbox 922 5618 1108 5694; x_wconf 76' lang='lat' dir='ltr'><strong>factus</strong></span> <span class='ocrx_word' id='word_1_836' title='bbox 1150 5628 1232 5680; x_wconf 87' lang='lat' dir='ltr'><strong>est</strong></span> <span class='ocrx_word' id='word_1_837' title='bbox 1251 5622 1413 5681; x_wconf 88' lang='lat' dir='ltr'><strong>homo</strong></span> <span class='ocrx_word' id='word_1_838' title='bbox 1452 5618 1515 5678; x_wconf 84' lang='lat' dir='ltr'><strong>in</strong></span> <span class='ocrx_word' id='word_1_839' title='bbox 1543 5637 1798 5678; x_wconf 78' lang='lat' dir='ltr'><strong>animam</strong></span> <span class='ocrx_word' id='word_1_840' title='bbox 1836 5623 1921 5677; x_wconf 83' lang='lat' dir='ltr'><strong>vi-</strong></span> 
     </span>
    </p>
   </div>
   <div class='ocr_carea' id='block_1_108' title="bbox 2023 4466 3610 4546">
    <p class='ocr_par' dir='ltr' id='par_1_108' title="bbox 2023 4466 3610 4546">
     <span class='ocr_line' id='line_1_109' title="bbox 2023 4466 3610 4546; baseline -0.003 -15"><span class='ocrx_word' id='word_1_841' title='bbox 2023 4466 2442 4546; x_wconf 61' lang='lat' dir='ltr'><strong>Hehriogenem,</strong></span> <span class='ocrx_word' id='word_1_842' title='bbox 2485 4488 2606 4543; x_wconf 89' lang='lat' dir='ltr'><strong>cap.</strong></span> <span class='ocrx_word' id='word_1_843' title='bbox 2657 4466 3028 4546; x_wconf 19' lang='lat' dir='ltr'><strong>32,»ii_ullam_</strong></span> <span class='ocrx_word' id='word_1_844' title='bbox 3054 4466 3449 4546; x_wconf 34' lang='lat' dir='ltr'><strong>faci_t,‘__citan_s-</strong></span> <span class='ocrx_word' id='word_1_845' title='bbox 3470 4471 3610 4527; x_wconf 89' lang='lat' dir='ltr'><strong>hanc</strong></span> 
     </span>
    </p>
   </div>
   <div class='ocr_carea' id='block_1_109' title="bbox 2024 4540 3607 4622">
    <p class='ocr_par' dir='ltr' id='par_1_109' title="bbox 2024 4540 3607 4622">
     <span class='ocr_line' id='line_1_110' title="bbox 2024 4540 3607 4622; baseline -0.004 -19"><span class='ocrx_word' id='word_1_846' title='bbox 2024 4540 2360 4622; x_wconf 76' lang='lat' dir='ltr'><strong>Scripturam</strong></span> <span class='ocrx_word' id='word_1_847' title='bbox 2390 4540 2493 4598; x_wconf 87' lang='lat' dir='ltr'><strong>ISa.</strong></span> <span class='ocrx_word' id='word_1_848' title='bbox 2527 4540 2660 4605; x_wconf 67' lang='lat' dir='ltr'><strong>tIvu,</strong></span> <span class='ocrx_word' id='word_1_849' title='bbox 2691 4541 2930 4622; x_wconf 69' lang='lat' dir='ltr'><strong>spiritus</strong></span> <span class='ocrx_word' id='word_1_850' title='bbox 2950 4543 3032 4622; x_wconf 67' lang='lat' dir='ltr'><strong>et</strong></span> <span class='ocrx_word' id='word_1_851' title='bbox 3058 4540 3325 4622; x_wconf 23' lang='lat' dir='ltr'><strong>‘spiritus‘</strong></span> <span class='ocrx_word' id='word_1_852' title='bbox 3345 4540 3607 4622; x_wconf 73' lang='lat' dir='ltr'><strong>differen-</strong></span> 
     </span>
    </p>
   </div>
   <div class='ocr_carea' id='block_1_110' title="bbox 2022 4606 3606 4687">
    <p class='ocr_par' dir='ltr' id='par_1_110' title="bbox 2022 4606 3606 4687">
     <span class='ocr_line' id='line_1_111' title="bbox 2022 4606 3606 4687; baseline -0.008 -13"><span class='ocrx_word' id='word_1_853' title='bbox 2022 4606 2197 4674; x_wconf 67' lang='lat' dir='ltr'><strong>tiam:</strong></span> <span class='ocrx_word' id='word_1_854' title='bbox 2232 4618 2342 4672; x_wconf 91' lang='lat' dir='ltr'><strong>imo</strong></span> <span class='ocrx_word' id='word_1_855' title='bbox 2372 4632 2465 4687; x_wconf 91' lang='lat' dir='ltr'><strong>per</strong></span> <span class='ocrx_word' id='word_1_856' title='bbox 2503 4629 2621 4687; x_wconf 86' lang='lat' dir='ltr'><strong>eam</strong></span> <span class='ocrx_word' id='word_1_857' title='bbox 2651 4606 2900 4687; x_wconf 85' lang='lat' dir='ltr'><strong>spiritum</strong></span> <span class='ocrx_word' id='word_1_858' title='bbox 2929 4606 3171 4687; x_wconf 73' lang='lat' dir='ltr'><strong>intelligi</strong></span> <span class='ocrx_word' id='word_1_859' title='bbox 3201 4610 3351 4687; x_wconf 75' lang='lat' dir='ltr'><strong>dicit,</strong></span> <span class='ocrx_word' id='word_1_860' title='bbox 3382 4610 3453 4666; x_wconf 90' lang='lat' dir='ltr'><strong>de</strong></span> <span class='ocrx_word' id='word_1_861' title='bbox 3497 4628 3606 4681; x_wconf 87' lang='lat' dir='ltr'><strong>quo</strong></span> 
     </span>
    </p>
   </div>
   <div class='ocr_carea' id='block_1_111' title="bbox 2023 4680 3608 4751">
    <p class='ocr_par' dir='ltr' id='par_1_111' title="bbox 2023 4680 3608 4751">
     <span class='ocr_line' id='line_1_112' title="bbox 2023 4680 3608 4751; baseline -0.006 -5"><span class='ocrx_word' id='word_1_862' title='bbox 2023 4692 2185 4746; x_wconf 89' lang='lat' dir='ltr'><strong>ctiam</strong></span> <span class='ocrx_word' id='word_1_863' title='bbox 2231 4680 2388 4743; x_wconf 69' lang='lat' dir='ltr'><strong>venti&#39;</strong></span> <span class='ocrx_word' id='word_1_864' title='bbox 2424 4680 2782 4742; x_wconf 72' lang='lat' dir='ltr'><strong>constiterunt</strong></span> <span class='ocrx_word' id='word_1_865' title='bbox 2830 4699 2844 4739; x_wconf 89' lang='lat'><strong>:</strong></span> <span class='ocrx_word' id='word_1_866' title='bbox 2888 4680 2975 4736; x_wconf 89' lang='lat' dir='ltr'><strong>hic</strong></span> <span class='ocrx_word' id='word_1_867' title='bbox 3025 4694 3154 4751; x_wconf 87' lang='lat' dir='ltr'><strong>vero</strong></span> <span class='ocrx_word' id='word_1_868' title='bbox 3211 4680 3457 4751; x_wconf 78' lang='lat' dir='ltr'><strong>spiritum</strong></span> <span class='ocrx_word' id='word_1_869' title='bbox 3510 4680 3608 4751; x_wconf 82' lang='lat' dir='ltr'><strong>pro</strong></span> 
     </span>
    </p>
   </div>
   <div class='ocr_carea' id='block_1_112' title="bbox 2023 4750 3610 4832">
    <p class='ocr_par' dir='ltr' id='par_1_112' title="bbox 2023 4750 3610 4832">
     <span class='ocr_line' id='line_1_113' title="bbox 2023 4750 3610 4832; baseline -0.008 -14"><span class='ocrx_word' id='word_1_870' title='bbox 2023 4760 2226 4832; x_wconf 87' lang='lat' dir='ltr'><strong>Spiritu</strong></span> <span class='ocrx_word' id='word_1_871' title='bbox 2253 4768 2457 4832; x_wconf 78' lang='lat' dir='ltr'><strong>sancto,</strong></span> <span class='ocrx_word' id='word_1_872' title='bbox 2489 4756 2677 4832; x_wconf 75' lang='lat' dir='ltr'><strong>ﬂatum</strong></span> <span class='ocrx_word' id='word_1_873' title='bbox 2705 4769 2805 4827; x_wconf 89' lang='lat' dir='ltr'><strong>pro</strong></span> <span class='ocrx_word' id='word_1_874' title='bbox 2843 4752 3040 4832; x_wconf 68' lang='lat' dir='ltr'><strong>anima,</strong></span> <span class='ocrx_word' id='word_1_875' title='bbox 3070 4750 3312 4832; x_wconf 68' lang='lat' dir='ltr'><strong>imitatus</strong></span> <span class='ocrx_word' id='word_1_876' title='bbox 3348 4750 3610 4832; x_wconf 70' lang='lat' dir='ltr'><strong>Irenaeum</strong></span> 
     </span>
    </p>
   </div>
   <div class='ocr_carea' id='block_1_113' title="bbox 2027 4820 3614 4895">
    <p class='ocr_par' dir='ltr' id='par_1_113' title="bbox 2027 4820 3614 4895">
     <span class='ocr_line' id='line_1_114' title="bbox 2027 4820 3614 4895; baseline -0.007 -8"><span class='ocrx_word' id='word_1_877' title='bbox 2027 4820 2117 4887; x_wconf 71' lang='lat' dir='ltr'><strong>lib.</strong></span> <span class='ocrx_word' id='word_1_878' title='bbox 2151 4847 2190 4887; x_wconf 90' lang='lat' dir='ltr'><strong>v</strong></span> <span class='ocrx_word' id='word_1_879' title='bbox 2219 4820 2481 4885; x_wconf 84' lang='lat' dir='ltr'><strong>adversus</strong></span> <span class='ocrx_word' id='word_1_880' title='bbox 2530 4820 2735 4883; x_wconf 45' lang='lat' dir='ltr'><strong>Hmres‘.</strong></span> <span class='ocrx_word' id='word_1_881' title='bbox 2778 4839 2900 4895; x_wconf 89' lang='lat' dir='ltr'><strong>cap.</strong></span> <span class='ocrx_word' id='word_1_882' title='bbox 2946 4820 3290 4895; x_wconf 19' lang='lat' dir='ltr'><strong>I2,Ai&#39;ere»de</strong></span> <span class='ocrx_word' id='word_1_883' title='bbox 3332 4820 3515 4895; x_wconf 76' lang='lat' dir='ltr'><strong>verbo</strong></span> <span class='ocrx_word' id='word_1_884' title='bbox 3547 4825 3614 4877; x_wconf 88' lang='lat' dir='ltr'><strong>ad</strong></span> 
     </span>
    </p>
   </div>
   <div class='ocr_carea' id='block_1_114' title="bbox 2027 4891 3619 4970">
    <p class='ocr_par' dir='ltr' id='par_1_114' title="bbox 2027 4891 3619 4970">
     <span class='ocr_line' id='line_1_115' title="bbox 2027 4891 3619 4970; baseline -0.006 -11"><span class='ocrx_word' id='word_1_885' title='bbox 2027 4904 2269 4966; x_wconf 86' lang='lat' dir='ltr'><strong>verbum,</strong></span> <span class='ocrx_word' id='word_1_886' title='bbox 2306 4916 2403 4970; x_wconf 91' lang='lat' dir='ltr'><strong>per</strong></span> <span class='ocrx_word' id='word_1_887' title='bbox 2433 4899 2744 4956; x_wconf 89' lang='lat' dir='ltr'><strong>citationem</strong></span> <span class='ocrx_word' id='word_1_888' title='bbox 2801 4891 2909 4970; x_wconf 66' lang='lat' dir='ltr'><strong>non</strong></span> <span class='ocrx_word' id='word_1_889' title='bbox 2975 4893 3149 4950; x_wconf 89' lang='lat' dir='ltr'><strong>solum</strong></span> <span class='ocrx_word' id='word_1_890' title='bbox 3194 4892 3375 4963; x_wconf 86' lang='lat' dir='ltr'><strong>hujus,</strong></span> <span class='ocrx_word' id='word_1_891' title='bbox 3424 4891 3519 4946; x_wconf 91' lang='lat' dir='ltr'><strong>sed</strong></span> <span class='ocrx_word' id='word_1_892' title='bbox 3565 4902 3619 4949; x_wconf 87' lang='lat' dir='ltr'><strong>et</strong></span> 
     </span>
    </p>
   </div>
   <div class='ocr_carea' id='block_1_115' title="bbox 2029 4968 2986 5047">
    <p class='ocr_par' dir='ltr' id='par_1_115' title="bbox 2029 4968 2986 5047">
     <span class='ocr_line' id='line_1_116' title="bbox 2029 4968 2986 5047; baseline -0.008 -19"><span class='ocrx_word' id='word_1_893' title='bbox 2029 4968 2369 5047; x_wconf 67' lang='lat' dir='ltr'><strong>sequentium</strong></span> <span class='ocrx_word' id='word_1_894' title='bbox 2399 4970 2806 5047; x_wconf 71' lang='lat' dir='ltr'><strong>scripturarum.</strong></span> <span class='ocrx_word' id='word_1_895' title='bbox 2846 4968 2986 5021; x_wconf 65' lang='lat' dir='ltr'><strong>Pan.</strong></span> 
     </span>
    </p>
   </div>
   <div class='ocr_carea' id='block_1_116' title="bbox 2104 5038 3622 5119">
    <p class='ocr_par' dir='ltr' id='par_1_116' title="bbox 2104 5038 3622 5119">
     <span class='ocr_line' id='line_1_117' title="bbox 2104 5038 3622 5119; baseline -0.005 -19"><span class='ocrx_word' id='word_1_896' title='bbox 2104 5038 2217 5114; x_wconf 84' lang='lat'>(’72)</span> <span class='ocrx_word' id='word_1_897' title='bbox 2253 5043 2359 5113; x_wconf 83' lang='lat' dir='ltr'><strong>Qui</strong></span> <span class='ocrx_word' id='word_1_898' title='bbox 2386 5038 2780 5119; x_wconf 61' lang='lat' dir='ltr'><strong>deditjlatum</strong></span> <span class='ocrx_word' id='word_1_899' title='bbox 2824 5038 3032 5119; x_wconf 86' lang='lat' dir='ltr'><strong>populo</strong></span> <span class='ocrx_word' id='word_1_900' title='bbox 3060 5051 3236 5119; x_wconf 56' lang='lat' dir='ltr'><strong>super</strong></span> <span class='ocrx_word' id='word_1_901' title='bbox 3264 5039 3518 5119; x_wconf 52' lang='lat' dir='ltr'><strong>terrgm,</strong></span> <span class='ocrx_word' id='word_1_902' title='bbox 3565 5042 3622 5119; x_wconf 80' lang='lat' dir='ltr'><strong>et</strong></span> 
     </span>
    </p>
   </div>
   <div class='ocr_carea' id='block_1_117' title="bbox 2027 5107 3622 5190">
    <p class='ocr_par' dir='ltr' id='par_1_117' title="bbox 2027 5107 3622 5190">
     <span class='ocr_line' id='line_1_118' title="bbox 2027 5107 3622 5190; baseline -0.008 -16"><span class='ocrx_word' id='word_1_903' title='bbox 2027 5107 2683 5190; x_wconf 58' lang='lat' dir='ltr'><strong>spiritumcalcantigus</strong></span> <span class='ocrx_word' id='word_1_904' title='bbox 2696 5107 2859 5190; x_wconf 61' lang='lat' dir='ltr'><strong>eam,</strong></span> <span class='ocrx_word' id='word_1_905' title='bbox 2894 5107 3013 5165; x_wconf 62' lang='lat' dir='ltr'><strong>&#39;etc.</strong></span> <span class='ocrx_word' id='word_1_906' title='bbox 3037 5107 3232 5190; x_wconf 54' lang='lat' dir='ltr'><strong>ditium</strong></span> <span class='ocrx_word' id='word_1_907' title='bbox 3264 5108 3352 5163; x_wconf 91' lang='lat' dir='ltr'><strong>hic</strong></span> <span class='ocrx_word' id='word_1_908' title='bbox 3396 5107 3510 5189; x_wconf 79' lang='lat' dir='ltr'><strong>fere</strong></span> <span class='ocrx_word' id='word_1_909' title='bbox 3552 5110 3622 5190; x_wconf 86' lang='lat' dir='ltr'><strong>ad</strong></span> 
     </span>
    </p>
   </div>
   <div class='ocr_carea' id='block_1_118' title="bbox 2027 5178 3622 5253">
    <p class='ocr_par' dir='ltr' id='par_1_118' title="bbox 2027 5178 3622 5253">
     <span class='ocr_line' id='line_1_119' title="bbox 2027 5178 3622 5253; baseline -0.006 -8"><span class='ocrx_word' id='word_1_910' title='bbox 2027 5178 2257 5246; x_wconf 51' lang='lat' dir='ltr'><strong>v‘erbum</strong></span> <span class='ocrx_word' id='word_1_911' title='bbox 2304 5185 2540 5240; x_wconf 88' lang='lat' dir='ltr'><strong>imitatur</strong></span> <span class='ocrx_word' id='word_1_912' title='bbox 2582 5184 2644 5238; x_wconf 87' lang='grc' dir='ltr'><strong>Β.</strong></span> <span class='ocrx_word' id='word_1_913' title='bbox 2694 5183 2957 5238; x_wconf 81' lang='lat' dir='ltr'><strong>Irenmum</strong></span> <span class='ocrx_word' id='word_1_914' title='bbox 3000 5180 3095 5253; x_wconf 87' lang='lat' dir='ltr'><strong>ubi</strong></span> <span class='ocrx_word' id='word_1_915' title='bbox 3119 5195 3327 5253; x_wconf 83' lang='lat' dir='ltr'><strong>supra,</strong></span> <span class='ocrx_word' id='word_1_916' title='bbox 3369 5178 3463 5253; x_wconf 80' lang='lat' dir='ltr'><strong>qui</strong></span> <span class='ocrx_word' id='word_1_917' title='bbox 3500 5187 3622 5251; x_wconf 91' lang='lat' dir='ltr'><strong>post</strong></span> 
     </span>
    </p>
   </div>
   <div class='ocr_carea' id='block_1_119' title="bbox 2031 5250 3619 5316">
    <p class='ocr_par' dir='ltr' id='par_1_119' title="bbox 2031 5250 3619 5316">
     <span class='ocr_line' id='line_1_120' title="bbox 2031 5250 3619 5316; baseline -0.006 -2"><span class='ocrx_word' id='word_1_918' title='bbox 2031 5259 2255 5316; x_wconf 88' lang='lat' dir='ltr'><strong>recitata</strong></span> <span class='ocrx_word' id='word_1_919' title='bbox 2284 5258 2470 5313; x_wconf 84' lang='lat' dir='ltr'><strong>eadem</strong></span> <span class='ocrx_word' id='word_1_920' title='bbox 2502 5254 2654 5310; x_wconf 88' lang='lat' dir='ltr'><strong>Isaim</strong></span> <span class='ocrx_word' id='word_1_921' title='bbox 2686 5268 2799 5310; x_wconf 81' lang='lat' dir='ltr'><strong>xm</strong></span> <span class='ocrx_word' id='word_1_922' title='bbox 2828 5255 2994 5311; x_wconf 86' lang='lat' dir='ltr'><strong>verba</strong></span> <span class='ocrx_word' id='word_1_923' title='bbox 3030 5251 3178 5308; x_wconf 91' lang='lat' dir='ltr'><strong>addit</strong></span> <span class='ocrx_word' id='word_1_924' title='bbox 3208 5250 3227 5309; x_wconf 82' lang='grc' dir='ltr'>Ξ</span> <span class='ocrx_word' id='word_1_925' title='bbox 3268 5272 3292 5303; x_wconf 76' lang='grc' dir='ltr'>ι</span> <span class='ocrx_word' id='word_1_926' title='bbox 3326 5250 3408 5307; x_wconf 83' lang='lat' dir='ltr'><strong>Ad</strong></span> <span class='ocrx_word' id='word_1_927' title='bbox 3438 5250 3619 5306; x_wconf 81' lang='lat' dir='ltr'><strong>ﬂatum</strong></span> 
     </span>
    </p>
   </div>
   <div class='ocr_carea' id='block_1_120' title="bbox 2032 5323 3621 5403">
    <p class='ocr_par' dir='ltr' id='par_1_120' title="bbox 2032 5323 3621 5403">
     <span class='ocr_line' id='line_1_121' title="bbox 2032 5323 3621 5403; baseline -0.008 -17"><span class='ocrx_word' id='word_1_928' title='bbox 2032 5331 2249 5403; x_wconf 90' lang='lat' dir='ltr'><strong>quidem</strong></span> <span class='ocrx_word' id='word_1_929' title='bbox 2306 5326 2661 5403; x_wconf 84' lang='lat' dir='ltr'><strong>communiter</strong></span> <span class='ocrx_word' id='word_1_930' title='bbox 2719 5326 2865 5382; x_wconf 93' lang='lat' dir='ltr'><strong>omni</strong></span> <span class='ocrx_word' id='word_1_931' title='bbox 2922 5323 3017 5403; x_wconf 80' lang='lat' dir='ltr'><strong>qui</strong></span> <span class='ocrx_word' id='word_1_932' title='bbox 3080 5339 3257 5403; x_wconf 7' lang='lat' dir='ltr'><strong>super,</strong></span> <span class='ocrx_word' id='word_1_933' title='bbox 3294 5334 3489 5403; x_wconf 64' lang='lat' dir='ltr'><strong>terr-um</strong></span> <span class='ocrx_word' id='word_1_934' title='bbox 3537 5334 3621 5403; x_wconf 77' lang='lat' dir='ltr'><strong>est</strong></span> 
     </span>
    </p>
   </div>
   <div class='ocr_carea' id='block_1_121' title="bbox 2034 5392 3617 5475">
    <p class='ocr_par' dir='ltr' id='par_1_121' title="bbox 2034 5392 3617 5475">
     <span class='ocr_line' id='line_1_122' title="bbox 2034 5392 3617 5475; baseline -0.01 -15"><span class='ocrx_word' id='word_1_935' title='bbox 2034 5392 2237 5475; x_wconf 78' lang='lat' dir='ltr'><strong>populo</strong></span> <span class='ocrx_word' id='word_1_936' title='bbox 2292 5400 2482 5457; x_wconf 88' lang='lat' dir='ltr'><strong>dicens</strong></span> <span class='ocrx_word' id='word_1_937' title='bbox 2544 5401 2815 5463; x_wconf 87' lang='lat' dir='ltr'><strong>daturttm,</strong></span> <span class='ocrx_word' id='word_1_938' title='bbox 2870 5392 3118 5475; x_wconf 73' lang='lat' dir='ltr'><strong>spiritum</strong></span> <span class='ocrx_word' id='word_1_939' title='bbox 3151 5392 3374 5475; x_wconf 41' lang='lat' dir='ltr'><strong>autem“</strong></span> <span class='ocrx_word' id='word_1_940' title='bbox 3398 5392 3482 5445; x_wconf 89' lang='lat' dir='ltr'><strong>his</strong></span> <span class='ocrx_word' id='word_1_941' title='bbox 3524 5396 3617 5475; x_wconf 77' lang='lat' dir='ltr'><strong>qui</strong></span> 
     </span>
    </p>
   </div>
   <div class='ocr_carea' id='block_1_122' title="bbox 2037 5462 3693 5538">
    <p class='ocr_par' dir='ltr' id='par_1_122' title="bbox 2037 5462 3693 5538">
     <span class='ocr_line' id='line_1_123' title="bbox 2037 5462 3693 5538; baseline -0.01 -7"><span class='ocrx_word' id='word_1_942' title='bbox 2037 5462 2362 5531; x_wconf 72' lang='lat' dir='ltr'><strong>conculcant</strong></span> <span class='ocrx_word' id='word_1_943' title='bbox 2416 5481 2657 5527; x_wconf 88' lang='lat' dir='ltr'><strong>terrenas</strong></span> <span class='ocrx_word' id='word_1_944' title='bbox 2714 5462 3201 5538; x_wconf 66' lang='lat' dir='ltr'><strong>concupiscentiae.</strong></span> <span class='ocrx_word' id='word_1_945' title='bbox 3251 5483 3275 5538; x_wconf 55' lang='grc' dir='ltr'><em>φ</em></span> <span class='ocrx_word' id='word_1_946' title='bbox 3326 5462 3617 5538; x_wconf 86' lang='lat' dir='ltr'><strong>_Consentit</strong></span> <span class='ocrx_word' id='word_1_947' title='bbox 3690 5512 3693 5515; x_wconf 21' lang='grc' dir='ltr'><strong>Α</strong></span> 
     </span>
    </p>
   </div>
   <div class='ocr_carea' id='block_1_123' title="bbox 2039 5533 3466 5609">
    <p class='ocr_par' dir='ltr' id='par_1_123' title="bbox 2039 5533 3466 5609">
     <span class='ocr_line' id='line_1_124' title="bbox 2039 5533 3466 5609; baseline -0.011 -6"><span class='ocrx_word' id='word_1_948' title='bbox 2039 5546 2199 5602; x_wconf 90' lang='lat' dir='ltr'><strong>etiam</strong></span> <span class='ocrx_word' id='word_1_949' title='bbox 2230 5545 2291 5599; x_wconf 90' lang='lat' dir='ltr'><strong>B.</strong></span> <span class='ocrx_word' id='word_1_950' title='bbox 2324 5543 2553 5599; x_wconf 84' lang='lat' dir='ltr'><strong>Basilius</strong></span> <span class='ocrx_word' id='word_1_951' title='bbox 2578 5542 2615 5597; x_wconf 94' lang='lat'><strong>1.</strong></span> <span class='ocrx_word' id='word_1_952' title='bbox 2656 5542 2723 5599; x_wconf 90' lang='lat' dir='ltr'><strong>de</strong></span> <span class='ocrx_word' id='word_1_953' title='bbox 2751 5541 2809 5597; x_wconf 90' lang='lat' dir='ltr'><strong>S.</strong></span> <span class='ocrx_word' id='word_1_954' title='bbox 2842 5533 3170 5609; x_wconf 77' lang='lat' dir='ltr'><strong>spiritu.,c.</strong></span> <span class='ocrx_word' id='word_1_955' title='bbox 3204 5537 3296 5589; x_wconf 76' lang='lat' dir='ltr'><strong>2t.</strong></span> <span class='ocrx_word' id='word_1_956' title='bbox 3325 5533 3466 5590; x_wconf 70' lang='lat' dir='ltr'><strong>Pw.</strong></span> 
     </span>
    </p>
   </div>
  </div>
