4016 6188
440 330 544 388 707

1037 447 1260 505 CAPUT
1295 448 1418 505 XII.

510 538 762 604 Proinde,
808 545 864 594 et
916 537 1176 608 animum,
1226 538 1337 594 sive
1383 554 1538 593 mens
1586 545 1694 605 est,
1725 544 1835 599 υοῦς
1881 538 2022 608 apud

434 631 655 685 Graecos
685 627 823 698 (73),
858 642 963 683 non
992 626 1135 681 aliud
1165 625 1291 697 quid
1324 627 1671 701 intelligimus
1701 643 1861 698 quam
1895 642 2025 696 sug-

435 726 646 791 gestum
693 716 885 771 animae
935 716 1232 789 ingenitum
1283 725 1336 771 et
1382 716 1621 783 insitum,
1673 726 1727 771 et
1772 716 2024 773 nativitus

439 808 741 878 proprium,
776 820 880 876 quo
908 805 1040 877 agit,
1070 820 1179 876 quo
1212 804 1369 876 sapit,
1414 822 1573 877 quem
1611 821 1791 860 secum
1824 807 2023 862 habens

445 914 508 953 ex
538 894 821 965 semetipsa
876 909 934 947 se
961 905 1302 949 commoveat
1330 895 1381 948 in
1412 896 1724 965 semetipsa,
1755 902 1916 965 atque
1956 894 2023 948 ita

441 984 649 1043 moveri
696 984 941 1041 videatur
990 984 1057 1039 ab
1102 983 1193 1038 illo
1252 994 1507 1056 tauquam
1556 984 1855 1039 substantia
1899 983 2020 1053 alia,

434 1088 491 1132 ut
541 1075 733 1131 volunt
782 1072 874 1144 qui
920 1072 1079 1127 etiam
1126 1072 1489 1129 universitatis
1539 1083 1859 1128 metatorem
1904 1072 2022 1127 ani-

434 1181 603 1230 mum,
645 1163 948 1218 decernunt
1002 1162 1140 1232 (74),
1192 1162 1338 1217 illum
1386 1161 1548 1216 deum
1600 1162 1839 1217 Socratis
1886 1161 2020 1230 (75),

434 1255 584 1309 illum
617 1251 882 1309 Valentini
910 1252 1269 1323 MonOgem-m
1300 1266 1365 1307 ex
1396 1260 1545 1323 patre
1572 1251 1745 1323 Bytho
1776 1258 1829 1307 et
1859 1259 2024 1307 matre

434 1343 561 1417 Sige
602 1343 671 1398 51.
726 1340 983 1412 Quamvis
1029 1340 1076 1379 ⁵2
1124 1340 1467 1411 Anaxagorae
1516 1341 1724 1395 turbata
1769 1340 2025 1395 sententia

435 1439 517 1487 est
546 1432 659 1503 (76)
692 1447 704 1486 :
740 1430 951 1485 initium
992 1428 1136 1484 enim
1182 1428 1423 1487 omnium
1471 1436 1867 1486 commentatus
1912 1428 2026 1483 ani-

437 1537 601 1590 mum,
653 1528 708 1576 et
750 1518 1109 1575 universitatis
1157 1518 1404 1573 oscillum
1452 1517 1591 1572 illius
1643 1532 1743 1573 axe
1788 1532 2022 1587 suspen-

432 1609 566 1666 dens
596 1610 743 1681 (77),
775 1624 1076 1680 purumque
1104 1622 1229 1663 eum
1266 1605 1576 1672 adfirmans,
1624 1614 1676 1661 et
1719 1603 2023 1677 simplicem

438 1709 489 1756 et
520 1695 1047 1761 incommiscibilem,
1081 1697 1183 1751 hoc
1207 1695 1292 1752 vel
1322 1694 1549 1750 maxime
1596 1692 1745 1749 titulo
1776 1704 2025 1766 segregat

1140 320 1579 383 TERTULLIANI
1617 319 1883 380 OPERUM
1922 319 2082 380 PARS
2121 322 2184 380 ll.
2251 353 2323 364 —-
2378 322 2601 383 SBRIES
2631 324 2673 394 Ι,
2712 323 3054 383 POLEMICA.

3622 324 3728 384 708

2054 468 2099 546 Α
2136 450 2341 546 volunt.
2741 458 2829 546 get
2883 466 3076 546 sensus
3116 449 3542 546 passiones.(79)
3601 450 3726 546 facit

2131 538 2469 596 Aristoteles.
2510 539 2706 609 Quidni
2736 540 2764 593 ‘2
2793 547 2848 594 et
2884 539 3082 596 sentire
3132 540 3275 595 enim
3312 539 3419 611 pati
3462 548 3569 607 est,
3601 541 3722 611 quia

2132 629 2243 699 pati
2276 628 2477 684 sentire
2521 634 2619 683 est.
2672 628 2904 683 Proinde
2947 636 3000 682 et
3039 644 3227 698 sapere
3258 628 3461 685 sentire
3510 638 3615 697 est,
3672 637 3723 684 et

2129 717 2333 773 moveri
2394 718 2589 772 sentire
2620 725 2700 772 est
2748 735 2759 770 :
2815 718 2888 771 ita
2932 725 3101 771 totum
3140 717 3249 786 pati
3297 724 3398 773 est.
3465 717 3723 774 Videmus

2130 814 2307 859 autem
2369 805 2500 859 nihil
2561 804 2786 860 istorum
2841 803 3076 859 animam
3133 804 3387 874 eXperiri,
3441 814 3501 859 ut
3539 820 3648 860 non
3674 815 3725 861 et

2130 896 2310 951 animo
2348 896 2650 967 deputetur,
2707 893 2832 965 quia
2880 910 2977 965 per
3007 893 3155 948 illum
3187 901 3238 947 et
3266 909 3389 949 cum
3420 893 3510 949 illo
3542 901 3725 950 trans-

2134 984 2346 1055 ﬁgatur.
2378 985 2495 1038 Jam
2544 997 2675 1054 ergo
2707 990 2759 1037 et
2799 982 3200 1039 commiscibilis
3229 991 3310 1038 est
3339 983 3573 1047 animus,
3626 985 3725 1039 ad-

2131 1090 2323 1129 versus
2356 1074 2767 1142 Anaxagoram;
2816 1080 2870 1127 et
2898 1070 3191 1142 passibilis,
3224 1072 3487 1127 adversus
3515 1072 3725 1129 Aristo-

2132 1164 2311 1218 telem.
2382 1163 2664 1227 Caeterum,
2716 1160 2763 1214 si
2816 1160 3070 1216 discretio
3135 1159 3432 1215 admittitur
3474 1163 3612 1231 (89),
3672 1174 3729 1219 ut

2132 1249 2433 1306 substantia
2461 1250 2580 1304 dure
2627 1265 2716 1305 res
2764 1249 2890 1314 sint,
2932 1249 3144 1304 animus
3173 1258 3333 1322 atque
3363 1249 3563 1317 anima,
3596 1252 3728 1307 alte-

2132 1336 2244 1392 rius
2277 1337 2379 1393 erit
2433 1346 2501 1411 et
2547 1338 2753 1408 passio,
2800 1344 2853 1392 et
2882 1352 3092 1402 sensus,
3126 1345 3178 1393 et
3223 1352 3384 1409 sapor
3412 1339 3609 1406 omnis,
3671 1352 3723 1396 et

2130 1436 2301 1495 actus,
2335 1433 2388 1481 et
2425 1429 2608 1481 motus
2639 1446 2651 1481 :
2694 1425 2911 1480 alterius
2962 1433 3141 1481 autem
3182 1424 3374 1496 otium,
3403 1436 3457 1483 et
3485 1428 3648 1499 quies
3677 1437 3730 1484 et

2133 1523 2339 1585 stupor,
2370 1523 2424 1569 et
2452 1515 2600 1571 nulla
2623 1514 2731 1583 jam
2765 1529 2925 1570 causa
2959 1531 2973 1579 ;
3025 1522 3077 1569 et
3108 1522 3199 1569 aut
3241 1515 3452 1570 animus
3495 1516 3725 1584 vacabit,

2131 1611 2224 1656 aut
2272 1602 2470 1658 anima.
2494 1602 2650 1671 Quod
2700 1602 2745 1656 si
2801 1609 3015 1657 constat
3063 1601 3328 1661 ambobus
3379 1604 3493 1660 haec
3546 1605 3729 1661 omnia

2134 1690 2386 1762 reputari,
2419 1704 2550 1764 ergo
2602 1706 2769 1744 unum
2810 1698 2968 1744 erunt
3021 1699 3338 1761 utrumque,
3371 1700 3425 1748 et
3450 1692 3728 1751 Democri-

436 1790 503 1844 ab
561 1788 756 1843 animae
797 1757 1214 1850 commixtione;
1256 1792 1308 1838 et
1356 1790 1531 1837 tamen
1591 1757 1868 1837 eumdem-
1897 1757 2022 1838 alibi
2058 1757 2101 1834 Β
2135 1757 2221 1835 tus
2291 1757 2578 1845 obtinebit,
2634 1777 3001 1833 differentiam
3076 1757 3291 1845 tollens,
3350 1788 3403 1835 et
3456 1790 3725 1852 quaeretur

436 1878 627 1931 animae
657 1872 876 1929 addicit.
904 1873 1018 1926 Hoc
1048 1870 1207 1926 etiam
1238 1870 1554 1927 Aristoteles
1583 1871 1855 1929 denotavit
1886 1873 2016 1945 ('78),

436 1964 621 2020 nescio
651 1977 716 2016 an
762 1976 858 2016 sua
906 1958 1143 2030 paratior
1188 1957 1435 2030 implere,
1483 1975 1643 2031 quam
1689 1958 1864 2015 aliena
1910 1959 2021 2015 ina-

436 2054 552 2108 nire
599 2052 664 2105 ⁵³.
714 2048 956 2120 Denique
1012 2054 1064 2104 et
1109 2046 1224 2119 ipse
1269 2046 1631 2103 definitionem
1678 2047 1844 2103 animi
1899 2065 2020 2105 cum

435 2140 699 2205 differret,
745 2137 959 2193 interim
1006 2137 1235 2192 alterum
1277 2135 1441 2192 animi
1477 2153 1656 2208 genus
1703 2138 2018 2208 pronuntia-

434 2232 529 2298 vit,
579 2227 729 2282 illum
784 2226 1047 2297 divinum,
1101 2242 1265 2297 quem
1311 2242 1499 2281 rursus
1559 2232 1613 2282 et
1641 2226 2020 2296 impassibilcm

434 2313 855 2383 subosteudens,
912 2313 1156 2384 abstulit,
1219 2321 1271 2367 et
1316 2313 1430 2383 ipse
1486 2329 1610 2367 eum
1666 2330 1695 2368 a
1753 2315 2021 2370 consortio

434 2407 648 2462 animae.
684 2404 816 2460 Cum
846 2403 986 2458 enim
1035 2402 1269 2457 animam
1317 2402 1626 2473 passibilem
1676 2409 1884 2459 constet
1930 2418 2024 2459 eo-

438 2513 558 2550 rum
585 2510 707 2566 quae
736 2492 922 2549 sortita
952 2502 1031 2547 est
1076 2490 1187 2559 pati
1214 2509 1228 2559 ;
1259 2498 1349 2546 aut
1391 2507 1487 2562 per
1516 2490 1755 2545 animum
1802 2501 1855 2548 et
1901 2508 2022 2548 cum

435 2583 616 2639 animo
647 2583 894 2653 patietur,
939 2580 985 2635 si
1017 2587 1268 2635 concreta
1317 2587 1398 2634 est
1443 2578 1623 2635 animo
1671 2580 1797 2650 (non
1847 2590 2025 2653 potest

435 2672 646 2728 animus
673 2668 1023 2741 impassibilis
1054 2668 1295 2739 induci);
1330 2677 1424 2725 aut
1447 2669 1492 2723 si
1521 2684 1628 2724 non
1659 2685 1756 2739 per
1784 2670 2022 2725 animum

435 2777 537 2819 nec
563 2777 684 2817 cum
724 2758 903 2814 animo
951 2757 1182 2828 patietur
1226 2758 1423 2823 anima,
1465 2773 1572 2813 non
1621 2759 1725 2813 erit
1773 2770 2025 2816 concreta

437 2851 534 2916 illi,
566 2866 689 2907 cum
717 2863 826 2919 quo
861 2847 1013 2913 nihil,
1046 2854 1101 2903 et
1127 2846 1220 2919 qui
1266 2846 1396 2901 nihil
1428 2846 1629 2918 patitur
1657 2849 1723 2904 55.
1776 2849 1939 2905 Porro
1980 2849 2023 2905 si

436 2940 564 2996 nihil
597 2956 692 3011 per
719 2938 870 2994 illum
899 2945 953 2992 et
984 2952 1112 2993 cum
1143 2936 1239 2992 illo
1269 2937 1447 2991 anima
1483 2936 1731 3007 patietur,
1781 2940 1892 3008 jam
1922 2954 2021 2995 nec

2129 1869 2398 1939 quomodo
2456 1884 2620 1923 unum
2676 1874 2980 1938 utrumque,
3024 1884 3091 1923 ex
3136 1867 3366 1924 duarum
3396 1870 3727 1925 substantia-

2131 1974 2247 2013 rum
2279 1957 2613 2025 confusione,
2649 1974 2715 2011 an
2782 1974 2847 2013 ex
2876 1957 3034 2012 unius
3072 1957 3448 2029 dispositione.
3481 1959 3592 2015 Nos
3638 1976 3732 2015 au-

2131 2056 2237 2103 tem
2268 2048 2504 2104 animum
2536 2046 2607 2102 ita
2636 2047 2865 2103 dicimus
2920 2049 3114 2103 animae
3163 2058 3494 2117 concretum,
3536 2064 3647 2106 non
3677 2060 3731 2105 ut

2130 2136 2426 2192 substantia
2454 2137 2503 2173 ⁵⁵
2532 2134 2716 2205 alium,
2747 2135 2843 2190 sed
2866 2146 2925 2190 ut
2956 2135 3269 2190 substantia:
3300 2135 3564 2193 officium.

2730 2223 2955 2279 CAPUT
2974 2225 3121 2281 XIII.

2204 2314 2285 2368 Ad
2342 2315 2446 2369 hoc
2473 2313 2737 2384 dispicere
2766 2320 3036 2383 superest,
3070 2312 3442 2385 principalitas
3490 2314 3579 2371 ubi
3636 2315 3725 2384 sit,

2133 2401 2186 2455 id
2218 2413 2322 2470 est,
2373 2404 2465 2473 qui
2521 2402 2571 2441 ⁵⁵
2605 2401 2691 2457 cui
2722 2412 2941 2473 praeest,
2969 2411 3028 2458 ut
3057 2403 3211 2471 cujus
3241 2404 3607 2474 principalitas
3633 2421 3730 2477 ap-

2132 2491 2394 2563 paruerit,
2453 2492 2541 2547 illa
2591 2492 2660 2547 sit
2716 2491 3033 2547 substantia:
3097 2507 3313 2558 massa;
3346 2493 3399 2547 id
3428 2500 3605 2551 autem
3640 2494 3729 2550 cui

2132 2596 2307 2637 massa
2354 2580 2667 2636 substantiae
2714 2582 2927 2651 praeerit
2982 2579 3217 2637 ofﬁcium
3285 2582 3525 2638 naturale
3599 2582 3729 2639 sub-

2132 2671 2340 2727 stantiae
2371 2669 2677 2740 deputetur.
2708 2668 3021 2738 Enimvero,
3055 2668 3175 2741 quis
3204 2684 3313 2726 non
3344 2671 3539 2725 anima
3576 2671 3729 2726 dabit

2132 2775 2397 2815 summam
2455 2774 2691 2824 omnem,
2748 2759 2904 2827 cujus
2986 2758 3205 2814 nomine
3280 2758 3441 2816 totius
3497 2760 3730 2816 hominis

2135 2848 2336 2904 mentio
2391 2849 2600 2903 titulata
2627 2848 2757 2902 est?
2807 2846 3043 2913 Quantas
3074 2847 3286 2902 animas
3330 2862 3518 2920 pasco,
3544 2850 3619 2903 ait
3647 2849 3730 2905 di-

2130 2955 2226 2995 ves
2255 2942 2392 3012 (81),
2443 2955 2556 2996 non
2606 2939 2852 3003 animos;
2888 2946 2941 2993 et
2969 2937 3177 2992 animas
3208 2938 3385 2994 salvas
3438 2947 3591 3011 Optat
3627 2955 3730 3011 gu-

435 3008 653 3093 sentiet,
704 3044 806 3084 nec
854 3026 1047 3097 sapiet,
1096 3040 1195 3080 nec
1242 3025 1543 3082 movebitur
1588 3042 1686 3098 per
1745 3027 1916 3093 illum,
1967 3038 2026 3082 ut
2057 3008 2098 3085 ε
2132 3008 2403 3095 immatur,
2445 3043 2553 3084 non
2599 3027 2847 3092 animos;
2881 3035 2935 3083 et
2986 3026 3218 3083 rusticus
3267 3026 3323 3083 in
3354 3008 3549 3100 Opere,
3578 3008 3728 3086 et'in

1810 3137 2003 3197 Varia:
2046 3140 2354 3199 lectiones.

504 3236 547 3272 ⁵¹
580 3234 645 3289 Et
674 3240 845 3290 matre
875 3233 1035 3304 ἐννοιᾳ
1058 3235 1226 3306 Fran.
1259 3234 1421 3288 Pam.
1451 3208 1641 3305 sippﬂvn
1675 3235 1807 3290 Par.
1834 3234 1945 3306 alii
1973 3233 2019 3305 ἣε

2139 3254 2168 3287 ι.
2204 3235 2252 3271 ⁵2
2283 3233 2459 3301 Quam
2504 3236 2621 3304 Rz'g.
2673 3235 2857 3291 Venet.
2892 3234 2941 3272 53
2970 3234 3235 3289 Damnare
3268 3234 3344 3289 al.
3379 3234 3426 3272 ⁵4
3458 3236 3593 3291 Cum
3623 3251 3727 3306 qua

432 3307 584 3371 nihil,
617 3306 773 3360 etcui
806 3306 936 3361 nihil
971 3304 1169 3376 patitur
1210 3308 1377 3361 Fran.
1410 3304 1537 3361 cum
1583 3320 1691 3375 quo
1732 3304 1864 3359 nihil
1896 3313 1949 3360 et
1975 3322 2066 3375 per
2097 3321 2257 3376 quem
2289 3305 2420 3362 nihil
2448 3306 2654 3377 patitur
2680 3307 2817 3362 Jun.
2848 3306 2897 3345 55
2928 3306 3257 3362 Substautiae
3296 3309 3469 3366 Fran.
3502 3306 3552 3347 ⁵⁵
3580 3304 3728 3377 Quid

436 3380 553 3450 Rig.
600 3380 781 3435 Venet.

1823 3465 2338 3530 Commentarius.

507 3566 618 3637 (73)
651 3566 774 3620 Sive
802 3579 963 3637 mens
994 3566 1095 3627 est,
1127 3567 1237 3637 v96;
1286 3561 1440 3637 apud
1475 3562 1703 3637 graecos.
1740 3560 1873 3616 Cum
1913 3564 2024 3637 ani:

434 3632 558 3715 mus
592 3636 803 3715 Graece,
852 3634 928 3687 uti
976 3640 1117 3712 recte
1164 3633 1253 3688 hic
1312 3632 1673 3715 Tertullianus
1727 3638 1833 3692 νοῦς
1881 3636 2023 3715 apud

436 3709 661 3762 Graecos
688 3707 917 3769 dicatur,
948 3704 1125 3775 anima
1151 3718 1279 3775 vero
1308 3703 1461 3775 ψυχὴ,
1512 3717 1639 3775 non
1668 3718 1891 3775 possum
1916 3703 2025 3760 illis

434 3776 720 3839 assentire,
750 3782 809 3829 ut
836 3776 941 3829 hoc
967 3774 1141 3845 obiter
1164 3773 1436 3845 adnotem,
1467 3775 1559 3845 qui
1608 3773 1761 3827 libris
1808 3775 2023 3832 Aristo-

434 3847 556 3901 telis
604 3846 716 3916 περὶ
747 3849 831 3911 τῆς
854 3849 1057 3916 γφυχῆς,
1093 3844 1308 3900 titulum
1342 3844 1499 3916 dant,
1545 3847 1621 3902 De
1667 3848 1882 3913 animo,
1914 3863 2023 3904 non

440 3921 512 3973 De
542 3914 762 3982 anima,
794 3915 868 3968 uti
899 3916 1177 3983 vulgatum
1207 3923 1305 3969 est.
1341 3914 1478 3971 Pan.

508 3988 623 4058 (74)
652 3987 756 4058 Qui
775 3988 947 4058 etiam
976 3986 1369 4058 universitatis
1402 3992 1535 4044 νηοί.
1569 3988 1830 4058 animum
1844 3988 2024 4044 decer-

433 4056 610 4114 mmt.
629 4056 937 4127 Intelligere
956 4056 1169 4112 videtur
1188 4057 1486 4122 Thaletem,
1509 4057 1619 4129 qui,
1644 4058 1863 4113 Aristot.
1888 4066 2023 4113 teste

432 4130 491 4199 (l.
523 4147 538 4183 ι
566 4130 632 4184 de
662 4130 881 4194 anima,
915 4144 963 4183 c.
1006 4128 1082 4197 ὅ),
1115 4134 1285 4184 totum
1320 4128 1626 4187 universum
1658 4129 1869 4185 dicebat
1899 4130 2021 4184 ani-

433 4198 657 4269 matum,
689 4207 740 4272 et
768 4198 997 4272 animam
1028 4200 1145 4272 ejus
1188 4201 1379 4257 Deum.
1429 4201 1559 4256 item
1608 4202 1897 4267 Zenonem,
1929 4201 2021 4272 qui

432 4273 533 4342 (uti
558 4272 673 4341 ipse
700 4270 905 4343 Auctor
934 4270 1108 4339 inquit
1144 4271 1370 4343 Apolog.
1412 4287 1461 4326 c.
1497 4274 1585 4340 2i)
1627 4270 2019 4342 factitatorem

431 4340 826 4400 universitatis
858 4340 1297 4407 determinabat,
1321 4340 1385 4400 ἐι
1414 4345 1591 4399 Deum
1612 4340 1879 4408 ὑοσανὶβί
1901 4346 2022 4401 ani-

430 4432 587 4470 mum
622 4415 794 4470 Iovis.
828 4413 1094 4483 Aquibus
1129 4415 1288 4468 etiam
1321 4430 1429 4468 non
1458 4415 2017 4484 dissentiebathtlia-

430 4501 607 4557 geras,
639 4484 1024 4557 qui,_Lactaut.
1059 4491 1195 4539 teste
1224 4485 1279 4556 (Ι.
1315 4502 1355 4553 ι,
1388 4501 1437 4550 c,
1470 4488 1542 4551 5),
1578 4487 1752 4541 Deum
1783 4487 2016 4541 animum

431 4555 671 4620 dicebat,
689 4555 783 4626 qui
815 4571 910 4626 per
938 4555 1436 4611 universas'mundi
1481 4565 1658 4626 partes
1695 4573 2018 4627 omnemque

430 4636 672 4683 naturam
711 4642 1019 4683 commeans
1066 4635 1228 4698 atque
1260 4628 1523 4697 diffusus;
1578 4643 1645 4699 ex
1682 4644 1788 4699 quo
1835 4629 2015 4683 omnia

429 4715 549 4769 quae
605 4708 900 4755 nascuntur
946 4699 1201 4753 animalia
1256 4699 1418 4755 vitam
1477 4698 1709 4769 capiant.
1768 4700 1835 4753 Et
1887 4714 2013 4756 vero

428 4770 758 4837 Aristotelis,
807 4770 1063 4842 Thaletis,
1114 4774 1470 4841 Anaxagorae,
1519 4770 1802 4842 Diogenis,
1849 4771 2014 4826 Hera-

427 4842 560 4908 cliti,
590 4840 920 4897 Alcmaeouis
952 4840 1151 4895 similes
1198 4840 1485 4911 epinioues
1531 4840 1775 4897 recenset
1809 4843 1868 4911 (l.
1903 4859 1921 4897 1
1949 4843 2014 4900 de

426 4916 615 4968 Anim.
649 4930 696 4969 c.
731 4913 806 4981 2).
841 4913 979 4967 PAM.

497 4983 612 5054 (75)
643 4985 813 5037 Itium
840 4985 1015 5037 Deum
1046 4984 1313 5039 Socratis.
1346 4982 1502 5051 Quod
1533 4983 1679 5039 Plato
1710 4985 1778 5040 de
1803 4986 1915 5041 Deo
1947 5001 2013 5040 ex

427 5054 694 5109 sententia
724 5054 960 5107 Socratis
1010 5054 1242 5123 scripsit,
1293 5069 1398 5109 non
1433 5056 1592 5111 modo
1644 5057 1860 5123 Auctor,
1920 5058 2013 5111 sed

428 5124 588 5197 etiam
621 5125 677 5177 Β.
718 5123 959 5197 Justinus
1008 5130 1093 5197 (ιιι
1149 5126 1399 5197 Apolog.)
1450 5128 1653 5182 Socrati
1701 5128 1914 5197 tribuit;
1960 5136 2015 5181 at

426 5195 532 5262 ille,
562 5194 617 5250 in
656 5197 875 5259 Timaeo,
911 5196 1058 5250 Jovis
1086 5194 1337 5250 animam'
1368 5194 1458 5265 per
1506 5198 1813 5254 universum
1850 5194 2011 5254 mun-

427 5267 559 5322 dum
588 5265 847 5341 diffusam
870 5265 1030 5341 etiam
1062 5268 1259 5341 sentit;
1301 5283 1483 5341 quem,
1508 5268 1683 5341 ipsum
1735 5278 2011 5341 parentem

427 5350 478 5412 et
510 5337 761 5412 opiﬁcem
792 5337 1167 5412 universorum
1199 5337 2011 5412 inventudiftieilem'pronun-

426 5410 573 5466 tiavit
606 5426 618 5463 :
652 5410 1107 5481 quemadmodum
1132 5412 1189 5464 Β.
1219 5410 1554 5481 Augustinus
1585 5412 1745 5467 citato
1761 5410 1867 5469 lib.
1916 5428 2011 5467 xm

425 5482 491 5537 de
524 5480 685 5539 Civit.
719 5482 839 5547 Dei,
871 5498 919 5538 c.
955 5482 1044 5536 17.
1077 5480 1196 5547 Quo
1236 5480 1397 5537 etiam
1438 5484 1671 5553 pertinet
1716 5482 1844 5536 illud
1893 5483 2010 5537 Au-

424 5553 589 5607 ctoris
618 5568 780 5623 supra
807 5553 1032 5624 Apolog.
1066 5568 1117 5609 c.
1160 5555 1226 5608 47
1260 5572 1273 5608 :
1312 5576 1333 5605 α
1378 5554 1635 5610 Platonici
1672 5555 1844 5609 Deum
1875 5553 2013 5609 intra

424 5625 684 5679 mundum
716 5625 1004 5695 collocant,
1046 5624 1139 5698 qui
1169 5624 1550 5699 gubernatoris
1597 5626 1843 5696 exemplo
1873 5625 2011 5683 intra

2133 3565 2267 3619 illud
2312 3572 2523 3620 maneat
2548 3565 2718 3637 gquod
2756 3572 2928 3637 regat.
2966 3585 2988 3615 ι
3021 3564 3206 3636 Neque
3257 3572 3340 3620 est
3381 3566 3522 3636 quod
3553 3565 3730 3623 obstet

2133 3639 2343 3692 anima:
2378 3635 2905 3709 mundiappellatio
2934 3637 3081 3708 apud
3111 3635 3419 3709 Platonem;
3454 3637 3579 3709 quia
3606 3654 3727 3695 cer-

2132 3715 2246 3780 tum
2274 3715 2373 3775 est,
2423 3707 2566 3780 apud
2621 3724 2747 3762 eum
2792 3714 2902 3761 νοῦν
2960 3707 3013 3763 et
3079 3707 3233 3779 ψυχὴν
3280 3707 3587 3780 frequenter
3630 3725 3728 3780 pro

2132 3779 2325 3833 iisdem
2354 3779 2544 3849 accipi.
2568 3779 2712 3833 PAM.

2201 3851 2320 3921 (76)
2353 3851 2613 3918 Quamvis
2657 3850 3018 3921 Anaxagora:
3050 3851 3279 3907 turbata
3298 3853 3590 3910 sententia
3618 3856 3722 3908 est.

2130 3922 2478 3991 Anaxagoras
2526 3920 2892 3976 Clazomenius
2923 3922 3157 3977 Thaletis
3205 3922 3395 3978 Milesii
3431 3923 3529 3978 fuit
3558 3936 3727 3980 secta-

2131 3993 2500 4066 tor,_dixitque
2548 3994 2743 4066 Deum
2767 4008 2918 4066 essse
2973 4001 3203 4049 mentem
3231 3993 3513 4061 infinitam,
3543 4011 3668 4066 qua:
3697 4011 3728 4049 a

2128 4080 2186 4117 se
2230 4063 2351 4134 ipsa
2394 4074 2657 4129 movetur,
2694 4064 3045 4133 divinumque
3085 4066 3326 4121 animum
3381 4063 3727 4123 rerum—om-

2130 4134 2278 4189 nium
2294 4134 2607 4191 effectorem
2636 4151 2771 4192 esse.
2806 4135 2882 4190 Le
2912 4137 3009 4189 Pa.

2200 4208 2746 4283 (’77)¥Un_iversitatis
2776 4207 3037 4283 oscillum
3062 4207 3127 4283 de
3164 4208 3325 4283 tilias
3348 4224 3462 4283 axe
3487 4225 3729 4283 suspenf

2128 4278 2283 4335 dens.
2316 4280 2395 4333 De
2424 4280 2525 4334 hac
2554 4278 2738 4349 phrasi
2763 4277 2886 4333 vide
2918 4295 3082 4349 supra
3110 4278 3149 4335 l.
3172 4280 3238 4335 de
3258 4280 3457 4345 Pallio,
3480 4297 3529 4337 ο.
3566 4277 3618 4347 1’,
3661 4282 3734 4337 ad

2127 4349 2259 4403 illud
2292 4369 2309 4404 :
2333 4372 2355 4400 α
2393 4351 2448 4403 In
2481 4348 2727 4404 oscillum
2757 4348 3264 4421 penduli’impetus.
3300 4371 3322 4400 ι
3364 4352 3505 4407 ΡΑΜ.

2051 4448 2094 4524 D
2201 4420 2316 4501 (78)
2346 4424 2453 4477 Ηοσ
2485 4424 2661 4501 etiam
2679 4422 3004 4477 Aristoteles
3034 4420 3340 4504 denotavit.
3360 4423 3563 4504 Alludit
3582 4422 3734 4480 haud

2127 4490 2285 4546 dubie
2342 4492 2408 4546 ad
2450 4495 2673 4546 Anstot.
2707 4494 2743 4545 l.
2776 4509 2795 4546 1
2824 4493 2889 4546 de
2954 4496 3176 4546 Amma.
3237 4510 3285 4546 c.
3319 4498 3370 4546 2.
3411 4495 3500 4546 ubi
3530 4495 3734 4546 llSdem

2202 4491 2285 4547 bie
2342 4492 2408 4546 ad
2450 4492 2673 4546 Aristot.
2707 4494 2743 4545 l.
2776 4509 2795 4547 1
2824 4493 2889 4547 de
2954 4494 3176 4548 Anima.
3237 4510 3285 4548 c.
3319 4498 3370 4559 2,
3411 4494 3500 4548 ubi
3530 4494 3734 4551 iisdem

2126 4579 2266 4633 pene
2294 4563 2471 4635 verbis
2497 4565 2827 4635 Anaxagora)
2858 4565 3176 4619 sententiam
3202 4565 3437 4621 deducit.
3473 4567 3617 4623 Pan.

2196 4634 2311 4705 (79)
2365 4636 2505 4707 Nam
2544 4639 2597 4688 et
2629 4634 2818 4707 sensus
2853 4636 3155 4707 passiones,
3207 4644 3307 4691 etc.
3354 4636 3531 4707 Habet
3578 4638 3735 4693 istud

2122 4704 2267 4778 idem
2292 4705 2610 4761 Aristoteles
2641 4706 2731 4758 lib.
2758 4707 2824 4760 de
2853 4704 3058 4761 animo
3089 4723 3205 4777 cap.
3232 4711 3263 4761 5
3288 4725 3299 4762 :
3356 4730 3378 4758 ι(
3412 4709 3491 4762 Fit
3521 4706 3734 4778 itaque,

2126 4777 2319 4846 inquit,
2354 4792 2548 4830 sensus
2574 4792 2695 4831 cum
2742 4787 2984 4833 movetur
3022 4787 3183 4848 atque
3206 4778 3409 4849 patitur
3472 4777 3683 4849 aliquid
3716 4799 3729 4844 ;

2126 4798 2319 4846 lllquu,
2354 4798 2548 4830 sensus
2574 4798 2695 4831 cum
2743 4798 2984 4833 uiovetur
3022 4798 3183 4848 atque
3206 4798 3409 4849 patitur
3472 4798 3541 4833 au
3585 4798 3683 4834 um
3716 4799 3729 4844 ;

2126 4849 2244 4927 ipse
2275 4864 2467 4902 sensus
2498 4849 2746 4927 alteratio
2775 4849 3041 4927 quaedam
3090 4865 3209 4904 esse
3239 4849 3467 4927 videtur.
3494 4798 3733 4927 _»(buod

2125 4918 2203 4991 si,
2237 4935 2433 4991 verum
2482 4929 2583 4989 est,
2628 4918 2825 4991 inquit
2873 4922 3097 4986 Auctor,
3168 4936 3288 4975 eum
3322 4922 3453 4976 nihil
3490 4921 3733 4979 istorum

2124 4990 2300 5065 anima
2330 4989 2563 5061 patiatur
2594 4989 2730 5047 sine
2752 4991 2950 5065 animo,
3006 4992 3119 5059 jam
3167 5008 3299 5065 ergo
3337 4992 3617 5063 passibilis
3644 5002 3734 5049 est

2124 5062 2357 5129 animus,
2392 5069 2576 5117 contra
2604 5078 2761 5132 quam
2794 5064 2957 5117 sentit
2998 5062 3505 5118 Aristoteles.PAM.

2195 5134 2388 5201 (80)Si
2415 5134 2677 5189 discretio
2708 5132 3056 5189 admittitur.
3117 5134 3466 5190 Proferantur
3519 5152 3722 5192 eorum

2123 5204 2382 5273 deinceps
2430 5206 2667 5258 rationes
2722 5205 2812 5272 qui
2860 5205 3096 5258 animum
3136 5214 3190 5260 et
3243 5206 3474 5261 animam
3514 5207 3728 5262 discre-

2124 5292 2252 5351 pare
2280 5291 2340 5331 ac
2370 5274 2588 5351 differre
2621 5276 2808 5351 dicunt
2837 5293 2848 5331 :
2896 5277 2991 5351 has
3018 5276 3189 5351 habet
3223 5287 3276 5333 et
3303 5278 3731 5351 preponitLac-

2121 5349 2336 5419 tantius,
2370 5346 2463 5416 lib,
2498 5350 2584 5411 18,
2616 5346 2684 5401 de
2715 5348 2857 5419 Opif.
2894 5349 3004 5403 Dei.
3036 5348 3131 5404 La.
3164 5349 3261 5403 Pu.

2191 5417 2307 5492 (18)
2358 5420 2611 5492 Quantas
2639 5417 2864 5492 artiums
2892 5435 3077 5492 pasco,
3137 5421 3220 5475 ait
3250 5422 3416 5477 dives.
3450 5421 3603 5478 Istud
3661 5438 3726 5478 ex

2120 5489 2293 5565 Plauti
2330 5490 2519 5555 Pluto,
2545 5496 2638 5545 aut
2676 5490 2778 5545 alio
2834 5489 3084 5565 quopiam
3114 5492 3341 5565 comico,
3376 5493 3726 5565 desumptum

2119 5562 2322 5646 est._ln
2361 5570 2671 5646 edentem
2729 5565 2870 5632 quod
2948 5563 3182 5646 addit_:
3249 5563 3481 5646 animam
3532 5562 3725 5646 agere,

2119 5633 2329 5691 videtur
2356 5631 2553 5689 imitari
2584 5631 2918 5699 Cicerbnem,
2953 5631 2991 5697 Ι,
3026 5638 3081 5704 1,
3118 5635 3334 5693 Tuscul.
3368 5631 3599 5707 quaest;
3628 5631 3725 5693 ubi
