3972 6190
242 305 348 366 709

1599 305 1794 366 LIBER
1835 303 1922 364 DE
1955 298 2188 362 ANIMA.

3431 315 3538 376 710

241 429 433 504 ι)ῐωίἱο
477 429 654 496 miles,
686 429 916 484 animam
955 443 1036 494 se,
1069 443 1176 486 non
1217 429 1456 486 animum
1495 447 1700 502 ponere
1729 433 1832 488 ad-
1868 447 1914 524 Α
1947 446 2012 485 ex
2044 427 2160 481 aliis
2188 426 2400 498 εΡθοίεε
2429 426 2672 484 (“ﬁdum
2699 430 2952 486 animal”-
2987 435 3304 505 "ulusmodi
3331 447 3532 506 ’πίθων

239 520 438 577 firmat.
491 519 658 589 Cujus
701 517 1053 574 nominatoria
1101 519 1338 590 pericula
1383 528 1475 574 aut
1519 529 1642 576 vota
1687 531 1834 590 sunt,

239 606 404 662 animi
435 623 502 662 an
536 606 764 660 animm?
794 603 932 672 Quid
971 614 1146 660 autem
1184 621 1344 679 agere
1385 607 1638 662 dicuntur
1665 611 1834 666 mori-

239 695 434 764 bundi,
467 695 708 749 animum
738 710 808 748 an
839 694 1112 748 animam?
1141 693 1246 765 Ipsi
1275 703 1548 764 postremo
1579 698 1828 769 philoso-

240 785 356 858 phi,
401 785 612 856 ipsique
671 785 889 852 medici,
941 783 1188 856 quamvis
1253 785 1318 840 de
1375 785 1553 842 animo
1616 803 1836 859 quoque

239 873 584 946 disputaturi,
615 873 806 928 faciem
855 881 1032 928 tamen
1069 873 1255 945 operis
1285 873 1621 948 frontemque
1659 885 1836 932 mate-

237 963 334 1019 riae
378 959 558 1018 668
611 961 682 1016 de
737 961 918 1016 anima
971 963 1346 1034 unusquisque
1405 964 1738 1036 proscripsit.
1769 967 1835 1022 Ut

239 1059 420 1108 autem
457 1059 512 1104 et
551 1065 584 1104 a
610 1049 726 1105 Deo
762 1049 957 1120 discas,
988 1049 1218 1106 animam
1259 1053 1410 1108 Deus
1448 1067 1666 1124 semper
1693 1052 1834 1108 allo-

239 1137 428 1212 quitur
472 1137 616 1210 (82);
665 1137 902 1194 animam
949 1138 1240 1210 compellat
1285 1147 1446 1212 atque
1493 1141 1742 1210 advocat,
1776 1149 1838 1200 ut

237 1229 479 1284 animum
533 1227 637 1282 sibi
693 1228 955 1284 advertat.
997 1229 1146 1285 Illam
1204 1229 1405 1284 salvam
1460 1230 1608 1287 venit
1663 1230 1838 1288 facere

239 1317 486 1374 Christus
526 1317 664 1388 (83),
697 1315 840 1372 illam
887 1317 1116 1388 perdere
1155 1318 1208 1373 in
1256 1318 1560 1390 gehennam
1603 1319 1836 1376 commi-

237 1415 418 1476 natur,
451 1405 595 1462 illam
641 1403 814 1478 pluris
858 1403 976 1462 ﬁeri
1023 1413 1184 1474 vetat,
1219 1405 1364 1461 illam
1403 1418 1460 1464 et
1503 1407 1619 1478 ipse
1658 1408 1838 1466 bonus

239 1503 430 1568 pastor
485 1509 586 1566 pro
651 1492 946 1564 pecudibus
1011 1493 1123 1548 suis
1189 1493 1360 1566 ponit.
1403 1496 1584 1552 Habes
1649 1495 1839 1552 animae

239 1581 718 1656 principalitatem,
751 1582 917 1638 habes
955 1581 1010 1638 in
1066 1582 1158 1639 illa
1208 1591 1262 1640 et
1306 1583 1620 1640 substantiae
1677 1585 1839 1641 unio-

239 1685 386 1740 nem,
421 1671 576 1740 cujus
625 1669 898 1742 intelligas
941 1668 1361 1730 instrumentum
1408 1688 1530 1730 esse
1575 1673 1834 1740 animum,

241 1773 350 1815 non
379 1757 763 1830 patrocinium.

833 1847 1065 1904 CAPUT
1103 1849 1248 1906 XIV.

323 1935 614 2010 Singularis
641 1937 880 2010 alioquin
911 1946 964 1994 et
995 1938 1248 2010 simplex,
1269 1947 1324 1994 et
1353 1939 1420 1995 de
1449 1955 1548 1996 suo
1583 1949 1694 1996 tota
1724 1947 1836 2008 est;

211 2041 357 2094 _non
401 2025 572 2096 magis
615 2026 929 2082 instructilis
971 2027 1211 2098 aliunde,
1242 2045 1404 2100 quam
1451 2029 1732 2086 divisibilis
1773 2047 1839 2086 ex

242 2128 322 2182 se,
353 2113 484 2186 quia
525 2129 626 2170 nec
661 2113 1014 2174 dissolubilis.
1047 2115 1106 2170 Si
1148 2117 1292 2173 enim
1333 2118 1612 2182 structilis.
1645 2127 1700 2174 et
1728 2117 1839 2172 dis-

239 2201 517 2270 solubilis;
550 2202 596 2257 si
641 2202 988 2269 dissolubilis,
1026 2203 1138 2273 jam
1195 2219 1306 2262 non
1361 2205 1700 2262 immortalis.
1733 2206 1838 2262 Ita-

239 2308 369 2364 que,
399 2292 530 2364 quia
589 2307 697 2349 non
753 2293 1015 2358 mortalis,
1049 2310 1227 2364 neque
1273 2295 1628 2364 dissolubilis,
1669 2311 1842 2368 neque

239 2379 554 2438 divisibilis.
585 2381 721 2436 Nam
775 2391 828 2438 et
879 2381 1044 2436 dividi
1095 2382 1316 2440 dissolvi
1366 2392 1468 2449 est,
1511 2391 1564 2439 et
1617 2383 1840 2438 dissolvi

239 2470 378 2525 mori
422 2479 524 2528 est.
553 2471 834 2528 Dividetur
876 2471 924 2509 5'1
973 2479 1150 2527 autem
1207 2473 1262 2526 in
1293 2481 1476 2543 partes
1531 2471 1668 2545 (84),
1697 2488 1842 2528 nunc

241 2558 296 2614 in
323 2559 458 2614 duas
495 2573 530 2612 a
571 2558 810 2625 Platone,
841 2574 986 2616 nunc
1021 2560 1080 2615 in
1127 2568 1234 2616 tres
1273 2577 1304 2616 a
1343 2561 1582 2628 Zenone,
1613 2577 1756 2617 nunc
1783 2561 1842 2616 in

241 2646 478 2718 quinque
499 2655 552 2705 et
577 2647 632 2702 in
654 2664 750 2704 sex
769 2663 802 2704 a
821 2649 1078 2718 Panaetio,
1101 2649 1154 2704 in
1178 2657 1384 2722 septem
1405 2665 1440 2706 a
1467 2651 1674 2706 Sorano
1706 2649 1837 2722 (85),

241 2735 406 2792 etiam
451 2735 506 2791 in
547 2743 672 2792 octo
721 2753 890 2808 penes
927 2737 1309 2810 Chrysippum,
1341 2739 1502 2796 etiam
1545 2739 1606 2794 in
1645 2753 1842 2795 novem

243 2839 414 2894 penes
443 2823 875 2897 Apollophanem
905 2825 1043 2898 (86),
1077 2827 1173 2883 sed
1203 2827 1256 2882 in
1285 2827 1469 2884 decem
1501 2827 1644 2898 apud
1675 2841 1842 2898 quos-

241 2913 365 2967 dam
412 2913 740 2985 Stoicorum,
772 2923 824 2971 et
869 2915 925 2970 in
971 2915 1106 2972 duas
1145 2917 1378 2988 amplius
1421 2917 1566 2989 apud
1611 2917 1839 2972 Posido-

242 3001 416 3071 nium,
435 3003 562 3072 quia
587 3017 620 3058 a
645 3003 862 3060 duobus
889 3019 1116 3060 exorsus
1145 3005 1332 3076 titulis,
1357 3005 1660 3078 principali,
1691 3005 1838 3077 quod

241 3089 390 3146 aiunt
431 3090 752 3164 ἡγεμονικὸν,
787 3101 841 3148 et
899 3109 930 3148 a
984 3093 1262 3160 rationali,
1303 3095 1448 3168 quod
1505 3096 1653 3151 aiunt
1697 3095 1838 3167 λογι-

241 3179 346 3252 κὸν,
371 3179 430 3237 in
456 3180 744 3239 duodecim
773 3181 822 3218 ⁵⁸
865 3181 1058 3240 exinde
1086 3183 1358 3256 prosecuit
1389 3202 1403 3240 :
1433 3183 1511 3239 ita
1542 3181 1598 3238 in
1628 3182 1678 3222 59
1706 3182 1841 3238 alias

1945 533 2054 574 non
2096 527 2200 572 tam
2245 523 2422 587 partes
2469 516 2660 572 animae
2701 519 3060 592 habebuntur,
3089 543 3250 597 quam
3295 530 3442 588 vires
3485 543 3534 586 et

1943 604 2196 660 efficacia:
2222 613 2274 660 et
2301 620 2503 676 Operae,
2535 606 2672 663 sicut
2696 608 2764 664 de
2793 609 3118 680 quibusdam
3145 623 3200 670 et
3227 618 3538 677 Aristoteles

1937 695 2213 764 judicavit.
2248 694 2368 748 Non
2415 695 2558 750 enim
2611 697 2852 752 membra
2899 709 3022 754 sunt
3068 703 3379 763 substantia;
3415 710 3534 764 ani-

1943 783 2120 851 malis,
2153 783 2252 838 sed
2295 784 2512 854 ingenia
2555 802 2565 838 :
2613 795 2688 846 ut.
2717 789 3026 858 motorium,
3061 801 3117 846 ut
3157 783 3446 868 actorium,
3478 807 3541 854 ut

1942 871 2345 944 cogitatorium,
2369 879 2423 926 et
2449 871 2496 926 si
2523 887 2632 943 qua
2661 873 2714 928 in
2744 875 2888 930 hunc
2915 877 3140 934 modum
3165 880 3536 954 distinguunt;

1943 967 2002 1014 ut
2030 967 2084 1015 et
2113 959 2214 1032 ipsi
2243 961 2318 1016 illi
2355 961 2597 1034 quinque
2629 963 2895 1020 notissimi
2933 983 3147 1034 sensus,
3177 969 3347 1043 visus,
3376 973 3538 1028 audi-

1943 1059 2048 1118 tus,
2083 1057 2290 1122 gustus,
2325 1057 2520 1118 tactus,
2565 1051 2845 1110 odoratus.
2885 1053 3096 1122 Quibus
3138 1059 3410 1128 omnibus,
3443 1061 3542 1118 etsi

1942 1145 2088 1193 certa
2117 1135 2347 1209 singulis
2373 1137 2648 1194 domicilia
2677 1140 2734 1196 in
2761 1156 2992 1220 corpore
3020 1145 3542 1220 determinaverunt,

1945 1241 2053 1282 non
2081 1225 2284 1283 idcirco
2313 1227 2430 1284 haec
2467 1242 2680 1300 quoque
2709 1230 3020 1289 distributio
3049 1231 3227 1292 669
3251 1237 3448 1294 animai
3475 1239 3544 1296 ad

1945 1314 2136 1369 animae
2183 1315 2453 1371 sectiones
2499 1315 2790 1385 pertinebit
2819 1319 2964 1391 (87);
2997 1323 3214 1392 quando
3249 1341 3320 1382 ne
3360 1325 3542 1398 ipsum

1945 1403 2166 1474 quidem
2187 1410 2386 1474 corpus
2413 1403 2484 1460 ita
2505 1406 2779 1464 dividatur
2797 1407 2852 1462 in
2881 1410 3146 1480 membra,
3161 1419 3220 1468 ut
3237 1413 3330 1470 isti
3356 1415 3544 1472 volunt

1946 1492 2198 1548 animam.
2231 1492 2432 1564 Atquin
2475 1509 2542 1548 ex
2582 1495 2926 1554 multitudine
2965 1501 3330 1558 membrorum
3375 1520 3542 1560 unum

1948 1595 2146 1650 corpus
2173 1579 2422 1650 efﬁcitur,
2455 1591 2515 1638 ut
2550 1585 2818 1640 concretio
2853 1587 2923 1640 sit
2961 1587 3142 1656 potius
3167 1589 3288 1660 ipsa
3325 1591 3542 1650 divisio.

1948 1669 2142 1740 Specta
2213 1670 2736 1740 portentosissimam
2808 1673 3148 1732 Archimedis
3217 1680 3544 1738 muniﬁcen-

1876 1739 1920 1817 B
1951 1739 2100 1824 nam,
2123 1739 2389 1832 organum
2431 1759 2800 1830 hydraulicum
2827 1761 2942 1832 (se)
2977 1764 3120 1830 dico,
3153 1773 3232 1822 tot
3277 1771 3544 1842 membra,

1947 1854 2026 1902 tot
2069 1853 2271 1918 partes,
2321 1855 2398 1904 tot
2443 1847 2816 1920 compagines,
2859 1858 2935 1906 tot
2979 1852 3181 1910 itinera
3223 1871 3436 1925 vocum,
3466 1867 3544 1918 tot

1946 1936 2270 2008 compendia
2315 1951 2598 2008 sonorum,
2625 1943 2706 1994 tot
2747 1939 3073 1996 commercia
3123 1943 3434 2016 modorum,
3467 1957 3546 2006 tot

1946 2024 2102 2090 acies,
2139 2025 2408 2094 tibiarum,
2447 2033 2502 2082 et
2546 2041 2652 2082 una
2698 2027 2872 2084 moles
2918 2039 3076 2086 erunt
3121 2033 3322 2090 omnia.
3353 2035 3446 2092 Sic
3489 2047 3544 2096 et

1945 2113 2190 2185 spiritus,
2229 2115 2322 2185 qui
2367 2113 2486 2170 illic
2531 2113 2601 2170 de
2649 2124 2918 2176 tormento
2969 2133 3123 2191 aquae
3173 2124 3403 2192 anhelat,
3435 2141 3544 2184 non

1945 2200 2068 2256 ideo
2115 2201 2456 2274 separabitur
2491 2201 2548 2258 in
2592 2213 2792 2274 partes,
2823 2205 2950 2278 quia
2993 2223 3093 2278 per
3139 2219 3321 2280 partes
3367 2214 3544 2270 admi-

1947 2289 2223 2358 nistratur,
2255 2291 2558 2348 substantia
2595 2291 2814 2362 quidem
2857 2296 3082 2366 solidus,
3113 2313 3278 2372 Opera
3307 2319 3436 2362 vero
3461 2305 3546 2362 di-

1947 2379 2113 2435 visus.
2145 2379 2266 2434 Non
2305 2379 2474 2452 longe
2521 2381 2624 2438 hoc
2659 2383 2962 2453 exemplum
3009 2393 3094 2441 est
3137 2403 3170 2442 a
3209 2388 3460 2450 Stratone
3489 2401 3546 2450 et

1947 2467 2292 2524 JEnesidemo
2345 2475 2398 2523 et
2451 2469 2718 2524 Heraclito
2771 2490 2786 2524 :
2845 2487 2972 2526 nam
3024 2483 3076 2530 et
3129 2475 3234 2547 ipsi
3289 2480 3544 2540 unitatem

1945 2556 2140 2611 animae
2187 2563 2424 2621 tuentur,
2451 2572 2574 2628 quae
2613 2558 2669 2613 in
2709 2565 2881 2616 totum
2925 2576 3126 2633 corpus
3169 2565 3365 2624 defusa
3393 2569 3465 2642 ϐο,
3493 2577 3546 2626 et

1945 2643 2150 2715 nbique
2176 2644 2314 2716 ipsa,
2350 2645 2500 2702 velut
2525 2648 2683 2702 ﬂatus
2703 2647 2758 2704 in
2797 2650 3003 2706 calamo
3035 2667 3132 2724 per
3161 2669 3440 2726 cavernas,
3474 2659 3545 2716 ita

1949 2749 2046 2804 per
2074 2733 2346 2790 sensualia
2372 2735 2534 2790 variis
2581 2735 2756 2792 modis
2791 2737 3001 2809 emicet,
3035 2756 3144 2797 non
3184 2753 3290 2799 tam
3328 2749 3545 2805 concisa

1947 2838 2106 2893 quam
2136 2822 2470 2894 dispensata.
2501 2825 2629 2880 Haec
2666 2824 2846 2880 omnia
2888 2827 3086 2897 quibus
3135 2831 3304 2888 titulis
3331 2850 3546 2894 nuncu-

1947 2919 2162 2983 pentur,
2193 2919 2248 2966 et
2286 2913 2482 2984 quibus
2519 2930 2584 2970 ex
2613 2929 2672 2969 se
2709 2913 3066 2973 divisionibus
3101 2919 3446 2980 detineantur
3471 2925 3540 2992 δι,

1945 3009 2002 3058 et
2045 3001 2244 3072 quibus
2297 3001 2352 3055 in
2408 3017 2636 3072 corpore
2689 3005 3070 3063 metationibus
3115 3021 3544 3088 sequestrentur,

1949 3090 2148 3146 medici
2205 3089 2386 3161 potius
2440 3106 2564 3146 cum
2619 3091 2960 3164 philosophis
3005 3095 3055 3135 σ²
3101 3099 3542 3170 considerabunt,

1946 3177 2109 3234 nobis
2139 3193 2308 3250 pauca
2337 3179 2682 3234 convenient.
2909 3197 2912 3200 ·

1609 3291 1806 3354 Varia:
1865 3289 2182 3352 lectiones.

321 3401 370 3442 5'1
392 3403 662 3478 Dividitur
689 3407 850 3462 Pam.
887 3407 1056 3464 Seml.
1088 3407 1138 3444 38
1157 3407 1354 3462 Decem
1384 3415 1438 3464 et
1465 3413 1677 3478 septem
1695 3407 1837 3478 Par.
1860 3404 2071 3478 Decem
2100 3403 2234 3478 Jun.
2266 3399 2418 3478 3_9‘Ita
2447 3401 2566 3456 alia
2617 3403 2798 3462 Venet.
2840 3406 2892 3445 σο
2939 3406 3150 3466 Diffnsa
3180 3413 3339 3472 Pam.
3373 3415 3543 3474 Seml.

247 3478 472 3538 Oberth.
505 3477 550 3514 δι
583 3477 904 3534 Deriventur
927 3479 1086 3536 Pam.
1111 3479 1281 3536 Seml.
1313 3479 1486 3538 Rhea.
1516 3473 1738 3536 Oberth.
1771 3477 1821 3514 62
1857 3476 1994 3530 Tum
2025 3473 2330 3545 philosOphi
2367 3475 2526 3530 Pam.

1652 3585 2154 3648 Commentarius.

243 3686 318 3740 ait
355 3701 370 3738 :
424 3705 448 3732 α
493 3683 756 3738 Ani-mam
793 3691 990 3750 autem,
1019 3683 1179 3738 etiam
1225 3683 1463 3739 animum
1509 3683 1621 3740 fere
1679 3681 1847 3738 nostri

243 3755 520 3812 declarant
567 3753 860 3818 nominari;
889 3770 1017 3827 nam
1071 3763 1125 3810 et
1177 3772 1340 3827 agere
1395 3755 1650 3812 animam
1703 3752 1844 3809 dici-

243 3843 390 3882 mus.
421 3827 540 3898 lpse
593 3835 770 3882 autem
815 3825 1025 3882 animus
1083 3827 1148 3882 ab
1199 3825 1398 3882 (ini-ma
1438 3827 1611 3884 dictus
1665 3835 1766 3884 est.
1815 3845 1839 3876 υ

244 3900 392 3954 Pu.

318 3967 436 4040 (82)
464 3967 738 4042 Animam
768 3969 912 4023 Deus
933 3969 1507 4042 semperalloquitur.
1533 3968 1756 4042 Adiudit
1779 3967 1842 4022 ad

247 4039 340 4096 eas
369 4041 669 4108 scripturas
700 4039 1128 4109 frequentissiin
1159 4039 1311 4094 libris
1339 4043 1566 4098 Levitict'
1593 4047 1645 4096 et
1675 4041 1840 4096 Num.

247 4129 314 4182 ac
343 4111 475 4182 alibi
513 4111 578 4166 de
616 4111 813 4182 quinta
849 4127 978 4182 qua:
1004 4113 1336 4182 peccaverit,
1369 4121 1420 4166 et
1457 4111 1679 4166 similes.
1717 4111 1844 4166 Item

255 4181 326 4234 ad
355 4181 482 4234 illud
521 4181 662 4237 l’sal.
703 4181 884 4236 χχχιῆ
921 4201 932 4236 ;
965 4181 1062 4237 Dic
1091 4183 1302 4238 animae
1329 4201 1470 4240 mere
1500 4201 1516 4238 :
1551 4183 1709 4240 Salus
1743 4187 1842 4236 tua

261 4267 356 4322 ego
385 4268 526 4306 sum.
561 4251 698 4306 Plut.

327 4323 440 4392 (83)
473 4323 634 4378 Illam
663 4322 878 4395 salvam
910 4325 1062 4380 venit
1091 4327 1282 4395 facere
1305 4323 1578 4381 Christus.
1601 4323 1843 4394 Reliquae

251 4399 556 4464 scripturae,
589 4409 722 4464 quas
763 4394 850 4450 hic
889 4395 1036 4458 citat,
1069 4394 1197 4448 satis
1237 4405 1374 4451 noue
1413 4404 1534 4450 sunt
1565 4412 1579 4448 :
1613 4397 1747 4450 Luc.
1783 4409 1840 4458 ιι,

251 4465 454 4520 Matth.
489 4479 546 4528 χ,
577 4477 628 4520 et
665 4466 825 4537 Joau.
859 4481 922 4520 χ.
951 4467 1088 4520 Illud
1131 4483 1281 4532 vero,
1317 4467 1478 4522 illam
1505 4467 1690 4537 pluris
1719 4466 1846 4534 ﬁeri

249 4541 428 4606 vetat,
460 4535 862 4608 paraphrasticc
893 4537 1072 4604 vertit,
1105 4551 1204 4608 pro
1253 4553 1317 4593 eo
1349 4535 1518 4608 quod,
1560 4539 1692 4592 Luc.
1725 4551 1843 4606 xw,

243 4605 473 4680 jubetur
514 4605 855 4680 Christianus
899 4608 1076 4663 odisse
1106 4605 1568 4680 animam—suam,
1597 4609 1698 4664 hoc
1733 4615 1847 4673 est,

246 4677 358 4734 non
387 4677 558 4748 pluris
585 4677 766 4750 facere
795 4694 956 4750 quam
983 4681 1172 4735 Deum.
1207 4681 1350 4736 PAM.

323 4751 442 4824 (8t)
473 4749 772 4824 Dividetur
799 4749 992 4806 autem
1021 4752 1099 4824 in,
1107 4757 1324 4824 partes.
1359 4752 1428 4808 Se
1468 4751 1582 4824 ipse
1614 4749 1849 4820 explicat

247 4821 422 4895 paulo
467 4827 586 4889 post
631 4823 864 4895 Auctor,
887 4837 1016 4895 cum
1051 4821 1180 4895 dicit
1223 4840 1235 4878 :
1288 4821 1618 4895 Hujusﬁzodi
1656 4825 1852 4877 autem

405 4893 524 4966 tam
551 4895 746 4962 partes
765 4894 976 4966 anima:
997 4893 1376 4966 habebuntur,
1395 4913 1564 4966 quam
1599 4896 1773 4966 vires,
1797 4895 1852 4947 et

251 4963 549 5034 efﬁcaciae,
580 4967 634 5036 et
664 4979 867 5036 operte.
894 4965 1050 5036 ,Unde
1080 4973 1133 5020 et
1177 4963 1452 5036 Nyssenus
1503 4967 1537 5019 1.
1565 4981 1618 5034 tv
1645 4964 1851 5036 Philas,

249 5038 380 5108 c._8
433 5049 448 5086 :
505 5055 526 5084 α
585 5034 856 5108 Animam,
889 5035 1080 5106 inquit,
1111 5037 1168 5090 in
1213 5034 1460 5108 virtutes,
1491 5037 1570 5092 vel
1621 5035 1848 5105 Species,

251 5104 338 5162 vel
372 5113 556 5174 partes
587 5105 850 5163 dividunt.
888 5127 910 5158 ι
949 5104 1084 5162 PAM.

324 5177 448 5246 (85)
479 5175 544 5232 In
571 5181 782 5248 septem
809 5193 845 5232 a
875 5179 1108 5235 Sorano.
1145 5179 1348 5234 Desunt
1375 5177 1498 5232 libri
1525 5185 1760 5248 quatuor
1787 5177 1852 5231 de

255 5249 484 5322 Anima,
520 5263 660 5318 quos
702 5249 1004 5322 composuit
1045 5251 1304 5322 Soranus,
1332 5265 1493 5322 quos
1517 5263 1678 5320 supra
1715 5248 1850 5322 alle-

257 5317 404 5387 gavit
449 5317 678 5374 Austor.
711 5317 892 5390 Quare
919 5331 1126 5376 certum
1155 5317 1376 5390 quid'de
1405 5321 1566 5390 hujus
1587 5317 1853 5374 Sententia

257 5395 494 5462 statuere
530 5405 774 5462 nequeo,
803 5389 912 5447 imo
959 5407 1058 5448 nec
1101 5389 1208 5447 nisi
1255 5407 1396 5447 caeca
1441 5389 1685 5462 possunt,
1717 5405 1850 5446 con-

252 5459 464 5526 jectura
511 5459 657 5516 duci.
691 5459 962 5528 Fertasse,
990 5471 1048 5518 ut
1103 5463 1368 5518 Panaetius
1423 5459 1488 5516 ad
1535 5461 1854 5518 divisionem

257 5529 314 5584 in
343 5533 584 5606 quinque
623 5549 816 5588 sensus
860 5533 1058 5603 adjecit
1087 5534 1172 5606 ίτδ
1207 5533 1680 5606 ἡγεμωμὸννιαειθ
1734 5533 1849 5588 Ne-

257 5602 462 5668 mesio;
520 5603 780 5670 Soranus,
841 5613 902 5661 ut
931 5602 1216 5672 medicus,
1247 5602 1452 5664 addidit
1495 5602 1584 5672 λεὴν
1631 5623 1850 5676 σπερμα-

1955 3679 2121 3746 τικήν;
2164 3679 2258 3734 sed
2302 3677 2497 3750 adhuc
2568 3679 2744 3750 levem
2801 3681 2938 3738 hanc
3009 3687 3374 3750 suspicionem
3438 3707 3548 3750 non

1954 3751 2194 3835 allii-mo,
2215 3749 2316 3835 etsi
2353 3749 2852 3835 plauserit'Junius.
2887 3755 3065 3835 Porro_
3089 3749 3548 3835 senecauseptem

1955 3831 2408 3949 partegztalntum,
2448 3821 2726 3879 dissedens
2775 3840 2807 3879 a
2860 3827 2974 3882 suis
3031 3827 3250 3898 Stoicis,
3281 3821 3547 3904 distinxit,

1955 3909 2074 3949 can.
2185 3933 2198 3946 .
2271 3907 2357 3948 ac.

1953 3909 2074 3949 030.
2109 3907 2198 3948 92.
2227 3907 2357 3949 ως.

2019 3911 2357 4034 ῗέϐῗιρειῆἒῒ
2377 3963 2840 4036 ApOIIOphanem.
2871 3967 2954 4024 An
2981 3971 3226 4028 medicus
3255 3973 3346 4032 ille
3371 3985 3454 4034 est
3479 3979 3548 4034 de

1953 4051 2060 4120 quo
2099 4035 2240 4117 Plin.
2281 4035 2378 4118 lib.
2420 4035 2656 4120 ’xxtt,’c.
2705 4039 2792 4120 int,
2823 4054 2891 4092 an
2938 4040 3312 4120 philosOphus,
3343 4049 3432 4120 qui
3481 4049 3548 4106 de

1953 4107 2200 4182 physicis
2255 4106 2490 4177 scripsit,
2511 4115 2655 4182 teste
2699 4106 2958 4182 _D_iogené
3022 4106 3230 4182 Laer't.;
3265 4106 3334 4172 an
3361 4106 3550 4176 'etiam

1953 4178 2356 4251 QpOIIOphanes
2430 4177 2524 4251 qui
2595 4177 2672 4251 D.
2695 4177 3014 4251 Dionysium
3063 4177 3422 4244 comitabatur
3493 4192 3548 4246 in

1951 4249 2290 4320 )Egypto,et
2337 4248 2566 4320 in_urbe
2611 4248 2886 4320 Hierapoli
2927 4267 3050 4306 cum
3100 4269 3168 4310 eo
3215 4259 3552 4316 obscuratio-

1953 4317 2079 4374 nern
2092 4317 2265 4400 ;solis
2313 4317 2546 4399 patiente
2578 4317 2826 4400 _Chris_to_
2861 4323 3123 4400 Domino_
3149 4333 3450 4400 conspexit,
3481 4333 3550 4388 de

1954 4407 2063 4462 quo
2093 4391 2152 4444 B.
2175 4391 2420 4464 iDionys.
2451 4389 2612 4464 epist.
2641 4390 2708 4444 ad
2737 4391 3128 4464 Polycarpum?
3160 4399 3258 4453 LE.
3283 4389 3390 4456 'I’n.

2027 4465 2141 4532 (8'7)
2165 4463 2282 4516 Non
2301 4461 2510 4534 idcirco
2531 4462 2648 4516 hwc
2669 4461 2884 4534 quoque
2901 4461 3226 4524 distributio
3247 4475 3458 4529 animm
3477 4474 3551 4530 ad

1957 4535 2168 4617 anian
2197 4533 2470 4617 sect‘ienes
2495 4533 2828 4617 pertinebit.
2860 4535 2950 4617 Si?
2989 4541 3212 4617 omnino
3255 4543 3448 4617 legitur
3495 4547 3549 4600 in

1958 4605 2274 4685 exemplari.
2303 4603 2510 4684 Neque
2538 4612 2618 4658 est
2641 4605 3196 4685 _qu0d_0ffenda‘mur
3233 4603 3550 4685 repetitione

1958 4675 2210 4758 vocabuli
2253 4677 2513 4758 “ammte;
2560 4675 2724 4755 cujus
2765 4678 2949 4758 Avires,
2999 4677 3268 4758 efﬁcaciae,
3293 4675 3548 4758 'ingenia,

1959 4747 2086 4828 etsi“
2112 4747 2500 4828 distribuantur
2555 4745 2610 4800 in
2634 4745 2645 4746 ί
2667 4755 2868 4828 certas_
2901 4749 3143 4828 corporis
3195 4745 3399 4822 partes:
3431 4745 3551 4828 ipsa

1959 4817 2555 4896 nihilominus'totumr
2601 4833 2798 4896 corpus
2853 4817 3058 4896 implet,
3112 4817 3210 4896 nec
3267 4817 3554 4896 propterea

1961 4889 2254 4962 dissecatur
2327 4887 2380 4962 in
2445 4895 2642 4958 partes.
2701 4887 2886 4962 Itaque
2933 4887 3056 4948 haec
3126 4887 3320 4950 animae
3367 4887 3554 4954 'distri-

1959 4959 2128 5042 butio,
2177 4957 2406 5042 sivein.
2448 4957 2654 5039 certas,
2706 4957 2818 5016 sive
2873 4961 2926 5042 in
3005 4963 3249 5036 singulas
3310 4972 3556 5042 corporis

1997 5039 2160 5095 artes,
2187 5029 2256 5084 ad
2305 5029 2479 5100 ipsius
2524 5030 2718 5084 animae
2763 5032 3028 5091 sectiones
3083 5029 3190 5092 non
3235 5029 3552 5110 pertinebit.

2007 5118 2085 5158 ιθ.

2032 5173 2147 5254 (88)
2183 5171 2925 5254 organum‘hydraulicagn,
2941 5177 3118 5246 Hujus
3147 5183 3342 5254 organi
3367 5183 3558 5246 inven-

1963 5253 2048 5302 tor
2103 5245 2372 5300 Ctesibius
2425 5245 2742 5310 Alexandr.;
2799 5245 2929 5301 illud
2981 5245 3162 5306 autem
3214 5245 3556 5313 absolutissi-

1959 5333 2106 5372 mum
2135 5315 2388 5391 _red_didi_t
2427 5315 2782 5391 Archimedes
2811 5335 2874 5374 ac
2903 5321 3132 5391 perfecit
3175 5342 3188 5382 :
3223 5325 3342 5380 vide
3391 5329 3560 5382 Hero-

1962 5405 2084 5464 nem
2133 5387 2545 5464 in_Sp_iritali_b.
2595 5387 2836 5464 Fuerunt
2879 5387 2932 5447 e't
2975 5393 3098 5464 alite
3153 5397 3414 5450 machinae
3461 5413 3553 5454 ce-

1961 5460 2136 5537 lebres
2185 5458 3184 5537 Archimedistspeculu_m,_spha3ra,
3233 5467 3302 5520 de
3357 5467 3557 5537 quibus

1962 5531 2216 5590 omnibus
2245 5531 2446 5603 passim
2473 5529 2785 5602 scriptorcs.
2817 5531 2893 5588 LE
2923 5529 3020 5588 Pii.
