3972 6190
418 273 518 334 711

903 394 1019 454 67
1023 399 1089 454 0
1123 397 1350 454 CAPUT
1384 399 1509 458 XV.

487 489 545 543 In
603 486 794 558 primis
848 502 916 542 an
974 488 1044 542 sit
1090 488 1281 559 aliquis
1338 488 1388 526 63
1438 503 1681 542 summus
1734 487 1789 541 in
1831 485 2008 541 anima

422 577 619 651 gradus
704 576 899 642 vitalis,
961 585 1015 632 et
1067 576 1428 645 sapientialis,
1513 577 1657 646 quod
1719 575 2009 648 ἡγεμονικὸν

422 666 713 737 appellant,
745 664 798 720 id
838 677 916 721 est
956 665 1267 735 principale,
1311 665 1356 720 si
1403 672 1652 736 negatur,
1695 672 1836 719 totus
1882 665 2006 719 ani-

419 771 522 809 mae
575 762 743 811 status
786 753 1133 824 periclitatur.
1177 752 1445 824 Denique,
1475 753 1566 824 qui
1611 761 1810 824 negant
1855 754 2012 824 prin-

418 847 609 918 cipale,
665 845 837 915 ipsam
920 843 1070 915 prius
1151 842 1387 897 animam
1461 842 1594 896 nihil
1668 851 2011 899 censuerunt.

417 933 719 990 Messenius
767 932 960 1004 aliquis
1007 933 1054 970 54
1099 932 1441 987 Dicaearchus
1492 931 1627 1000 (89),
1661 947 1733 985 ex
1790 931 2012 988 medicis

419 1032 599 1080 autem
674 1022 918 1077 Andreas
993 1029 1045 1076 et
1129 1019 1492 1090 Asclepiades,
1542 1019 1613 1073 ita
1677 1019 2015 1075 abstulerunt

418 1111 739 1182 principale,
780 1111 908 1163 dum
940 1109 995 1162 in
1039 1106 1219 1162 animo
1258 1108 1376 1177 ipso
1413 1107 1602 1163 volunt
1645 1123 1766 1162 esse
1795 1123 2009 1179 sensus,

423 1215 651 1272 quorum
707 1196 1005 1254 vindicatur
1077 1195 1392 1267 principale.
1441 1194 1788 1265 Asclepiades
1853 1196 2011 1251 etiam

424 1289 510 1342 illa
560 1285 1019 1359 argumentatione
1087 1292 1345 1352 vectatur,
1387 1283 1531 1354 quod
1583 1284 1838 1356 pleraque
1892 1283 2012 1338 ani-

1148 269 1589 332 TERTULLIANI
1616 269 1876 332 OPERUM
1915 269 2080 331 PARS
2117 270 2182 329 ll.
2211 297 2283 313 —
2316 266 2542 328 SERIES
2577 268 2617 336 Ι,
2655 267 2994 330 POLEMICA.

3609 274 3718 334 712

2039 415 2085 492 Α
2117 405 2216 460 tes,
2283 402 2337 450 et
2416 395 2535 468 ipse
2599 395 2864 460 Soranus;
2909 397 3130 468 jamque
3205 395 3457 492 omnibus
3532 397 3720 470 plures

2119 483 2422 552 christiani,
2452 482 2545 555 qui
2582 483 2725 555 apud
2763 484 2938 539 Deum
2977 485 3045 539 de
3087 490 3316 555 utroque
3351 481 3517 541 67!
3557 487 3720 543 duci-

2121 590 2242 629 mur
2287 573 2356 639 δδ,
2389 572 2502 642 (95)
2552 581 2606 628 et
2653 589 2774 628 esse
2826 571 3122 644 principale
3166 574 3219 628 in
3265 575 3442 629 anima
3495 574 3637 646 (96),
3669 587 3721 632 et

2122 671 2266 718 certo
2297 663 2353 717 in
2381 661 2624 732 corporis
2653 677 2868 717 recessu
2898 669 3296 717 consecratum.
3319 660 3373 715 Si
3403 659 3546 714 enim
3567 677 3724 717 scru-

2123 756 2364 808 tatorem
2393 755 2447 807 et
2485 750 2850 822 dispectorem
2880 751 3060 808 cordis
3088 751 3242 821 (Sap.
3274 765 3318 820 1;
3352 751 3515 806 Prov.
3550 751 3719 820 xxiv)

2124 841 2295 894 Deum
2342 836 2605 911 legimus;
2653 839 2698 894 si
2745 840 2908 894 etiam
2970 840 3263 910 prOphetes
3332 840 3455 906 ejus
3508 838 3725 893 occulta

2121 929 2302 984 cordis
2360 927 2687 982 traducendo
2756 929 3016 998 probatur
3073 928 3246 994 (Psal.
3297 927 3613 996 cxxxvm);
3679 926 3723 980 si

2123 1018 2266 1072 Deus
2313 1017 2428 1086 ipse
2485 1015 2823 1087 rec0gitatus
2870 1016 3051 1071 cordis
3101 1015 3154 1070 in
3215 1016 3415 1087 populo
3465 1017 3722 1086 praevenit

2125 1104 2343 1173 (Matth.
2376 1106 2459 1170 Ix)
2488 1122 2502 1158 :
2543 1105 2684 1172 Quid
2715 1107 2978 1175 cogitatis
3014 1105 3075 1158 in
3104 1104 3366 1160 cordibus
3394 1107 3591 1160 vestris
3620 1120 3718 1159 ne-

2125 1193 2334 1264 quam?
2349 1192 2395 1248 si
2424 1192 2470 1230 57
2491 1201 2541 1246 et
2570 1191 2739 1246 David
2770 1193 2946 1262 (Psal.
2966 1194 3019 1261 L)
3052 1209 3064 1245 :
3105 1193 3208 1248 Cor
3237 1192 3520 1247 mundum
3544 1191 3723 1247 conde

2124 1285 2187 1338 in
2211 1297 2319 1351 me,
2357 1285 2527 1348 Deus;
2559 1289 2611 1335 et
2641 1282 2834 1335 Paulus
2871 1282 3049 1351 (Rom.
3083 1280 3147 1350 x)
3175 1281 3339 1338 corde
3368 1281 3441 1335 ait
3479 1281 3640 1336 credi
3665 1283 3724 1334 in

425 1376 604 1444 malia,
653 1373 918 1444 ademptis
967 1372 1043 1427 eis
1092 1372 1340 1443 partibus
1386 1371 1650 1442 corporis,
1701 1371 1754 1426 in
1813 1372 2015 1442 quibus
2117 1369 3111 1439 justitiam;etJoannes(IJoan.m)
3133 1369 3296 1425 corde
3315 1369 3732 1426 aitsuounum-

425 1463 719 1535 plurimum
767 1460 1062 1516 aestimatur
1128 1459 1424 1530 principale
1475 1460 1792 1525 consistere,
1825 1467 1876 1514 et
1933 1461 2015 1514 in-

424 1568 589 1622 super
633 1551 814 1607 vivant
869 1549 1226 1620 aliquatenus,
1279 1556 1331 1602 et
1378 1547 1590 1619 sapiant
1640 1546 2011 1610 nihilominus,

422 1650 478 1696 ut
517 1655 739 1707 musca,
772 1647 825 1693 et
872 1653 1071 1708 vespae,
1106 1646 1159 1692 et
1205 1639 1452 1707 locustae,
1486 1636 1530 1688 si
1580 1636 1755 1705 capita
1800 1635 2013 1691 decide-

2124 1472 2392 1530 quemque
2438 1456 2802 1528 reprehendi;
2835 1455 2880 1511 si
2932 1464 3205 1525 postremo
3249 1457 3470 1524 (Matth.
3518 1459 3579 1528 ν)
3629 1458 3730 1530 qui

2124 1546 2330 1601 viderit
2371 1547 2646 1614 feminam
2683 1545 2756 1601 ad
2793 1546 3316 1618 concupiscendum,
3339 1548 3467 1618 jam
3506 1546 3731 1604 adulte-

2125 1636 2275 1688 ravit
2321 1634 2384 1690 in
2431 1634 2623 1701 corde;
2673 1633 2828 1688 simul
2886 1642 3170 1704 utrumque
3227 1633 3446 1705 dilucet,
3495 1640 3547 1688 et
3601 1650 3725 1690 esse

423 1730 524 1796 ris;
559 1739 615 1783 ut
662 1743 839 1797 caprae
887 1735 939 1782 et
987 1724 1305 1786 testudines,
1336 1732 1388 1778 et
1436 1723 1709 1796 anguillze,
1751 1723 1796 1778 si
1847 1725 2011 1779 corda
2047 1717 2087 1792 Β
2119 1720 2415 1792 principale
2461 1722 2515 1776 in
2561 1723 2754 1787 anima,
2784 1737 2892 1793 quo
2939 1722 2990 1760 68
3020 1721 3243 1778 intentio
3288 1722 3470 1778 divino
3521 1737 3727 1779 conve-

419 1817 723 1873 detraxeris
774 1833 788 1867 :
837 1814 1014 1884 itaque
1060 1812 1354 1883 principale
1396 1827 1505 1867 non
1549 1828 1668 1866 esse
1720 1829 1731 1867 :
1783 1813 1924 1883 quod
1968 1812 2013 1866 si

425 1906 642 1973 fuisset,
673 1903 874 1958 amisso
919 1918 1039 1958 cum
1080 1901 1194 1957 suis
1222 1901 1294 1967 58,
1324 1899 1441 1971 (90)
1487 1901 1644 1973 vigor
1689 1901 1881 1956 anima:
1911 1917 2019 1956 non

427 1999 813 2064 perseveraret.
849 1989 953 2045 Sed
1019 1989 1205 2060 plures
1268 1997 1320 2044 et
1387 1988 1696 2060 philOSOphi
1760 1991 2019 2046 adversus

423 2080 809 2145 Dicaearchum,
857 2077 1025 2142 Plato,
1068 2078 1263 2145 Strato,
1308 2077 1594 2149 Epicurus,
1653 2079 2018 2144 Democritus,

420 2167 791 2240 Empedocles,
843 2166 1104 2234 Socrates,
1154 2164 1502 2230 Aristoteles;
1554 2173 1606 2220 et
1669 2165 1856 2220 medici
1926 2168 2023 2222 ad-

420 2273 607 2315 versus
657 2258 929 2312 Andream
965 2256 1076 2325 (91)
1132 2262 1186 2308 et
1251 2254 1626 2325 Asclepiadem
1678 2255 1805 2324 (92),
1846 2255 2020 2310 Hero-

423 2347 619 2418 philus,
670 2344 1030 2399 Erasistratus
1083 2343 1218 2412 (93),
1267 2342 1481 2398 Diocles
1537 2342 1677 2413 (94),
1728 2343 2024 2418 Hippocra-

2123 1809 2251 1878 niat,
2283 1810 2339 1864 id
2382 1818 2483 1880 est,
2514 1811 2624 1868 vim
2671 1810 3038 1882 sapientialem
3077 1821 3241 1882 atque
3283 1809 3504 1868 vitalem
3544 1813 3724 1883 (quod

2127 1899 2269 1954 enim
2319 1899 2479 1970 sapit,
2511 1899 2745 1955 vividum
2793 1899 2920 1970 est),
2951 1909 3006 1954 et
3034 1900 3088 1954 in
3133 1915 3198 1955 eo
3247 1901 3499 1955 thesauro
3527 1914 3727 1970 corpo-

2124 1987 2197 2042 ris
2262 1988 2466 2054 haberi,
2501 1989 2567 2042 ad
2631 2003 2790 2060 quem
2855 1989 3000 2043 Deus
3065 1987 3285 2060 reSpicit
3352 2006 3368 2043 :
3429 1996 3489 2042 ut
3555 2005 3729 2060 neque

2126 2075 2458 2131 extrinsecus
2488 2075 2678 2148 agitari
2711 2074 3205 2146 putes-principale
3233 2075 3377 2131 istud
3419 2077 3724 2132 secundum

2129 2165 2473 2228 Heraclitum,
2507 2179 2676 2235 neque
2726 2179 2821 2233 per
2875 2155 3044 2219 totum
3094 2179 3291 2234 corpus
3338 2165 3584 2220 ventilari
3633 2183 3724 2220 se-

2126 2255 2362 2312 cundum
2431 2253 2819 2322 Moschionem,
2879 2270 3055 2326 neque
3119 2254 3174 2308 in
3236 2255 3414 2327 capite
3473 2256 3726 2311 concludi

2129 2344 2425 2398 secundum
2467 2341 2764 2410 Platonem,
2797 2357 2972 2412 neque
3019 2342 3074 2397 in
3117 2343 3315 2400 vertice
3363 2344 3542 2415 potius
3587 2361 3724 2416 pras-

1797 2415 1986 2477 Variae
2045 2419 2351 2478 lectiones.

494 2498 544 2535 03
573 2495 802 2574 Aliquid
835 2497 1020 2574 Venet.
1047 2494 1094 2532 σθ
1115 2491 1570 2574 ἑὶξίιυχΙαηλῆσξ
1596 2493 1840 2574 Amissus
1867 2511 1992 2574 cum
2031 2494 2146 2549 suis
2175 2495 2396 2550 sedibus
2425 2495 2544 2566 Rig.
2577 2493 2626 2532 θδ
2663 2492 2990 2550 Deducimur
3029 2495 3207 2553 Rhen.
3265 2495 3441 2553 Seml.
3501 2495 3724 2554 Oberth.

424 2571 583 2625 Pam.
609 2563 930 2624 deducimus
953 2567 1086 2622 Jun.
1118 2564 1165 2604 6⁷
1186 2563 1275 2620 Sic
1297 2565 1426 2621 Par.
1460 2565 1510 2602 68
1529 2563 1680 2632 Quod
1712 2567 1873 2621 Pam.
1897 2566 2072 2622 Rhen.

1827 2637 2324 2700 Commentarius.

503 2728 617 2799 (89)
661 2729 964 2799 Messe-nius
1002 2723 1635 2799 aliquis_Diccearc_/tus_.
1676 2723 2020 2799 Dicaearchus

433 2795 626 2872 [inquit
670 2799 882 2872 Cicero,
923 2795 1149 2872 fuscat.
1180 2797 1410 2872 ‘Qucest.
1435 2795 1550 2872 “lib.
1586 2796 1646 2872 ξ]
1681 2796 1735 2872 in
1790 2811 1856 2852 eo
1907 2811 2021 2872 ser-

430 2866 612 2935 mone,
643 2886 805 2941 quem
821 2867 1075 2941 Corinthi
1113 2867 1353 2941 habitum
1384 2866 1556 2941 tribus
1595 2866 1749 2941 libris
1777 2868 2020 2941 exponit,

433 2937 716 2996 doctorum
819 2939 1101 3008 hominum
1195 2937 1606 3007 disputantium,
1674 2939 1847 3008 primo
1920 2940 2016 2993 lib.

433 3011 631 3067 multos
665 3010 951 3080 loquentes
991 3006 1135 3078 facit,
1167 3006 1381 3064 duobus
1422 3006 1792 3065 Pherecratem
1839 3025 2028 3080 quem-

430 3083 551 3137 dam
618 3080 922 3136 Phthiotam
987 3095 1190 3143 senem,
1241 3095 1399 3148 quem
1466 3080 1538 3134 ait
1601 3095 1632 3133 a
1695 3081 2028 3137 Deucalione

432 3163 628 3220 ortum,
685 3152 1035 3207 disserentem
1113 3149 1336 3215 inducit,
1394 3150 1543 3205 nihil
1616 3153 1845 3206 omnino
1912 3168 2026 3207 esse

433 3228 719 3294 animum,
755 3231 807 3278 et
837 3223 953 3294 hoc,
977 3237 1096 3277 esse
1137 3231 1305 3294 totum
1346 3236 1544 3276 nomen
1583 3220 1778 3294 inane,
1795 3221 2022 3276 frustra-

433 3313 538 3368 que
583 3304 638 3350 et
678 3291 993 3368 animantia
1050 3302 1132 3368 et_
1171 3293 1470 3368 animantes
1523 3291 1804 3368 appellari,
1854 3308 2027 3368 neque

433 3362 489 3422 in
546 3366 765 3422 homine
823 3366 1004 3419 inesse
1049 3365 1284 3416 animum
1312 3433 1319 3434 ί
1347 3364 1430 3418 vel
1471 3362 1726 3434 animam,
1756 3362 2024 3434 neque'in

433 3439 625 3494 bestia.
663 3439 732 3491 Et
792 3451 922 3493 vero
987 3435 1105 3502 ejus
1171 3433 1412 3488 eamdem
1478 3432 1641 3487 fuisse
1709 3432 2025 3488 Sententiam

431 3510 590 3579 paulo
622 3518 742 3578 post
772 3505 1204 3579 indicatihidem
1231 3505 1468 3579 Cicero:
1511 3503 1744 3579 Quidde
1784 3504 2025 3579 Dicaear-

432 3574 534 3635 cho
564 3574 756 3644 dicam,
785 3577 877 3649 qui
924 3576 1052 3631 nihil
1099 3575 1321 3649 omnino
1357 3576 1597 3649 animum
1633 3574 1780 3649 dicat
1807 3576 1963 3630 esse?
1997 3596 2020 3626 ι)

433 3652 761 3704 Messenium
791 3644 967 3701 autem
1000 3649 1142 3701 hunc
1171 3645 1338 3701 fuisse
1363 3646 1522 3699 etiam
1552 3644 1749 3698 Suidas
1777 3653 2025 3714 testatur,

433 3719 742 3776 Aristotelis
771 3716 1114 3786 discipulum,
1146 3718 1300 3785 cujus
1348 3715 1686 3786 Plutarchus,
1727 3714 2025 3783 Quintilia-

435 3805 555 3852 nus,
585 3788 792 3844 Musica
842 3785 1027 3856 citant,
1057 3787 1264 3841 Gellius
1309 3785 1701 3856 Pythagoram,
1731 3788 2025 3842 Athenmus

434 3862 604 3915 libros
661 3857 983 3926 complures,
1064 3859 1121 3911 Β.
1179 3857 1567 3925 Hieronymus,
1627 3856 1719 3910 lib.
1781 3873 1842 3925 ιι,
1897 3860 2021 3914 adv.

434 3932 639 3998 Jovin.,
669 3944 743 3983 ex
779 3927 1171 3997 Antiquitatum
1212 3927 1363 3998 libris
1405 3927 1834 3998 descriptionem
1869 3931 2026 3985 (ἕνω-

434 4005 569 4068 eice;
618 3997 854 4068 denique
899 3997 1086 4054 Cicero
1135 3997 1261 4055 alibi
1316 3998 1530 4069 librum,
1577 3997 1642 4056 de
1687 3999 1928 4056 divinat.
1973 4005 2028 4056 et

433 4073 690 4128 somniis.
721 4071 859 4126 Pan.

509 4142 625 4214 (90)
654 4143 872 4214 Amisso
899 4157 1028 4214 cum
1058 4143 1196 4197 suis.
1230 4139 1448 4214 Amisso
1473 4137 1570 4214 illo
1603 4139 1880 4214 principali
1907 4157 2028 4214 cum

434 4211 566 4278 suis,
596 4211 767 4282 capite
811 4211 1067 4267 nimirum
1115 4220 1169 4267 et
1216 4212 1397 4266 corde.
1455 4212 1592 4267 Cum
1638 4213 1756 4268 suis
1805 4232 1823 4267 :

435 4301 555 4340 cum
586 4281 732 4340 omni
763 4283 967 4338 familia
996 4292 1048 4338 et
1075 4282 1355 4350 comitatu,
1384 4281 1738 4352 apparitione.
1762 4284 1882 4341 RIG.

508 4357 625 4425 (91)
647 4354 928 4426 Adversus
941 4354 1245 4426 Andream.
1269 4354 1511 4426 Andreas
1530 4354 1767 4409 medicus
1789 4355 2039 4426 frequen-

437 4424 525 4481 ter
557 4424 754 4482 citatur
799 4443 829 4480 a
855 4424 1046 4495 Plinio,
1078 4441 1188 4479 non
1237 4424 1400 4482 modo
1448 4425 1588 4480 inter
1624 4424 1904 4480 auctorum
1935 4441 2033 4480 no-

434 4499 598 4561 mina,
624 4497 889 4568 coquibus
915 4498 1084 4552 multa
1113 4495 1431 4568 desumpsit,
1455 4496 1549 4550 sed
1581 4495 1739 4568 etiam
1770 4495 1863 4550 lib.
1888 4512 2036 4562 xxu,

431 4583 482 4623 c.
515 4572 603 4635 23,
645 4566 828 4622 et‘lib.
867 4583 1052 4634 xxx",
1088 4583 1135 4624 c.
1169 4571 1224 4629 5,
1253 4566 1345 4622 ubi
1393 4566 1447 4620 in
1505 4566 1820 4636 quibusdam
1861 4575 2038 4621 tamen

433 4653 624 4710 exemp
642 4638 854 4711 laribus,
865 4654 1146 4711 perperam
1163 4638 1365 4711 legitur
1382 4636 1625 4711 Andrias
1642 4653 1748 4711 pro_
1760 4639 2038 4711 Andreas;

436 4726 562 4765 nam
593 4707 757 4765 etiam
787 4726 821 4763 a
842 4707 1161 4765 Dioscoride
1185 4707 1246 4765 et
1266 4707 1473 4763 Galeno
1505 4707 1703 4763 citatur
1735 4707 1874 4764 liber
1895 4712 2034 4779 ejus.

434 4782 500 4839 de
520 4782 764 4838 Plantis.
799 4781 938 4837 Pan.

505 4854 620 4922 (92)
654 4856 723 4908 Et
754 4851 1172 4924 Asclepiadem._
1190 4851 1270 4905 De
1311 4850 1629 4924 Asclepiade
1656 4849 1869 4924 medico
1898 4849 2035 4924 Pru-

432 4921 617 4990 siensi,
645 4921 1000 4995 praeterquam
1030 4921 1177 4992 quod
1199 4938 1263 4977 ex
1286 4937 1353 4977 eo
1380 4921 1554 4995 multa
1583 4937 1642 4976 se
1670 4921 2039 4995 desumpsisse

433 4992 878 5065 testaturiinter'
909 5003 1186 5065 auctorum
1247 4992 1486 5056 nomina,
1536 4992 1878 5065 peculiariter
1930 4993 2042 5065 agit

436 5064 639 5121 Plinius
683 5064 717 5119 l.
751 5081 911 5132 xxvr,
946 5082 993 5120 c.
1041 5068 1102 5129 3;
1137 5064 1369 5119 citantur
1419 5066 1581 5119 etiam
1629 5063 1877 5134 qumdam
1922 5063 2040 5134 ejus

434 5137 634 5204 scripta
681 5137 752 5189 ab
801 5137 956 5192 Aetio
1005 5145 1058 5190 et
1105 5135 1335 5199 Galeno,
1364 5135 1453 5206 qui
1495 5135 1710 5188 interim
1751 5136 1886 5190 duos
1923 5139 2042 5205 ejus

434 5206 671 5262 nominis
719 5217 1124 5262 commemorat.
1159 5207 1313 5263 Ridet
1360 5215 1535 5262 autem
1568 5221 1691 5260 eum
1739 5207 1824 5261 liis
1863 5207 2042 5260 verbis

434 5278 597 5350 paulo
629 5286 754 5350 post
779 5277 1002 5350 _A_uctor
1035 5296 1049 5330 :
1099 5301 1120 5324 «ι
1165 5279 1230 5332 Ut
1277 5279 1386 5346 vel,
1426 5276 1620 5348 inquit,
1653 5277 1868 5350 abistis
1898 5284 2042 5350 retu-

433 5346 526 5422 sus
573 5346 915 5420 Asclepiade,
965 5363 1154 5418 capras
1214 5364 1340 5422 suas
1421 5346 1626 5422 quierat
1698 5349 1813 5422 sine
1878 5349 2041 5422 corde

435 5421 696 5485 halantes,
729 5418 784 5491 et
812 5432 1193 5491 muscas_suas
1238 5420 1415 5491 abigat
1440 5418 1563 5474 'sine
1601 5420 1776 5491 capite
1807 5418 2042 5491 volitan-

437 5501 542 5559 tes;
599 5513 621 5540 ν
673 5490 833 5563 tacite
880 5488 1638 5563 significansAabsurditatem,
1667 5488 1772 5563 ‘qui
1816 5490 2032 5563 illarum

436 5563 684 5634 exemplo
739 5561 900 5618 etiam
931 5559 1018 5615 ‘ab
1077 5559 1297 5618 homine
1353 5559 1769 5636 legemonicum
1819 5561 2031 5620 auferre

1871 4213 2028 4285 quasi
2059 4230 2104 4308 υ

2129 2725 2372 2796 voluerit.
2404 2723 2640 2796 Meminit
2678 2724 2871 2780 iterum
2917 2729 3118 2782 Auctor
3165 2725 3521 2796 Asclepiadis,
3553 2741 3608 2782 ο.
3660 2728 3728 2782 25

2131 2796 2290 2853 intra.
2337 2795 2416 2850 De
2478 2795 2666 2850 eodem
2734 2797 3053 2866 Asclepiade
3117 2799 3286 2853 multa
3333 2795 3509 2854 refert
3565 2798 3727 2854 etiam

2133 2868 2301 2937 Apul.
2335 2868 2368 2922 l.
2394 2882 2452 2921 IV
2481 2866 2548 2921 de
2570 2869 2726 2922 Asin.
2761 2885 2888 2924 aur.
2913 2868 3048 2923 PAM.

2205 2939 2318 3012 (93)
2350 2939 2764 3012 Erasistratns.
2798 2939 3177 3012 Erasistratum
3217 2940 3402 3012 quinto
3441 2939 3563 2996 loco
3592 2941 3732 3012 inter

2134 3009 2577 3082 medicos‘po‘nit
2634 3009 2854 3082 Plinius,
2904 3010 2995 3082 ubi
3043 3009 3248 3080 supra,_
3277 3021 3401 3066 ante
3446 3011 3733 3082 (HerOphi-

2134 3081 2247 3136 lum
2277 3089 2328 3135 et
2366 3079 2766 3149 Asclepiadem;
2799 3079 2922 3134 item
2957 3081 2993 3134 l.
3026 3079 3148 3148 xui,
3180 3099 3229 3137 c.
3261 3085 3314 3139 7.
3350 3080 3552 3137 vixisse
3591 3079 3731 3138 scri-

2137 3151 2212 3222 bit
2259 3166 2347 3204 an.
2381 3152 2445 3205 U.
2480 3151 2663 3222 Romae
2705 3153 2829 3218 450,
2861 3162 2914 3222 et
2959 3152 3156 3207 scholae
3192 3154 3434 3222 ejusdem
3485 3154 3734 3208 meminit

2135 3221 2227 3295 lib.
2271 3237 2372 3277 xx.
2414 3235 2465 3277 c.
2507 3223 2575 3286 9;
2607 3221 2977 3295 deniquelib.
3019 3221 3271 3295 xxix,c.
3313 3227 3376 3295 2,
3414 3224 3732 3294 Chrysippi,

2135 3293 2291 3360 cujus
2322 3307 2445 3348 mox
2483 3293 2703 3362 mentio,
2735 3291 3062 3362 discipulum
3105 3291 3250 3360 facit,
3283 3291 3593 3350 Aristotelis
3614 3291 3734 3348 tilia

2133 3363 2394 3437 genitum,
2441 3364 2552 3432 qui,
2598 3379 2728 3437 rege
2782 3363 3060 3437 Antiocho
3127 3373 3331 3437 curato,
3384 3373 3603 3437 centum
3651 3375 3732 3437 ta-_

2135 3433 2293 3506 lentis
2339 3435 2566 3506 donatus
2612 3433 2690 3490 sit
2724 3435 3072 3506 aPtolemmo
3118 3437 3236 3504 ejus
3273 3435 3408 3492 ﬁlio.
3442 3436 3615 3506 Cujus
3656 3435 3735 3491 rei

2137 3504 2378 3578 meminit
2421 3505 2581 3578 etiam
2645 3505 2858 3578 Suidas,
2909 3515 2962 3560 et
2999 3507 3181 3578 plures
3226 3509 3347 3576 ejus
3392 3504 3558 3562 libros
3607 3509 3736 3562 citat

2133 3575 2384 3698 cilgato
2435 3575 2694 3632 Galenus.
2745 3575 2948 3632 Citatur
2999 3575 3210 3634 'iterum
3259 3575 3332 3633 ab
3393 3577 3632 3636 Auctore
3682 3594 3730 3634 c.

2173 3669 2226 3698 ἱ).
2299 3661 2398 3698 AM.

2137 3650 2226 3700 23.
2261 3650 2398 3701 PAM.

2207 3718 2319 3786 (94)
2368 3719 2601 3773 Diocles.
2653 3717 2870 3775 Diocles
2929 3719 3187 3774 Caristius
3235 3719 3495 3788 medicus,
3543 3733 3735 3774 secun-

2135 3787 2238 3842 dus
2271 3789 2343 3861 ab
2390 3789 2708 3860 Hippocrate
2747 3798 2914 3861 aetate
2961 3789 3228 3861 famaque,
3268 3790 3444 3861 Plinio
3484 3787 3733 3846 Celebra-

2137 3866 2228 3930 tur
2270 3859 2305 3915 l.
2339 3859 2576 3925 xxv1,’c.
2623 3865 2675 3916 2.
2725 3860 2831 3929 Qui
2879 3859 3136 3930 prieterea
3181 3863 3248 3916 ab
3297 3860 3485 3917 eodem
3536 3861 3737 3917 citatur

2136 3929 2174 3983 l.
2206 3945 2306 3994 xx,
2341 3945 2388 3984 e.
2421 3934 2452 3985 3
2505 3940 2559 3986 et
2589 3934 2643 3996 5,
2673 3938 2726 3986 et
2766 3934 2800 3985 I.
2840 3929 2961 3999 xxi,
2995 3939 3049 3986 et
3090 3932 3146 4004 in
3197 3932 3446 4004 catalogo
3493 3933 3738 3988 medico-

2137 4017 2256 4056 rum
2303 4016 2529 4072 quorum
2574 4017 2738 4072 opera
2782 4018 2910 4056 usus
2955 4010 3064 4068 est;
3093 4002 3223 4058 item
3266 4020 3298 4059 a
3341 4002 3570 4068 Galerio,
3605 4004 3735 4058 Plu-

2138 4073 2352 4197 tartchol,
2389 4073 2689 4130 Scholiaste
2734 4073 3009 4140 Nicandri,
3052 4073 3335 4140 Athenaeo,
3365 4073 3530 4131 Paulo
3581 4073 3738 4148 ιιΕεί-

2139 4158 2282 4197 nea.
2354 4158 2451 4197 an.

2139 4151 2282 4197 neta.
2316 4151 2451 4199 ΡΔΜ.

2204 4215 2317 4290 (95)
2363 4216 2466 4282 Qui
2503 4215 2670 4290 apud
2706 4215 2999 4290 De_um__de_
3039 4220 3277 4290 utroque
3314 4216 3601 4290 decim-ur.
3645 4213 3741 4290 Sic

2146 4285 2307 4360 habet
2324 4285 2606 4360 exemplar
2643 4285 2940 4360 Agobardi.
2969 4285 3198 4360 Jamque
3236 4287 3507 4360 omnibus,
3537 4286 3739 4360 inquit,

2149 4364 2202 4429 et
2249 4355 2582 4429 philosophis
2629 4355 2984 4429 et'medicis
3040 4355 3224 4429 plures
3281 4355 3740 4429 Christianifqui

2150 4428 2218 4481 de
2260 4427 2513 4511 utroque,
2543 4428 2798 4511 hoc-est,
2831 4427 3056 4511 denillo'
3077 4427 3740 4511 animaa‘principali,‘de—

2146 4514 2266 4570 que,
2298 4497 2418 4553 loco
2442 4497 2516 4570 et
2558 4499 2818 4569 positione
2855 4499 2993 4554 illius
3039 4497 3367 4570 principalis,
3398 4497 3740 4555 statuendum

2145 4569 2273 4640 quid
2321 4571 2391 4624 sit
2435 4569 2834 4640 investigantes,
2867 4571 3008 4640 apud
3042 4569 3229 4627 Deum
3277 4571 3546 4639 ducimur,
3582 4578 3740 4641 atque

2144 4656 2208 4713 ex
2257 4641 2430 4713 sacris
2485 4641 2699 4713 paginis
2765 4641 3110 4696 addiscimus.
3162 4643 3250 4696 Sic
3312 4641 3480 4713 igitur
3527 4651 3740 4698 veteres

2145 4710 2434 4782 Christiani
2478 4710 2637 4766 etiam
2688 4727 2805 4766 cum
2873 4713 3102 4767 ethnicis
3145 4710 3507 4782 disputantes,
3557 4726 3737 4766 sacra-

2148 4797 2266 4854 rum
2299 4781 2615 4854 Litterarum
2645 4783 3013 4854 auctoritatem
3057 4781 3418 4854 proferebant.
3448 4782 3529 4836 Illi
3557 4781 3737 4837 divina

2150 4851 2362 4919 dictata,
2422 4853 2521 4907 nisi
2588 4853 2881 4908 rationibus
2955 4851 3220 4923 humanis,
3279 4854 3384 4910 hoc
3438 4862 3541 4921 est,
3595 4866 3738 4923 mene

2146 4923 2562 4996 philosophicis,
2606 4925 2980 4996 probarentur,
3023 4922 3365 4996 respuebant.
3414 4923 3546 4980 Haec
3591 4922 3740 4981 caeci-

2149 4993 2256 5069 tate
2301 4993 2534 5069 Calenus
2596 4993 2856 5069 adversus
2920 4993 3278 5069 Archigenen]
3325 5000 3590 5069 vectatur,
3640 4996 3739 5069 hoc

2147 5064 2432 5121 interdicto
2463 5084 2478 5138 7:
2518 5087 2543 5118 «
2583 5068 2702 5122 Non
2757 5068 3064 5123 auditurum
3087 5064 3170 5123 'se
3221 5067 3418 5138 Νόμους
3472 5065 3737 5138 iuvent-obit-

2147 5137 2576 5208 nrouctquibus
2623 5138 2732 5194 fere
2777 5139 2853 5193 uti
2924 5139 3098 5194 solent
3140 5136 3358 5192 Miouooii
3405 5136 3488 5190 καί
3532 5137 3736 5208 Χρισταυ

2153 5203 2416 5282 ᾂιᾳτριϐἡνί
2438 5210 2717 5282 ἀφιγμένοι.
2770 5230 2796 5282 ig
2847 5210 3035 5266 Galen!
3081 5210 3241 5267 verba
3307 5219 3431 5264 sunt
3474 5203 3616 5266 libro
3674 5208 3736 5266 de

2150 5281 2289 5350 Dii/1
2317 5281 2466 5350 pals.
2497 5281 2751 5336 saeundo.
2782 5281 2904 5336 Rm.

2222 5349 2335 5421 (96)
2363 5352 2774 5425 Principale‘in
2805 5356 3020 5408 anima.
3053 5353 3414 5425 Hieronymus
3443 5349 3511 5425 ad
3545 5351 3733 5425 Fabio—

2151 5421 2278 5505 lam.
2309 5437 2396 5502 ep.
2430 5427 2532 5478 428
2555 5421 2582 5480 ἐ
2606 5445 2643 5505 ἀ
2677 5422 2946 5505 ρυξςὶῐμζ
2975 5423 3067 5479 ubi
3101 5425 3169 5480 sit
3195 5421 3387 5505 animae
3417 5423 3728 5505 principale.

2155 5491 2307 5548 Plato
2351 5491 2423 5548 in
2480 5495 2722 5561 cerebro,
2774 5495 3020 5549 Christus
3091 5503 3351 5551 monstrat
3419 5491 3481 5548 in
3542 5491 3729 5556 corde;

2140 5562 2289 5620 Beati
2314 5565 2515 5622 mundo
2539 5567 2722 5624 corde.
2756 5584 2781 5618 »
2814 5574 2916 5624 etc.
2949 5567 3068 5621 Rm.
