3972 6190
225 326 317 385 713

222 543 343 596 bare
366 538 669 596 secundum
696 538 1115 609 Hippocratem;
1148 539 1244 593 sed
1282 554 1381 595 nec
1416 537 1557 595 circa
1596 539 1801 594 cerebri

223 630 635 685 fundamentum
663 635 721 682 ut
746 626 1092 697 Herophilus,
1125 643 1226 682 nec
1255 628 1312 681 in
1349 627 1731 682 membranulis
1759 628 1809 666 69

220 728 273 772 ut
317 720 498 774 Strato
539 728 591 773 et
628 718 1000 780 Erasistratus,
1033 730 1133 770 nec
1162 716 1217 769 in
1248 718 1655 787 superciliorum
1688 734 1808 771 me-

217 808 430 863 ditullio
482 816 539 862 ut
585 806 764 861 Strato
814 806 1071 877 Physieus
1115 808 1244 874 (97),
1272 820 1372 859 nec
1407 805 1460 859 in
1493 812 1606 859 tota
1634 803 1806 861 672

216 896 379 952 lorica
426 894 660 966 pectoris
711 894 825 966 (98)
862 902 921 949 ut
973 894 1259 963 Epicurus.
1302 892 1407 949 Sed
1462 892 1610 964 quod
1663 902 1716 949 et
1760 895 1810 932 ⁷ο

214 984 451 1056 Egyptii
498 982 937 1039 renuntiaverunt
984 982 1113 1052 (99),
1158 991 1212 1037 et
1255 981 1301 1019 71
1360 983 1450 1055 qui
1506 982 1809 1038 divinarum

215 1079 729 1129 commemoratores
776 1071 853 1142 (1)
899 1070 1236 1137 videbantur,
1278 1079 1337 1127 ut
1385 1081 1439 1128 et
1483 1071 1573 1127 ille
1622 1088 1811 1129 versus

212 1162 421 1234 Orphei
451 1160 539 1217 vel
570 1160 913 1231 Empedoclis
945 1160 1022 1229 (2)
1053 1177 1065 1217 :
1103 1161 1355 1233 Namque
1402 1159 1620 1217 homini
1663 1177 1810 1216 san-

211 1253 342 1323 guis
399 1248 882 1306 circumcordialis
929 1253 1015 1305 est
1066 1263 1281 1304 sensus.
1334 1248 1505 1303 Etiam
1543 1249 1813 1322 Protago-

212 1355 302 1394 ras
334 1336 435 1410 (3),
467 1339 629 1393 etiam
657 1334 1017 1408 Apollodorus
1045 1338 1117 1408 (4)
1150 1344 1203 1391 et
1232 1336 1575 1409 Chrysippus
1596 1337 1675 1409 (5)
1699 1340 1811 1392 haec

214 1430 437 1500 sapiunt
458 1439 557 1497 ;ut
586 1428 667 1481 vel
700 1426 769 1481 ab
814 1424 931 1482 istis
968 1428 1183 1483 retusus
1228 1426 1582 1496 Asclepiades
1621 1441 1812 1496 capras

211 1534 344 1572 suas
385 1524 591 1589 quaerat
636 1514 753 1571 siue
796 1514 958 1571 corde
1004 1515 1267 1585 halantes,
1314 1524 1370 1570 et
1422 1531 1632 1571 muscas
1687 1531 1810 1570 suas

212 1607 401 1678 abigat
427 1607 543 1661 sine
573 1605 747 1677 capite
777 1603 1094 1673 volitantes;
1118 1614 1171 1659 et
1202 1619 1392 1660 omnes
1412 1604 1523 1670 jam
1553 1605 1721 1660 sciant
1750 1619 1811 1658 se

210 1696 400 1768 potius
429 1694 547 1751 sine
574 1693 738 1750 cOrde
767 1700 820 1748 et
857 1693 1083 1749 cerebro
1129 1694 1329 1758 vivere,
1365 1693 1456 1763 qui
1494 1692 1811 1765 dispositio-

1566 323 1758 384 LIBER
1812 325 1894 385 DE
1933 327 2158 387 ΑΝΙΜᾹ.

221 453 393 509 sidere
422 450 719 507 secundum
747 450 1126 514 Xenocratem,
1159 464 1335 522 neque
1365 451 1418 505 in
1446 452 1671 508 cerebro
1701 467 1796 507 cu-
1837 440 1883 518 Α

3407 342 3508 401 714

2509 458 2735 515 CAPUT
2771 460 2918 517 XVI.

1982 544 2079 601 Est
2106 553 2159 601 et
2191 547 2316 601 illud
2350 546 2416 601 al
2445 546 2607 601 ﬁnem
2638 549 2688 587 ’³2
2716 550 3011 619 pertinens,
3039 554 3184 624 quod
3220 555 3368 613 Plato
3400 559 3489 613 bi-

1912 632 2101 688 fariam
2133 634 2213 704 (6)
2263 634 2483 700 partitur
2519 636 2782 702 animam,
2835 653 2930 706 per
2969 640 3230 697 rationale
3276 655 3326 699 et
3365 645 3508 701 irra-

1914 721 2129 777 tionale.
2162 722 2261 777 Cui
2288 722 2591 778 deﬁnitioni
2621 732 2672 779 et
2706 740 2806 780 nos
2832 726 3056 797 quidem
3104 730 3505 805 applaudimus,

1914 809 2007 863 sed
2053 826 2164 865 non
2211 819 2269 865 ut
2315 822 2516 866 naturae
2562 813 2851 884 deputetur
2892 822 3208 888 utrumque.
3254 819 3510 878 Naturale

1912 898 2055 951 enim
2097 899 2350 954 rationale
2396 900 2723 955 credendum
2768 909 2853 958 est
2896 905 3042 974 quod
3092 905 3285 960 animae
3331 923 3362 961 a
3392 908 3508 977 pri-

1914 984 2125 1041 mordio
2156 986 2228 1041 sit
2271 987 2586 1057 ingenitum,
2619 1004 2650 1042 a
2684 988 2930 1045 rationali
2972 991 3225 1048 videlicet
3268 1004 3510 1049 auctore.

1916 1072 2057 1141 Quid
2085 1075 2227 1129 enim
2257 1092 2366 1130 non
2396 1076 2680 1142 rationale,
2710 1080 2856 1150 quod
2910 1081 3052 1136 Deus
3094 1082 3252 1151 jussu
3296 1099 3513 1154 quoque

1916 1162 2164 1228 ediderit,
2197 1166 2388 1219 nedum
2416 1166 2471 1219 id
2517 1165 2665 1237 quod
2709 1168 2927 1238 proprie
2977 1169 3174 1226 adﬂatu
3222 1187 3322 1227 suo
3368 1172 3513 1227 emi-

1916 1250 2092 1308 serit?
2147 1252 2456 1308 Irrationale
2514 1264 2691 1309 autem
2758 1256 3033 1327 posterius
3101 1257 3516 1332 intelligendum

1921 1348 2023 1404 est,
2056 1348 2112 1394 ut
2140 1344 2280 1412 quod
2312 1341 2568 1396 acciderit
2610 1359 2671 1398 ex
2724 1346 2996 1416 serpentis
3040 1347 3313 1416 instinctu,
3367 1348 3517 1421 ipso-

1920 1445 2040 1484 rum
2103 1427 2153 1467 73
2235 1428 2367 1483 illud
2433 1431 2879 1505 transgressionis
2950 1433 3243 1491 admissum
3270 1478 3284 1505 ,
3354 1445 3515 1509 atque

1920 1516 2113 1571 exinde
2180 1515 2461 1573 inoleverit
2516 1525 2570 1573 et
2640 1519 3006 1577 coadoleverit
3083 1524 3137 1578 in
3206 1524 3386 1579 anima
3448 1525 3517 1580 ad

1922 1604 2090 1658 instar
2124 1603 2238 1672 jam
2284 1604 2639 1660 naturalitatis
2665 1607 2765 1677 (7),
2797 1607 2924 1677 quia
2970 1610 3147 1665 statim
3206 1611 3261 1665 in
3306 1621 3516 1668 natura;

1922 1691 2217 1762 primordio
2265 1690 2463 1748 accidit
2510 1692 2605 1762 (8).
2640 1694 2944 1771 (Caeterum,
2979 1713 3103 1754 cum
3150 1698 3294 1755 idem
3340 1699 3517 1758 673

215 1760 347 1839 nem
375 1783 564 1838 animae
595 1783 840 1837 humanae
870 1780 937 1836 de
963 1780 1269 1837 conditione
1299 1760 1596 1837 bestiarum
1616 1782 1815 1852 prteju-
1849 1760 1894 1836 Β
1924 1760 2072 1835 Plato
2104 1779 2280 1837 solum
2318 1760 2577 1835 rationale
2621 1768 2784 1848 dicat,
2832 1791 2893 1838 ut
2932 1760 2999 1840 in
3046 1786 3228 1841 anima
3272 1789 3371 1843 Dei
3414 1789 3505 1862 ip-

219 1870 477 1926 dicarint.

1922 1867 2072 1936 sius,
2127 1868 2171 1923 si
2229 1883 2329 1923 nos
2391 1867 2553 1924 etiam
2617 1869 2925 1929 irrationale
2981 1880 3187 1929 naturas
3242 1876 3512 1934 adscribi—

1620 1985 1807 2049 Varia:
1844 1990 2157 2049 lectiones.

296 2090 351 2129 69
376 2090 740 2146 Membranula
768 2090 886 2160 ejus
914 2090 1048 2147 Jun.
1081 2089 1131 2128 ’⁷ο
1158 2091 1227 2145 Ει
1254 2090 1398 2162 quod
1430 2090 1605 2148 Rhen.
1636 2093 1796 2149 Pam.
1827 2091 1997 2150 Seml.
2028 2090 2076 2130 τι
2106 2090 2173 2147 Ei
2201 2092 2361 2148 Pam.
2396 2090 2571 2150 Rhea.
2607 2092 2778 2151 Seml.
2800 2092 2835 2150 ii
2866 2095 2985 2153 cod.
3015 2096 3231 2156 Wouw.
3260 2096 3311 2138 ⁷²
3330 2098 3519 2157 Fidem

213 2165 387 2219 Pam.
418 2164 587 2221 Seml.
619 2162 669 2201 73
696 2163 883 2234 Ipsum
901 2163 1063 2219 Pam.
1096 2162 1273 2220 Rhen.
1300 2163 1468 2220 Seml.
1504 2162 1723 2220 Oberth.

1620 2277 2120 2344 Commentarius.

286 2395 401 2463 (97)
433 2395 626 2450 Strato
656 2391 942 2464 Physicus.
986 2393 1133 2448 Istud
1180 2393 1343 2449 etiam
1390 2411 1454 2451 ex
1503 2394 1804 2453 Plutarcho.

210 2466 458 2520 Vocatur
486 2473 663 2536 autem
699 2463 878 2518 Strato
915 2464 1200 2536 Physieus,
1235 2471 1345 2519 tum
1387 2466 1455 2521 ad
1502 2467 1808 2522 distinctio-

208 2553 343 2591 nem
385 2535 687 2607 superioris
733 2535 1011 2609 Stratonis
1043 2537 1259 2603 medici,
1291 2546 1397 2590 tum
1446 2541 1617 2609 quod,
1644 2536 1809 2593 Suida

206 2616 376 2673 teste,
428 2605 540 2676 prae
587 2605 792 2661 caeteris
849 2613 1049 2677 naturae
1106 2605 1539 2677 contemplationi
1599 2609 1810 2664 deditus

204 2678 416 2743 fuerit;
451 2678 543 2748 qui
567 2677 985 2749 Lampsacenum
1001 2676 1142 2749 facit,
1174 2676 1530 2749 Theophrasti
1560 2679 1729 2735 ﬁlium
1755 2686 1810 2734 et

203 2751 418 2804 multos
450 2749 612 2803 libros
640 2747 922 2817 scripsisse
951 2748 1128 2803 tradit.
1170 2748 1310 2803 ΡΑιί.

284 2820 409 2890 (98)
461 2821 567 2901 Nec
599 2820 671 2901 in
701 2822 837 2901 tota
883 2820 1055 2901 lorica
1082 2818 1565 2901 pectorisLGraace
1594 2821 1811 2901 confor-

202 2891 381 3015 t‘niter
408 2892 551 2961 apud
599 2890 942 2945 Plutarchum
970 2889 1206 2963 'legitur,
1243 2889 1292 2945 ἐν
1339 2892 1443 2964 ὅλῳ
1484 2900 1560 2967 τῷ
1604 2895 1808 2964 θώρακι.

250 2976 362 3015 με.

250 2976 362 3018 ΑΗ.

280 3032 412 3105 (99)
437 3032 946 3105 Renuntiaverunt.
972 3033 1332 3100 Renuntiare,
1356 3048 1455 3105 pro
1475 3034 1806 3100 attribuere,

200 3103 465 3174 accipere
502 3104 589 3176 hic
630 3103 1123 3176 (videturpAttctor,
1182 3103 1373 3176 eadem
1416 3104 1811 3176 significatione

201 3178 279 3230 de
313 3190 424 3244 qua
462 3173 599 3227 infra
627 3173 787 3227 latius
817 3174 912 3231 lib.
945 3173 1013 3229 de
1047 3175 1216 3231 Corn.
1252 3174 1380 3229 Chr.
1411 3173 1547 3231 ολ.
1584 3178 1722 3232 Pan.

287 3250 376 3316 (1)
405 3245 741 3317 Divinarum
763 3249 1306 3317 commemoratores.
1334 3245 1632 3317 Intelligere
1661 3246 1811 3301 vidc-

204 3314 313 3373 ιιιιί
342 3317 668 3387 Mercurium
697 3314 1125 3387 Trismegistum,
1154 3315 1467 3371 Anebonem
1497 3314 1551 3371 et
1580 3320 1812 3372 Amabo-

204 3404 371 3468 nem,
410 3402 547 3468 quos
577 3385 890 3468 plerumque
911 3385 1095 3443 'secuti
1122 3395 1247 3442 sunt
1290 3387 1548 3455 Plotinus,
1580 3388 1811 3443 Jambli-
1852 3424 1859 3429 -

204 3461 358 3516 chus
387 3458 444 3512 et
480 3458 595 3529 ipse
633 3458 801 3512 Plato.
840 3459 975 3514 Pan.

284 3530 372 3601 (2)
406 3530 469 3586 Ut
497 3528 555 3584 et
579 3528 677 3584 ille
702 3545 891 3601 versus
926 3529 1127 3600 Orphei
1154 3529 1242 3585 vel
1271 3529 1635 3601 Empedoclis.
1666 3530 1811 3585 Cita-

208 3599 314 3657 tur
340 3616 543 3655 versus
570 3616 601 3655 a
628 3599 923 3671 Porphyrio
952 3599 1025 3655 ex
1053 3599 1423 3670 Empedocle:

399 3699 546 3779 Αἷμα
570 3704 666 3777 γὰρ
692 3703 959 3776 ἀνθρώποις
985 3705 1294 3777 περικάρδιόν
1325 3706 1425 3758 ἐστὶ
1451 3706 1633 3777 νόημα.

211 3812 535 3885 Chalcidius
565 3827 580 3867 :
617 3811 1019 3885 «Empedocles
1056 3812 1271 3883 quidem
1313 3812 1660 3885 principalem
1692 3812 1813 3867 ani-

214 3900 328 3941 mae
356 3884 462 3938 vim
493 3881 771 3939 constituit
799 3885 851 3936 in
880 3881 1168 3954 corde,'sic
1196 3881 1377 3939 dicens
1405 3900 1419 3938 :

285 3997 547 4061 Sanguine
572 3995 737 4045 cordis
769 3995 900 4045 enim
936 4004 1107 4047 noster
1138 3996 1270 4061 viget
1296 3996 1599 4047 intellectus.
1636 3996 1751 4047 Rm.

296 4097 376 4166 (3)
432 4096 785 4167 Protagoras.
824 4095 944 4167 Etsi
998 4095 1141 4167 apud
1195 4094 1466 4167 Laertium
1516 4096 1815 4163 reperiatur

221 4170 548 4236 Protagoras
569 4166 921 4235 philosophus
939 4166 1226 4221 Abderites
1247 4166 1464 4221 auditor
1485 4167 1808 4233 Democriti;

220 4239 362 4309 quia
388 4246 561 4309 tamen
587 4237 728 4309 inter
757 4236 922 4292 libros
956 4237 1074 4306 ejus
1102 4238 1171 4292 de
1199 4237 1377 4309 anima
1404 4237 1584 4309 nullus
1624 4251 1811 4309 recen-

1915 2393 2261 2475 gubernatrix
2317 2401 2575 2466 tanquam
2632 2396 2867 2468 benigna
2913 2406 2968 2475 et
3014 2401 3254 2475 studiosa
3312 2411 3510 2475 mater,

1918 2469 2057 2520 viam
2086 2466 2209 2522 vitae
2243 2475 2438 2541 rectam
2466 2466 2899 2541 commonstrans
2926 2468 2943 2541 ]
2976 2472 3296 2529 rationalem
3325 2466 3521 2531 animae

1917 2544 2123 2615 partem
2161 2536 2530 2615 appellemus;
2583 2540 2810 2615 alteram
2856 2536 2962 2611 qua
3001 2552 3165 2611 amat,
3205 2553 3260 2599 et
3326 2547 3518 2615 esurit,

1915 2606 2126 2681 et_si_tit,
2161 2606 2384 2681 etcirct
2432 2609 2568 2663 alias
2609 2606 2930 2681 cupiditates
2977 2615 3125 2669 velut
3153 2606 3520 2674 consternata

1917 2676 2166 2744 afﬁcitur,
2205 2676 2590 2735 irrationalem.
2624 2676 2763 2736 ΡᾹιί.

1988 2751 2069 2819 (7)
2102 2748 2182 2804 Ad
2208 2749 2398 2804 instar
2416 2751 2543 2819 jam
2571 2752 2992 2809 naturalitatis.
3028 2755 3129 2809 Per
3167 2765 3377 2813 naturas
3426 2760 3520 2813 vi-

1916 2820 2051 2897 tiu_m_
2094 2819 2605 2897 etdeformitatem.
2640 2822 2808 2897 _Facit
2853 2823 2942 2879 hic
2986 2823 3137 2897 locus
3166 2843 3264 2896 pro
3296 2837 3519 2897 peccato

1918 2890 2193 2962 originali.
2242 2889 2498 2962 Consulto
2545 2891 2679 2946 dixit
2706 2892 2912 2948 Auctor
2940 2894 3013 2949 ad
3040 2889 3232 2951 instar
3261 2889 3517 2954 natura-

1921 2959 2120 3040 litdtis,
2163 2959 2293 3030 quia
2337 2976 2438 3040 nec
2480 2962 2690 3040 vitium.
2718 2978 2819 3040 nec
2860 2972 3138 3040 peccatum
3176 2967 3407 3040 originis
3436 2977 3520 3025 est

1916 3031 2036 3103 ipsa
2078 3040 2292 3103 natura,
2334 3038 2427 3085 aut
2473 3034 2792 3098 substantia,
2841 3031 2935 3089 aut
2977 3035 3144 3091 forma
3196 3031 3407 3103 nostra,
3455 3050 3516 3096 ut

1918 3101 2124 3181 putavit
2155 3101 2536 3181 llllricus,_sed
2568 3103 2761 3181 accidit
2791 3113 3029 3160 naturae:
3068 3124 3189 3163 nam
3220 3120 3279 3165 ut
3304 3101 3519 3181 optime

1920 3173 2156 3227 insinuat
2213 3173 2595 3240 Tertulliauus,
2624 3174 2671 3227 si
2710 3184 2984 3243 peccatum
3019 3189 3165 3232 esset
3211 3173 3516 3237 substantia

1921 3254 2014 3298 aut
2062 3254 2248 3297 natura
2294 3250 2510 3313 nostra,
2556 3260 2677 3299 cum
2728 3245 2902 3299 omnis
2957 3247 3257 3305 substantia
3313 3268 3344 3306 a
3403 3255 3513 3308 Deo

1917 3321 2095 3369 creata
2124 3316 2213 3386 sit,
2244 3321 2572 3386 sequeretur
2604 3326 2877 3386 peccatum
2907 3333 2937 3371 a
2965 3320 3083 3373 solo
3116 3320 3229 3375 Deo
3273 3333 3515 3378 creatum

1918 3401 2058 3449 esse,
2087 3394 2139 3437 et
2166 3383 2394 3457 inditum
2432 3385 2561 3439 Adaz
2591 3383 2643 3439 et
2674 3387 2920 3457 posteris.
2954 3389 3085 3443 Lac.

1992 3458 2069 3525 (8)
2104 3455 2416 3511 Primordio
2448 3455 2687 3512 accidit;
2722 3459 2947 3513 Notante
2978 3460 3346 3518 illustrissimo
3377 3464 3514 3517 Bos-

1920 3534 2070 3581 sueto
2112 3527 2302 3594 (Temo
2350 3527 2414 3597 ll,
2444 3528 2680 3597 Defensa
2734 3528 2801 3584 de
2858 3530 2915 3585 la
2970 3531 3261 3587 Tradition
3311 3538 3368 3588 et
3419 3533 3515 3591 des

1922 3598 2115 3675 Sa_in_ts
2139 3596 2486 3675 feres,__livre
2510 3596 2947 3675 _m,_chap,_29,
2990 3617 3115 3675 pag.
3152 3604 3517 3675 148),Ainvo-

1922 3667 2451 3740 cabulhoertulliani
2479 3669 2538 3721 τὸ
2566 3667 2947 3740 primordium
2976 3667 3093 3726 noti
3105 3667 3280 3728 solum
3301 3673 3513 3730 initium

1922 3740 1989 3794 ab
2022 3738 2210 3815 ordine
2242 3738 2691 3815 temp_orum,'sed
2720 3740 2928 3795 initium
2959 3742 3118 3797 etiam
3165 3760 3195 3798 a
3248 3745 3514 3815 principio

1928 3821 1981 3887 et
2008 3809 2219 3887 origine
2249 3809 2653 3884 intelligendum
2694 3820 2810 3879 est;
2845 3824 2897 3866 et
2935 3828 3033 3881 per
3063 3815 3167 3870 hoc
3196 3809 3517 3887 intelligitur

1929 3880 2124 3955 ingens
2152 3880 2274 3955 illa,
2293 3880 2498 3952 quae'iu
2528 3896 2759 3955 corpore
2791 3880 2979 3955 nostro
3002 3892 3056 3937 et
3086 3887 3141 3940 in
3169 3884 3350 3941 anima
3368 3880 3514 3942 nos-

1928 3951 2015 4007 tra'
2047 3952 2114 4027 ab
2162 3951 2314 4007 initio
2361 3960 2416 4027 et
2464 3955 2516 4027 iu
2550 3953 2762 4027 origine
2799 3954 3016 4027 generis
3045 3956 3269 4012 humani
3297 3958 3512 4024 accidit,

1926 4022 2424 4099 mutatio_quam_S.
2455 4022 3010 4099 Augusiinus'contra
3049 4026 3365 4099 Pelagianos
3408 4022 3514 4086 de;

1924 4096 2133 4149 feusum
2160 4094 2288 4167 ibat.
2320 4094 2506 4167 Neque
2530 4094 2727 4167 melius
2755 4096 3013 4164 explicari
3042 4094 3221 4167 potest
3275 4099 3406 4153 illud
3460 4102 3515 4153 τὸ

1921 4167 1986 4221 in
2033 4180 2143 4235 quo
2178 4164 2436 4232 Epistolzé
2477 4166 2544 4219 ad
2593 4166 2878 4236 Romanos,
2912 4164 3090 4236 neque
3134 4168 3389 4222 disertius
3418 4185 3515 4223 ex-

1925 4236 2111 4307 primi,
2137 4236 2283 4304 quod
2322 4249 2512 4307 omnes
2557 4236 2611 4289 in
2662 4235 2871 4290 Adamo
2904 4235 3325 4305 peccaverimus,
3351 4254 3513 4307 quam

227 4303 403 4376 sietur,
435 4316 485 4361 et
518 4308 603 4363 hic
629 4308 839 4380 videtur
876 4303 1067 4363 iterum
1104 4308 1339 4380 medicos
1384 4308 1518 4380 alios
1547 4308 1811 4380 _commit-
1847 4303 1893 4380 Β
1924 4303 2174 4367 dicendo,
2194 4303 2340 4376 quod
2373 4313 2655 4380 peccatum
2674 4307 2867 4380 Adaini
2899 4303 2951 4360 in
2983 4315 3219 4380 nostram
3241 4303 3516 4380 transierit

221 4389 348 4434 tere
392 4393 508 4432 cum
553 4378 897 4449 Asclepiade,
948 4393 1143 4434 censeo
1193 4379 1420 4449 quidem
1457 4377 1559 4449 legi
1618 4377 1815 4433 debere

218 4452 580 4521 Praxagoras
607 4468 628 4521 ς
659 4448 752 4521 sed
782 4451 900 4503 sine
929 4449 1051 4504 cod.
1094 4465 1196 4503 ms.
1220 4448 1332 4519 'ope
1362 4449 1416 4521 id
1463 4448 1531 4501 in
1566 4460 1815 4521 contextu

220 4518 439 4601 mutare
471 4519 639 4575 nolui.
676 4520 845 4601 _Ce_rte
894 4520 1230 4601 Proxagoras
1274 4518 1519 4601 medicus
1563 4535 1594 4572 a
1644 4518 1816 4601 Plinio

214 4592 532 4647 celebratur
571 4590 726 4645 tertio
757 4592 874 4646 loco
904 4590 1034 4646 dicti
1065 4590 1158 4644 lib.
1189 4605 1351 4655 xxvr,
1383 4605 1432 4645 c.
1465 4592 1518 4655 2,
1550 4598 1653 4645 etc.
1674 4592 1811 4645 Pu.

294 4666 375 4733 (4)
425 4665 615 4719 Etiam
658 4662 1044 4733 Apollodorus,
1080 4661 1336 4717 Similiter
1363 4672 1415 4717 et
1442 4662 1545 4733 hic,
1572 4664 1817 4732 quamvis

212 4752 257 4790 a
284 4731 500 4789 Laertio
534 4731 877 4789 recensentur
906 4731 1269 4803 Apollodorus
1299 4731 1661 4803 Atheniensis,
1694 4732 1818 4803 Epi-

212 4822 423 4861 cureus
453 4803 827 4876 philosOphus,
860 4802 990 4874 puto
1030 4814 1203 4876 tamen
1236 4805 1413 4874 potius
1441 4802 1587 4874 loqui
1618 4802 1816 4860 Aucto-

212 4893 340 4931 rem
390 4876 462 4929 de
505 4875 834 4944 Apollodoro
874 4876 1041 4930 altero
1090 4875 1305 4929 illorum
1363 4876 1710 4944 medicorum,
1752 4878 1819 4930 de

204 4947 664 5019 quibuquliuius
697 4947 735 5000 l.
766 4960 866 5010 xx,
906 4962 953 5019 c.
990 4947 1041 5001 4.
1077 4947 1214 5001 Pu.

297 5018 382 5089 (5)
415 5017 489 5098 Et
527 5017 880 5098 Chrysippus.
908 5018 1243 5098 Hicquoque
1270 5015 1338 5071 de
1370 5015 1815 5098 Chrysippumc-

207 5087 563 5160 dic‘o’potius
592 5087 739 5159 loqui
757 5087 957 5160 censeo
989 5087 1300 5160 Auctorem,
1336 5102 1495 5156 quam
1526 5087 1593 5141 de
1642 5088 1819 5153 philo-

206 5158 419 5232 acpbe,
456 5160 625 5232 cujus
639 5158 798 5232 suura
823 5159 962 5232 facta
991 5170 1072 5213 est
1101 5158 1300 5214 mentio
1329 5174 1377 5214 c.
1420 5161 1486 5228 5;
1523 5174 1645 5213 nam
1687 5162 1819 5214 cita-

210 5228 315 5287 lui-
340 5235 386 5286 is
414 5228 537 5301 ipse
556 5248 588 5284 a
617 5231 785 5284 Plinio
814 5228 1141 5301 frequenter.
1176 5232 1312 5285 ΡΑΜ.

304 5304 383 5374 (6)
434 5299 590 5371 Quod
634 5304 798 5358 Plato
854 5299 1143 5374 bifariam,
1201 5314 1305 5356 etc.
1353 5299 1621 5374 Similiter
1658 5315 1819 5371 supra

207 5372 390 5441 dixit,
430 5390 549 5444 cap.
604 5374 671 5427 14
722 5390 737 5427 :
792 5394 813 5421 ι
847 5372 1116 5428 Dividitur
1143 5383 1318 5444 autem
1348 5372 1403 5426 in
1444 5382 1642 5442 partes,
1675 5389 1820 5444 nunc

204 5444 289 5499 in
317 5448 454 5498 duas
483 5442 512 5499 a
540 5445 786 5499 Platone.
824 5464 850 5497 ιο
882 5444 1056 5500 Habet
1092 5451 1268 5498 autem
1305 5442 1444 5498 istud
1494 5445 1642 5498 Plato
1689 5443 1815 5498 dial.

204 5518 289 5579 5,
318 5515 388 5572 de
413 5516 619 5587 Repub.
653 5535 671 5569 :
701 5531 814 5587 non
849 5515 1310 5587 itaqueabsurde,
1346 5515 1540 5587 inquit,
1573 5513 1819 5586 duplices

208 5587 334 5640 has
380 5585 577 5657 partes,
608 5594 662 5640 et
707 5585 849 5640 intar
894 5585 953 5643 se
998 5585 1239 5642 diversas
1278 5585 1429 5656 esse,
1470 5586 1544 5642 ita
1584 5585 1823 5657 ut’alte-f

210 5672 346 5713 ram
382 5655 505 5728 ‘qua
557 5657 900 5715 ratiocinatur
952 5657 1160 5732 [utpote
1214 5674 1336 5731 quae
1410 5657 1478 5716 sit
1555 5655 1824 5713 ratiocinii

376 5755 630 5818 ΡΔι-ιιοι.
670 5757 740 5815 ll.

1925 4385 2169 4450 naturam
2186 4375 2916 4450 ;_atqu_e_naturalem_hujus
2947 4376 3199 4450 principii
3237 4378 3514 4450 sequelam

1923 4445 2168 4519 agnoscit
2192 4445 2571 4510 Tertulliauus,
2583 4446 2686 4519 ubi
2718 4444 2913 4519 fatetur
2930 4447 3076 4517 quod
3100 4444 3332 4502 infantes
3349 4450 3512 4504 etiam

1924 4516 2163 4573 ﬁdelium
2229 4524 2515 4572 nascantur
2577 4516 2801 4585 impuri;
2860 4516 3195 4587 quapropter
3268 4520 3514 4576 Christus

1921 4586 2097 4645 dixit:
2133 4590 2254 4645 Nisi
2309 4590 2428 4662 quis
2476 4591 2811 4662 renascatur
2844 4586 2927 4662 ea:
2981 4604 3130 4659 aqua
3183 4594 3239 4645 et
3291 4590 3513 4662 Spiritu

1922 4665 2134 4724 sancto,
2184 4676 2300 4715 non
2319 4660 2513 4732 potest
2560 4660 2801 4732 introire
2830 4660 2893 4714 in
2922 4675 3164 4730 regnum
3201 4660 3514 4729 caelorum;

1927 4734 2102 4802 itaqne
2124 4732 2301 4786 omnis
2328 4730 2507 4786 anima
2527 4745 2769 4800 cousque
2787 4730 3030 4802 inAdam
3052 4739 3319 4802 censetur,
3340 4734 3513 4787 donec

1922 4803 1980 4857 in
2016 4800 2238 4858 'Christo
2270 4814 2612 4858 reccnseatur
2642 4816 2658 4856 :
2695 4800 2894 4854 tamdiu
2926 4800 3223 4867 immunda,
3254 4802 3514 4872 quamdiu

1924 4884 2283 4929 recenseatur.
2313 4874 2431 4927 Jam
2460 4888 2589 4928 vero
2618 4872 2672 4926 in
2701 4873 2872 4926 Adam
2918 4872 3204 4936 recenseri,
3236 4888 3345 4926 non
3397 4884 3513 4927 tan-

1927 4955 2039 4999 tum
2070 4953 2149 5015 est
2178 4959 2299 5015 esse
2336 4944 2389 4997 in
2420 4943 2633 4998 miseria
2662 4950 2713 4998 et
2743 4958 2920 5015 poena,
2957 4943 3306 5015 sediinsuper
3352 4943 3515 4999 etiam

1924 5016 1980 5070 in
2011 5014 2312 5080 maledicto,
2347 5016 2398 5068 in
2437 5015 2797 5082 damnatione,
2832 5015 2884 5086 in
2932 5014 3249 5086 perditione,
3284 5014 3337 5068 in
3384 5032 3514 5084 pec-

1924 5095 2042 5143 cato
2069 5102 2085 5155 ;
2112 5096 2272 5156 atque
2303 5093 2586 5157 prepterea
2614 5084 2893 5154 subiungit
2923 5084 2945 5141 ἐ
2975 5087 3166 5143 Omnis
3197 5088 3397 5143 anima
3433 5091 3516 5144 est

1922 5160 2242 5231 peccatrix,
2292 5156 2422 5229 quia
2467 5156 2784 5231 immunda,
2826 5160 2882 5211 et
2932 5157 3135 5213 tandiu
3188 5167 3367 5231 manet
3408 5159 3517 5213 im-

1924 5228 2160 5295 munda,
2207 5228 2380 5283 donec
2426 5243 2525 5299 per
2572 5228 2894 5297 baptismum
2946 5240 3257 5297 regenerata
3295 5230 3383 5285 sit.
3416 5231 3514 5285 Sa-

1926 5307 2261 5356 cramentum
2305 5300 2407 5354 hoc
2452 5314 2559 5352 non
2618 5299 2760 5354 tollit
2816 5309 3068 5365 mortem,
3119 5315 3227 5355 non
3284 5300 3515 5355 radicem

1926 5372 2398 5442 concupiscentire.
2449 5370 2513 5442 Si
2552 5369 2717 5441 igitur
2764 5370 3064 5439 baptismus
3110 5370 3286 5442 aufert
3323 5369 3518 5442 anima:

1928 5440 2223 5519 maculam,
2275 5458 2395 5496 eam
2443 5440 2625 5519 utiqie
2682 5443 2908 5511 peccati,
2953 5458 3112 5513 quam
3168 5440 3259 5495 illa
3298 5440 3518 5519 dicente

1932 5513 2263 5569 Tertulliano
2306 5530 2403 5584 per
2432 5514 2685 5584 unionem
2715 5526 2838 5565 cum
2874 5527 3033 5567 carne
3071 5513 3355 5574 contraxit,
3386 5523 3521 5584 cau-

1932 5601 1992 5639 sa
2028 5578 2480 5653 concupiscentiae
2511 5582 2849 5653 inordinate,
2879 5596 2985 5652 qua
3023 5595 3152 5637 caro
3183 5578 3519 5651 concupiscit

1932 5664 2122 5712 contra
2170 5652 2441 5727 spiritum,
2481 5669 2667 5726 quaeve
2711 5652 2839 5709 facit
2874 5667 3091 5709 carnem
3141 5653 3514 5723 peccatricem,

3278 5751 3349 5811 23
