4016 6188
476 368 582 429 715
1149 355 1597 422 TERTULLIANI
1634 353 1906 417 OPERUM
1941 351 2109 413 PARS
2144 352 2215 412 II.
2254 382 2327 396 —
2362 347 2592 411 SERIES
2645 349 2692 421 Ι,
2734 348 3078 413 POLEMIGA.
3653 342 3757 401 716

476 509 601 551 mus
628 490 678 531 7"
706 506 867 564 quam
895 506 926 546 a
954 490 1067 547 Deo
1095 489 1274 544 anima
1300 496 1484 544 nostra
1525 484 1716 542 sortita
1765 492 1865 553 est,
1908 499 2061 554 aeque
2095 467 2140 546 Α
2173 478 2392 551 (Matth.
2433 477 2561 537 xui)
2608 492 2895 536 avenarum
2940 472 3509 546 superseminatorem,
3543 477 3599 526 et
3644 469 3757 526 fru-

473 581 785 638 irrationale
828 581 896 636 de
940 581 1053 636 Deo
1100 578 1225 649 erit,
1254 586 1441 649 utpote
1488 574 1744 640 naturale,
1786 574 1912 644 quia
1966 587 2061 625 na-
2170 567 2443 624 me'ntarize
2469 567 2671 640 segetis
2700 575 3016 624 nocturnum
3047 563 3507 635 interpolatorem.

474 680 610 728 turae
656 672 803 726 Deus
840 680 1026 726 auctor
1054 678 1153 725 est.
1189 668 1293 723 Sed
1324 667 1467 721 enim
1505 683 1535 720 a
1563 664 1776 720 diabolo
1803 660 2064 717 immissio

474 761 695 827 delicti;
727 758 1037 814 irrationale
1076 766 1255 812 autem
1302 771 1460 812 omne
1516 754 1771 809 delictum
1826 770 1841 807 :
1899 750 2065 824 igitur
2768 711 2988 768 CAPUT
3025 710 3190 767 XVII-

478 865 510 904 a
542 848 759 904 diabolo
798 846 1124 915 irrationale,
1157 862 1186 899 a
1227 860 1333 917 quo
1364 851 1418 898 et
1446 842 1724 912 delictum;
1756 847 2066 896 extraneum
2247 837 2522 909 Contingit
2577 853 2678 893 nos
2733 836 2944 892 illorum
3000 832 3160 891 etiam
3214 831 3452 905 quinque
3501 846 3763 888 sensuum

477 953 508 992 a
562 940 705 1009 Deo,
764 953 794 992 a
849 952 958 1008 quo
1013 945 1095 992 est
1153 933 1458 990 irrationale
1526 932 1776 987 alienum.
1836 928 2067 984 Proinde
2174 926 2423 1000 quaestio,
2455 942 2593 998 quos
2639 927 2692 981 in
2740 926 2926 996 primis
2973 923 3164 979 litteris
3200 922 3476 994 discimus,
3506 920 3765 993 quoniam

478 1026 761 1082 diversitas
806 1028 998 1082 horum
1051 1040 1118 1079 ex
1165 1022 1415 1078 distantia
1460 1029 1758 1077 auctorum.
1807 1017 2066 1084 Proinde,
2168 1024 2227 1071 et
2262 1015 2632 1086 hinc.aliquid
2679 1014 2945 1069 haereticis
2991 1019 3331 1082 procuratur.
3381 1010 3540 1065 Visus
3576 1018 3687 1075 est,
3719 1016 3767 1065 et

478 1131 598 1171 cum
654 1115 844 1182 Plato,
902 1113 1002 1168 soli
1059 1115 1174 1168 Deo
1238 1127 1532 1184 segregans
1601 1108 1901 1177 rationale,
1958 1106 2069 1162 duo
2176 1105 2412 1170 auditus,
2456 1112 2508 1158 et
2550 1103 2824 1171 odoratus,
2874 1111 2928 1157 et
2971 1108 3178 1176 gustus,
3213 1109 3264 1156 et
3313 1107 3506 1157 tactus.
3558 1100 3771 1155 Horum

479 1220 678 1276 genera
733 1202 1027 1258 subdividit
1085 1218 1151 1255 ex
1208 1200 1474 1259 rationali.
1509 1196 1892 1269 indignativum
1923 1197 2068 1267 quod
2177 1190 2335 1247 ﬁdem
2360 1191 2666 1247 Academici
2697 1191 2884 1245 durius
2924 1190 3214 1255 damnant;
3246 1188 3548 1244 secundum
3598 1203 3770 1261 quos-

480 1292 752 1362 appellant
803 1290 1001 1362 θυμικὸν
1027 1333 1040 1357 ,
1091 1288 1619 1359 concupiscentivum
1674 1285 1819 1359 quod
1878 1290 2071 1347 vocant
2178 1280 2323 1346 dam,
2355 1286 2409 1334 et
2437 1279 2758 1344 Heraclitus,
2780 1287 2833 1336 et
2860 1279 3093 1344 Diocles,
3125 1285 3178 1334 et
3203 1278 3594 1347 Empedocles;
3626 1285 3778 1334 certe

481 1378 840 1451 ὲπιθυμητικὸν,
883 1387 940 1433 ut
994 1377 1124 1433 illud
1179 1376 1397 1448 quidem
1456 1390 1737 1431 commune
1785 1373 1854 1429 sit
1915 1372 2071 1428 nobis
2176 1368 2327 1423 Plato
2365 1368 2419 1423 in
2465 1370 2681 1432 Timaeo,
2718 1366 3079 1424 irrationalem
3130 1366 3483 1439 pronuntians
3534 1364 3587 1405 ’³⁷
3645 1381 3781 1421 sen-

482 1477 537 1524 et
590 1469 885 1533 leonibus,
946 1466 1087 1523 istud
1146 1480 1276 1521 vero
1342 1480 1463 1521 cum
1520 1463 1754 1532 muscis,
1814 1460 2072 1517 rationale
2180 1456 2504 1527 sualitatem,
2535 1465 2586 1512 et
2614 1456 2859 1527 Opinioni
2891 1454 3293 1527 coimplicitam.
3327 1455 3510 1526 Itaque
3536 1454 3786 1510 menda-

480 1570 643 1627 porro
672 1572 792 1611 cum
817 1557 970 1625 Deo;
1011 1555 1167 1612 video
1197 1560 1252 1610 et
1290 1554 1357 1608 de
1388 1556 1491 1609 hoc
1536 1550 1669 1606 mihi
1709 1566 1826 1605 esse
1863 1557 2069 1605 retrac-
2180 1546 2321 1602 cium
2375 1546 2513 1602 visui
2559 1545 2828 1616 objicitur,
2871 1546 3014 1616 quod
3052 1559 3232 1600 remos
3275 1545 3329 1599 in
3369 1560 3505 1615 aqua
3536 1544 3789 1600 inﬂexus

480 1646 724 1708 tandum,
771 1653 986 1714 propter
1024 1659 1089 1698 ea
1137 1630 1256 1713 quae
1293 1641 1346 1696 in
1388 1641 1598 1696 Christo
1648 1638 2067 1709 deprehendun-
2180 1633 2266 1691 vel
2311 1633 2567 1690 infractos
2613 1634 2890 1690 adseverat
2927 1632 3185 1689 adversus
3219 1633 3606 1688 conscientiam
3640 1632 3792 1688 inte-

482 1742 591 1789 tur.
619 1733 758 1789 Ecce
786 1732 930 1787 enim
960 1738 1070 1787 tota
1099 1732 1214 1786 haec
1239 1729 1470 1784 Trinitas
1497 1730 1577 1798 (9)
1602 1733 1656 1781 et
1683 1725 1737 1780 in
1782 1725 2011 1782 Domino
2054 1742 2067 1778 :
2107 1775 2145 1798 κ
2180 1723 2408 1796 gritatis,
2436 1724 2581 1795 quod
2630 1730 2833 1778 turrem
2878 1721 3354 1795 quadrangulatam
3382 1722 3450 1776 de
3478 1722 3796 1795 longinquo

485 1775 591 1789 .....
619 1775 757 1789 ..υνν
787 1775 930 1787 -....-.
962 1775 1070 1787 ω...
1101 1775 1214 1786 ..νυν
1248 1775 1470 1784 um-“
1498 1775 1577 1798 μ,
1605 1775 1655 1781 --
1683 1775 1737 1780 -_
1783 1775 2006 1782 ---η-η-
2057 1775 2066 1778 -
2441 1775 2567 1795 τνρ
3168 1775 3207 1776 η
3394 1775 3441 1776 η
3607 1775 3659 1777 _,
3686 1775 3789 1793 Γῆ

482 1822 741 1877 rationale
794 1835 902 1892 quo
949 1819 1129 1889 docet,
1170 1833 1278 1889 quo
1333 1818 1382 1855 75
1428 1815 1660 1881 disserit,
1719 1829 1827 1886 quo
1882 1813 2074 1870 salutis
2105 1775 2147 1853 Β
2179 1812 2463 1866 rotundam
2493 1811 2832 1881 persuadeat,
2861 1810 3005 1881 quod
3037 1775 3457 1882 aequalissimam
3497 1775 3797 1881 po:ticum

483 1911 600 1965 vias
629 1908 821 1964 sternit
853 1925 866 1961 :
900 1906 1315 1981 iudignativum,
1344 1920 1451 1976 quo
1482 1904 1749 1959 invehitur
1779 1903 1834 1956 in
1860 1902 2073 1958 Scribas
2179 1900 2546 1970 angustiorem
2588 1900 2644 1954 in
2692 1899 2879 1956 ultimo
2915 1898 3158 1965 infamet,
3188 1897 3333 1970 quod
3378 1898 3573 1955 coelum
3628 1907 3799 1959 tanta

484 2007 540 2054 et
590 1998 928 2063 Pharisa-os;
977 2004 1031 2050 et
1079 1993 1649 2065 concupiscentivum,
1708 2006 1816 2063 quo
1873 1992 2075 2061 pascha
2177 1988 2502 2045 sublimitate
2530 2004 2852 2060 suspensum
2890 1988 3024 2043 mari
3047 1988 3259 2061 jungat.
3292 1987 3523 2042 Perinde
3555 1988 3797 2045 auditus

483 2102 609 2141 cum
656 2084 931 2155 discipulis
978 2082 1095 2140 suis
1131 2083 1294 2139 edere
1341 2081 1699 2153 concupiscit.
1734 2080 1904 2151 Igitur
1930 2078 2072 2150 apud
2180 2078 2403 2134 fallacia:
2448 2094 2615 2133 reus:
2666 2086 2724 2134 ut
2768 2094 2894 2135 cum
2931 2077 3148 2135 caeleste
3197 2092 3440 2133 murmur
3489 2084 3800 2150 putamus,

484 2189 588 2229 nos
630 2188 738 2228 non
787 2188 1001 2241 semper
1043 2187 1109 2226 ex
1144 2170 1437 2227 irrationali
1478 2169 1745 2227 censenda
1779 2175 1902 2223 sunt
1930 2166 2071 2221 indi-
2181 2174 2234 2222 et
2282 2168 2580 2239 plaustrum
2628 2176 2747 2237 est;
2778 2168 2863 2225 vel
2896 2169 3091 2223 tonitru
3131 2168 3443 2237 meditante,
3488 2183 3590 2238 pro
3632 2181 3798 2228 certo

484 2261 761 2336 gnativum
792 2268 846 2315 et
883 2260 1436 2331 concupiscentivum,
1465 2275 1584 2329 qum
1623 2257 1757 2312 certi
1803 2272 1989 2311 sumus
2019 2256 2073 2310 in
2182 2258 2249 2311 de
2310 2256 2551 2326 plaustro
2623 2258 2894 2313 credimus
2949 2256 3200 2312 sonitum.
3261 2257 3351 2313 Sic
3402 2265 3457 2312 et
3514 2258 3799 2315 odoratus

484 2348 777 2405 Dominum
819 2348 870 2386 76
909 2347 1236 2403 rationaliter
1274 2346 1666 2402 decucurrisse.
1702 2343 2075 2415 Indignabitur
2180 2352 2234 2401 et
2275 2350 2463 2418 gustus
2508 2353 2844 2417 arguuntur,
2904 2344 3168 2417 siquidem
3225 2346 3413 2401 eadem
3463 2352 3796 2418 unguenta,

485 2439 629 2494 Deus
670 2437 1004 2493 rationaliter
1059 2436 1196 2508 (10),
1256 2435 1456 2508 quibus
1520 2434 1724 2491 scilicet
1779 2432 1959 2502 debet,
2019 2437 2075 2487 et
2180 2435 2475 2508 eademque
2500 2435 2644 2503 vina,
2668 2434 2971 2507 posteriore
2998 2450 3217 2507 quoque
3245 2451 3348 2492 usu
3376 2435 3792 2506 depretiantur.

483 2526 834 2599 concUpiscet
864 2527 1013 2583 Deus
1040 2524 1372 2580 rationaliter
1398 2539 1519 2595 quae
1558 2523 1724 2595 digna
1762 2530 1888 2576 sunt
1932 2520 2070 2588 ipso.
2181 2524 2266 2579 Sic
2306 2532 2358 2579 et
2396 2532 2568 2581 tactus
2613 2524 3036 2595 reprehenditur,
3068 2524 3333 2596 siquidem
3377 2523 3565 2581 eadrm
3634 2528 3800 2598 pavi-

482 2617 618 2672 Nam
646 2624 697 2671 et
725 2616 868 2671 malo
897 2612 1293 2687 indignabitur,
1330 2624 1383 2666 et
1415 2613 1555 2667 bono
1601 2611 1944 2680 concupiscet
1987 2625 2075 2663 sa-
2183 2622 2363 2669 menta
2391 2616 2639 2669 manibus
2672 2613 2968 2685 asperiora,
3002 2613 3230 2686 pedibus
3273 2615 3487 2671 laeviora
3534 2616 3792 2672 credun-

486 2705 674 2761 lutem.
728 2706 833 2760 Dat
887 2713 941 2759 et
1006 2701 1302 2774 Apostolus
1366 2701 1525 2757 nobis
1580 2699 2075 2773 concupiscentiam
2183 2709 2306 2767 tur;
2353 2711 2405 2758 et
2454 2702 2508 2757 in
2555 2703 2799 2769 lavacris,
2828 2702 2975 2758 idem
3022 2702 3208 2759 calidae
3245 2703 3392 2758 lacus
3428 2702 3791 2761 ferventissi-

490 2793 545 2865 (Ι
588 2795 729 2849 Tim.
778 2809 858 2862 ιιι,
896 2794 948 2863 1)
981 2811 996 2849 :
1029 2794 1090 2850 Si
1137 2792 1264 2863 quis
1293 2791 1674 2865 episcopatum
1701 2790 2072 2862 concupiscit,
2184 2809 2303 2848 mus
2358 2791 2564 2863 primo,
2610 2790 2811 2847 dehinc
2873 2791 3353 2864 temperatissimus
3418 2791 3792 2850 renuntiatur.

485 2885 692 2940 bonum
740 2900 876 2955 opus
922 2883 1308 2953 concupiscit;
1339 2890 1391 2935 et
1434 2880 1640 2936 bonum
1683 2896 1818 2951 opus
1867 2878 2075 2944 dicens,
2184 2881 2359 2948 Adeo,
2409 2880 2678 2952 inquiunt,
2710 2880 2787 2937 sic
2829 2896 3046 2953 quoque
3071 2876 3308 2936 fallimur
3343 2880 3618 2947 sensibus,
3659 2881 3796 2938 dum

483 2970 803 3026 rationalem
860 2968 1347 3038 concupiscentiam
1404 2968 1658 3024 ostendit.
1718 2967 1977 3023 Concedit
2027 2975 2080 3023 et
2187 2968 2484 3025 sententias
2531 2968 2815 3024 vertimus.
2874 2968 3237 3025 Moderantius
3287 2968 3451 3025 Stoici
3500 2970 3623 3040 (12)
3685 2987 3794 3028 non

488 3057 953 3130 indignationem;
1011 3056 1236 3129 quidni,
1300 3074 1460 3129 quam
1515 3067 1569 3111 et
1622 3057 1740 3128 ipse
1796 3055 2078 3128 suscepit?
2112 3059 2155 3137 ε
2187 3072 2401 3113 omnem
2446 3073 2683 3122 sensum,
2735 3072 2834 3112 nec
2887 3072 3118 3128 semper,
3177 3057 3248 3112 de
3308 3056 3585 3113 mendacio
3657 3073 3795 3115 one-

491 3148 715 3204 Utinam
755 3149 809 3201 et
845 3144 1238 3219 praecidantur
1266 3145 1403 3215 (11),
1434 3144 1603 3215 inquit
1631 3145 1845 3214 (Galat.
1877 3161 1930 3210 v,
1967 3143 2075 3214 12),
2191 3155 2326 3202 rant.
2384 3145 2628 3217 Epicurei
2685 3145 3017 3201 constantius
3066 3161 3251 3216 parem
3301 3145 3559 3202 omnibus
3613 3154 3797 3219 atque

487 3235 587 3309 qui
622 3251 714 3292 vos
761 3233 1128 3291 subvertant!
1156 3233 1453 3289 Rationalis
1500 3243 1555 3287 et
1595 3233 1915 3304 indignatio,
1955 3248 2078 3304 quae
2192 3222 2501 3306 perpétuam
2526 3233 2700 3290 675
2728 3233 3027 3290 defendunt
3052 3235 3348 3303 veritatem,
3388 3234 3481 3290 sed
3507 3234 3612 3289 alia
3647 3237 3791 3293 via:

489 3340 555 3380 ex
586 3323 783 3381 affectu
812 3323 1112 3395 disciplinae
1139 3331 1240 3380 est.
1262 3321 1627 3378 Atcumdicit
1651 3322 1873 3393 (Ephcs.
1896 3337 1956 3390 ιι,
1980 3321 2074 3389 3):
2186 3339 2293 3379 non
2328 3326 2469 3378 enim
2500 3338 2719 3378 sensum
2756 3323 2990 3389 mentiri,
3022 3323 3118 3378 sed
3165 3324 3510 3395 oplnionem:
3556 3340 3795 3382 sensum

491 3415 734 3470 Fuimus
762 3411 1072 3483 aliquando
1092 3417 1307 3467 natura
1337 3410 1584 3482 ﬁliiiraa,
1611 3409 1918 3464 irrationale
1944 3408 2079 3462 indi-
2185 3413 2326 3467 enim
2376 3413 2504 3481 pati,
2536 3426 2645 3467 non
2686 3411 2936 3481 opinari;
2985 3412 3215 3467 animam
3262 3413 3406 3468 enim
3451 3413 3502 3450 73
3533 3413 3789 3484 opinari.

489 3504 767 3577 gnativum
816 3501 1089 3573 suggillat,
1118 3501 1261 3574 quod
1301 3516 1410 3555 non
1449 3499 1518 3553 sit
1550 3514 1617 3554 ex
1647 3514 1710 3553 ea
1739 3506 1929 3552 natura
1960 3514 2080 3569 quae
2187 3499 2551 3555 Abscidcrunt
2595 3509 2648 3556 et
2694 3501 3007 3570 opinionem
3038 3518 3068 3556 a
3114 3517 3297 3567 sensu,
3343 3511 3398 3557 et
3441 3517 3673 3557 sensum
3731 3505 3796 3559 ab

488 3609 520 3648 a
548 3594 660 3648 Deo
690 3601 795 3657 est,
822 3588 998 3647 674
1027 3591 1124 3644 sed
1153 3606 1219 3646 ex
1248 3590 1339 3643 illa
1365 3604 1523 3661 quam
1561 3587 1804 3643 diabolus
1849 3587 2076 3655 induxit,
2185 3589 2383 3644 anima.
2434 3589 2497 3643 Et
2539 3589 2682 3643 unde
2728 3590 2934 3660 Opinio,
2970 3589 3015 3645 si
3052 3605 3159 3646 non
3211 3607 3243 3644 a
3292 3591 3505 3646 sensu?
3532 3591 3798 3665 Denique

489 3680 743 3738 dominus
773 3688 828 3734 et
854 3681 970 3748 ipse
998 3678 1173 3732 dictus
1200 3678 1423 3749 (Matth.
1460 3692 1538 3741 γι,
1572 3676 1663 3747 24)
1692 3676 1778 3732 sui
1827 3675 2031 3730 ordinis
2061 3695 2079 3731 :
2187 3678 2292 3733 nisi
2335 3679 2486 3735 visus
2532 3677 2817 3734 rotundam
2863 3679 3089 3735 senserit
3133 3688 3355 3751 turrem,
3396 3679 3545 3736 nulla
3588 3682 3797 3752 opinio

490 3769 613 3824 Non
646 3768 883 3838 potestis
922 3766 1130 3823 duobus
1160 3766 1404 3823 dominis
1431 3766 1680 3833 servire;
1710 3772 1861 3834 pater
1884 3771 1934 3818 et
1971 3764 2083 3832 ipse
2188 3765 2547 3823 rotunditatis.
2579 3767 2647 3821 Et
2674 3767 2818 3823 unde
2847 3784 3062 3836 sensus,
3094 3770 3139 3824 si
3168 3784 3276 3826 non
3312 3770 3382 3825 ab
3411 3769 3590 3825 anima
3609 3770 3643 3825 ’Τ
3680 3773 3799 3827 De-

489 3855 904 3927 cOgnominatus
927 3855 1106 3921 (Joan.
1136 3869 1259 3920 vui,
1291 3853 1421 3924 54):
1464 3854 1556 3909 Vos
1586 3870 1656 3911 ea:
1676 3850 1890 3910 diabolo
1917 3857 2082 3927 patre
2187 3854 2351 3927 nique
2378 3870 2566 3912 carens
2593 3854 2773 3910 anima
2798 3871 3015 3927 corpus,
3048 3858 3251 3914 carebit
3277 3865 3331 3913 et
3367 3873 3549 3914 sensu.
3608 3860 3700 3914 [ta
3745 3866 3806 3916 et

490 3944 627 4002 estis
658 3962 675 3998 :
706 3957 775 3996 ne
803 3940 994 3995 timeas
1021 3949 1075 3996 et
1100 3939 1179 3995 illi
1215 3942 1599 4012 prOprietatem
1628 3949 1832 3996 naturae
1861 3941 2084 3997 alterius
2190 3957 2387 3999 sensus
2430 3959 2498 4000 ex
2534 3942 2711 3999 anima
2740 3951 2844 4015 est,
2886 3952 2944 4001 et
2990 3944 3174 4018 Opinio
3215 3962 3282 4004 ex
3308 3962 3493 4016 sensu,
3522 3955 3581 4004 et
3606 3946 3806 4003 anima

492 4030 803 4087 adscribere
826 4072 842 4101 ,
900 4029 1215 4100 posterioris
1273 4038 1327 4087 et
1380 4029 1659 4099 adulterae,
1720 4046 1881 4102 quem
1943 4030 2081 4106 legis
2189 4039 2378 4088 totum.
2440 4033 2708 4090 Caeterum
2761 4033 2965 4106 Optime
3014 4044 3366 4108 prOponetur,
3425 4051 3544 4092 esse
3599 4036 3808 4111 utique

1858 4137 2051 4202 Variae
2110 4144 2421 4204 lectiones.

564 4236 616 4275 ⁷⁸
634 4234 1286 4319 Adscgipserirnus'Pam.
1316 4236 1490 4319 Rhea:
1514 4216 1696 4319 ἐφη.
1718 4235 1788 4319 λδ
1814 4234 1948 4306 Qum
1975 4239 2147 4297 Fran.
2177 4240 2340 4297 Pam.
2392 4237 2443 4279 ’³6
2487 4238 2720 4297 Domino
2764 4242 2921 4298 Pam.
2956 4244 3159 4300 Franc.
3192 4240 3241 4281 7"
3271 4242 3587 4302 Pronuntiat
3626 4246 3803 4303 Pam.

495 4308 671 4368 Rhen.
706 4308 753 4345 ⁷8
769 4307 927 4363 Enim
954 4307 1063 4365 del.
1089 4308 1218 4364 Jun.
1261 4322 1370 4363 non
1415 4307 1685 4380 add.Rig.
1718 4309 1843 4366 Ven.

1886 4379 2385 4447 Commentarius.

486 4485 1196 4583 .ant‘equamfsienpossit.
1236 4486 1339 4583 Enil
1370 4501 1607 4583 omnem“
1634 4484 1960 4567 theologiam
2015 4486 2085 4542 de
2117 4506 2162 4583 η
2193 4488 2577 4583 iram‘prgprie
2603 4491 2727 4583 Deo
2744 4490 2989 4583 videatur
3017 4491 3330 4550 attribuere.
3361 4494 3501 4551 Pan.

490 4551 716 4641 peccato
763 4551 1022 4639 originali
1048 4551 1352 4641 clarissime.
1369 4557 1665 4641 expositam
1715 4573 1727 4610 :
1758 4551 1845 4641 αι’
1857 4557 2083 4639 primum
2117 4551 2162 4583 ¹¹
2265 4551 2728 4641 (11)“υὲξηαγη-ει
2753 4563 3172 4635 prazcidantur.
3204 4566 3320 4622 Hoc
3348 4568 3401 4621 in
3428 4566 3653 4624 Iudaeos
3686 4578 3806 4626 ιοιι-

495 4630 776 4701 peccatum
821 4630 876 4684 in
922 4630 1162 4711 omnium
1210 4630 1485 4711 hominum
1525 4635 1767 4684 naturam
1805 4630 2086 4711 transmis-
2198 4630 2572 4711 quet_'Paul_us
2619 4630 2804 4711 Epist.
2852 4635 2925 4691 ad
2967 4636 3219 4711 Gatatas,
3247 4652 3367 4708 cap.
3399 4654 3478 4694 νε
3538 4640 3778 4697 Utinam

432 4724 455 4733 ε
496 4683 671 4783 sum:
704 4718 769 4756 en
799 4701 1241 4783 propag‘ationem
1282 4699 1423 4783 illius
1465 4714 1565 4779 per
1596 4697 2088 4783 concupiscentiam
2196 4683 2390 4771 ijnquit,
2413 4683 3807 4783 aii—60s}?

498 4772 715 4855 carnis:
760 4769 833 4855 en.
860 4769 1256 4855 remissionem
1296 4771 1436 4825 illius
1483 4770 1540 4825 in
1596 4769 1895 4840 Baptismol
1948 4769 2089 4839 Quid
2198 4769 2475 4855 reuocant,
2491 4792 2608 4855 ngn
2625 4779 2867 4855 tanturn
2880 4769 3391 4855 circumciduntur,
3407 4781 3501 4837 sed
3519 4786 3580 4836 ct
3597 4769 3809 4853 praeci-

498 4843 969 4924 u'tariuaadiuasi
1001 4842 1442 4924 Palast.lLU!P.-..
1646 4910 1658 4921 .
1730 4910 1741 4921 .
1882 4913 1893 4924 .
1978 4912 1990 4923 .

2197 4844 2413 4924 dantur
2466 4865 2482 4899 :
2528 4845 2749 4924 ’ζοφελὸν
2796 4848 2878 4924 καῇ
2931 4848 3281 4924 ἀποξιόψςινται.
3347 4842 3777 4922 Chrysostomus

572 4917 668 4994 (9)·
705 4898 832 4971 Tota
870 4898 1289 4993 hgzc'frinitas.
1319 4911 1534 4992 Scilicet
1561 4910 1942 4994 ratiocinantis,
1976 4912 2086 4994 ira-

2248 4898 2759 4994 ,"..',.._.,,.t_.s.;.a
2805 4898 3173 4994 statim;
3192 4898 3281 4975 at
3314 4898 3800 4994 ascanius:

499 4983 700 5066 scentis
731 4994 797 5066 ‘et
833 4983 1508 5066 concupiscenjisdanirnaa
1548 4983 1751 5066 triplex
1785 4985 2089 5066 .munusin
2194 4983 2264 5042 Et
2309 4983 3139 5066 apud‘Primasium'Uticensem
3173 5011 3186 5047 :
3225 5014 3251 5044 α
3282 4983 3404 5050 Non
3453 4996 3632 5050 solum
3683 5001 3802 5052 cir-

500 5055 804 5125 Evangelio
832 5054 1098 5138 iudicatur
1128 5072 1139 5111 :
1184 5055 1482 5138 Eationalis
1504 5062 1563 5133 _et
1585 5054 1848 5138 docentis,
1882 5056 2083 5138 Ιέζαξξζι.
2195 5054 2587 5138 cumcidantur,
2620 5062 2714 5138 sed
2742 5064 2904 5138 etiam
2933 5064 3332 5135 abscindantur,
3366 5066 3413 5121 si
3462 5066 3802 5138 exspoliatio

499 5140 579 5180 vu
640 5107 696 5182 δῖ
732 5141 878 5207 ,Χιιις
936 5125 1265 5207 indignantis
1330 5141 1425 5181 seu
1487 5107 1819 5207 irascentis,
1832 5107 1847 5122 ’
2933 5107 3332 5135 "wn-“um,

500 5212 682 5273 3x111;
716 5197 1072 5251 desiderantis
1115 5197 1225 5252 sive
1271 5197 1717 5267 concupiscentia,
1750 5200 1916 5257 Lucae
1954 5214 2084 5254 xxii.
2269 5202 2381 5273 (12)
2415 5197 2795 5260 Moderantius
2826 5206 3018 5263 Stoici.
3047 5208 3249 5264 Sensus
3275 5224 3434 5265 veros
3462 5225 3587 5265 esse
3618 5209 3796 5265 Stoici

500 5267 683 5353 Lac.“
730 5341 748 5353 '
813 5338 847 5353 μ
965 5338 977 5353 ¹
1005 5341 1037 5353 η
1154 5341 1189 5353 ἢ
1401 5339 1438 5353 Η
1739 5341 1789 5353 m
1823 5341 1835 5352 ε
1883 5348 1891 5353 Δ
2196 5267 2578 5353 prenuntiant;
2610 5276 2913 5353 phantasias
2942 5294 3075 5353 vero
3102 5278 3239 5332 alias
3276 5296 3429 5353 veras
3470 5296 3617 5353 esse,
3661 5281 3796 5336 alias

575 5338 1119 5422 (inIadignabAzitur,
1146 5341 1288 5396 Deus
1313 5339 1707 5422 rationaliter.
1738 5341 1791 5397 Si
1823 5340 2089 5422 intelliga-
2196 5338 2479 5422 i‘al_sas,_ut_
2513 5338 2691 5403 monet
2716 5347 3043 5422 Plutarchus
3071 5365 3191 5420 cap.
3225 5354 3279 5416 9,
3313 5351 3407 5405 lib.
3439 5368 3497 5407 iv
3544 5338 3617 5409 dé
3662 5352 3791 5408 Ρια-

505 5418 591 5468 tur
631 5412 787 5495 istud
838 5411 1232 5495 bypothehcos,
1281 5411 1450 5495 sicuti
1491 5412 1771 5495 S'criptura
1819 5411 2084 5495 loquitur,
2198 5416 2345 5471 citis.
2376 5415 2646 5488 Epicurus
2678 5419 3008 5495 phantasiam
3039 5411 3581 5494 omnem'sensusque
3603 5436 3791 5479 omnes

502 5484 645 5565 quod
666 5482 977 5565 indignatio
1000 5482 1226 5565 Deipro
1255 5482 1489 5565 vindicta
1517 5482 1625 5565 Dei
1661 5487 1922 5565 sumatur,
1954 5482 2086 5565 nihil
2200 5501 2355 5565 veros
2382 5482 2503 5544 esse
2525 5482 2753 5545 asseruit
2776 5507 2789 5558 ;
2812 5490 3098 5560 opiniones
3128 5509 3256 5550 vero
3285 5493 3415 5548 alias
3451 5482 3631 5565 voras,
3661 5494 3793 5549 alias

502 5539 680 5632 obstat
706 5539 826 5611 eam
859 5539 1229 5632 Deo_attri'b_ui
1275 5554 1530 5632 :_alicubi
1570 5565 1779 5632 tamen
1806 5539 2087 5632 adnotavi:
2198 5539 2502 5632 ρὸὶίίιέῷξ
2527 5539 3254 5632 iih'gdé'iphh‘ciehiéuiéiﬁ
3280 5539 3436 5623 X13}.
3462 5539 3797 5623 siin-{233;

503 5642 624 5683 mus
661 5626 802 5684 inter
840 5625 1112 5700 paradoxa
1144 5625 1457 5684 Tertulliani
1501 5625 1896 5694 collocandum,
1942 5627 2089 5698 quod

1350 5626 1457 5682 iani
1501 5625 1896 5694 collocandum,
1942 5627 2090 5698 quod
2195 5630 2282 5702 θρα
2311 5634 2396 5700 τῆς
2422 5625 2705 5705 ἐπιστήμης.
2729 5625 2807 5690 Li:
2836 5632 2934 5690 Pa.
