4016 6188
283 325 388 386 717

1644 321 1838 382 LIBER
1875 319 1958 379 DE
1991 319 2220 378 ANIMA.

3469 333 3573 391 718

281 451 504 524 aliquid,
535 452 684 524 quod
727 447 924 508 efficiat
966 447 1122 504 aliter
1165 445 1296 518 quid
1336 461 1366 502 a
1394 447 1644 504 sensibus
1672 463 1871 504 renun-
1901 439 1948 518 Α
1979 447 2115 520 ipsze
2160 463 2337 504 causae
2385 448 2600 504 infamia
2640 450 2953 522 liberantur,
2981 463 3182 526 quanto
3225 459 3398 532 magis
3443 475 3575 516 sen-

283 541 420 608 tiari,
454 556 612 612 quam
644 538 714 594 sit
752 537 803 592 in
855 538 1035 594 rebus.
1067 537 1234 592 Porro
1272 535 1316 592 si
1367 545 1540 607 potest
1581 537 1634 592 id
1665 554 1869 610 renun-

284 629 402 686 tiari
433 629 582 700 quod
617 643 726 683 non
765 626 834 680 sit
865 627 914 678 in
961 627 1141 690 rebus,
1175 642 1270 682 cur
1299 641 1406 681 non
1456 624 1678 697 perinde
1710 627 1874 695 possit

283 735 380 790 per
407 717 462 772 id
503 716 812 772 renuntiare
851 717 994 788 quod
1035 731 1144 770 non
1183 715 1252 771 sit
1289 715 1344 769 in
1387 717 1657 781 sensibus,
1689 719 1786 772 sed
1823 717 1874 770 in

281 805 362 860 eis
391 805 696 860 rationibus
725 821 845 876 quae
893 804 1254 861 intervenient
1281 821 1380 858 suo
1410 804 1666 859 nomine?
1693 805 1872 876 Atque

280 896 418 949 adeo
447 893 634 949 licebit
663 909 752 950 eas
803 892 1141 968 recognosci.
1175 893 1314 948 Nam
1343 900 1400 946 ut
1431 891 1485 946 in
1520 908 1664 963 aqua
1692 909 1873 948 remus

281 981 536 1036 inﬂlexus
567 981 680 1048 (13)
715 980 798 1034 vel
837 979 1102 1036 infractus
1149 987 1425 1050 appareat,
1459 996 1598 1052 aqua
1630 980 1686 1034 in
1713 995 1875 1034 causa

281 1076 382 1124 est.
415 1068 666 1138 Denique
695 1078 844 1124 extra
883 1083 1074 1140 aquam
1103 1067 1316 1136 integer
1344 1066 1484 1123 visui
1525 1083 1728 1122 remus.
1761 1068 1873 1120 Te-

281 1156 483 1214 neritas
527 1167 705 1211 autem
751 1157 1062 1212 substantiae
1111 1155 1280 1226 illius,
1319 1171 1426 1227 qua
1470 1155 1753 1226 speculum
1810 1170 1876 1210 ex

281 1243 487 1300 lumine
546 1243 796 1313 efficitur,
849 1253 1009 1315 prout
1053 1242 1156 1298 icta
1209 1260 1306 1298 seu
1355 1253 1500 1298 mota
1557 1249 1658 1308 est,
1706 1241 1778 1296 ita
1826 1251 1878 1298 et

281 1331 574 1406 imaginem
630 1333 868 1397 vibrans,
910 1331 1104 1388 ever-tit
1158 1331 1354 1384 lineam
1419 1332 1571 1385 rccli.
1631 1331 1760 1386 Item
1816 1340 1878 1385 ut

285 1423 448 1478 turris
492 1420 710 1476 habitus
755 1420 954 1486 eludat,
1003 1419 1274 1476 intervalli
1320 1418 1560 1474 conditio
1609 1417 1878 1489 compellit

283 1509 336 1564 in
368 1517 552 1580 aperto
579 1527 592 1562 :
626 1509 900 1580 aequalitas
926 1509 1069 1563 enim
1091 1505 1399 1564 circumfusi
1431 1507 1592 1574 aeris,
1614 1509 1729 1578 pari
1759 1507 1878 1562 luce

280 1598 516 1654 vestiens
563 1596 806 1668 angulos,
859 1595 1128 1652 oblitterat
1181 1595 1373 1650 lineas.
1421 1595 1511 1650 Sic
1557 1606 1612 1652 et
1666 1595 1875 1652 unifor-

281 1685 442 1740 mitas
489 1685 728 1757 porticus
775 1683 980 1741 acuitur
1025 1685 1078 1738 in
1124 1683 1250 1750 fine,
1292 1684 1422 1740 dum
1471 1683 1614 1741 acies
1651 1684 1704 1738 in
1741 1699 1874 1741 con-

1978 553 2089 606 sus,
2129 537 2322 609 quibus
2365 540 2474 608 jam
2531 547 2582 593 et
2629 556 2834 595 caussae
2885 541 3055 598 libere
3113 549 3391 616 prmeuntl
3452 565 3572 604 cum

1979 625 2103 680 hinc
2153 624 2496 696 potissimum
2544 636 2597 682 et
2653 633 2853 684 veritas
2902 640 2954 686 et
3002 630 3134 688 fides
3192 646 3242 690 et
3293 636 3578 708 integritas

1979 717 2228 770 sensibus
2259 715 2580 772 vindicanda
2617 717 2703 784 sit,
2736 719 2882 789 quod
2913 734 3020 774 non
3061 722 3215 778 aliter
3247 727 3573 793 renuntient,

1979 820 2140 876 quam
2185 807 2324 874 quod
2375 805 2467 860 illa
2503 807 2639 862 ratio
2689 807 2980 875 mandavit,
3022 826 3144 881 qua:
3190 810 3388 868 efﬁciat
3425 815 3575 871 aliter

1979 892 2108 963 quid
2154 909 2184 946 a
2213 893 2462 950 sensibus
2493 896 2802 961 renuntiari,
2841 913 2998 967 quam
3041 900 3108 954 sit
3137 901 3194 956 in
3223 902 3403 957 rebus.
3437 903 3575 972 Quid

1982 980 2118 1051 agis,
2167 981 2454 1037 Academia
2501 983 2882 1052 procacissima
2926 987 3026 1040 80‘?
3077 997 3242 1042 totum
3293 989 3414 1046 vitm
3461 1003 3576 1046 sta-

1983 1076 2096 1123 tum
2141 1072 2359 1136 avertis,
2394 1088 2610 1127 omnem
2643 1081 2846 1129 naturae
2887 1076 3138 1132 ordinem
3179 1081 3377 1144 turbas,
3411 1081 3582 1152 ipsius

1981 1157 2076 1212 Dei
2127 1159 2516 1230 providentiam
2585 1178 2846 1229 excaacas,
2911 1165 3002 1235 qui
3059 1168 3268 1222 cunctis
3321 1169 3582 1238 operibus

1982 1245 2094 1302 suis
2139 1245 2520 1319 intelligemus,
2567 1250 2884 1316 incolendis,
2936 1254 3339 1327 dispensandis,
3391 1257 3580 1313 fruen—

1983 1335 2177 1405 disque
2234 1334 2453 1390 fallaces
2507 1347 2562 1391 et
2615 1339 2908 1395 mendaces
2965 1342 3218 1398 dominos
3281 1345 3580 1414 praefecerit

1983 1435 2195 1478 sensus.
2227 1425 2420 1480 Annon
2467 1425 2582 1483 istis
2627 1430 2877 1486 universa
2924 1434 3158 1489 conditio
3207 1435 3582 1492 subministra-

1983 1511 2106 1564 tur?
2155 1511 2349 1567 Annon
2381 1529 2474 1584 per
2510 1515 2642 1571 istos
2684 1519 2922 1573 secunda
2966 1535 3180 1592 quoque
3217 1523 3420 1579 mundo
3461 1524 3580 1582 ins-

1985 1599 2176 1654 tructio
2223 1601 2486 1656 accessit?
2529 1613 2606 1658 tot
2642 1616 2800 1671 artes,
2849 1613 2928 1662 tot
2975 1609 3214 1680 ingenia,
3263 1619 3340 1668 tot
3381 1613 3578 1678 studia,

1981 1688 2218 1758 negOtia,
2249 1687 2445 1756 officia,
2478 1693 2818 1758 commercia,
2849 1696 3108 1762 remedia,
3142 1698 3389 1766 consilia,
3425 1701 3576 1757 sola-

283 1773 434 1829 cluso
477 1773 686 1844 stipata,
723 1773 833 1828 illic
881 1781 1127 1830 tenuatur
1173 1789 1284 1844 quo
1321 1781 1376 1828 et
1425 1773 1747 1828 extenditur.
1789 1773 1876 1830 Sic
1909 1749 1952 1828 Β
1985 1773 2076 1842 tia,
2119 1777 2312 1842 victus,
2362 1777 2538 1834 cultus
2583 1787 2910 1853 ornatusque
2951 1749 3171 1838 omnia?
3216 1749 3410 1842 Totum
3458 1790 3580 1844 Vili!)

291 1872 346 1919 et
383 1865 576 1918 coelum
624 1863 758 1917 mari
808 1863 1012 1929 unitur,
1053 1863 1144 1917 ubi
1191 1861 1326 1919 visio
1374 1862 1703 1928 absumitur;
1754 1879 1875 1934 quae

291 1951 550 2022 quamdiu
595 1951 751 2022 viget,
788 1950 991 2004 tamdiu
1031 1949 1242 2006 dividit.
1283 1951 1544 2006 Auditum
1591 1966 1720 2008 vero
1748 1951 1877 2023 quid

287 2039 434 2094 aliud
481 2039 723 2110 decipiet,
774 2055 937 2110 quam
993 2054 1254 2096 sonorum
1301 2039 1636 2096 similitudo?
1688 2041 1780 2108 Et,
1829 2041 1880 2095 si

283 2141 476 2202 postea
505 2127 682 2182 minus
719 2129 886 2198 spirat
917 2133 1276 2200 unguentum,
1307 2138 1360 2184 et
1387 2127 1566 2184 minus
1612 2129 1756 2199 sapit
1794 2129 1876 2184 κί-

284 2234 436 2282 num,
467 2223 522 2270 et
553 2216 730 2270 minus
759 2216 910 2272 lacus
937 2213 1128 2286 fervet,
1147 2215 1200 2270 in
1229 2215 1483 2299 omnibys
1510 2214 1680 2271 ferme
1712 2216 1882 2286 prima

280 2305 362 2362 vis
411 2312 519 2360 tota
558 2305 606 2342 ⁷9
643 2311 742 2359 est.
777 2304 1066 2377 Caeterum,
1092 2305 1160 2360 de
1205 2305 1394 2361 scabro
1439 2322 1500 2362 ac
1537 2305 1656 2362 laevi
1689 2305 1881 2362 merito

282 2409 474 2448 manus
521 2409 585 2448 ac
637 2393 826 2462 pedes,
880 2403 1062 2448 tenera
1109 2393 1318 2450 scilicet
1362 2402 1415 2449 et
1461 2393 1658 2449 callosa
1707 2411 1881 2450 mem-

281 2482 399 2546 bra,
442 2479 789 2536 dissentiunt.
829 2480 1001 2554 Igitur
1048 2483 1150 2537 hoc
1198 2482 1379 2549 modo,
1421 2482 1570 2538 nulla
1627 2499 1884 2538 sensuum

281 2570 558 2627 frustratio
586 2587 750 2626 causa
787 2571 1008 2626 carebit.
1041 2570 1194 2640 Quod
1235 2571 1281 2626 si
1319 2587 1521 2628 caussae
1552 2571 1740 2627 fallunt
1771 2587 1886 2628 sen-

281 2675 394 2726 sus,
424 2667 482 2713 et
529 2677 624 2729 per
666 2675 856 2715 sensus
901 2659 1206 2731 opiniones,
1233 2660 1346 2730 jam
1395 2677 1499 2716 nec
1546 2660 1598 2714 in
1637 2660 1888 2722 sensibus

281 2748 668 2803 constituenda
697 2747 900 2804 fallacia
925 2758 1024 2815 est,
1056 2748 1148 2821 qui
1191 2764 1408 2804 caussas
1438 2756 1756 2821 sequuntur,
1788 2765 1890 2804 nec

283 2835 650 2906 opinionibus,
688 2853 810 2907 quae
839 2853 873 2892 a
903 2836 1146 2892 sensibus
1173 2837 1502 2908 diriguntur,
1536 2837 1888 2908 sequentibus

286 2940 522 2979 caussas.
555 2923 660 2993 Qui
689 2923 982 2990 insaniunt,
1006 2924 1141 2980 alios
1168 2924 1223 2978 in
1255 2925 1377 2980 aliis
1404 2925 1604 2992 vident,
1627 2934 1687 2980 ut
1715 2925 1881 2981 Ores-

287 3019 370 3069 tes
399 3023 622 3070 matrem
661 3013 716 3068 in
756 3029 958 3080 sorore,
991 3025 1042 3070 et
1081 3016 1218 3083 Ajax
1248 3014 1500 3086 Ulyssem
1539 3014 1592 3068 in
1619 3023 1882 3080 armento,

289 3111 346 3156 ut
389 3104 646 3156 Athamas
675 3111 726 3158 et
752 3104 937 3174 Agave
975 3101 1028 3156 in
1081 3101 1206 3157 filiis
1234 3103 1452 3159 bestias.
1485 3101 1734 3158 Oculisne
1783 3103 1886 3157 hoc

289 3189 626 3244 mendacium
657 3191 1028 3260 exprobrabis,
1057 3207 1124 3244 an
1155 3190 1311 3246 furiis
1331 3192 1358 3244 ἱ)
1389 3189 1493 3260 Qui
1525 3188 1882 3246 redundantia

289 3278 430 3334 fellis
459 3278 782 3348 auruginant
813 3279 952 3348 (14),
985 3295 1166 3334 amara
1193 3286 1318 3334 sunt
1347 3279 1548 3335 omnia.
1581 3281 1722 3335 Num
1751 3294 1882 3350 ergo

289 3369 472 3440 gustui
501 3364 683 3424 676
704 3367 1198 3438 praevaricationem
1230 3368 1614 3438 exprobrabis,
1639 3384 1706 3422 an
1735 3369 1882 3423 vale-

291 3457 582 3512 tudinem?
609 3455 811 3512 Omnes
855 3457 1037 3528 itaque
1077 3473 1266 3512 sensus
1295 3466 1629 3522 evertuntur,
1660 3457 1743 3512 vel
1774 3455 1880 3510 cir-

289 3547 710 3603 cumveniuntur
763 3546 832 3602 ad
886 3553 1112 3617 tempus,
1164 3553 1221 3600 ut
1273 3546 1600 3616 preprietate
1657 3544 1882 3600 fallacia

289 3645 526 3692 careant.
561 3637 675 3693 Imo
715 3637 826 3706 jam
857 3651 928 3692 ne
967 3635 1102 3706 ipsis
1131 3633 1350 3707 quidem
1388 3634 1566 3690 causis
1603 3634 1882 3689 ascriben-

290 3723 416 3778 dum
447 3731 528 3780 est
557 3722 780 3780 fallaciae
811 3721 1068 3795 elogium.
1099 3722 1154 3778 Si
1194 3723 1337 3777 enim
1367 3722 1571 3776 ratione
1601 3721 1718 3776 hmo
1747 3720 1886 3777 acci-

291 3813 443 3880 dunt,
495 3812 631 3870 ratio
689 3812 902 3868 fallacia
943 3812 1214 3884 perhiberi
1267 3825 1374 3866 non
1423 3818 1680 3866 meretur.
1725 3811 1884 3879 Quod

292 3903 370 3958 sic
407 3901 524 3958 ﬁeri
573 3909 805 3975 Oportet,
839 3899 1173 3986 mendacium
1225 3915 1332 3956 non
1369 3909 1471 3955 est.
1505 3899 1688 3972 Itaque
1737 3899 1782 3954 si
1830 3907 1884 3956 et

1990 1880 2245 1936 saporem
2302 1866 2644 1934 condierunt,
2699 1869 2826 1924 dum
2878 1886 2971 1940 per
3028 1873 3126 1928 hos
3191 1890 3382 1930 sensus
3438 1877 3584 1932 solus

1985 1955 2228 2010 omnium
2267 1956 2430 2012 homo
2461 1958 2657 2012 animal
2695 1959 2958 2014 rationale
2997 1959 3346 2032 dignoscitur,
3377 1963 3580 2020 intelli-

1985 2044 2181 2114 gentiae
2220 2060 2388 2117 capax
2416 2053 2468 2100 et
2515 2046 2687 2117 ipsius
2717 2047 3040 2106 Academiae.
3076 2049 3182 2104 Sed
3232 2051 3378 2105 enim
3417 2053 3582 2116 Plato,

1985 2146 2054 2186 ne
2083 2132 2232 2202 quod
2280 2133 2648 2190 testimonium
2691 2135 2941 2191 sensibus
2990 2137 3185 2207 signet,
3215 2131 3503 2210 prOpterea
3533 2148 3586 2194 et

1988 2220 2042 2276 in
2071 2221 2308 2282 Phaedro
2339 2239 2402 2278 ex
2431 2223 2667 2280 Socratis
2699 2240 2926 2295 persona
2957 2234 3122 2297 negat
3171 2243 3229 2281 se
3258 2243 3586 2298 cognoscere

1991 2323 2154 2380 posse
2184 2311 2550 2381 semetipsum,
2584 2321 2639 2366 ut
2668 2325 2854 2368 monet
2891 2312 3152 2384 Delphica
3187 2315 3503 2387 inscriptio;
3535 2325 3587 2372 et

1991 2397 2040 2452 in
2083 2397 2352 2458 Theaeteto
2400 2399 2588 2454 adimit
2631 2399 2731 2455 sibi
2776 2400 2934 2466 scire,
2970 2411 3129 2472 atque
3161 2405 3395 2470 sentire;
3449 2415 3504 2462 et
3533 2406 3588 2461 in

1991 2487 2247 2554 Phcedro,
2273 2495 2396 2559 post
2439 2496 2668 2544 mortem
2711 2489 2894 2544 differt
2943 2492 3056 2561 (15)
3103 2493 3422 2548 sententiam
3449 2494 3588 2549 veri-

1991 2575 2134 2642 tatis,
2163 2578 2506 2648 posthumam
2552 2575 2787 2646 scilicet;
2833 2585 2884 2632 et
2927 2588 3121 2642 tamen,
3155 2581 3395 2636 nondum
3435 2597 3586 2638 mor-

1995 2671 2139 2732 tuus,
2175 2665 2677 2736 philosophabatur.
2710 2667 2831 2723 Non
2861 2665 3008 2735 licet,
3043 2683 3152 2723 non
3191 2668 3316 2724 licet
3344 2670 3390 2708 81
3433 2670 3592 2725 nobis

1997 2753 2050 2806 in
2083 2753 2306 2807 dubium
2351 2769 2542 2808 sensus
2571 2753 2704 2809 istos
2745 2755 3029 2819 devocare,
3064 2773 3131 2809 ne
3179 2765 3231 2810 et
3272 2756 3326 2809 in
3376 2758 3591 2814 Christo

1997 2840 2066 2894 de
2096 2839 2199 2894 fide
2229 2855 2419 2896 eorum
2451 2841 2779 2898 deliberetur
2807 2842 2891 2912 82;
2925 2857 2992 2896 ne
3022 2840 3160 2899 forte
3187 2842 3414 2908 dicatur,
3445 2846 3592 2915 quod

1992 2927 2126 2982 falso
2175 2929 2427 2984 Satanam
2491 2930 2842 3000 prOSpectarit
2893 2931 2962 2985 de
3015 2931 3156 2986 cmlo
3208 2932 3590 3004 praecipitatum

1991 3017 2147 3084 (Luc.
2180 3030 2240 3080 x,
2267 3016 2378 3085 18),
2409 3023 2500 3069 aut
2531 3016 2666 3072 falso
2697 3032 2884 3073 vocem
2913 3019 3086 3074 Patris
3115 3019 3344 3074 audierit
3373 3021 3441 3076 de
3470 3019 3590 3091 ipso

1995 3101 2328 3158 testificatam
2361 3103 2581 3173 (Matth.
2633 3120 2710 3169 ιιι,
2747 3106 2864 3176 1Ἱ);
2916 3115 3008 3161 aut
3057 3107 3313 3179 deceptus
3351 3109 3421 3164 sit
3467 3125 3590 3164 cum

1991 3191 2132 3247 Petri
2179 3207 2393 3247 socrum
2447 3190 2615 3262 tetigit
2665 3192 2885 3260 (Matth.
2933 3209 3058 3259 vm,
3115 3199 3242 3267 15);
3292 3203 3384 3250 aut
3422 3196 3590 3251 alium

1993 3289 2180 3351 postea
2209 3280 2473 3352 unguenti
2502 3280 2730 3336 senserit
2767 3281 3035 3352 Spiritum,
3066 3283 3213 3354 quod
3253 3284 3306 3339 in
3336 3286 3588 3356 sepultu-

1992 3382 2104 3423 ram
2152 3383 2308 3422 suam
2354 3370 2667 3438 acceptavit,
2717 3367 2879 3424 alium
2927 3378 3113 3440 postea
3155 3371 3260 3426 vini
3312 3387 3585 3442 saporem,

1991 3457 2134 3529 quod
2185 3457 2240 3512 in
2286 3457 2562 3528 sanguinis
2611 3457 2692 3512 sui
2742 3459 3061 3514 memoriam
3099 3460 3449 3516 consecravit.
3500 3461 3589 3518 Sic

1991 3548 2134 3602 enim
2164 3555 2216 3602 et
2244 3545 2482 3602 Marcion
2510 3547 2828 3617 phantasma
2855 3564 2980 3604 eum
3018 3547 3206 3603 maluit
3241 3549 3481 3614 credere,
3516 3558 3590 3606 to-

1993 3635 2098 3690 tius
2151 3633 2396 3706 corporis
2442 3633 2499 3689 in
2545 3633 2636 3688 illo
2682 3634 3012 3708 dedignatus
3061 3635 3364 3692 veritatem.
3411 3632 3586 3692 677

1991 3721 2190 3794 Atquin
2230 3739 2296 3778 ne
2325 3722 2380 3778 in
2409 3722 2670 3792 apostolis
2699 3724 2916 3795 quidem
2945 3725 3068 3794 ejus
3099 3723 3369 3780 ludificata
3397 3732 3590 3780 natura

1993 3821 2096 3868 est.
2129 3811 2324 3867 Fidelis
2355 3811 2454 3866 fuit
2481 3819 2536 3868 et
2564 3812 2713 3869 visus
2743 3821 2797 3869 et
2825 3813 3043 3870 auditus
3073 3812 3130 3868 in
3161 3821 3344 3870 monte
3367 3812 3589 3884 (Matth.

1993 3903 2186 3971 xvn):
2265 3899 2441 3955 ﬁdelis
2503 3909 2558 3955 et
2612 3910 2801 3972 gustus
2857 3902 2966 3960 vini
3027 3901 3194 3968 illius,
3258 3900 3384 3957 licet
3439 3918 3590 3974 aquae

1683 4033 1877 4098 Variae
1907 4037 2220 4098 lectiones.

364 4135 412 4174 79
448 4137 646 4192 Totum
677 4137 809 4194 Jun.
843 4136 895 4175 ⁸ο
911 4133 1229 4191 Academice
1259 4132 1640 4206 procacissime
1668 4133 1827 4188 Pam.
1863 4130 2038 4189 Rhea.
2067 4133 2112 4169 81
2137 4132 2256 4186 Non
2286 4130 2409 4186 licet
2439 4132 2628 4188 semet.
2652 4132 2817 4188 scrib.
2849 4134 3008 4188 Pam.
3040 4131 3216 4190 Rhea.
3258 4133 3310 4170 ⁸2
3338 4131 3585 4190 Delibre-

301 4217 390 4263 tur
418 4210 541 4266 Jun.

1695 4297 1838 4360 Com
1849 4299 2193 4361 mentarius.

363 4397 442 4486 (3)
473 4399 615 4486 Nam
643 4399 812 4486 uti"
840 4415 986 4471 aqua
1031 4413 1228 4486 ηεαρδ
1261 4398 1534 4486 ita/lem
1563 4395 1873 4486 Statuas?
1907 4409 1953 4486 D

291 4484 478 4524 remus
524 4485 674 4540 aqum
721 4467 1003 4525 immersus
1039 4471 1240 4524 fractus
1283 4467 1544 4534 videatur,
1579 4475 1670 4540 aut
1717 4467 1876 4540 turris

287 4542 554 4612 quadrata
575 4537 834 4612 appareat
867 4543 1114 4606 rotunda,
1138 4541 1200 4612 id
1242 4540 1369 4612 vitio
1417 4551 1471 4595 et
1501 4537 1672 4596 errori
1702 4538 1875 4612 sensi-

287 4609 394 4666 bus
437 4609 752 4667 tribui—non
800 4613 976 4676 debet,
1011 4617 1102 4666 sed
1134 4611 1428 4668 intellectui
1461 4630 1474 4670 :
1507 4627 1698 4668 sensus
1736 4609 1882 4663 enim

289 4683 520 4739 facultas
567 4691 652 4738 est
693 4682 954 4739 ratiocinii
995 4699 1204 4753 expers,
1243 4685 1386 4740 unde
1433 4683 1522 4739 illa
1571 4681 1882 4754 apparentia

285 4755 472 4811 fucum
515 4755 688 4810 facere
733 4771 836 4808 non
885 4763 1074 4822 potest,
1106 4771 1228 4810 cum
1267 4765 1444 4810 tamen
1492 4756 1556 4809 de
1603 4753 1882 4808 intellectu

287 4841 404 4880 non
435 4827 580 4880 idem
612 4825 832 4880 accidat.
863 4826 1102 4880 Rationis
1131 4827 1276 4880 enim
1306 4828 1572 4897 particeps
1609 4833 1692 4880 est
1719 4822 1882 4878 intel-

283 4897 488 4960 lectus,
535 4907 696 4966 atque
743 4913 864 4952 cum
914 4897 1272 4953 sensationem
1315 4898 1506 4953 factam
1553 4897 1728 4965 sentit,
1775 4909 1882 4966 non

285 4969 523 5042 ulterius
569 4965 917 5042 progreditur
973 4968 1038 5022 ad
1099 4969 1244 5042 illius
1290 4985 1549 5042 examen,_
1581 4969 1676 5042 sed
1724 4965 1884 5042 judi—

285 5039 442 5095 cium
487 5037 728 5109 prteceps
763 5049 992 5104 exercet,
1032 5039 1175 5094 unde
1218 5055 1367 5095 error
1408 5039 1586 5094 omnis
1631 5039 1734 5106 ipsi
1783 5037 1885 5109 tri-7

285 5107 540 5165 buendus
593 5107 690 5176 est,
738 5109 991 5180 quoniam
1052 5125 1119 5165 ea
1175 5126 1284 5165 non
1342 5109 1590 5180 expendit
1634 5125 1754 5181 quae
1799 5107 1886 5164 sui

287 5182 537 5238 muneris
565 5189 710 5236 sunt.
743 5183 822 5236 LE
853 5181 950 5236 Pa.

362 5254 478 5322 (14)
527 5255 632 5320 Qui
685 5253 1069 5310 redundantia
1113 5253 1266 5322 fellis
1313 5253 1684 5322 aur-uginant.
1737 5251 1890 5305 llunc

293 5324 448 5378 etiam
505 5325 690 5379 locum
738 5326 986 5380 tractavit
1029 5323 1288 5378 adversus
1336 5325 1567 5377 Arianos
1616 5322 1889 5393 Georgius

293 5394 544 5460 Baticus,
579 5395 670 5449 ubi
705 5393 772 5450 de
801 5394 1059 5464 sapientia
1097 5395 1212 5451 Dei.
1258 5417 1279 5444 α
1309 5395 1454 5450 Nihil
1493 5393 1547 5448 in
1595 5393 1690 5448 illa
1719 5393 1889 5448 since-

289 5465 500 5522 rissimi
531 5465 744 5522 decoris
787 5466 1075 5537 aspiciunt,
1105 5467 1290 5537 inquit,
1333 5468 1469 5522 sicut
1519 5473 1571 5520 et
1611 5465 1890 5537 lippienti-

287 5539 400 5594 bus
447 5538 626 5594 oculis
673 5537 820 5592 nulla
850 5535 936 5592 est
979 5536 1118 5593 visio
1165 5535 1421 5608 veritatis,
1452 5535 1889 5608 quandoquidem

284 5609 452 5668 aliter
517 5625 706 5668 eorum
781 5609 1052 5667 renuntiat
1117 5606 1412 5682 aspectus,
1441 5606 1601 5681 quam
1663 5607 1720 5662 in
1781 5606 1890 5663 ﬁde

1983 4408 2162 4450 rerum
2209 4399 2306 4448 est.
2359 4389 2466 4447 Sed
2498 4398 2551 4445 et
2579 4391 2678 4463 cui
2698 4407 2944 4463 saporem
2975 4390 3252 4463 preprium
3283 4391 3588 4463 redundans

1987 4464 2074 4520 sui
2103 4465 2239 4520 fellis
2283 4463 2588 4534 amaritudo
2629 4461 2852 4534 vitiavit,
2889 4465 2933 4517 si
2977 4461 3163 4534 dulcia,
3196 4462 3355 4516 mella
3384 4465 3587 4534 degus-

1988 4543 2084 4601 tet,
2119 4544 2179 4591 ut
2225 4551 2458 4592 amaram
2490 4530 2850 4589 dulcedinem
2873 4530 3044 4587 mellis
3083 4531 3326 4599 infamat,
3359 4530 3480 4589 non'
3499 4549 3588 4588 re-

1987 4623 2326 4678 cognoscens
2365 4606 2566 4678 malum
2617 4604 2850 4675 prepriae
2879 4602 3274 4678 amaritudinis.
3297 4626 3338 4678 3
3384 4607 3585 4678 LurPa.

2061 4673 2174 4747 (15)
2203 4683 2274 4735 Et
2293 4679 2354 4733 in
2383 4673 2631 4732 Phaedre
2645 4679 2771 4746 post
2793 4679 3030 4747 mortem
3052 4673 3272 4747 differt.
3297 4675 3592 4747 Peculiaria

1991 4743 2208 4820 quidem
2257 4752 2413 4804 verba
2463 4748 2604 4818 apud
2645 4743 3024 4820 Platonemin
3061 4744 3294 4820 Phaedro
3353 4744 3590 4820 reperire

1991 4814 2102 4875 non
2136 4822 2296 4888 potui,
2331 4821 2428 4875 sed
2474 4814 2540 4873 eo
2580 4815 2842 4888 pertinere
2891 4814 3022 4869 mihi
3061 4815 3296 4888 videtur,
3328 4815 3474 4888 quod
3515 4815 3586 4869 ibi

1991 4885 2400 4962 philosophatur
2445 4885 2861 4962 deanimabus,
2910 4902 3032 4962 quae
3075 4889 3196 4956 post
3237 4887 3374 4940 hanc
3425 4885 3590 4962 vitam

1993 4957 2048 5016 in
2111 4957 2475 5032 supercoelesti
2533 4960 2669 5024 loco,
2731 4958 2785 5032 id
2850 4959 2996 5030 quod
3063 4973 3249 5014 revera
3304 4964 3414 5032 est,
3475 4957 3591 5012 sive

1995 5028 2194 5103 ipsa'n'
2231 5033 2533 5096 veritatem,
2595 5031 2787 5103 intueri
2851 5028 3166 5103 merentur,
3207 5037 3260 5083 et
3317 5028 3402 5082 his
3469 5043 3588 5103 quin

1995 5099 2181 5160 revera
2237 5115 2360 5160 sunt
2409 5102 2684 5173 inspectis,
2731 5117 2920 5156 rursus
2965 5101 3106 5170 apud
3153 5100 3418 5173 internum
3465 5099 3588 5156 ϐαξΙί

1997 5183 2203 5247 partem
2233 5171 2594 5239 revertuntur,
2627 5173 2926 5247 etquidem
2967 5173 3134 5247 multo
3182 5171 3592 5247 studio_omnes

1996 5243 2162 5304 teneri
2194 5247 2406 5304 videndi
2437 5261 2683 5316 campum
2714 5243 2977 5308 veritatis,
3001 5245 3220 5300 ubinam
3253 5245 3342 5298 sit.
3367 5243 3593 5316 Pan.—

1997 5323 2067 5376 Et
2115 5320 2176 5374 in
2214 5319 2468 5376 Phwdro.
2519 5313 2799 5371 Minimum
2846 5317 2996 5370 abest
3035 5317 3164 5384 quin
3209 5316 3275 5368 in
3317 5313 3594 5384 Phredonie

1998 5392 2284 5462 legendum
2326 5389 2649 5462 existimem,
2681 5393 2740 5442 ut
2780 5387 2833 5462 in
2885 5402 3002 5455 cap.
3035 5383 3420 5462 sequenti,_ubi
3451 5383 3595 5462 testi-

2001 5456 2242 5518 monium
2287 5461 2465 5516 affert.
2511 5461 2695 5530 Voces,
2727 5457 2890 5530 etiam
2928 5457 3144 5530 attende
3191 5458 3316 5525 post
3352 5456 3594 5530 martem

2000 5534 2226 5605 differt.
2277 5533 2566 5588 Moriturus
2585 5529 2756 5605 _enim
2797 5529 3126 5584 Phaedonem
3171 5529 3596 5605 compos_uit,net

2001 5595 2416 5678 pliilosOphatus
2459 5610 2539 5660 est
2579 5601 2854 5673 Socrates,
2885 5607 3098 5670 sumpto
3125 5609 3353 5655 veneno.
3387 5595 3466 5654 LE
3491 5595 3592 5656 Pu.
