4016 6188
374 324 479 387 719

1077 295 1518 382 TERTULLIANI
1569 319 1832 381 oeaauu
1870 317 2036 380 PARS
2073 317 2141 378 u.
2171 348 2243 362 —
2279 316 2502 377 SERIES
2539 319 2580 387 ι,
2620 317 2968 379 POLEMIGA.

3559 319 3661 380 720

371 462 492 507 ante
523 450 658 521 (16),
693 448 747 502 in
790 446 994 518 nuptiis
1044 447 1268 502 Galileze
1315 449 1496 517 (Joan.
1543 448 1605 518 ιι)
1641 423 1672 502 ε¹
1707 447 1876 502 fidelis
1909 455 1959 502 et
1992 435 2037 512 Α
2071 445 2392 502 naturalium
2441 445 2667 501 istorum
2707 446 3134 509 manifestorum,
3167 453 3220 498 ct
3266 445 3656 515 subjacentium

370 549 540 594 tactus
594 539 788 592 exinde
838 537 1041 592 creduli
1089 538 1310 591 Thomte
1367 537 1549 606 (Joan.
1601 538 1725 602 xx).
1773 537 1961 591 Recita

366 627 588 681 Joannis
619 626 954 680 testationem
993 643 1004 678 :
1046 625 1194 692 Quod
1234 625 1496 691 vidimus,
1528 625 1700 695 inquit
1732 626 1782 692 (Ι
1800 627 1962 682 Joau.

367 731 406 781 ι,
443 716 516 786 1),
546 716 685 788 quod
715 715 1036 769 audivimus
1068 714 1204 784 (17),
1236 715 1417 778 oculis
1448 716 1656 770 nostris
1695 715 1959 779 vidimus,

366 809 422 860 et
442 819 645 858 manus
665 807 875 859 nostra:
897 806 1394 857 cmitrectaveru-nt
1425 801 1499 868 de
1520 802 1783 857 Sermone
1807 803 1960 858 vitae.

367 893 518 946 Falsa
565 892 746 962 utique
801 890 1034 954 testatio,
1084 891 1130 945 si
1186 891 1481 955 oculorum,
1530 899 1583 946 et
1627 891 1859 959 aurium,
1909 900 1963 945 et

364 997 621 1036 manuum
651 995 846 1036 sensus
876 989 1065 1034 natura
1093 981 1368 1034 mentitur.

929 1123 1152 1180 CAPUT
1191 1122 1388 1178 XVIII.

433 1250 728 1305 Convertor
756 1249 821 1303 ad
873 1249 1311 1304 intellectualium
1344 1255 1576 1318 partem,
1607 1249 1956 1318 quemadmo-

359 1339 486 1394 dum
519 1339 662 1393 illam
713 1339 864 1393 Plato
913 1355 943 1393 a
986 1324 1359 1406 corporalibus
1398 1348 1697 1407 separatam
1744 1337 1956 1391 lucreti-

360 1429 439 1483 cis
467 1426 940 1491 commendaverit,
973 1427 1302 1496 agnitionem
1333 1438 1457 1480 ante
1487 1439 1716 1481 mortem
1759 1440 1954 1480 conse-

358 1523 534 1570 cutus.
594 1515 685 1569 Ait
737 1514 883 1569 enim
921 1514 974 1568 in
1015 1514 1291 1570 Phwdoue
1332 1515 1426 1568 83:
1476 1515 1614 1581 Quid
1663 1525 1772 1568 tum
1822 1529 1953 1583 erga

355 1603 527 1674 ipsam
573 1603 868 1674 prudentia
916 1602 1367 1673 possessionem?
1412 1601 1670 1656 Utrumne
1719 1601 1948 1668 impedi-

355 1701 599 1747 mentum
631 1691 732 1745 erit
761 1707 980 1759 corpus,
1009 1706 1210 1754 annon,
1237 1689 1280 1741 si
1312 1688 1437 1758 quis
1465 1689 1593 1742 illud
1623 1688 1829 1743 socium
1863 1688 1950 1742 ad-

353 1779 644 1851 sumpserit
673 1780 725 1832 in
755 1778 1145 1846 quaestionem?
1186 1777 1316 1830 Tale
1342 1775 1472 1845 quid
1505 1775 1626 1832 dico
1661 1793 1671 1832 :
1717 1777 1949 1832 habetne

352 1869 624 1926 veritatem
675 1866 907 1936 aliquam
953 1864 1088 1919 visio
1126 1872 1180 1919 et
1224 1863 1422 1919 auditio
1468 1864 1800 1929 hominibus,
1853 1881 1949 1920 an-

352 1972 456 2010 non
476 1958 504 2008 ‘2
534 1956 733 2008 Annon
763 1953 922 2008 etiam
956 1962 1128 2023 poetae
1160 1953 1273 2008 haec
1303 1954 1462 2008 nobis
1491 1970 1703 2024 semper
1729 1955 1948 2010 obmus-

352 2054 490 2108 sant,
531 2043 672 2114 quod
730 2058 906 2112 neque
951 2042 1230 2096 audiamus
1277 2052 1503 2108 certum,
1544 2058 1719 2114 neque
1763 2045 1945 2100 videa-

351 2134 520 2186 mus?
586 2130 900 2185 Meminerat
954 2130 1162 2186 scilicet
1225 2138 1277 2185 et
1333 2131 1638 2200 Epicharmi
1706 2133 1941 2189 comici:

349 2222 588 2276 Animus
617 2221 818 2284 cernit,
847 2221 1076 2274 animus
1106 2220 1268 2275 audit
1297 2219 1414 2290 (18)
1445 2221 1663 2291 reliqua
1692 2222 1863 2278 surda
1890 2227 1945 2277 et

348 2325 498 2363 caeca
527 2311 681 2363 sunt.
709 2308 895 2378 Itaque
923 2324 1126 2370 rursus,
1150 2307 1303 2361 illum
1327 2323 1454 2377 ergo
1484 2311 1555 2362 ait
1573 2323 1942 2378 supersapere,

348 2397 445 2467 qui
484 2407 660 2450 mente
701 2395 933 2451 maxime
981 2396 1171 2463 sapiat,
1203 2412 1378 2466 neque
1422 2396 1683 2451 visionem
1732 2413 1939 2468 propo-

346 2500 497 2549 nens,
523 2499 694 2555 neque
716 2483 882 2537 ullum
913 2482 1180 2552 ejusmodi
1200 2499 1414 2538 sensum
1445 2488 1716 2539 attrahens
1734 2487 1932 2550 animo,

345 2574 444 2628 sed
474 2575 589 2643 ipsa
619 2581 794 2626 mente
826 2573 1035 2626 sincera
1078 2583 1231 2626 utens
1266 2573 1318 2624 in
1349 2573 1715 2642 reCOgitando,
1748 2574 1813 2627 ad
1843 2590 1938 2629 ca-

346 2662 597 2731 piendum
626 2662 894 2716 sincerum
932 2659 1182 2732 quodque
1210 2675 1411 2728 rerum,
1454 2676 1738 2732 segressus
1766 2664 1815 2700 84
1845 2679 1940 2733 po-

342 2751 610 2806 tissimum
663 2750 729 2803 ab
781 2748 949 2804 oculis
995 2753 1048 2804 et
1085 2748 1325 2818 auribus,
1375 2761 1446 2814 et,
1477 2751 1622 2819 quod
1653 2751 1938 2806 dicendum

344 2839 436 2905 sit,
487 2855 518 2894 a
577 2847 688 2894 toto
729 2851 977 2908 corpore,
1032 2846 1092 2891 ut
1139 2839 1405 2902 turbante,
1457 2847 1512 2892 et
1565 2855 1672 2894 non
1713 2841 1937 2909 permit-

341 2936 486 2984 tente
535 2929 731 2982 animae
770 2926 1050 2998 possidere
1087 2926 1359 2983 veritatem
1389 2935 1546 2998 atque
1579 2929 1933 2998 prudentiam,

2073 533 2443 604 corporalibus
2471 534 2747 598 sensibus;
2782 540 2835 588 et
2884 534 3000 588 illas
3047 532 3264 604 quidem
3311 548 3431 588 esse
3460 534 3658 589 verita-

2074 634 2179 690 tes,
2225 626 2336 680 haec
2377 633 2552 680 autem
2607 625 2869 698 imagines
2906 641 3110 680 earum.
3176 625 3508 680 Relucentne
3547 627 3657 694 jam

2071 715 2322 769 haeretica
2357 715 2560 768 semina
2605 714 2983 770 Gnosticorum
3013 721 3068 769 et
3114 713 3657 771 Valentinianorum?

2071 801 2205 854 Hinc
2234 799 2376 859 enim
2419 799 2689 871 arripiunt
2727 799 3088 855 differentiam
3136 799 3498 871 corporalium
3547 816 3658 854 sen-

2070 905 2248 954 suum,
2283 898 2334 944 et
2371 887 2812 943 intellectualium
2861 888 3077 953 virium,
3109 904 3270 958 quam
3303 887 3463 943 etiam
3498 903 3656 958 para-

2069 978 2207 1033 bolae
2234 979 2420 1034 decem
2469 978 2738 1052 virginum
2789 979 3010 1047 (Matth.
3045 979 3208 1046 xxiv)
3246 977 3652 1048 adtemperant:

2069 1074 2127 1121 ut
2171 1067 2409 1139 quinque
2445 1068 2622 1122 stultae
2673 1083 2864 1122 sensus
2921 1066 3231 1136 corporales
3287 1064 3653 1137 ﬁguraverint,

2067 1156 2258 1210 stultos
2312 1155 2580 1222 videlicet,
2631 1155 2756 1224 quia
2801 1155 3049 1224 deceptui
3110 1153 3323 1218 faciles;
3381 1152 3655 1222 sapientes

2065 1253 2244 1298 autem
2284 1243 2724 1299 intellectualium
2781 1243 2971 1297 virium
3031 1235 3212 1298 notain
3269 1242 3652 1311 expresserim,

2063 1334 2383 1404 sapientiam
2440 1334 2666 1402 scilicet,
2715 1329 2870 1405 quia'
2899 1331 3323 1405 contingentium
3376 1333 3654 1388 veritatem

2063 1423 2208 1477 illam
2247 1440 2492 1479 arcanam
2533 1432 2586 1479 ct
2633 1440 2942 1494 snpernam,
2977 1431 3030 1477 et
3067 1422 3211 1493 apud
3256 1422 3497 1494 pleroma
3518 1438 3654 1478 con-

2063 1512 2321 1576 stitutam,
2385 1513 2756 1567 haereticarum
2821 1511 3063 1565 idearum
3117 1519 3490 1566 sacramenta:
3552 1511 3656 1567 hoc

2063 1599 2202 1653 enim
2254 1606 2455 1654 suntet
2503 1614 2703 1668 aeones,
2735 1609 2790 1653 et
2817 1599 3150 1670 genealogis:
3201 1597 3438 1653 illorum.
3469 1600 3654 1671 Itaque

2058 1697 2112 1742 et
2149 1703 2368 1742 sensum
2415 1687 2680 1752 dividunt,
2732 1696 2786 1742 et
2833 1685 3294 1743 intellectualibus
3338 1687 3569 1758 quidem,
3621 1706 3654 1743 a

2056 1775 2284 1848 Spiritali
2330 1791 2430 1831 suo
2475 1775 2714 1844 semine;
2753 1775 3088 1831 sensualibus
3119 1791 3266 1840 vero,
3299 1777 3367 1831 ab
3413 1775 3646 1843 animali,

2054 1865 2178 1933 quia
2217 1864 2475 1936 spiritalia
2514 1865 2663 1920 nullo
2702 1864 2863 1919 modo
2911 1864 3116 1934 capiat;
3157 1871 3211 1918 et
3248 1864 3393 1919 illius
3430 1863 3654 1935 quidem

2054 1969 2175 2008 esse
2222 1952 2529 2018 invisibilia,
2561 1954 2724 2022 hujus
2767 1967 2897 2008 vero
2945 1951 3197 2015 visibilia,
3231 1959 3284 2006 et
3320 1951 3562 2015 humilia,
3593 1961 3649 2007 et

2057 2041 2386 2113 temporalia,
2416 2057 2536 2111 quae
2587 2058 2750 2097 sensu
2797 2040 3203 2106 conveniantur,
3235 2041 3289 2094 in
3318 2039 3653 2113 imaginibus

2054 2129 2362 2184 constituta.
2387 2128 2471 2184 0b
2491 2131 2606 2184 haec
2626 2145 2757 2201 ergo
2791 2129 3195 2206 praestruximus
3214 2143 3390 2200 neque
3409 2128 3650 2184 animum

2051 2217 2197 2272 aliud
2229 2217 2354 2288 quid
2377 2233 2522 2284 esse,
2549 2233 2706 2287 quam
2727 2216 2921 2271 animas
2939 2225 3255 2290 suggestum
3275 2225 3327 2270 et
3347 2224 3646 2281 structum;

2051 2322 2225 2377 neque
2264 2305 2512 2377 Spiritum
2558 2316 2877 2362 extraneum
2917 2306 3070 2378 quid,
3103 2321 3262 2377 quam
3295 2305 3485 2361 animae
3515 2322 3651 2377 sug-

2050 2403 2261 2465 gestum
2294 2403 2346 2449 et
2375 2403 2667 2461 structum;
2698 2410 2876 2465 neque
2896 2394 3142 2464 spiritum
3165 2405 3473 2450 extraneum
3493 2395 3648 2464 quid,

2052 2498 2212 2553 quam
2240 2482 2385 2554 quod
2425 2491 2477 2538 et
2511 2481 2629 2550 ipsa
2663 2498 2761 2552 per
2802 2483 3004 2537 ﬂatum.
3036 2485 3300 2538 Cmterum
3348 2482 3652 2539 accessioni

2048 2573 2439 2642 deputandum,
2475 2572 2619 2644 quod
2650 2582 2739 2629 aut
2768 2573 2914 2626 Deus
2934 2582 3140 2642 postea,
3166 2581 3259 2628 aut
3285 2572 3538 2628 diabolus
3557 2572 3654 2626 ad-

2048 2660 2291 2731 spiraret.
2327 2662 2392 2716 Et
2420 2677 2563 2717 nunc
2610 2662 2674 2716 ad
2714 2661 3068 2716 differentiam
3110 2661 3441 2717 sensualium
3479 2669 3533 2715 et
3563 2661 3651 2714 in-

2050 2751 2441 2816 tellectualium,
2491 2767 2600 2806 non
2655 2751 2798 2805 aliud
2839 2748 3193 2816 admittimus,
3243 2744 3402 2823 quam
3460 2766 3653 2805 rerum

2047 2839 2411 2904 diversitates,
2463 2839 2824 2909 corporalium
2864 2846 2915 2894 et
2959 2839 3298 2911 spiritalium,
3348 2839 3653 2893 visibilium

2045 2936 2098 2982 et
2133 2927 2502 2993 invisibilium,
2557 2927 2938 2997 publicatarum
2993 2935 3047 2982 et
3102 2944 3448 2994 arcanarum;
3488 2930 3650 2998 quod

336 3017 559 3087 quando
606 3017 989 3070 communicat.
1020 3014 1278 3070 Videmus
1309 3016 1475 3087 igitur
1522 3019 1780 3075 adversus
1809 3037 1935 3074 sen-
1973 3027 2015 3105 ο
2045 3015 2150 3071 illa:
2200 3015 2398 3079 sensui,
2432 3018 2549 3072 istae
2597 3015 2887 3072 intellectui
2916 3016 3319 3083 adtribuantur;
3350 3017 3493 3085 apud
3527 3017 3652 3070 ani-

332 3120 426 3160 sus
455 3105 765 3176 corporales
812 3104 968 3157 aliam
1014 3104 1266 3174 portendi
1305 3112 1631 3175 paraturam,
1666 3117 1723 3162 ut
1759 3109 1933 3162 multo

332 3189 683 3253 idoneiorem,
732 3188 874 3242 vires
920 3187 1124 3242 scilicet
1171 3188 1384 3257 animai,
1422 3188 1748 3246 intellectum
1797 3208 1935 3260 ope-

331 3287 512 3333 rantes
541 3279 659 3346 ejus
697 3277 959 3342 veritatis,
992 3277 1151 3345 cujus
1183 3292 1270 3332 res
1300 3293 1408 3333 non
1447 3278 1554 3333 sint
1583 3295 1760 3334 coram
1791 3280 1927 3351 (19),

332 3383 428 3422 nec
484 3367 793 3437 subjaceant
847 3367 1219 3436 corporalibus
1277 3367 1550 3434 sensibus,
1603 3370 1697 3422 sed
1756 3369 1929 3424 absint

333 3456 494 3528 longe
522 3473 550 3510 a
581 3455 850 3511 communi
887 3455 1236 3519 conscientia,
1270 3455 1323 3508 in
1354 3472 1568 3520 arcano,
1600 3465 1651 3510 et
1680 3459 1731 3512 in
1763 3474 1929 3528 supe-

327 3542 583 3608 rioribus,
628 3543 802 3599 678
853 3551 906 3597 et
955 3542 1095 3612 apud
1153 3541 1328 3613 ipsum
1378 3543 1567 3596 Deum.
1621 3544 1743 3599 Vult
1788 3546 1927 3600 enim

330 3632 476 3686 Plato
511 3647 629 3687 esse
667 3630 926 3701 quasdam
959 3631 1283 3685 substantias
1321 3630 1620 3684 invisibiles
1662 3635 1800 3702 (20),
1845 3635 1928 3687 in-

327 3719 657 3789 corporales,
689 3717 1177 3788 supermundialcs,
1204 3718 1420 3772 divinas
1449 3729 1501 3774 et
1521 3725 1770 3786 aeternas,
1791 3737 1928 3791 quas

330 3808 564 3878 appellat
593 3806 768 3874 Ideas,
812 3805 863 3859 id
913 3815 1012 3873 est,
1047 3805 1272 3876 formas,
1309 3809 1567 3879 exempla,
1619 3819 1670 3864 et
1708 3826 1924 3867 caussas

2045 3121 2188 3159 mam
2232 3114 2407 3160 tamen
2438 3114 2492 3160 et
2531 3105 2647 3160 istis
2677 3113 2729 3160 et
2766 3105 2870 3160 illis
2900 3105 3160 3176 obsequio
3191 3105 3488 3175 deputatis,
3518 3121 3652 3175 quae

2047 3193 2273 3263 perinde
2319 3209 2419 3264 per
2458 3209 2656 3262 corpus
2703 3193 3002 3263 corporalia
3048 3193 3260 3259 sentiat,
3290 3192 3652 3263 quemadmo-

2043 3281 2170 3334 dum
2217 3297 2311 3351 per
2353 3281 2589 3335 animum
2635 3281 2992 3351 incorporalia
3038 3281 3326 3354 intelligat,
3366 3281 3516 3336 salvo
3543 3295 3643 3349 eo,

2039 3379 2097 3424 ut
2135 3371 2296 3423 etiam
2347 3369 2543 3424 sentiat
2587 3370 2716 3424 dum
2757 3369 3032 3440 intelligit.
3073 3369 3192 3424 Non
3239 3369 3379 3425 enim
3427 3377 3481 3424 et
3517 3386 3647 3423 sen-

2042 3459 2144 3512 tire
2184 3458 2485 3531 intelligere
2531 3466 2633 3523 est,
2667 3467 2722 3512 et
2769 3456 3070 3527 intelligere
3107 3457 3158 3494 ⁸⁵
3202 3454 3386 3513 679
3433 3458 3642 3513 sentire

2040 3554 2140 3601 est.
2175 3548 2284 3602 Aut
2320 3547 2370 3584 36
2398 3545 2528 3616 quid
2566 3547 2673 3600 erit
2701 3563 2913 3610 sensus,
2957 3544 3060 3600 nisi
3090 3547 3209 3616 ejus
3248 3546 3323 3602 rei
3348 3563 3469 3619 quae
3509 3563 3637 3602 sen-

2039 3636 2164 3691 titur
2209 3637 2551 3692 intellectus‘?
2596 3636 2739 3702 Quid
2771 3637 2872 3692 erit
2917 3636 3239 3702 intellectus,
3272 3636 3372 3691 nisi
3404 3639 3524 3707 ejus
3553 3635 3635 3691 rei

2037 3741 2158 3798 qua:
2198 3725 2523 3798 intelligitur
2565 3727 2802 3781 sensus?
2844 3726 2998 3782 Unde
3047 3711 3454 3782 ista'tormenta
3498 3743 3631 3781 cru-

2036 3813 2243 3870 ciandae
2271 3813 2647 3886 simplicitatis,
2671 3824 2726 3870 et
2765 3813 3160 3886 suspendenda:
3180 3814 3459 3872 veritatis?
3498 3813 3634 3884 Quis

1690 3927 1882 3990 Variae
1915 3929 2224 3995 lectiones.

397 4042 448 4080 83
479 4039 705 4096 Phaedro
726 4042 855 4095 Par.
886 4039 964 4094 al.
995 4039 1044 4084 8i
1077 4040 1134 4096 Si
1165 4057 1418 4114 egressus
1448 4043 1624 4100 Rhen.
1655 4046 1705 4084 85
1724 4046 1841 4101 Non
1870 4051 2044 4106 inser.
2090 4053 2290 4111 Wouw.
2321 4052 2372 4092 86
2399 4053 2468 4110 At
2496 4052 2675 4112 Rhea.
2713 4055 2876 4110 Pam.

1705 4144 2204 4214 Commentarius.

395 4241 509 4311 (16)
530 4240 735 4317 Fidelis
755 4243 819 4317 _e_t
839 4246 1035 4317 gustus
1057 4242 1185 4317 vini
1204 4243 1387 4312 illius,
1416 4245 1547 4299 licet
1576 4262 1738 4317 aquae
1759 4253 1914 4302 ante.

322 4311 512 4392 Apage
531 4311 720 4392 igitur.
755 4311 1117 4392 Nicephorum
1155 4312 1304 4368 illum
1348 4311 1693 4392 nugatorem,
1725 4319 1816 4392 qui
1837 4321 1919 4392 de

324 4384 722 4459 pri_mo_Christi
752 4384 1014 4459 miraculo
1053 4384 1131 4437 sic
1147 4391 1313 4459 verba
1343 4385 1488 4452 facit,
1524 4396 1588 4459 ut
1610 4384 1919 4459 praestigia-

322 4453 857 4560 toriswirppos'turam
905 4456 1298 4560 l'uzisse‘pliqui's
1339 4465 1482 4560 putert
1577 4453 1660 4520 Ἐξ
1689 4453 1909 4530 ἀδήῖξων,

322 4541 468 4560 Inrlln
577 4541 759 4560 (mnuum
789 4545 912 4560 luunt
967 4547 1067 4560 ιιι-ην
1130 4546 1203 4560 εει-
1282 4544 1370 4560 mn
1425 4548 1441 4560 ε
1532 4536 1682 4560 ι-...ἷιυ
1711 4533 1888 4560 ἔιὶιιλυ...

2046 4453 2150 4518 sum

321 4524 513 4650 ipquil,
545 4519 759 4595 Botpouw
789 4519 913 4586 οἶνος
943 4519 1224 4598 ἐπηγάζετᾶ.
1257 4519 1393 4594 Imb,
1425 4529 1472 4589 ἐξ
1499 4519 1682 4599 ἀτιμῶν
1711 4519 1910 4602 ὓόριῶνί

372 4611 450 4650 IG.

372 4611 450 4650 IG.

395 4667 506 4734 (17)
527 4668 675 4740 Quod
695 4669 963 4740 vidimus,
988 4669 1178 4739 inquit,
1210 4670 1355 4740 quod
1379 4671 1714 4727 audivimus.
1747 4671 1914 4729 Paulo

320 4735 475 4791 aliter
522 4738 781 4805 fortassis,
818 4750 878 4794 ut
919 4735 1179 4796 sensuum
1217 4735 1368 4795 visus
1409 4749 1460 4796 et
1506 4743 1722 4799 auditus
1760 4746 1912 4800 ordi-

319 4823 442 4862 nem
479 4821 734 4881 servaret,
782 4811 1076 4881 eticlarius
1114 4813 1240 4866 citat
1282 4813 1485 4866 Auctor
1527 4814 1669 4870 hunc
1715 4816 1908 4881 locum,

318 4894 480 4958 quam
511 4880 701 4958 Graece
731 4890 824 4958 aut
851 4880 1388 4958 Latiue_aut__Syriace
1417 4884 1646 4958 legitur;
1681 4880 1907 4958 nempe:

325 4970 348 5000 α
383 4949 537 5015 Quod
557 4951 886 5029 .3UdIVItngS,
907 4953 1051 5021 quod
1074 4949 1304 5008 vidimus
1330 4949 1500 5010 oculis
1530 4957 1744 5023 nostris,
1769 4949 1911 5028 quod

318 5022 713 5090 perspeximus.
749 5041 774 5070 ιι
812 5022 949 5076 ΡΑΜ.

391 5089 503 5160 (18)
536 5091 768 5146 Animus
794 5096 1001 5170 cernit,
1026 5097 1254 5170 animus
1275 5096 1455 5170 audit,
1483 5105 1586 5152 etc.
1610 5098 1910 5170 Epicharmi

317 5176 543 5242 versum
564 5177 685 5214 esse
716 5163 870 5216 multi
907 5166 1278 5242 consentiunt;
1310 5163 1737 5242 habeturtamen
1766 5173 1910 5242 apud

317 5231 659 5312 Plutarchum
691 5235 959 5304 Opusculo
996 5236 1063 5290 de
1101 5231 1359 5304 Fortuna,
1393 5241 1489 5294 sed
1521 5241 1636 5296 sine
1677 5231 1911 5298 auctoris

317 5318 539 5357 nomine
570 5321 582 5357 2

315 5376 410 5428 Καὶ
441 5381 552 5434 νοῦς
580 5377 682 5448 ὁρῇ,
725 5376 806 5429 καὶ
843 5375 1019 5444 ἀκούει,
1049 5378 1111 5432 τὰ
1157 5381 1200 5432 δ’
1245 5381 1377 5435 ἀλλὰ
1422 5382 1682 5455 κωφὰ-καὶ
1728 5386 1906 5455 τυφλά.

385 5519 500 5581 119)
537 5520 706 5590 Cujus
725 5536 812 5578 res
837 5536 952 5577 non
985 5523 1104 5578 sint
1133 5540 1349 5581 coram.
1379 5453 1799 5581 Ιηηυὶῐ[ἒῗιοῗοιίὀ
1816 5542 1911 5581 cur

312 5599 534 5647 asserta
578 5607 611 5646 a
661 5591 888 5650 Platone
932 5592 1092 5664 ideae,
1136 5595 1205 5654 de
1251 5596 1448 5669 quibus
1480 5610 1632 5667 mox;
1685 5613 1785 5656 nec
1826 5607 1910 5654 est

2027 4251 2284 4324 longeab
2314 4251 2622 4308 Aristotelis
2650 4259 2850 4324 mente,
2882 4249 2975 4323 qui
2998 4266 3017 4304 1
3047 4257 3100 4305 et
3128 4265 3167 4305 ιι
3207 4249 3448 4324 Metaph.
3469 4265 3625 4306 asse-

2027 4323 2096 4376 rit
2128 4321 2432 4378 ‘Platonem
2482 4339 2601 4378 cum
2650 4321 2869 4392 Cratylo
2900 4321 3216 4388 versatum,
3262 4330 3316 4377 et
3343 4321 3622 4377 imbutum

2028 4393 2288 4458 opinione
2315 4393 2589 4457 Heracliti,
2621 4393 2714 4465 qui
2753 4393 2966 4448 volebat
2991 4393 3191 4465 omnia,
3224 4408 3346 4465 quae
3377 4393 3480 4449 sub
3507 4409 3628 4448 sen-

2190 4467 2404 4530 cadunt,
2436 4463 2885 4535 ﬂuerefquorum
2923 4464 3149 4519 scientia
3195 4463 3337 4518 nulla
3368 4479 3488 4519 esse
3530 4479 3625 4535 po-

2035 4544 2207 4600 terat;
2241 4537 2443 4593 idcirco
2491 4535 2829 4591 constituisse
2874 4536 3043 4606 ideas,
3076 4535 3275 4606 quibus
3317 4551 3376 4590 se
3420 4535 3623 4590 haben-

2028 4606 2169 4662 tibus
2193 4623 2406 4678 semper
2444 4607 2632 4662 eodem
2676 4605 2858 4678 modo,
2891 4605 3227 4678 deﬁnitiones
3265 4607 3622 4678 scientiaeque

2022 4676 2362 4743 constarent;
2412 4694 2572 4746 quam
2620 4676 2883 4732 rationem
2913 4677 3226 4748 utifutilem
3269 4677 3440 4733 eludit
3484 4676 3617 4748 ipSe,

2022 4749 2171 4804 sicut
2197 4759 2250 4804 et
2281 4748 2596 4820 Opinionem
2636 4748 2874 4803 idearum
2914 4747 3105 4802 irridet
3131 4764 3150 4803 ι
3177 4748 3361 4803 Ethic.
3401 4763 3529 4818 cap.
3565 4751 3616 4801 6.

2023 4821 2151 4874 Lac.

2097 4889 2212 4962 (20)
2259 4889 2394 4945 Esse
2445 4889 2715 4962 quasdam
2759 4889 3106 4945 substantias
3129 4889 3481 4962 ⁸ἱηυιεςὶὁιῗιεες,
3515 4902 3616 4946 etc.

2022 4958 2244 5016 Plurimi
2269 4977 2298 5016 e
2330 4958 2573 5017 Patribus
2601 4961 2748 5016 ideas
2778 4962 3084 5016 admittunt.
3117 4958 3224 5026 Qui
3253 4977 3383 5016 vero
3414 4977 3510 5015 eas
3542 4977 3618 5015 re-

2021 5033 2261 5101 pudiant,
2292 5048 2384 5086 eas
2424 5032 2705 5102 repudiant
2745 5039 2905 5102 prout
2954 5047 2986 5085 a
3015 5031 3288 5102 Gnosticis
3331 5040 3385 5086 et
3416 5032 3616 5087 Valen-

2024 5103 2116 5157 tini
2180 5101 2534 5158 sectatoribus
2581 5103 2995 5174 accipiebantur.
3055 5101 3121 5174 Hi
3176 5103 3316 5156 enim
3350 5103 3614 5174 thenretici

2019 5173 2296 5246 Platonem
2327 5174 2480 5246 sequi
2519 5172 2770 5246 videntur
2818 5174 2871 5228 in
2919 5172 3135 5246 multis;
3169 5173 3414 5245 quamvis
3453 5174 3616 5228 etiam

2021 5245 2297 5316 damnatas
2326 5263 2356 5299 a
2397 5243 2577 5300 multis
2624 5244 2864 5300 Patribus
2911 5243 3154 5316 legerim,
3186 5243 3253 5299 eo
3299 5261 3460 5300 sensu
3509 5261 3616 5316 quo

2019 5315 2335 5372 Aristoteles
2391 5317 2615 5373 docuit:
2681 5316 2930 5371 nimirum
2970 5315 3268 5370 Platonem
3325 5315 3616 5371 admisisse

2019 5388 2169 5442 ideas
2215 5388 2474 5460 quasdam
2511 5396 2729 5460 naturas
2766 5386 3442 5460 universalesseparatas,
3473 5405 3614 5460 qua-

2020 5475 2139 5532 rum
2183 5457 2586 5532 participatione
2657 5458 2948 5532 singularia
2982 5457 3458 5532 producerentur.
3491 5457 3614 5532 ᾟίο

2019 5529 2550 5601 imposturam'facit,
2583 5538 2684 5601 aut
2728 5529 2925 5601 patitur
2961 5529 3313 5599 Aristotcles;
3363 5529 3419 5586 id
3467 5531 3615 5587 enim

2019 5618 2050 5659 e
2089 5600 2372 5676 platonicis
2397 5601 2550 5660 libris
2577 5600 2694 5660 erui
2722 5600 2933 5674 nequit.
2964 5601 3042 5658 Ls
3073 5601 3170 5658 Pu.
