4016 6188
302 372 406 436 7‘21

1659 378 1851 439 LIBER
1899 376 1986 440 DE
2024 377 2254 440 ΑΝἹΜΔ.

3498 380 3605 442 722

307 501 435 560 mihi
466 498 746 558 exhibebit
774 515 988 557 sensum
1016 516 1126 559 non
1157 500 1553 576 intelligentem
1585 506 1732 576 quod
1769 522 1898 562 sen-
1928 493 1976 571 Α
2007 508 2410 578 persuasionem
2440 506 2577 579 (23).
2613 506 2716 565 Sed
2746 509 2813 564 de
2840 509 2975 579 Deo,
3007 524 3107 566 suo
3137 525 3354 583 quoque
3384 524 3600 584 campo,

305 590 387 659 tit,
418 598 517 646 aut
563 588 894 645 intellectum
938 604 1045 644 non
1094 590 1416 646 sentientem
1443 593 1588 661 quod
1630 592 1897 662 intelligit,

300 689 360 735 ut
391 677 591 749 probet
618 678 847 751 alterum
894 676 1011 732 sine
1039 678 1090 715 8⁷
1120 678 1289 735 altero
1320 695 1481 750 posse
1499 681 1527 735 ?
1556 678 1613 735 Si
1640 695 1901 753 corpora-

298 765 374 820 lia
401 765 626 837 quidem
659 766 988 830 sentiuntur,
1023 764 1382 837 incorporalia
1424 782 1555 823 vero
1584 768 1898 840 intelligun-

296 864 403 923 tur,
437 870 622 910 rerum
664 869 865 925 genera
892 854 1106 912 diversa
1143 863 1290 919 sunt,
1322 871 1429 910 non
1460 856 1736 914 domicilia
1763 873 1897 914 sen-

292 958 388 998 sus
415 952 470 998 et
498 941 825 1006 intellectus,
861 944 914 996 id
945 951 1046 1011 est,
1079 958 1188 999 non
1228 943 1408 999 anima
1440 952 1493 998 et
1521 945 1758 1003 animus.
1792 947 1898 1001 Dc-

288 1030 474 1103 nique,
508 1046 544 1085 a
590 1046 697 1102 quo
746 1033 1049 1086 sent'untur
1093 1032 1445 1101 corporalia?
1475 1033 1531 1089 Si
1578 1036 1646 1088 ab
1689 1034 1893 1103 animo,

291 1134 429 1193 ergo
454 1121 568 1190 jam
597 1127 651 1175 et
678 1120 945 1176 sensualis
974 1129 1057 1176 est
1085 1121 1325 1187 animus,
1356 1138 1462 1176 non
1493 1132 1699 1178 tantum
1730 1125 1894 1179 intel-

293 1206 546 1263 lectualis
577 1225 590 1261 :
624 1223 747 1261 nam
794 1208 920 1262 dum
971 1207 1247 1281 intelligit,
1289 1209 1482 1277 sentit;
1535 1210 1657 1283 quia
1707 1212 1754 1265 si
1789 1228 1896 1268 non

289 1297 478 1366 sentit,
519 1311 621 1351 nec
671 1294 939 1368 intelligit.
982 1296 1038 1350 Si
1076 1311 1209 1351 vero
1256 1297 1324 1351 ab
1366 1297 1550 1353 anima
1595 1299 1898 1369 corporalia

287 1383 622 1450 sentiuntur,
679 1382 793 1451 jam
841 1398 976 1453 ergo
1021 1383 1396 1439 intellectualis
1437 1394 1520 1441 est
1563 1388 1642 1443 vis
1681 1388 1892 1457 animae,

287 1488 402 1528 non
433 1479 643 1527 tantum
694 1471 961 1526 sensualis
1007 1489 1020 1525 :
1072 1488 1198 1528 nam
1228 1473 1357 1529 dum
1392 1475 1570 1541 sentit,
1606 1474 1889 1548 intelligit;

283 1558 417 1630 quia
446 1560 492 1615 si
521 1574 630 1615 non
659 1558 937 1632 intelligit,
972 1575 1072 1615 nec
1111 1561 1294 1617 sentit.
1330 1561 1575 1632 Proinde,
1607 1579 1638 1618 a
1664 1580 1773 1635 quo
1802 1564 1890 1618 in-

282 1650 612 1723 telliguntur
638 1649 1051 1720 incorporalia?
1093 1649 1139 1705 si
1168 1651 1237 1705 ab
1285 1651 1485 1720 animo,
1521 1651 1613 1708 ubi
1649 1653 1749 1708 erit
1775 1652 1893 1708 ani-

280 1738 423 1795 ma?
452 1738 500 1792 si
549 1739 617 1793 ab
646 1738 848 1798 anima.
884 1736 977 1791 ubi
1025 1738 1126 1792 erit
1157 1738 1416 1795 animus?
1453 1737 1588 1808 Quae
1633 1740 1773 1795 enim
1806 1740 1893 1795 di-

285 1833 462 1893 stant,
493 1826 683 1882 abesse
718 1825 952 1881 invicem
997 1826 1218 1895 debent,
1257 1841 1382 1883 cum
1431 1827 1544 1881 suis
1582 1830 1892 1884 muneribus

295 1922 615 1983 operantur.
644 1915 868 1969 Putabis
919 1913 1136 1986 quidem
1185 1916 1375 1969 abesse
1404 1915 1642 1970 animum
1673 1916 1742 1971 ab
1773 1917 1891 1972 ani-

291 2017 413 2072 ma,
447 2002 498 2056 si
545 2006 750 2074 quando
790 2003 974 2058 animo
1022 2003 1094 2056 ita
1139 2000 1426 2070 afﬁcimur,
1479 2011 1539 2058 ut
1593 2005 1898 2061 nesciamus

284 2104 397 2145 nos
429 2090 630 2147 vidisse
657 2091 811 2163 quid,
843 2092 927 2147 vel
971 2091 1217 2157 audisse,
1249 2092 1378 2161 quia
1423 2092 1551 2148 alibi
1584 2093 1738 2150 fuerit
1775 2094 1896 2148 ani-

281 2192 410 2233 mus
439 2179 585 2251 (2t);
617 2180 756 2235 adeo
801 2179 1148 2248 contendam,
1181 2178 1295 2235 imo
1328 2179 1503 2252 ipsam
1533 2183 1767 2236 animam
1801 2197 1898 2237 nec

278 2267 511 2334 vidisse,
543 2285 640 2325 nec
688 2268 930 2337 audisse,
961 2270 1094 2339 quia
1138 2268 1269 2323 alibi
1316 2269 1478 2325 fuerit
1523 2286 1643 2325 cum
1682 2286 1777 2324 sua
1818 2270 1889 2345 vi,

280 2355 339 2409 id
371 2362 484 2424 est,
515 2357 727 2412 animo.
763 2358 897 2411 Nam
930 2365 984 2411 et
1012 2373 1135 2412 cum
1165 2356 1427 2412 dementit
1458 2358 1641 2424 homo,
1669 2358 1893 2413 demen-

277 2444 344 2497 tit
376 2444 587 2508 anima,
628 2458 738 2498 non
786 2443 1192 2515 peregrinante,
1236 2444 1334 2501 sed
1370 2445 1731 2515 compatiente
1771 2456 1896 2502 tunc

273 2530 491 2586 animo.
515 2531 803 2600 Caeterum,
828 2533 1026 2589 animte
1055 2533 1429 2605 principaliter
1459 2550 1619 2589 casus
1648 2543 1732 2590 est
1756 2536 1888 2605 (22)»

272 2620 400 2675 Hoc
446 2618 576 2675 inde
625 2621 883 2690 firmatur,
917 2622 1084 2692 quod,
1115 2622 1294 2679 anima
1341 2623 1601 2695 digressa,
1640 2641 1738 2681 nec
1775 2624 1892 2679 ani-

270 2723 407 2762 mus
453 2708 511 2762 in
543 2708 765 2765 homine
809 2708 1113 2766 inveniatur
1146 2729 1158 2765 :
1192 2712 1267 2766 ita
1306 2712 1445 2766 illam
1478 2711 1677 2783 ubique
1705 2714 1888 2785 sequi-

269 2804 389 2863 tur,
423 2811 453 2849 a
482 2811 593 2868 qua
622 2814 724 2853 nec
761 2797 817 2852 in
846 2796 953 2853 ﬁne
983 2800 1349 2854 subremanet.
1382 2799 1514 2854 Cum
1546 2816 1673 2856 vero
1703 2801 1890 2873 sequi-

266 2894 367 2940 tur
401 2893 461 2939 et
489 2883 776 2955 addicitur,
796 2887 1023 2959 perinde
1046 2888 1349 2943 intellectus
1377 2890 1568 2943 animae
1598 2889 1886 2956 addicitur,

275 2988 459 3045 quam
496 2975 735 3045 sequitur
778 2974 989 3030 animus
1025 2975 1113 3030 cui
1151 2975 1416 3032 addicitur
1455 2977 1777 3033 intellectus.
1810 2978 1891 3034 Sit

2007 597 2349 667 experiemur
2385 613 2506 652 cum
2544 599 2813 654 haereticis
2851 600 2988 669 (24).
3039 600 3194 655 Nunc
3223 601 3291 655 de
3331 602 3509 658 anima
3539 602 3605 657 ti-

1971 687 2174 758 ~tulus,
2204 695 2260 742 et
2286 687 2565 743 intellectu
2603 703 2710 744 non
2755 688 3008 744 insidiose
3046 687 3386 758 praeferendo
3426 691 3601 748 locus.

2005 775 2138 829 Nam
2185 774 2285 831 etsi
2333 774 2542 847 potiora
2592 783 2715 830 sunt
2753 792 2878 847 quae
2926 776 3200 833 intellectu
3247 778 3602 851 attinguntur,

2005 872 2064 918 ut
2101 862 2383 935 Spiritalia,
2420 880 2581 935 quam
2611 880 2731 936 quae
2760 881 2940 933 sensu,
2972 872 3033 921 ut
3073 866 3391 937 corporalia,
3425 884 3605 923 rerum

2005 952 2107 1007 erit
2146 952 2404 1022 praelatio,
2450 952 2827 1008 sublimiorum
2881 952 3088 1009 scilicet
3134 955 3393 1010 adversus
3430 939 3606 1010 humi;-

2002 1039 2187 1104 liores,
2220 1057 2329 1094 non
2377 1041 2681 1096 intellectus
2720 1042 2977 1097 adversus
3026 1058 3268 1098 sensum.
3320 1042 3603 1111 Quomodo

2007 1129 2148 1184 enim
2182 1127 2500 1199 praeferatur
2528 1128 2709 1184 sensui
2745 1128 2857 1196 (25)
2888 1127 3212 1197 intellectus,
3243 1146 3273 1184 a
3299 1145 3408 1201 quo
3438 1129 3603 1186 infor-

2002 1227 2179 1274 matur
2208 1217 2275 1271 ad
2307 1217 2677 1290 cognitionem
2703 1216 2988 1274 veritatum
3012 1218 3040 1272 ‘i
3084 1217 3142 1272 Si
3177 1218 3319 1274 enim
3349 1219 3604 1275 veritates

2006 1321 2103 1375 per
2150 1305 2411 1375 imagines
2458 1303 2953 1375 adprehenduntur,
2985 1304 3036 1358 id
3076 1313 3156 1359 est
3186 1305 3476 1361 invisibilia
3506 1323 3602 1376 per

1999 1393 2229 1447 visibilis
2260 1401 2578 1460 noscuntur,
2610 1392 2737 1464 quia
2783 1401 2837 1448 et
2886 1394 3177 1463 Apostolus
3208 1394 3365 1450 nobis
3414 1393 3603 1449 scribit

1995 1481 2179 1549 (Rom.
2205 1497 2244 1547 ι,
2258 1481 2350 1551 20)
2371 1499 2383 1536 :
2403 1482 2714 1537 Invisibilia
2735 1482 2891 1536 enim
2913 1483 3081 1552 ejusa
3101 1483 3421 1540 conditione
3440 1499 3612 1539 man:

1999 1567 2058 1622 di
2088 1568 2155 1625 de
2182 1570 2598 1639 factitamentt’s
2646 1570 2944 1625 intellecta
2983 1570 3293 1635 visuntur;
3341 1576 3393 1624 et
3441 1570 3591 1626 Plato

1998 1653 2261 1710 haereticis
2292 1674 2304 1711 :
2338 1657 2531 1712 Facies
2557 1656 2933 1722 occultorum,
2954 1670 3020 1710 ea
3048 1672 3173 1727 qua:
3200 1660 3514 1728 apparent;
3541 1661 3600 1710 et

1998 1756 2223 1798 necesse
2253 1749 2337 1797 est
2364 1741 2582 1797 omnino
2615 1745 2757 1796 hunc
2796 1742 3055 1795 mundum
3104 1742 3393 1816 imaginem
3419 1759 3600 1814 quam-

2000 1829 2124 1885 dam
2153 1845 2275 1885 esse
2294 1830 2517 1885 alterius
2536 1830 2783 1901 alicujus.
2811 1831 2862 1867 8⁸
2878 1828 3105 1884 Videtur
3133 1828 3435 1886 intellectus
3458 1832 3600 1888 duce

2004 1918 2080 1973 uti
2110 1935 2297 1984 sensu,
2326 1927 2381 1973 et
2407 1926 2640 1984 auctore,
2671 1927 2725 1972 et
2771 1917 3053 1989 principali
3102 1917 3467 1989 fundamento,
3502 1936 3599 1976 nec

2006 2006 2123 2061 sine
2152 2005 2243 2062 illo
2289 2006 2541 2062 veritates
2590 2022 2750 2075 posse
2796 2004 3039 2079 contingi
3088 2022 3101 2059 :
3150 2005 3422 2075 quomodo
3466 2023 3596 2078 ergo

2007 2093 2186 2165 potior
2214 2095 2317 2149 erit
2343 2109 2408 2149 eo
2450 2110 2545 2164 per
2570 2110 2730 2166 quem
2763 2103 2865 2159 est,
2896 2110 3004 2160 quo
3034 2102 3174 2168 eget,
3216 2094 3301 2149 cui
3332 2093 3491 2150 debet
3518 2103 3600 2150 to-

2006 2192 2121 2237 tum
2156 2183 2300 2254 quod
2337 2181 2594 2252 attingit?
2622 2183 2697 2237 ita
2734 2190 3026 2253 utrumque
3065 2181 3406 2237 concluditur
3437 2200 3450 2235 :
3501 2199 3597 2238 ne-

2004 2286 2113 2342 que
2169 2268 2565 2340 praeferendum
2621 2269 2805 2325 sensui
2850 2268 3224 2336 intellectum;
3281 2285 3378 2341 per
3433 2286 3594 2341 quem

2001 2358 2147 2415 enim
2177 2358 2307 2429 quid
2327 2365 2558 2424 conSlat,
2587 2357 2807 2412 inferius
2834 2357 2955 2427 ipso
2985 2365 3107 2427 est;
3140 2373 3314 2427 neque
3340 2373 3597 2428 separan-

2001 2448 2133 2503 dum
2155 2463 2186 2503 a
2207 2463 2369 2503 sensu
2404 2465 2416 2505 :
2450 2464 2542 2518 per
2568 2447 2712 2519 quod
2741 2446 2883 2501 enim
2906 2445 3031 2517 quid
3060 2454 3163 2513 est,
3188 2461 3308 2501 cum
3340 2445 3458 2516 ipso
3488 2454 3592 2505 est.

2560 2589 2783 2647 CAPUT
2865 2590 3021 2646 XIX.

2071 2714 2180 2771 Sed
2209 2730 2278 2770 ne
2323 2712 2405 2768 illi
2451 2712 2668 2785 quidem
2717 2713 3093 2783 praetereundi,
3129 2712 3221 2785 qui
3253 2713 3337 2772 vel
3378 2712 3594 2770 modico

1996 2802 2259 2873 temporis
2300 2802 2523 2859 viduant
2571 2802 2801 2855 animam
2849 2801 3151 2857 intellectu.
3192 2800 3426 2856 Proinde
3452 2800 3597 2855 enim

1996 2888 2136 2943 viam
2170 2900 2415 2944 sternunt
2445 2898 2632 2958 postea
2661 2887 2949 2943 inducendi
2978 2889 3116 2957 ejus,
3149 2889 3289 2943 sicut
3316 2893 3371 2941 et
3398 2886 3450 2925 9°
3477 2886 3597 2942 ani-

1995 2977 2089 3043 mi,
2114 2993 2147 3032 a
2171 2994 2279 3047 quo
2310 2976 2521 3032 scilicet
2547 2975 2595 3013 91
2629 2975 2904 3045 proveniat
2936 2976 3259 3031 intellectus.
3282 2974 3481 3030 Volunt
3509 2974 3595 3030 in-

264 3043 430 3117 nunc
458 3069 516 3116 et
562 3043 742 3132 petior
787 3078 954 3120 sensu
995 3063 1319 3129 intellectus,
1352 3072 1407 3120 et
1435 3065 1613 3136 potior
1643 3066 1890 3137 COgnitor
1922 3043 1967 3121 θ
1997 3043 2223 3122 fantiam
2261 3067 2373 3120 sola
2401 3065 2580 3119 anima
2608 3043 2889 3129 contineri,
2910 3081 3017 3135 qua
3039 3063 3412 3121 tantummodo
3431 3063 3595 3129 vivat,

264 3157 753 3205 sacramentorum
793 3169 806 3206 :
847 3152 1140 3206 dummodo
1170 3160 1226 3206 et
1255 3150 1370 3223 ipse
1401 3152 1621 3223 propria
1651 3154 1734 3211 vis
1762 3158 1886 3210 ani-

263 3255 411 3307 mae,
456 3239 603 3309 quod
649 3247 704 3294 et
753 3255 965 3303 sensus,
1009 3239 1140 3294 nihil
1170 3255 1291 3294 mea
1334 3240 1580 3307 interest,
1621 3241 1726 3297 nisi
1767 3258 1887 3298 cum

266 3328 485 3383 idcirco
517 3326 801 3398 praefertur
844 3327 1033 3384 sensui
1082 3328 1409 3399 intellectus,
1441 3336 1500 3386 ut
1528 3346 1593 3385 ex
1623 3332 1727 3387 hoc
1753 3347 1891 3403 quo-

269 3433 390 3489 que
424 3416 724 3485 separatior
766 3417 1043 3482 habeatur,
1075 3414 1255 3473 680
1301 3433 1410 3490 quo
1442 3418 1617 3488 potior
1644 3419 1895 3475 adﬁrma-

268 3515 385 3561 tur.
424 3505 578 3559 Tunc
603 3503 735 3559 mihi
763 3514 880 3574 post
913 3504 1292 3571 differentiam,
1331 3509 1498 3561 etiam
1531 3507 1767 3579 praelatio
1810 3523 1895 3563 re-

270 3592 563 3649 tundenda
591 3602 696 3663 est,
743 3600 1071 3663 perventura
1115 3594 1168 3631 ⁸8
1206 3610 1377 3666 usque
1419 3596 1483 3650 ad
1526 3596 1749 3667 potioris
1796 3596 1897 3651 Dei

1994 3171 2100 3211 non
2140 3162 2198 3209 ut
2227 3149 2427 3225 pariter
2455 3153 2652 3223 sapiat;
2689 3152 2815 3222 quia
2861 3168 2962 3206 nec
3006 3152 3187 3207 omnia
3216 3153 3429 3222 sapiant
3474 3168 3596 3224 quae

1995 3244 2177 3299 vivant
2208 3261 2222 3297 :
2254 3241 2507 3313 denique,
2540 3241 2762 3296 arbores
2794 3239 2997 3305 vivere,
3032 3256 3134 3295 nec
3172 3248 3349 3295 tamen
3378 3254 3595 3311 sapere.

1999 3331 2294 3387 secundum
2337 3328 2702 3395 Aristotelem,
2737 3339 2791 3383 et
2819 3329 2864 3383 si
2894 3328 3019 3399 quis
3056 3328 3198 3383 alius
3237 3328 3595 3383 substantiam

1999 3419 2289 3475 animalem
2335 3420 2446 3489 (26)
2475 3420 2527 3473 in
2558 3417 2813 3472 universa
2849 3416 3230 3485 communicat,
3278 3432 3400 3486 quae
3447 3415 3595 3486 apud

2001 3523 2103 3563 nos
2146 3509 2199 3563 in
2238 3506 2455 3562 homine
2494 3504 2703 3576 privata
2740 3520 2830 3559 res
2859 3512 2963 3572 est,
2993 3519 3104 3559 non
3134 3502 3297 3558 modo
3323 3498 3485 3558 68!
3534 3509 3594 3558 ut

2003 3596 2103 3651 Dei
2129 3611 2288 3666 opus,
2316 3593 2462 3666 quod
2507 3602 2561 3648 et
2605 3600 2819 3662 caetera,
2851 3594 2944 3648 sed
2988 3598 3049 3647 ut
3095 3590 3196 3645 Dei
3229 3589 3407 3657 ﬂatus,
3447 3591 3591 3660 quod

347 3786 404 3826 ⁸⁷
428 3787 504 3842 Ex
538 3785 658 3861 cod.
692 3787 961 3861 Agobard.
992 3786 1043 3825 8⁸
1068 3788 1394 3861 Perventura
1411 3804 1625 3860 quoque
1652 3695 1839 3848 ζὲιῗῗ
1868 3698 2209 3849 ξιῗὲῗῐέξέι
2228 3790 2372 3861 quod
2404 3789 2508 3846 sibi
2537 3787 2665 3845 add.
2708 3786 2880 3842 Fran.
2911 3784 3050 3857 quod
3083 3784 3188 3842 sibi
3231 3788 3394 3842 Pam.
3435 3784 3486 3822 9°
3514 3786 3586 3841 Et

266 3859 394 3917 del.
428 3862 563 3916 Jun.
596 3857 644 3896 91
675 3858 767 3915 Sic
796 3868 854 3915 ut
873 3859 1056 3914 anima
1076 3859 1290 3916 scilicet
1318 3857 1490 3917 Frah.

1666 3956 2165 4023 Commentarios.

347 4061 661 4134 (21)AQuAia_
693 4060 829 4134 alibi
867 4061 1047 4134 fuerit
1094 4063 1340 4134 animus.
1387 4065 1501 4119 Iluc
1546 4063 1774 4134 pertinet
1812 4080 1881 4119 ex

269 4131 603 4205 parte'illud
634 4131 693 4186 Β.
725 4132 975 4205 Gregorii
999 4133 1159 4205 Nyss.
1195 4133 1287 4205 lib.
1313 4150 1370 4188 IV
1401 4131 1609 4189 Philas.
1643 4149 1764 4204 cap.
1798 4138 1828 4187 3
1865 4152 1878 4189 :

281 4203 308 4254 in
346 4204 448 4258 Vel
495 4218 614 4257 cum
669 4218 820 4257 mens
861 4203 978 4257 aliis
1019 4203 1264 4272 intendit,
1314 4212 1373 4258 ut
1425 4206 1559 4260 dum
1605 4205 1885 4273 prOposuit

279 4274 418 4344 quis
446 4274 668 4328 amicum
700 4275 1011 4339 convenire,
1039 4283 1094 4330 et
1135 4275 1247 4343 jam
1287 4277 1617 4330 allocuturus
1648 4275 1883 4344 praeterit

276 4360 435 4407 cum,
469 4358 532 4423 eo
557 4344 702 4415 quod
747 4345 1066 4428 mansnaliis
1104 4346 1451 4428 distrahatur,
1483 4361 1657 4416 neque
1685 4345 1771 4400 hic
1802 4353 1883 4400 est
1917 4351 1962 4428 ο

272 4429 443 4472 error
470 4415 639 4479 visus,
672 4417 769 4469 sed
800 4415 1119 4472 intellectus.
1158 4437 1184 4464 ι
1216 4417 1355 4471 Pal.

347 4489 467 4554 (22)
494 4488 774 4542 Caeterum
789 4489 1000 4542 anima:
1013 4487 1421 4558 principaliter
1449 4500 1609 4558 casus
1625 4490 1728 4540 est.
1754 4485 1881 4558 Yor-

271 4560 347 4613 ba
377 4559 501 4612 haec
532 4574 594 4611 ex
626 4572 811 4612 eorum
862 4555 1131 4613 sententia
1170 4555 1384 4611 adferre
1430 4557 1666 4627 videtur,
1697 4555 1789 4627 qui
1819 4556 1886 4609 ab

269 4629 465 4684 anima
493 4629 734 4701 animum
764 4628 1188 4701 distinguebant,
1221 4628 1360 4684 sicut
1393 4626 1554 4701 etiam
1585 4626 1692 4688 illa,
1718 4626 1888 4699 ’quod

266 4701 485 4757 anima
514 4699 778 4771 digressa,
810 4707 912 4756 etc.
935 4697 1181 4771 'Verum_
1209 4701 1369 4754 etiam
1419 4697 1548 4771 illud
1592 4697 1886 4771 argumen-

230 4776 233 4779 ’
271 4783 399 4827 tum
430 4786 550 4824 suae
573 4768 836 4840 'opinioni
876 4769 1247 4826 accommodat
1276 4768 1627 4839 sequentibus
1655 4768 1835 4823 verbis
1868 4786 1881 4822 :

269 4845 426 4900 Cum
444 4856 575 4897 vero
594 4843 971 4913 sequitur,etc.
1007 4841 1219 4895 PAM.—-
1240 4842 1460 4913 Ani-ma:
1484 4840 1886 4913 principaliter

266 4929 450 4970 casus
483 4915 588 4968 est.
618 4910 738 4966 Non
769 4928 834 4967 ex
862 4928 1053 4966 eorum
1080 4912 1344 4983 sententia
1369 4910 1623 4983 loquitur,
1648 4910 1741 4980 qui
1769 4911 1887 4983 ani-

266 4983 560 5054 mumab
605 4984 783 5036 anima
836 4982 1244 5054 distinguebant
1299 4981 1540 5054 omni—no,
1591 4992 1649 5034 ut
1685 4981 1887 5054 putavit

265 5052 581 5122 Pamelius,
626 5055 718 5107 sed
767 5069 832 5108 ex
879 5068 977 5107 sua
1010 5052 1285 5109 "adversus
1328 5053 1493 5107 illos:
1539 5056 1663 5106 nam
1706 5053 1887 5105 anima

268 5123 548 5182 incolumi
606 5124 841 5179 animum
889 5131 943 5178 et
987 5131 1221 5179 mentem
1269 5122 1447 5194 perire
1493 5123 1781 5194 dicebant,
1832 5132 1885 5176 et

270 5211 445 5266 posse
476 5195 710 5263 cadere;
743 5195 1103 5250 Tertullianus
1143 5193 1279 5250 vero
1321 5195 1433 5249 vult
1478 5193 1882 5266 quodanimam

270 5265 547 5337 aequatur
582 5266 816 5337 animus,
859 5273 912 5320 ct
951 5272 1211 5336 pereunte
1252 5266 1425 5320 anima
1467 5273 1519 5319 et
1549 5265 1794 5337 cadente,
1828 5275 1885 5319 ut

272 5336 675 5408 principaliori,
723 5343 946 5393 corruat
993 5346 1119 5392 tunc
1165 5337 1330 5391 etiam
1373 5337 1585 5391 animus
1621 5336 1884 5391 subnixus

269 5409 499 5462 animae.
542 5409 673 5463 Lac.

313 5472 327 5491 '
352 5482 477 5551 (23)
505 5480 751 5551 Patieris
793 5478 893 5551 Dei
918 5477 1368 5551 persuasionem.
1404 5476 1723 5551 Perstringit
1748 5479 1885 5533 Mar-

268 5548 521 5606 cionitas
562 5557 619 5605 et
660 5549 798 5605 alios
824 5548 1226 5613 Gnosticorum,
1258 5548 1350 5619 qui
1378 5549 1564 5620 plures
1590 5549 1732 5620 Deos
1758 5565 1885 5602 con-

267 5623 581 5694 tingentes,
609 5637 774 5694 unum
804 5620 964 5694 alteri
981 5619 1590 5694 praal'erebant,_bonum
1620 5619 1777 5694 malo_.
1807 5621 1884 5674 De

268 5690 581 5747 his'tamen
606 5691 827 5763 copiose
855 5692 924 5747 ad
952 5690 1124 5747 libros
1143 5695 1346 5748 contra
1362 5692 1725 5748 Marcionem.
1748 5690 1880 5745 Lac.

1987 4208 2099 4275 jam
2130 4204 2628 4275 meditabatur,_qui
2675 4202 2814 4275 infra
2854 4203 3141 4275 habentur.
3188 4205 3325 4275 Nam

2088 4066 2176 4134 24)
2202 4065 2304 4122 Sed
2332 4065 2399 4120 de
2429 4066 2534 4120 Deo
2562 4077 2660 4120 suo
2689 4076 2899 4134 quoque
2928 4077 3192 4134 campo...
3226 4078 3356 4118 cum
3389 4065 3581 4127 lueret,

1992 4133 2208 4215 Yidetur
2236 4136 2483 4215 indicare
2516 4134 2689 4213 libros
2704 4133 2709 4134 “
2731 4149 2865 4215 suos
2890 4133 3013 4215 adv.
3052 4133 3407 4215 Marcjpnem,
3439 4135 3588 4215 quod

3378 4222 3583 4272 primus

1995 4272 2050 4330 et
2080 4277 2343 4329 secundus
2373 4272 2717 4343 peculiariter
2744 4274 2810 4326 dc
2842 4275 2950 4326 Deo
2979 4272 3268 4327 disserunt.
3302 4274 3438 4343 Rau.

2066 4346 2178 4417 (25)
2207 4341 2481 4417 Quomodo
2521 4344 2673 4399 enim
2699 4346 3047 4417 grai/aratur
3074 4345 3281 4417 sensui.
3314 4341 3582 4417 Soletar-

1996 4411 2611 4471 tiﬁcio‘se'Tertullianus
2633 4411 2914 4466 cx'ﬁducia
2934 4411 3240 4483 ingenii,_ut
3261 4414 3585 4482 persuadeat

1993 4489 2134 4558 quod
2168 4497 2369 4541 rectum
2400 4496 2501 4558 est,
2535 4483 2591 4537 in
2632 4483 2955 4538 contrariam
2988 4481 3338 4558 ét__obliquam
3379 4494 3584 4553 partem

1994 4550 2234 4629 vergere,
2265 4568 2321 4611 nt
2371 4555 2465 4626 qui
2501 4569 2720 4629 curvam
2764 4569 2972 4623 Virgam
3017 4550 3274 4629 dirigunt,
3312 4550 3584 4627 in'oppov

1995 4623 2159 4682 situ’m
2192 4623 2443 4698 torquent
2475 4643 2486 4682 :
2527 4625 2603 4680 ita
2648 4624 2733 4680 hic
2778 4637 3093 4698 peraequare
3120 4623 3583 4698 videtur_stnsum

1994 4692 2308 4755 intellectui
2322 4698 2580 4753 adversus
2609 4712 2723 4759 eos,
2755 4692 2845 4766 qui
2876 4692 3103 4766 nimium
3130 4692 3283 4766 illum
3313 4695 3584 4766 deprime-

1994 4770 2138 4833 bant,
2166 4775 2307 4825 hunc
2335 4768 2679 4824 extollebant.
2705 4763 2902 4822 Verum
2928 4765 3051 4819 licet
3080 4763 3421 4818 facultatibus
3450 4765 3503 4818 in
3524 4783 3583 4821 se

1996 4840 2201 4895 collatis
2237 4840 2486 4901 invicem,
2532 4837 2718 4893 sensui
2766 4844 2984 4905 praestet
3030 4834 3366 4905 intellectus;
3403 4836 3580 4892 relatis

1993 4914 2057 4989 ad
2088 4911 2317 4982 primam
2348 4910 2581 4965 radicem
2612 4916 2666 4962 et
2693 4903 2974 4989 originem,
3007 4915 3066 4989 ut
3095 4903 3400 4989 hoc‘capite
3426 4915 3577 4989 retu-

1994 4975 2289 5045 lit,iieutra
2308 4992 2541 5051 praestat,
2565 4996 2682 5034 cum
2711 4975 2989 5048 utriusque
3020 4977 3141 5051 fons
3170 4984 3224 5031 et
3245 4975 3578 5051 domicilium

1992 5051 2250 5122 originale
2287 5048 2472 5109 eadem
2511 5068 2595 5122 res
2640 5054 2727 5118 sit,
2759 5065 2961 5120 nempe.
2995 5048 3219 5122 anima”:
3245 5063 3360 5122 non
3397 5048 3580 5103 anima

1992 5132 2045 5178 et
2076 5117 2295 5178 animus
2333 5135 2392 5180 ut
2421 5140 2507 5178 res
2552 5117 2797 5187 diversae,
2832 5117 2903 5176 uti
2949 5118 3206 5175 contrarii
3237 5117 3447 5174 fuerant
3476 5136 3573 5176 ar-

1993 5195 2192 5249 bitrati.
2239 5196 2318 5252 Eo
2347 5196 2507 5251 etiam
2546 5192 2730 5247 referri
2778 5198 3003 5263 possunt
3051 5189 3399 5259 probationes
3443 5208 3575 5263 quas

1993 5267 2171 5321 subdit
2199 5267 2578 5331 Tertullianus,
2613 5276 2670 5318 ut
2697 5262 2987 5318 necessitas
3016 5277 3271 5316 sensuum
3294 5262 3577 5332 quamha-

1992 5338 2074 5393 bet
2107 5340 2421 5405 intellectus,
2453 5343 2833 5408 argumentum
2856 5333 2947 5408 Asit
2986 5333 3489 5408 unitatis-principii
3521 5343 3577 5388 et

1993 5409 2305 5484 radicis,_ac
2335 5402 2561 5484 prcinde
2582 5405 2898 5484 aequalitatis
2926 5403 3182 5484 originis.
3416 5402 3429 5403 ί
3451 5470 3463 5480 .

2062 5481 2177 5550 (26)
2202 5476 2596 5552 Substantiam
2625 5476 2952 5552 animalem.
2984 5476 3348 5552 Substantiam
3377 5476 3581 5551 anima-

1991 5549 2094 5605 lem
2154 5568 2252 5621 pro
2306 5551 2546 5623 potentia
2598 5550 2811 5604 animali
2859 5563 2954 5602 seu
3006 5549 3309 5616 vegetativa
3362 5549 3577 5613 accipit.

1994 5623 2131 5677 Pan.
