  <div class='ocr_page' id='page_1' title='image "/cluster/home/n/w/nwhite01/storage/ocr_20150623/2/hvd.32044096580329/367.png"; bbox 0 0 3972 6190; ppageno 0'>
   <div class='ocr_carea' id='block_1_1' title="bbox 377 308 484 368">
    <p class='ocr_par' dir='ltr' id='par_1_1' title="bbox 377 308 484 368">
     <span class='ocr_line' id='line_1_1' title="bbox 377 308 484 368; baseline 0 0"><span class='ocrx_word' id='word_1_1' title='bbox 377 308 484 368; x_wconf 83' lang='lat'><strong>7&#39;23</strong></span> 
     </span>
    </p>
   </div>
   <div class='ocr_carea' id='block_1_2' title="bbox 1052 294 2947 369">
    <p class='ocr_par' dir='ltr' id='par_1_2' title="bbox 1052 294 2947 369">
     <span class='ocr_line' id='line_1_2' title="bbox 1052 294 2947 369; baseline -0.006 -6"><span class='ocrx_word' id='word_1_2' title='bbox 1052 302 1490 366; x_wconf 76' lang='lat' dir='ltr'><strong>TEBTULLIANI</strong></span> <span class='ocrx_word' id='word_1_3' title='bbox 1530 304 1791 367; x_wconf 78' lang='lat' dir='ltr'><strong>OPERUM</strong></span> <span class='ocrx_word' id='word_1_4' title='bbox 1830 305 1998 366; x_wconf 81' lang='lat' dir='ltr'><strong>PARS</strong></span> <span class='ocrx_word' id='word_1_5' title='bbox 2046 305 2112 366; x_wconf 87' lang='lat' dir='ltr'><strong>ll.</strong></span> <span class='ocrx_word' id='word_1_6' title='bbox 2153 331 2225 349; x_wconf 91' lang='grc'><strong><em>-</em></strong></span> <span class='ocrx_word' id='word_1_7' title='bbox 2260 299 2490 363; x_wconf 81' lang='lat' dir='ltr'><strong>SERIES</strong></span> <span class='ocrx_word' id='word_1_8' title='bbox 2518 298 2560 369; x_wconf 93' lang='grc' dir='ltr'>Ι,</span> <span class='ocrx_word' id='word_1_9' title='bbox 2600 294 2947 357; x_wconf 81' lang='lat' dir='ltr'><strong>POLEMICA.</strong></span> 
     </span>
    </p>
   </div>
   <div class='ocr_carea' id='block_1_3' title="bbox 3565 289 3671 350">
    <p class='ocr_par' dir='ltr' id='par_1_3' title="bbox 3565 289 3671 350">
     <span class='ocr_line' id='line_1_3' title="bbox 3565 289 3671 350; baseline 0 -1"><span class='ocrx_word' id='word_1_10' title='bbox 3565 289 3671 350; x_wconf 63' lang='lat'><strong>724</strong></span> 
     </span>
    </p>
   </div>
   <div class='ocr_carea' id='block_1_4' title="bbox 380 417 3677 504">
    <p class='ocr_par' dir='ltr' id='par_1_4' title="bbox 380 417 3677 504">
     <span class='ocr_line' id='line_1_4' title="bbox 380 417 3677 504; baseline -0.007 -12"><span class='ocrx_word' id='word_1_11' title='bbox 380 437 496 492; x_wconf 71' lang='lat' dir='ltr'><strong>haec</strong></span> <span class='ocrx_word' id='word_1_12' title='bbox 522 432 660 501; x_wconf 90' lang='lat' dir='ltr'><strong>sola,</strong></span> <span class='ocrx_word' id='word_1_13' title='bbox 684 445 844 502; x_wconf 86' lang='lat' dir='ltr'><strong>quam</strong></span> <span class='ocrx_word' id='word_1_14' title='bbox 873 429 1102 488; x_wconf 84' lang='lat' dir='ltr'><strong>dicimus</strong></span> <span class='ocrx_word' id='word_1_15' title='bbox 1120 446 1243 487; x_wconf 90' lang='lat' dir='ltr'><strong>cum</strong></span> <span class='ocrx_word' id='word_1_16' title='bbox 1273 430 1420 488; x_wconf 90' lang='lat' dir='ltr'><strong>omni</strong></span> <span class='ocrx_word' id='word_1_17' title='bbox 1448 429 1712 487; x_wconf 89' lang='lat' dir='ltr'><strong>instructu</strong></span> <span class='ocrx_word' id='word_1_18' title='bbox 1742 432 1973 504; x_wconf 85' lang='lat' dir='ltr'><strong>suo(27)</strong></span> <span class='ocrx_word' id='word_1_19' title='bbox 2002 418 2047 497; x_wconf 77' lang='grc' dir='ltr'>Α</span> <span class='ocrx_word' id='word_1_20' title='bbox 2077 430 2178 485; x_wconf 90' lang='lat' dir='ltr'><strong>bus</strong></span> <span class='ocrx_word' id='word_1_21' title='bbox 2207 426 2423 483; x_wconf 66' lang='lat' dir='ltr'><strong>feminae</strong></span> <span class='ocrx_word' id='word_1_22' title='bbox 2452 423 2620 480; x_wconf 83' lang='lat' dir='ltr'><strong>foveis</strong></span> <span class='ocrx_word' id='word_1_23' title='bbox 2665 419 3040 479; x_wconf 85' lang='lat' dir='ltr'><strong>commendata</strong></span> <span class='ocrx_word' id='word_1_24' title='bbox 3073 433 3192 476; x_wconf 91' lang='lat' dir='ltr'><strong>cum</strong></span> <span class='ocrx_word' id='word_1_25' title='bbox 3242 417 3390 473; x_wconf 87' lang='lat' dir='ltr'><strong>omni</strong></span> <span class='ocrx_word' id='word_1_26' title='bbox 3439 432 3538 472; x_wconf 92' lang='lat' dir='ltr'><strong>sua</strong></span> <span class='ocrx_word' id='word_1_27' title='bbox 3583 431 3677 488; x_wconf 88' lang='lat' dir='ltr'><strong>pa-</strong></span> 
     </span>
    </p>
   </div>
   <div class='ocr_carea' id='block_1_5' title="bbox 387 518 1975 591">
    <p class='ocr_par' dir='ltr' id='par_1_5' title="bbox 387 518 1975 591">
     <span class='ocr_line' id='line_1_5' title="bbox 387 518 1975 591; baseline -0.003 -15"><span class='ocrx_word' id='word_1_28' title='bbox 387 522 554 578; x_wconf 90' lang='lat' dir='ltr'><strong>nasei.</strong></span> <span class='ocrx_word' id='word_1_29' title='bbox 585 520 652 575; x_wconf 86' lang='lat' dir='ltr'><strong>Et</strong></span> <span class='ocrx_word' id='word_1_30' title='bbox 682 519 729 575; x_wconf 88' lang='lat' dir='ltr'><strong>si</strong></span> <span class='ocrx_word' id='word_1_31' title='bbox 775 518 843 573; x_wconf 88' lang='lat' dir='ltr'><strong>ad</strong></span> <span class='ocrx_word' id='word_1_32' title='bbox 891 519 1114 576; x_wconf 86' lang='lat' dir='ltr'><strong>arbores</strong></span> <span class='ocrx_word' id='word_1_33' title='bbox 1159 534 1542 591; x_wconf 78' lang='lat' dir='ltr'><strong>provocamur,</strong></span> <span class='ocrx_word' id='word_1_34' title='bbox 1588 519 1975 590; x_wconf 79' lang='lat' dir='ltr'><strong>amplectamur</strong></span> 
     </span>
    </p>
   </div>
   <div class='ocr_carea' id='block_1_6' title="bbox 381 607 1970 683">
    <p class='ocr_par' dir='ltr' id='par_1_6' title="bbox 381 607 1970 683">
     <span class='ocr_line' id='line_1_6' title="bbox 381 607 1970 683; baseline -0.002 -18"><span class='ocrx_word' id='word_1_35' title='bbox 381 610 736 683; x_wconf 87' lang='lat' dir='ltr'><strong>exemplum:</strong></span> <span class='ocrx_word' id='word_1_36' title='bbox 786 607 1061 680; x_wconf 85' lang='lat' dir='ltr'><strong>siquidem</strong></span> <span class='ocrx_word' id='word_1_37' title='bbox 1110 616 1164 663; x_wconf 91' lang='lat' dir='ltr'><strong>et</strong></span> <span class='ocrx_word' id='word_1_38' title='bbox 1209 607 1340 675; x_wconf 86' lang='lat' dir='ltr'>illis,</span> <span class='ocrx_word' id='word_1_39' title='bbox 1373 608 1604 663; x_wconf 86' lang='lat' dir='ltr'><strong>necdum</strong></span> <span class='ocrx_word' id='word_1_40' title='bbox 1652 608 1970 672; x_wconf 81' lang='lat' dir='ltr'><strong>arbusculis,</strong></span> 
     </span>
    </p>
   </div>
   <div class='ocr_carea' id='block_1_7' title="bbox 382 695 1977 769">
    <p class='ocr_par' dir='ltr' id='par_1_7' title="bbox 382 695 1977 769">
     <span class='ocr_line' id='line_1_7' title="bbox 382 695 1977 769; baseline -0.003 -16"><span class='ocrx_word' id='word_1_41' title='bbox 382 700 480 754; x_wconf 91' lang='lat' dir='ltr'><strong>sed</strong></span> <span class='ocrx_word' id='word_1_42' title='bbox 527 698 798 769; x_wconf 88' lang='lat' dir='ltr'><strong>stipitibus</strong></span> <span class='ocrx_word' id='word_1_43' title='bbox 850 698 1048 762; x_wconf 90' lang='lat' dir='ltr'><strong>adhuc,</strong></span> <span class='ocrx_word' id='word_1_44' title='bbox 1079 704 1133 752; x_wconf 90' lang='lat' dir='ltr'><strong>et</strong></span> <span class='ocrx_word' id='word_1_45' title='bbox 1163 695 1394 751; x_wconf 90' lang='lat' dir='ltr'><strong>surculis</strong></span> <span class='ocrx_word' id='word_1_46' title='bbox 1423 696 1587 751; x_wconf 87' lang='lat' dir='ltr'><strong>etiam</strong></span> <span class='ocrx_word' id='word_1_47' title='bbox 1620 712 1782 766; x_wconf 92' lang='lat' dir='ltr'><strong>nunc,</strong></span> <span class='ocrx_word' id='word_1_48' title='bbox 1814 696 1977 751; x_wconf 87' lang='lat' dir='ltr'><strong>simul</strong></span> 
     </span>
    </p>
   </div>
   <div class='ocr_carea' id='block_1_8' title="bbox 389 783 1969 855">
    <p class='ocr_par' dir='ltr' id='par_1_8' title="bbox 389 783 1969 855">
     <span class='ocr_line' id='line_1_8' title="bbox 389 783 1969 855; baseline -0.003 -13"><span class='ocrx_word' id='word_1_49' title='bbox 389 787 457 843; x_wconf 91' lang='lat' dir='ltr'><strong>de</strong></span> <span class='ocrx_word' id='word_1_50' title='bbox 484 786 770 844; x_wconf 85' lang='lat' dir='ltr'><strong>scrobibus</strong></span> <span class='ocrx_word' id='word_1_51' title='bbox 806 786 1074 852; x_wconf 88' lang='lat' dir='ltr'><strong>oriuntur,</strong></span> <span class='ocrx_word' id='word_1_52' title='bbox 1098 784 1240 839; x_wconf 89' lang='lat' dir='ltr'><strong>inest</strong></span> <span class='ocrx_word' id='word_1_53' title='bbox 1266 783 1483 855; x_wconf 89' lang='lat' dir='ltr'><strong>propria</strong></span> <span class='ocrx_word' id='word_1_54' title='bbox 1510 784 1592 839; x_wconf 78' lang='lat' dir='ltr'><strong>vis</strong></span> <span class='ocrx_word' id='word_1_55' title='bbox 1620 785 1832 840; x_wconf 67' lang='lat' dir='ltr'><strong>animae.</strong></span> <span class='ocrx_word' id='word_1_56' title='bbox 1866 784 1969 839; x_wconf 86' lang='lat' dir='ltr'><strong>Ve-</strong></span> 
     </span>
    </p>
   </div>
   <div class='ocr_carea' id='block_1_9' title="bbox 384 873 1977 947">
    <p class='ocr_par' dir='ltr' id='par_1_9' title="bbox 384 873 1977 947">
     <span class='ocr_line' id='line_1_9' title="bbox 384 873 1977 947; baseline -0.002 -17"><span class='ocrx_word' id='word_1_57' title='bbox 384 892 506 932; x_wconf 91' lang='lat' dir='ltr'><strong>rum</strong></span> <span class='ocrx_word' id='word_1_58' title='bbox 536 892 634 947; x_wconf 92' lang='lat' dir='ltr'><strong>pro</strong></span> <span class='ocrx_word' id='word_1_59' title='bbox 674 874 931 945; x_wconf 88' lang='lat' dir='ltr'><strong>temporis</strong></span> <span class='ocrx_word' id='word_1_60' title='bbox 968 873 1176 929; x_wconf 84' lang='lat' dir='ltr'><strong>ratione</strong></span> <span class='ocrx_word' id='word_1_61' title='bbox 1220 882 1541 941; x_wconf 79' lang='lat' dir='ltr'><strong>remoratur,</strong></span> <span class='ocrx_word' id='word_1_62' title='bbox 1574 873 1879 929; x_wconf 81' lang='lat' dir='ltr'><strong>coalescens</strong></span> <span class='ocrx_word' id='word_1_63' title='bbox 1926 880 1977 928; x_wconf 87' lang='lat' dir='ltr'><strong>et</strong></span> 
     </span>
    </p>
   </div>
   <div class='ocr_carea' id='block_1_10' title="bbox 386 960 1978 1034">
    <p class='ocr_par' dir='ltr' id='par_1_10' title="bbox 386 960 1978 1034">
     <span class='ocr_line' id='line_1_10' title="bbox 386 960 1978 1034; baseline -0.001 -14"><span class='ocrx_word' id='word_1_64' title='bbox 386 964 773 1021; x_wconf 89' lang='lat' dir='ltr'><strong>coadulescens</strong></span> <span class='ocrx_word' id='word_1_65' title='bbox 809 962 859 1000; x_wconf 68' lang='lat'><strong>92</strong></span> <span class='ocrx_word' id='word_1_66' title='bbox 889 961 1071 1017; x_wconf 90' lang='lat' dir='ltr'><strong>robori</strong></span> <span class='ocrx_word' id='word_1_67' title='bbox 1118 975 1239 1027; x_wconf 84' lang='lat' dir='ltr'><strong>sno,</strong></span> <span class='ocrx_word' id='word_1_68' title='bbox 1271 960 1448 1017; x_wconf 91' lang='lat' dir='ltr'><strong>donec</strong></span> <span class='ocrx_word' id='word_1_69' title='bbox 1492 972 1622 1016; x_wconf 84' lang='lat' dir='ltr'><strong>aetas</strong></span> <span class='ocrx_word' id='word_1_70' title='bbox 1669 963 1893 1034; x_wconf 65' lang='lat' dir='ltr'><strong>impleat</strong></span> <span class='ocrx_word' id='word_1_71' title='bbox 1927 963 1978 1001; x_wconf 84' lang='lat'><strong>93</strong></span> 
     </span>
    </p>
   </div>
   <div class='ocr_carea' id='block_1_11' title="bbox 384 1049 1979 1124">
    <p class='ocr_par' dir='ltr' id='par_1_11' title="bbox 384 1049 1979 1124">
     <span class='ocr_line' id='line_1_11' title="bbox 384 1049 1979 1124; baseline -0.003 -16"><span class='ocrx_word' id='word_1_72' title='bbox 384 1054 621 1109; x_wconf 88' lang='lat' dir='ltr'><strong>habitum</strong></span> <span class='ocrx_word' id='word_1_73' title='bbox 646 1066 754 1124; x_wconf 93' lang='lat' dir='ltr'><strong>quo</strong></span> <span class='ocrx_word' id='word_1_74' title='bbox 802 1058 991 1107; x_wconf 86' lang='lat' dir='ltr'><strong>natura</strong></span> <span class='ocrx_word' id='word_1_75' title='bbox 1019 1049 1294 1121; x_wconf 85' lang='lat' dir='ltr'><strong>fungatur.</strong></span> <span class='ocrx_word' id='word_1_76' title='bbox 1330 1051 1437 1104; x_wconf 82' lang='lat' dir='ltr'><strong>Aut</strong></span> <span class='ocrx_word' id='word_1_77' title='bbox 1467 1054 1606 1106; x_wconf 90' lang='lat' dir='ltr'><strong>unde</strong></span> <span class='ocrx_word' id='word_1_78' title='bbox 1636 1066 1757 1105; x_wconf 86' lang='lat' dir='ltr'><strong>mox</strong></span> <span class='ocrx_word' id='word_1_79' title='bbox 1790 1050 1896 1105; x_wconf 89' lang='lat' dir='ltr'><strong>illis</strong></span> <span class='ocrx_word' id='word_1_80' title='bbox 1925 1059 1979 1104; x_wconf 85' lang='lat' dir='ltr'><strong>et</strong></span> 
     </span>
    </p>
   </div>
   <div class='ocr_carea' id='block_1_12' title="bbox 386 1138 1981 1211">
    <p class='ocr_par' dir='ltr' id='par_1_12' title="bbox 386 1138 1981 1211">
     <span class='ocr_line' id='line_1_12' title="bbox 386 1138 1981 1211; baseline -0.002 -16"><span class='ocrx_word' id='word_1_81' title='bbox 386 1141 605 1197; x_wconf 77' lang='lat' dir='ltr'><strong>frutices</strong></span> <span class='ocrx_word' id='word_1_82' title='bbox 633 1138 992 1210; x_wconf 89' lang='lat' dir='ltr'><strong>inoculantur,</strong></span> <span class='ocrx_word' id='word_1_83' title='bbox 1021 1145 1078 1193; x_wconf 88' lang='lat' dir='ltr'><strong>et</strong></span> <span class='ocrx_word' id='word_1_84' title='bbox 1122 1138 1249 1193; x_wconf 92' lang='lat' dir='ltr'><strong>folia</strong></span> <span class='ocrx_word' id='word_1_85' title='bbox 1295 1138 1609 1203; x_wconf 77' lang='lat' dir='ltr'><strong>formantur,</strong></span> <span class='ocrx_word' id='word_1_86' title='bbox 1650 1146 1703 1194; x_wconf 87' lang='lat' dir='ltr'><strong>et</strong></span> <span class='ocrx_word' id='word_1_87' title='bbox 1738 1138 1981 1211; x_wconf 83' lang='lat' dir='ltr'><strong>germina</strong></span> 
     </span>
    </p>
   </div>
   <div class='ocr_carea' id='block_1_13' title="bbox 388 1227 1978 1296">
    <p class='ocr_par' dir='ltr' id='par_1_13' title="bbox 388 1227 1978 1296">
     <span class='ocr_line' id='line_1_13' title="bbox 388 1227 1978 1296; baseline -0.002 -12"><span class='ocrx_word' id='word_1_88' title='bbox 388 1230 662 1296; x_wconf 89' lang='lat' dir='ltr'><strong>inﬂantur,</strong></span> <span class='ocrx_word' id='word_1_89' title='bbox 689 1236 744 1284; x_wconf 90' lang='lat' dir='ltr'><strong>et</strong></span> <span class='ocrx_word' id='word_1_90' title='bbox 772 1227 982 1283; x_wconf 92' lang='lat' dir='ltr'><strong>ﬂosculi</strong></span> <span class='ocrx_word' id='word_1_91' title='bbox 1013 1227 1356 1291; x_wconf 81' lang='lat' dir='ltr'><strong>inornantur,</strong></span> <span class='ocrx_word' id='word_1_92' title='bbox 1386 1234 1437 1283; x_wconf 90' lang='lat' dir='ltr'><strong>et</strong></span> <span class='ocrx_word' id='word_1_93' title='bbox 1458 1228 1602 1282; x_wconf 91' lang='lat' dir='ltr'><strong>succi</strong></span> <span class='ocrx_word' id='word_1_94' title='bbox 1628 1228 1978 1293; x_wconf 90' lang='lat' dir='ltr'><strong>condiuntur;</strong></span> 
     </span>
    </p>
   </div>
   <div class='ocr_carea' id='block_1_14' title="bbox 389 1316 1985 1387">
    <p class='ocr_par' dir='ltr' id='par_1_14' title="bbox 389 1316 1985 1387">
     <span class='ocr_line' id='line_1_14' title="bbox 389 1316 1985 1387; baseline -0.001 -15"><span class='ocrx_word' id='word_1_95' title='bbox 389 1319 436 1373; x_wconf 92' lang='lat' dir='ltr'><strong>si</strong></span> <span class='ocrx_word' id='word_1_96' title='bbox 474 1334 581 1374; x_wconf 91' lang='lat' dir='ltr'><strong>non</strong></span> <span class='ocrx_word' id='word_1_97' title='bbox 621 1319 673 1373; x_wconf 91' lang='lat' dir='ltr'><strong>in</strong></span> <span class='ocrx_word' id='word_1_98' title='bbox 712 1317 847 1387; x_wconf 88' lang='lat' dir='ltr'><strong>ipsis</strong></span> <span class='ocrx_word' id='word_1_99' title='bbox 894 1317 1073 1371; x_wconf 86' lang='lat' dir='ltr'><strong>omnis</strong></span> <span class='ocrx_word' id='word_1_100' title='bbox 1118 1323 1371 1385; x_wconf 86' lang='lat' dir='ltr'><strong>paratura</strong></span> <span class='ocrx_word' id='word_1_101' title='bbox 1399 1316 1617 1387; x_wconf 84' lang='lat' dir='ltr'><strong>generis</strong></span> <span class='ocrx_word' id='word_1_102' title='bbox 1653 1316 1898 1387; x_wconf 90' lang='lat' dir='ltr'><strong>quiescit,</strong></span> <span class='ocrx_word' id='word_1_103' title='bbox 1929 1323 1985 1371; x_wconf 91' lang='lat' dir='ltr'><strong>et</strong></span> 
     </span>
    </p>
   </div>
   <div class='ocr_carea' id='block_1_15' title="bbox 390 1402 1983 1477">
    <p class='ocr_par' dir='ltr' id='par_1_15' title="bbox 390 1402 1983 1477">
     <span class='ocr_line' id='line_1_15' title="bbox 390 1402 1983 1477; baseline 0 -18"><span class='ocrx_word' id='word_1_104' title='bbox 390 1406 631 1477; x_wconf 90' lang='lat' dir='ltr'><strong>partibus</strong></span> <span class='ocrx_word' id='word_1_105' title='bbox 661 1410 906 1477; x_wconf 90' lang='lat' dir='ltr'><strong>promota</strong></span> <span class='ocrx_word' id='word_1_106' title='bbox 937 1403 1274 1473; x_wconf 79' lang='lat' dir='ltr'><strong>grandescit?</strong></span> <span class='ocrx_word' id='word_1_107' title='bbox 1312 1402 1441 1458; x_wconf 88' lang='lat' dir='ltr'><strong>Inde</strong></span> <span class='ocrx_word' id='word_1_108' title='bbox 1479 1402 1644 1475; x_wconf 82' lang='lat' dir='ltr'><strong>igitur</strong></span> <span class='ocrx_word' id='word_1_109' title='bbox 1681 1409 1734 1459; x_wconf 86' lang='lat' dir='ltr'><strong>et</strong></span> <span class='ocrx_word' id='word_1_110' title='bbox 1772 1404 1983 1474; x_wconf 87' lang='lat' dir='ltr'><strong>sapiunt</strong></span> 
     </span>
    </p>
   </div>
   <div class='ocr_carea' id='block_1_16' title="bbox 389 1491 1980 1564">
    <p class='ocr_par' dir='ltr' id='par_1_16' title="bbox 389 1491 1980 1564">
     <span class='ocr_line' id='line_1_16' title="bbox 389 1491 1980 1564; baseline -0.003 -14"><span class='ocrx_word' id='word_1_111' title='bbox 389 1495 534 1550; x_wconf 91' lang='lat' dir='ltr'><strong>unde</strong></span> <span class='ocrx_word' id='word_1_112' title='bbox 560 1493 767 1561; x_wconf 89' lang='lat' dir='ltr'><strong>vivunt,</strong></span> <span class='ocrx_word' id='word_1_113' title='bbox 793 1499 897 1547; x_wconf 90' lang='lat' dir='ltr'><strong>tam</strong></span> <span class='ocrx_word' id='word_1_114' title='bbox 928 1491 1147 1549; x_wconf 89' lang='lat' dir='ltr'><strong>vivendi</strong></span> <span class='ocrx_word' id='word_1_115' title='bbox 1165 1507 1325 1563; x_wconf 90' lang='lat' dir='ltr'><strong>quam</strong></span> <span class='ocrx_word' id='word_1_116' title='bbox 1357 1491 1599 1561; x_wconf 89' lang='lat' dir='ltr'><strong>sapiendi</strong></span> <span class='ocrx_word' id='word_1_117' title='bbox 1632 1492 1980 1564; x_wconf 85' lang='lat' dir='ltr'><strong>preprietate,</strong></span> 
     </span>
    </p>
   </div>
   <div class='ocr_carea' id='block_1_17' title="bbox 390 1578 1982 1652">
    <p class='ocr_par' dir='ltr' id='par_1_17' title="bbox 390 1578 1982 1652">
     <span class='ocr_line' id='line_1_17' title="bbox 390 1578 1982 1652; baseline -0.002 -15"><span class='ocrx_word' id='word_1_118' title='bbox 390 1589 445 1637; x_wconf 90' lang='lat' dir='ltr'><strong>et</strong></span> <span class='ocrx_word' id='word_1_119' title='bbox 469 1580 687 1652; x_wconf 86' lang='lat' dir='ltr'><strong>quidem</strong></span> <span class='ocrx_word' id='word_1_120' title='bbox 725 1580 792 1635; x_wconf 89' lang='lat' dir='ltr'><strong>ab</strong></span> <span class='ocrx_word' id='word_1_121' title='bbox 821 1578 1046 1635; x_wconf 84' lang='lat' dir='ltr'><strong>infantia</strong></span> <span class='ocrx_word' id='word_1_122' title='bbox 1067 1588 1119 1633; x_wconf 90' lang='lat' dir='ltr'><strong>et</strong></span> <span class='ocrx_word' id='word_1_123' title='bbox 1148 1580 1279 1647; x_wconf 59' lang='lat' dir='ltr'><strong>ipsa}</strong></span> <span class='ocrx_word' id='word_1_124' title='bbox 1301 1594 1415 1634; x_wconf 90' lang='lat' dir='ltr'><strong>sua.</strong></span> <span class='ocrx_word' id='word_1_125' title='bbox 1442 1579 1607 1634; x_wconf 90' lang='lat' dir='ltr'><strong>Video</strong></span> <span class='ocrx_word' id='word_1_126' title='bbox 1637 1580 1779 1633; x_wconf 81' lang='lat' dir='ltr'><strong>enim</strong></span> <span class='ocrx_word' id='word_1_127' title='bbox 1809 1588 1861 1633; x_wconf 91' lang='lat' dir='ltr'><strong>et</strong></span> <span class='ocrx_word' id='word_1_128' title='bbox 1900 1581 1982 1634; x_wconf 87' lang='lat' dir='ltr'><strong>vi-</strong></span> 
     </span>
    </p>
   </div>
   <div class='ocr_carea' id='block_1_18' title="bbox 390 1667 1979 1739">
    <p class='ocr_par' dir='ltr' id='par_1_18' title="bbox 390 1667 1979 1739">
     <span class='ocr_line' id='line_1_18' title="bbox 390 1667 1979 1739; baseline -0.003 -12"><span class='ocrx_word' id='word_1_129' title='bbox 390 1682 502 1728; x_wconf 89' lang='lat' dir='ltr'><strong>tem</strong></span> <span class='ocrx_word' id='word_1_130' title='bbox 556 1670 733 1725; x_wconf 88' lang='lat' dir='ltr'><strong>adhuc</strong></span> <span class='ocrx_word' id='word_1_131' title='bbox 782 1677 1015 1724; x_wconf 87' lang='lat' dir='ltr'><strong>teneram</strong></span> <span class='ocrx_word' id='word_1_132' title='bbox 1071 1676 1127 1723; x_wconf 90' lang='lat' dir='ltr'><strong>et</strong></span> <span class='ocrx_word' id='word_1_133' title='bbox 1179 1667 1537 1735; x_wconf 84' lang='lat' dir='ltr'><strong>impuberem,</strong></span> <span class='ocrx_word' id='word_1_134' title='bbox 1592 1668 1979 1739; x_wconf 88' lang='lat' dir='ltr'><strong>intelligentem</strong></span> 
     </span>
    </p>
   </div>
   <div class='ocr_carea' id='block_1_19' title="bbox 2081 504 3677 588">
    <p class='ocr_par' dir='ltr' id='par_1_19' title="bbox 2081 504 3677 588">
     <span class='ocr_line' id='line_1_19' title="bbox 2081 504 3677 588; baseline -0.009 -15"><span class='ocrx_word' id='word_1_135' title='bbox 2081 525 2284 586; x_wconf 83' lang='lat' dir='ltr'><strong>ratum,</strong></span> <span class='ocrx_word' id='word_1_136' title='bbox 2337 511 2619 588; x_wconf 88' lang='lat' dir='ltr'><strong>pullulabit</strong></span> <span class='ocrx_word' id='word_1_137' title='bbox 2676 519 2782 567; x_wconf 89' lang='lat' dir='ltr'><strong>tam</strong></span> <span class='ocrx_word' id='word_1_138' title='bbox 2831 507 3104 565; x_wconf 88' lang='lat' dir='ltr'><strong>intellectu</strong></span> <span class='ocrx_word' id='word_1_139' title='bbox 3155 521 3319 579; x_wconf 90' lang='lat' dir='ltr'><strong>quam</strong></span> <span class='ocrx_word' id='word_1_140' title='bbox 3363 514 3419 561; x_wconf 90' lang='lat' dir='ltr'><strong>et</strong></span> <span class='ocrx_word' id='word_1_141' title='bbox 3462 504 3677 560; x_wconf 79' lang='lat' dir='ltr'><strong>sensu?</strong></span> 
     </span>
    </p>
   </div>
   <div class='ocr_carea' id='block_1_20' title="bbox 2080 591 3678 674">
    <p class='ocr_par' dir='ltr' id='par_1_20' title="bbox 2080 591 3678 674">
     <span class='ocr_line' id='line_1_20' title="bbox 2080 591 3678 674; baseline -0.01 -13"><span class='ocrx_word' id='word_1_142' title='bbox 2080 605 2339 674; x_wconf 84' lang='lat' dir='ltr'><strong>Mentior,</strong></span> <span class='ocrx_word' id='word_1_143' title='bbox 2371 603 2417 658; x_wconf 92' lang='lat' dir='ltr'><strong>si</strong></span> <span class='ocrx_word' id='word_1_144' title='bbox 2448 617 2554 658; x_wconf 94' lang='lat' dir='ltr'><strong>non</strong></span> <span class='ocrx_word' id='word_1_145' title='bbox 2588 600 2769 656; x_wconf 81' lang='lat' dir='ltr'><strong>statim</strong></span> <span class='ocrx_word' id='word_1_146' title='bbox 2816 598 2992 654; x_wconf 89' lang='lat' dir='ltr'><strong>infans</strong></span> <span class='ocrx_word' id='word_1_147' title='bbox 3022 604 3081 652; x_wconf 90' lang='lat' dir='ltr'><strong>ut</strong></span> <span class='ocrx_word' id='word_1_148' title='bbox 3125 596 3287 651; x_wconf 87' lang='lat' dir='ltr'><strong>vitam</strong></span> <span class='ocrx_word' id='word_1_149' title='bbox 3317 593 3503 666; x_wconf 83' lang='lat' dir='ltr'><strong>vagitu</strong></span> <span class='ocrx_word' id='word_1_150' title='bbox 3531 591 3678 649; x_wconf 85' lang='lat' dir='ltr'><strong>salu-</strong></span> 
     </span>
    </p>
   </div>
   <div class='ocr_carea' id='block_1_21' title="bbox 2084 682 3678 765">
    <p class='ocr_par' dir='ltr' id='par_1_21' title="bbox 2084 682 3678 765">
     <span class='ocr_line' id='line_1_21' title="bbox 2084 682 3678 765; baseline -0.01 -14"><span class='ocrx_word' id='word_1_151' title='bbox 2084 695 2215 751; x_wconf 87' lang='lat' dir='ltr'><strong>tavit</strong></span> <span class='ocrx_word' id='word_1_152' title='bbox 2252 694 2387 765; x_wconf 78' lang='lat'><strong>(31),</strong></span> <span class='ocrx_word' id='word_1_153' title='bbox 2420 692 2525 748; x_wconf 92' lang='lat' dir='ltr'><strong>hoc</strong></span> <span class='ocrx_word' id='word_1_154' title='bbox 2571 692 2750 763; x_wconf 88' lang='lat' dir='ltr'><strong>ipsum</strong></span> <span class='ocrx_word' id='word_1_155' title='bbox 2791 705 2851 745; x_wconf 92' lang='lat' dir='ltr'><strong>se</strong></span> <span class='ocrx_word' id='word_1_156' title='bbox 2881 694 3105 743; x_wconf 86' lang='lat' dir='ltr'><strong>testatur</strong></span> <span class='ocrx_word' id='word_1_157' title='bbox 3132 685 3370 741; x_wconf 86' lang='lat' dir='ltr'><strong>sensisse</strong></span> <span class='ocrx_word' id='word_1_158' title='bbox 3399 692 3562 754; x_wconf 89' lang='lat' dir='ltr'><strong>atque</strong></span> <span class='ocrx_word' id='word_1_159' title='bbox 3599 682 3678 736; x_wconf 92' lang='lat' dir='ltr'><strong>in-</strong></span> 
     </span>
    </p>
   </div>
   <div class='ocr_carea' id='block_1_22' title="bbox 2080 770 3680 852">
    <p class='ocr_par' dir='ltr' id='par_1_22' title="bbox 2080 770 3680 852">
     <span class='ocr_line' id='line_1_22' title="bbox 2080 770 3680 852; baseline -0.008 -14"><span class='ocrx_word' id='word_1_160' title='bbox 2080 782 2376 850; x_wconf 88' lang='lat' dir='ltr'><strong>tellexisse,</strong></span> <span class='ocrx_word' id='word_1_161' title='bbox 2415 780 2562 852; x_wconf 91' lang='lat' dir='ltr'><strong>quod</strong></span> <span class='ocrx_word' id='word_1_162' title='bbox 2593 788 2752 833; x_wconf 89' lang='lat' dir='ltr'><strong>natus</strong></span> <span class='ocrx_word' id='word_1_163' title='bbox 2799 785 2902 842; x_wconf 91' lang='lat' dir='ltr'><strong>est,</strong></span> <span class='ocrx_word' id='word_1_164' title='bbox 2934 790 3122 831; x_wconf 87' lang='lat' dir='ltr'><strong>omnes</strong></span> <span class='ocrx_word' id='word_1_165' title='bbox 3161 772 3322 829; x_wconf 87' lang='lat' dir='ltr'><strong>simul</strong></span> <span class='ocrx_word' id='word_1_166' title='bbox 3347 771 3549 827; x_wconf 87' lang='lat' dir='ltr'><strong>ibidem</strong></span> <span class='ocrx_word' id='word_1_167' title='bbox 3582 770 3680 826; x_wconf 86' lang='lat' dir='ltr'><strong>de-</strong></span> 
     </span>
    </p>
   </div>
   <div class='ocr_carea' id='block_1_23' title="bbox 2084 860 3683 933">
    <p class='ocr_par' dir='ltr' id='par_1_23' title="bbox 2084 860 3683 933">
     <span class='ocr_line' id='line_1_23' title="bbox 2084 860 3683 933; baseline -0.008 -9"><span class='ocrx_word' id='word_1_168' title='bbox 2084 871 2270 926; x_wconf 91' lang='lat' dir='ltr'><strong>dicans</strong></span> <span class='ocrx_word' id='word_1_169' title='bbox 2310 885 2522 933; x_wconf 82' lang='lat' dir='ltr'><strong>sensus,</strong></span> <span class='ocrx_word' id='word_1_170' title='bbox 2569 875 2621 923; x_wconf 91' lang='lat' dir='ltr'><strong>et</strong></span> <span class='ocrx_word' id='word_1_171' title='bbox 2656 867 2777 922; x_wconf 91' lang='lat' dir='ltr'><strong>luce</strong></span> <span class='ocrx_word' id='word_1_172' title='bbox 2825 864 3019 930; x_wconf 87' lang='lat' dir='ltr'><strong>visum,</strong></span> <span class='ocrx_word' id='word_1_173' title='bbox 3051 869 3106 919; x_wconf 90' lang='lat' dir='ltr'><strong>et</strong></span> <span class='ocrx_word' id='word_1_174' title='bbox 3156 875 3291 916; x_wconf 91' lang='lat' dir='ltr'><strong>sono</strong></span> <span class='ocrx_word' id='word_1_175' title='bbox 3330 860 3605 926; x_wconf 89' lang='lat' dir='ltr'><strong>auditum,</strong></span> <span class='ocrx_word' id='word_1_176' title='bbox 3632 867 3683 913; x_wconf 90' lang='lat' dir='ltr'><strong>et</strong></span> 
     </span>
    </p>
   </div>
   <div class='ocr_carea' id='block_1_24' title="bbox 2085 952 3680 1027">
    <p class='ocr_par' dir='ltr' id='par_1_24' title="bbox 2085 952 3680 1027">
     <span class='ocr_line' id='line_1_24' title="bbox 2085 952 3680 1027; baseline -0.009 -12"><span class='ocrx_word' id='word_1_177' title='bbox 2085 962 2311 1015; x_wconf 86' lang='lat' dir='ltr'><strong>humore</strong></span> <span class='ocrx_word' id='word_1_178' title='bbox 2338 966 2577 1027; x_wconf 76' lang='lat' dir='ltr'><strong>gestum,</strong></span> <span class='ocrx_word' id='word_1_179' title='bbox 2610 962 2665 1010; x_wconf 91' lang='lat' dir='ltr'><strong>et</strong></span> <span class='ocrx_word' id='word_1_180' title='bbox 2692 970 2817 1011; x_wconf 91' lang='lat' dir='ltr'><strong>aere</strong></span> <span class='ocrx_word' id='word_1_181' title='bbox 2858 952 3164 1015; x_wconf 89' lang='lat' dir='ltr'><strong>odoratum,</strong></span> <span class='ocrx_word' id='word_1_182' title='bbox 3197 958 3249 1004; x_wconf 91' lang='lat' dir='ltr'><strong>et</strong></span> <span class='ocrx_word' id='word_1_183' title='bbox 3286 957 3427 1004; x_wconf 90' lang='lat' dir='ltr'><strong>terra</strong></span> <span class='ocrx_word' id='word_1_184' title='bbox 3453 954 3680 1003; x_wconf 88' lang='lat' dir='ltr'><strong>tactum.</strong></span> 
     </span>
    </p>
   </div>
   <div class='ocr_carea' id='block_1_25' title="bbox 2084 1037 3682 1119">
    <p class='ocr_par' dir='ltr' id='par_1_25' title="bbox 2084 1037 3682 1119">
     <span class='ocr_line' id='line_1_25' title="bbox 2084 1037 3682 1119; baseline -0.005 -19"><span class='ocrx_word' id='word_1_185' title='bbox 2084 1045 2156 1103; x_wconf 78' lang='lat' dir='ltr'><strong>Ita</strong></span> <span class='ocrx_word' id='word_1_186' title='bbox 2197 1048 2369 1119; x_wconf 88' lang='lat' dir='ltr'><strong>prima</strong></span> <span class='ocrx_word' id='word_1_187' title='bbox 2398 1046 2486 1101; x_wconf 88' lang='lat' dir='ltr'><strong>illa</strong></span> <span class='ocrx_word' id='word_1_188' title='bbox 2513 1060 2620 1100; x_wconf 85' lang='lat' dir='ltr'><strong>vox</strong></span> <span class='ocrx_word' id='word_1_189' title='bbox 2652 1044 2719 1099; x_wconf 91' lang='lat' dir='ltr'><strong>de</strong></span> <span class='ocrx_word' id='word_1_190' title='bbox 2750 1042 2941 1115; x_wconf 90' lang='lat' dir='ltr'><strong>primis</strong></span> <span class='ocrx_word' id='word_1_191' title='bbox 2969 1055 3244 1105; x_wconf 89' lang='lat' dir='ltr'><strong>sensuum,</strong></span> <span class='ocrx_word' id='word_1_192' title='bbox 3275 1047 3331 1094; x_wconf 87' lang='lat' dir='ltr'><strong>et</strong></span> <span class='ocrx_word' id='word_1_193' title='bbox 3374 1037 3445 1092; x_wconf 92' lang='lat' dir='ltr'><strong>de</strong></span> <span class='ocrx_word' id='word_1_194' title='bbox 3490 1037 3682 1108; x_wconf 90' lang='lat' dir='ltr'><strong>primis</strong></span> 
     </span>
    </p>
   </div>
   <div class='ocr_carea' id='block_1_26' title="bbox 2085 1125 3681 1203">
    <p class='ocr_par' dir='ltr' id='par_1_26' title="bbox 2085 1125 3681 1203">
     <span class='ocr_line' id='line_1_26' title="bbox 2085 1125 3681 1203; baseline -0.006 -12"><span class='ocrx_word' id='word_1_195' title='bbox 2085 1136 2460 1191; x_wconf 89' lang='lat' dir='ltr'><strong>intellectuum</strong></span> <span class='ocrx_word' id='word_1_196' title='bbox 2490 1132 2736 1202; x_wconf 90' lang='lat' dir='ltr'><strong>pulsibus</strong></span> <span class='ocrx_word' id='word_1_197' title='bbox 2762 1129 2992 1203; x_wconf 86' lang='lat' dir='ltr'><strong>cogitur.</strong></span> <span class='ocrx_word' id='word_1_198' title='bbox 3016 1130 3146 1184; x_wconf 88' lang='lat' dir='ltr'><strong>Plus</strong></span> <span class='ocrx_word' id='word_1_199' title='bbox 3169 1135 3269 1193; x_wconf 87' lang='lat' dir='ltr'><strong>est,</strong></span> <span class='ocrx_word' id='word_1_200' title='bbox 3293 1126 3440 1200; x_wconf 93' lang='lat' dir='ltr'><strong>quod</strong></span> <span class='ocrx_word' id='word_1_201' title='bbox 3462 1125 3528 1180; x_wconf 91' lang='lat' dir='ltr'><strong>de</strong></span> <span class='ocrx_word' id='word_1_202' title='bbox 3554 1141 3681 1196; x_wconf 91' lang='lat' dir='ltr'><strong>pro-</strong></span> 
     </span>
    </p>
   </div>
   <div class='ocr_carea' id='block_1_27' title="bbox 2086 1214 3686 1297">
    <p class='ocr_par' dir='ltr' id='par_1_27' title="bbox 2086 1214 3686 1297">
     <span class='ocr_line' id='line_1_27' title="bbox 2086 1214 3686 1297; baseline -0.008 -17"><span class='ocrx_word' id='word_1_203' title='bbox 2086 1231 2275 1297; x_wconf 90' lang='lat' dir='ltr'><strong>spectu</strong></span> <span class='ocrx_word' id='word_1_204' title='bbox 2321 1220 2688 1295; x_wconf 86' lang='lat' dir='ltr'><strong>lacrymabilis</strong></span> <span class='ocrx_word' id='word_1_205' title='bbox 2730 1220 2842 1289; x_wconf 84' lang='lat'><strong>(32)</strong></span> <span class='ocrx_word' id='word_1_206' title='bbox 2874 1218 2995 1273; x_wconf 70' lang='lat' dir='ltr'><strong>vitae</strong></span> <span class='ocrx_word' id='word_1_207' title='bbox 3024 1216 3242 1290; x_wconf 90' lang='lat' dir='ltr'><strong>quidam</strong></span> <span class='ocrx_word' id='word_1_208' title='bbox 3288 1231 3554 1286; x_wconf 79' lang='lat' dir='ltr'><strong>augurem</strong></span> <span class='ocrx_word' id='word_1_209' title='bbox 3602 1214 3686 1268; x_wconf 91' lang='lat' dir='ltr'><strong>in-</strong></span> 
     </span>
    </p>
   </div>
   <div class='ocr_carea' id='block_1_28' title="bbox 2088 1303 3686 1375">
    <p class='ocr_par' dir='ltr' id='par_1_28' title="bbox 2088 1303 3686 1375">
     <span class='ocr_line' id='line_1_28' title="bbox 2088 1303 3686 1375; baseline -0.008 -6"><span class='ocrx_word' id='word_1_210' title='bbox 2088 1313 2496 1369; x_wconf 90' lang='lat' dir='ltr'><strong>commodorum</strong></span> <span class='ocrx_word' id='word_1_211' title='bbox 2527 1324 2716 1366; x_wconf 88' lang='lat' dir='ltr'><strong>vocem</strong></span> <span class='ocrx_word' id='word_1_212' title='bbox 2758 1307 2900 1363; x_wconf 88' lang='lat' dir='ltr'><strong>illam</strong></span> <span class='ocrx_word' id='word_1_213' title='bbox 2946 1306 3181 1362; x_wconf 88' lang='lat' dir='ltr'><strong>ﬂebilem</strong></span> <span class='ocrx_word' id='word_1_214' title='bbox 3210 1303 3644 1375; x_wconf 85' lang='lat' dir='ltr'><strong>interpretantur</strong></span> <span class='ocrx_word' id='word_1_215' title='bbox 3673 1321 3686 1357; x_wconf 93' lang='lat'>:</span> 
     </span>
    </p>
   </div>
   <div class='ocr_carea' id='block_1_29' title="bbox 2090 1392 3694 1473">
    <p class='ocr_par' dir='ltr' id='par_1_29' title="bbox 2090 1392 3694 1473">
     <span class='ocr_line' id='line_1_29' title="bbox 2090 1392 3694 1473; baseline -0.005 -17"><span class='ocrx_word' id='word_1_216' title='bbox 2090 1416 2196 1473; x_wconf 92' lang='lat' dir='ltr'><strong>quo</strong></span> <span class='ocrx_word' id='word_1_217' title='bbox 2225 1400 2385 1456; x_wconf 88' lang='lat' dir='ltr'><strong>etiam</strong></span> <span class='ocrx_word' id='word_1_218' title='bbox 2417 1398 2693 1470; x_wconf 90' lang='lat' dir='ltr'><strong>presciens</strong></span> <span class='ocrx_word' id='word_1_219' title='bbox 2741 1396 2986 1452; x_wconf 88' lang='lat' dir='ltr'><strong>habenda</strong></span> <span class='ocrx_word' id='word_1_220' title='bbox 3007 1394 3075 1450; x_wconf 90' lang='lat' dir='ltr'><strong>sit</strong></span> <span class='ocrx_word' id='word_1_221' title='bbox 3103 1394 3171 1449; x_wconf 92' lang='lat' dir='ltr'><strong>ab</strong></span> <span class='ocrx_word' id='word_1_222' title='bbox 3210 1395 3461 1466; x_wconf 88' lang='lat' dir='ltr'><strong>ingressu</strong></span> <span class='ocrx_word' id='word_1_223' title='bbox 3493 1392 3694 1448; x_wconf 85' lang='lat' dir='ltr'><strong>nativi-</strong></span> 
     </span>
    </p>
   </div>
   <div class='ocr_carea' id='block_1_30' title="bbox 2090 1480 3693 1559">
    <p class='ocr_par' dir='ltr' id='par_1_30' title="bbox 2090 1480 3693 1559">
     <span class='ocr_line' id='line_1_30' title="bbox 2090 1480 3693 1559; baseline -0.006 -14"><span class='ocrx_word' id='word_1_224' title='bbox 2090 1489 2231 1556; x_wconf 84' lang='lat' dir='ltr'><strong>tatis,</strong></span> <span class='ocrx_word' id='word_1_225' title='bbox 2266 1489 2459 1543; x_wconf 89' lang='lat' dir='ltr'><strong>nedum</strong></span> <span class='ocrx_word' id='word_1_226' title='bbox 2507 1486 2841 1559; x_wconf 84' lang='lat' dir='ltr'><strong>intelligens.</strong></span> <span class='ocrx_word' id='word_1_227' title='bbox 2871 1485 2895 1523; x_wconf 85' lang='lat'><em>3</em></span> <span class='ocrx_word' id='word_1_228' title='bbox 2926 1483 3135 1540; x_wconf 83' lang='lat' dir='ltr'><strong>Exinde</strong></span> <span class='ocrx_word' id='word_1_229' title='bbox 3163 1490 3219 1537; x_wconf 82' lang='lat' dir='ltr'><strong>et</strong></span> <span class='ocrx_word' id='word_1_230' title='bbox 3242 1491 3469 1537; x_wconf 87' lang='lat' dir='ltr'><strong>matrem</strong></span> <span class='ocrx_word' id='word_1_231' title='bbox 3498 1480 3693 1553; x_wconf 89' lang='lat' dir='ltr'><strong>spiritu</strong></span> 
     </span>
    </p>
   </div>
   <div class='ocr_carea' id='block_1_31' title="bbox 2089 1568 3699 1649">
    <p class='ocr_par' dir='ltr' id='par_1_31' title="bbox 2089 1568 3699 1649">
     <span class='ocr_line' id='line_1_31' title="bbox 2089 1568 3699 1649; baseline -0.006 -16"><span class='ocrx_word' id='word_1_232' title='bbox 2089 1577 2301 1649; x_wconf 89' lang='lat' dir='ltr'><strong>probat,</strong></span> <span class='ocrx_word' id='word_1_233' title='bbox 2350 1584 2403 1631; x_wconf 90' lang='lat' dir='ltr'><strong>et</strong></span> <span class='ocrx_word' id='word_1_234' title='bbox 2448 1574 2716 1629; x_wconf 90' lang='lat' dir='ltr'><strong>nutricem</strong></span> <span class='ocrx_word' id='word_1_235' title='bbox 2762 1571 2955 1645; x_wconf 89' lang='lat' dir='ltr'><strong>spiritu</strong></span> <span class='ocrx_word' id='word_1_236' title='bbox 3004 1568 3290 1635; x_wconf 87' lang='lat' dir='ltr'><strong>examinat,</strong></span> <span class='ocrx_word' id='word_1_237' title='bbox 3341 1576 3394 1625; x_wconf 90' lang='lat' dir='ltr'><strong>et</strong></span> <span class='ocrx_word' id='word_1_238' title='bbox 3448 1568 3699 1643; x_wconf 78' lang='lat' dir='ltr'><strong>gerulam</strong></span> 
     </span>
    </p>
   </div>
   <div class='ocr_carea' id='block_1_32' title="bbox 2091 1660 3699 1736">
    <p class='ocr_par' dir='ltr' id='par_1_32' title="bbox 2091 1660 3699 1736">
     <span class='ocr_line' id='line_1_32' title="bbox 2091 1660 3699 1736; baseline -0.005 -16"><span class='ocrx_word' id='word_1_239' title='bbox 2091 1665 2282 1736; x_wconf 88' lang='lat' dir='ltr'><strong>spiritu</strong></span> <span class='ocrx_word' id='word_1_240' title='bbox 2330 1660 2593 1734; x_wconf 81' lang='lat' dir='ltr'><strong>agnoscit,</strong></span> <span class='ocrx_word' id='word_1_241' title='bbox 2645 1662 2859 1735; x_wconf 81' lang='lat' dir='ltr'><strong>fugiens</strong></span> <span class='ocrx_word' id='word_1_242' title='bbox 2896 1667 3149 1715; x_wconf 83' lang='lat' dir='ltr'><strong>extranea</strong></span> <span class='ocrx_word' id='word_1_243' title='bbox 3195 1660 3362 1714; x_wconf 89' lang='lat' dir='ltr'><strong>ubera</strong></span> <span class='ocrx_word' id='word_1_244' title='bbox 3386 1698 3400 1723; x_wconf 91' lang='lat'><strong>,</strong></span> <span class='ocrx_word' id='word_1_245' title='bbox 3439 1665 3497 1713; x_wconf 87' lang='lat' dir='ltr'><strong>et</strong></span> <span class='ocrx_word' id='word_1_246' title='bbox 3531 1673 3699 1714; x_wconf 89' lang='lat' dir='ltr'><strong>recu-</strong></span> 
     </span>
    </p>
   </div>
   <div class='ocr_carea' id='block_1_33' title="bbox 389 1728 3703 1828">
    <p class='ocr_par' dir='ltr' id='par_1_33' title="bbox 389 1728 3703 1828">
     <span class='ocr_line' id='line_1_33' title="bbox 389 1728 3703 1828; baseline -0.004 -14"><span class='ocrx_word' id='word_1_247' title='bbox 389 1766 566 1814; x_wconf 87' lang='lat' dir='ltr'><strong>tamen</strong></span> <span class='ocrx_word' id='word_1_248' title='bbox 595 1758 707 1827; x_wconf 90' lang='lat' dir='ltr'><strong>jam</strong></span> <span class='ocrx_word' id='word_1_249' title='bbox 736 1772 909 1828; x_wconf 83' lang='lat' dir='ltr'><strong>Opera</strong></span> <span class='ocrx_word' id='word_1_250' title='bbox 947 1770 1065 1821; x_wconf 90' lang='lat' dir='ltr'><strong>sua,</strong></span> <span class='ocrx_word' id='word_1_251' title='bbox 1107 1764 1160 1809; x_wconf 92' lang='lat' dir='ltr'><strong>et</strong></span> <span class='ocrx_word' id='word_1_252' title='bbox 1186 1754 1454 1811; x_wconf 88' lang='lat' dir='ltr'><strong>volentem</strong></span> <span class='ocrx_word' id='word_1_253' title='bbox 1491 1755 1649 1811; x_wconf 91' lang='lat' dir='ltr'><strong>alicui</strong></span> <span class='ocrx_word' id='word_1_254' title='bbox 1689 1758 1984 1825; x_wconf 60' lang='lat' dir='ltr'><strong>adhaerere,</strong></span> <span class='ocrx_word' id='word_1_255' title='bbox 2019 1728 2065 1805; x_wconf 75' lang='grc' dir='ltr'><strong><em>Β</em></strong></span> <span class='ocrx_word' id='word_1_256' title='bbox 2095 1769 2220 1809; x_wconf 91' lang='lat' dir='ltr'><strong>sans</strong></span> <span class='ocrx_word' id='word_1_257' title='bbox 2258 1753 2443 1823; x_wconf 89' lang='lat' dir='ltr'><strong>ignota</strong></span> <span class='ocrx_word' id='word_1_258' title='bbox 2488 1750 2706 1817; x_wconf 87' lang='lat' dir='ltr'><strong>cubilia,</strong></span> <span class='ocrx_word' id='word_1_259' title='bbox 2752 1757 2807 1805; x_wconf 92' lang='lat' dir='ltr'><strong>et</strong></span> <span class='ocrx_word' id='word_1_260' title='bbox 2852 1748 3127 1805; x_wconf 82' lang='lat' dir='ltr'><strong>neminem</strong></span> <span class='ocrx_word' id='word_1_261' title='bbox 3170 1754 3428 1819; x_wconf 87' lang='lat' dir='ltr'><strong>appetens</strong></span> <span class='ocrx_word' id='word_1_262' title='bbox 3477 1746 3593 1801; x_wconf 90' lang='lat' dir='ltr'><strong>nisi</strong></span> <span class='ocrx_word' id='word_1_263' title='bbox 3632 1761 3703 1802; x_wconf 81' lang='lat' dir='ltr'><strong>ex</strong></span> 
     </span>
    </p>
   </div>
   <div class='ocr_carea' id='block_1_34' title="bbox 390 1840 1989 1915">
    <p class='ocr_par' dir='ltr' id='par_1_34' title="bbox 390 1840 1989 1915">
     <span class='ocr_line' id='line_1_34' title="bbox 390 1840 1989 1915; baseline -0.001 -13"><span class='ocrx_word' id='word_1_264' title='bbox 390 1846 478 1902; x_wconf 92' lang='lat' dir='ltr'><strong>cui</strong></span> <span class='ocrx_word' id='word_1_265' title='bbox 516 1844 692 1900; x_wconf 92' lang='lat' dir='ltr'><strong>innisa</strong></span> <span class='ocrx_word' id='word_1_266' title='bbox 737 1844 787 1882; x_wconf 55' lang='lat' dir='ltr'><strong>9i</strong></span> <span class='ocrx_word' id='word_1_267' title='bbox 833 1851 886 1897; x_wconf 91' lang='lat' dir='ltr'><strong>et</strong></span> <span class='ocrx_word' id='word_1_268' title='bbox 932 1843 1128 1897; x_wconf 85' lang='lat' dir='ltr'><strong>innexa</strong></span> <span class='ocrx_word' id='word_1_269' title='bbox 1174 1840 1456 1912; x_wconf 89' lang='lat' dir='ltr'><strong>proficiat;</strong></span> <span class='ocrx_word' id='word_1_270' title='bbox 1486 1843 1718 1915; x_wconf 89' lang='lat' dir='ltr'><strong>denique</strong></span> <span class='ocrx_word' id='word_1_271' title='bbox 1750 1859 1856 1899; x_wconf 92' lang='lat' dir='ltr'><strong>non</strong></span> <span class='ocrx_word' id='word_1_272' title='bbox 1895 1861 1989 1900; x_wconf 87' lang='lat' dir='ltr'><strong>ex-</strong></span> 
     </span>
    </p>
   </div>
   <div class='ocr_carea' id='block_1_35' title="bbox 390 1929 1986 2006">
    <p class='ocr_par' dir='ltr' id='par_1_35' title="bbox 390 1929 1986 2006">
     <span class='ocr_line' id='line_1_35' title="bbox 390 1929 1986 2006; baseline -0.001 -17"><span class='ocrx_word' id='word_1_273' title='bbox 390 1940 600 2006; x_wconf 89' lang='lat' dir='ltr'><strong>pectata</strong></span> <span class='ocrx_word' id='word_1_274' title='bbox 646 1929 845 1986; x_wconf 89' lang='lat' dir='ltr'><strong>rustica</strong></span> <span class='ocrx_word' id='word_1_275' title='bbox 893 1929 1196 2000; x_wconf 91' lang='lat' dir='ltr'><strong>disciplina,</strong></span> <span class='ocrx_word' id='word_1_276' title='bbox 1228 1929 1346 1984; x_wconf 91' lang='lat' dir='ltr'><strong>sine</strong></span> <span class='ocrx_word' id='word_1_277' title='bbox 1394 1932 1676 1997; x_wconf 89' lang='lat' dir='ltr'><strong>arundine,</strong></span> <span class='ocrx_word' id='word_1_278' title='bbox 1710 1932 1827 1986; x_wconf 90' lang='lat' dir='ltr'><strong>sine</strong></span> <span class='ocrx_word' id='word_1_279' title='bbox 1865 1948 1986 1988; x_wconf 86' lang='lat' dir='ltr'><strong>cer-</strong></span> 
     </span>
    </p>
   </div>
   <div class='ocr_carea' id='block_1_36' title="bbox 394 2017 1988 2093">
    <p class='ocr_par' dir='ltr' id='par_1_36' title="bbox 394 2017 1988 2093">
     <span class='ocr_line' id='line_1_36' title="bbox 394 2017 1988 2093; baseline 0.001 -18"><span class='ocrx_word' id='word_1_280' title='bbox 394 2036 462 2075; x_wconf 87' lang='lat' dir='ltr'><strong>vo</strong></span> <span class='ocrx_word' id='word_1_281' title='bbox 499 2021 550 2058; x_wconf 80' lang='lat'><strong>95</strong></span> <span class='ocrx_word' id='word_1_282' title='bbox 577 2018 712 2088; x_wconf 86' lang='lat'><strong>(28),</strong></span> <span class='ocrx_word' id='word_1_283' title='bbox 746 2018 792 2073; x_wconf 94' lang='lat' dir='ltr'><strong>si</strong></span> <span class='ocrx_word' id='word_1_284' title='bbox 838 2017 969 2090; x_wconf 92' lang='lat' dir='ltr'><strong>quid</strong></span> <span class='ocrx_word' id='word_1_285' title='bbox 998 2018 1253 2093; x_wconf 78' lang='lat' dir='ltr'><strong>attigerit,</strong></span> <span class='ocrx_word' id='word_1_286' title='bbox 1306 2018 1448 2074; x_wconf 84' lang='lat' dir='ltr'><strong>ultro</strong></span> <span class='ocrx_word' id='word_1_287' title='bbox 1493 2020 1741 2086; x_wconf 91' lang='lat' dir='ltr'><strong>ambibit,</strong></span> <span class='ocrx_word' id='word_1_288' title='bbox 1783 2030 1838 2077; x_wconf 91' lang='lat' dir='ltr'><strong>et</strong></span> <span class='ocrx_word' id='word_1_289' title='bbox 1867 2022 1988 2093; x_wconf 87' lang='lat' dir='ltr'><strong>qui-</strong></span> 
     </span>
    </p>
   </div>
   <div class='ocr_carea' id='block_1_37' title="bbox 393 2106 1989 2180">
    <p class='ocr_par' dir='ltr' id='par_1_37' title="bbox 393 2106 1989 2180">
     <span class='ocr_line' id='line_1_37' title="bbox 393 2106 1989 2180; baseline 0.001 -17"><span class='ocrx_word' id='word_1_290' title='bbox 393 2109 516 2164; x_wconf 90' lang='lat' dir='ltr'><strong>dem</strong></span> <span class='ocrx_word' id='word_1_291' title='bbox 545 2107 796 2165; x_wconf 87' lang='lat' dir='ltr'><strong>viriosius</strong></span> <span class='ocrx_word' id='word_1_292' title='bbox 842 2106 910 2162; x_wconf 92' lang='lat' dir='ltr'><strong>de</strong></span> <span class='ocrx_word' id='word_1_293' title='bbox 960 2121 1061 2163; x_wconf 91' lang='lat' dir='ltr'><strong>suo</strong></span> <span class='ocrx_word' id='word_1_294' title='bbox 1103 2106 1346 2179; x_wconf 86' lang='lat' dir='ltr'><strong>ingenio,</strong></span> <span class='ocrx_word' id='word_1_295' title='bbox 1376 2124 1537 2180; x_wconf 90' lang='lat' dir='ltr'><strong>quam</strong></span> <span class='ocrx_word' id='word_1_296' title='bbox 1585 2110 1654 2164; x_wconf 91' lang='lat' dir='ltr'><strong>de</strong></span> <span class='ocrx_word' id='word_1_297' title='bbox 1702 2116 1794 2164; x_wconf 92' lang='lat' dir='ltr'><strong>tuo</strong></span> <span class='ocrx_word' id='word_1_298' title='bbox 1838 2111 1989 2166; x_wconf 91' lang='lat' dir='ltr'><strong>arbi-</strong></span> 
     </span>
    </p>
   </div>
   <div class='ocr_carea' id='block_1_38' title="bbox 394 2195 1987 2270">
    <p class='ocr_par' dir='ltr' id='par_1_38' title="bbox 394 2195 1987 2270">
     <span class='ocr_line' id='line_1_38' title="bbox 394 2195 1987 2270; baseline 0 -19"><span class='ocrx_word' id='word_1_299' title='bbox 394 2195 522 2259; x_wconf 91' lang='lat' dir='ltr'><strong>trio,</strong></span> <span class='ocrx_word' id='word_1_300' title='bbox 555 2202 809 2266; x_wconf 88' lang='lat' dir='ltr'><strong>properat</strong></span> <span class='ocrx_word' id='word_1_301' title='bbox 836 2209 959 2251; x_wconf 92' lang='lat' dir='ltr'><strong>esse</strong></span> <span class='ocrx_word' id='word_1_302' title='bbox 987 2210 1201 2251; x_wconf 89' lang='lat' dir='ltr'><strong>secura.</strong></span> <span class='ocrx_word' id='word_1_303' title='bbox 1233 2196 1410 2253; x_wconf 85' lang='lat' dir='ltr'><strong>Video</strong></span> <span class='ocrx_word' id='word_1_304' title='bbox 1442 2205 1495 2252; x_wconf 90' lang='lat' dir='ltr'><strong>et</strong></span> <span class='ocrx_word' id='word_1_305' title='bbox 1532 2197 1778 2266; x_wconf 88' lang='lat' dir='ltr'><strong>hederas,</strong></span> <span class='ocrx_word' id='word_1_306' title='bbox 1813 2213 1987 2270; x_wconf 88' lang='lat' dir='ltr'><strong>quan-</strong></span> 
     </span>
    </p>
   </div>
   <div class='ocr_carea' id='block_1_39' title="bbox 395 2283 1985 2355">
    <p class='ocr_par' dir='ltr' id='par_1_39' title="bbox 395 2283 1985 2355">
     <span class='ocr_line' id='line_1_39' title="bbox 395 2283 1985 2355; baseline -0.001 -15"><span class='ocrx_word' id='word_1_307' title='bbox 395 2294 509 2340; x_wconf 89' lang='lat' dir='ltr'><strong>tum</strong></span> <span class='ocrx_word' id='word_1_308' title='bbox 562 2284 697 2339; x_wconf 91' lang='lat' dir='ltr'><strong>velis</strong></span> <span class='ocrx_word' id='word_1_309' title='bbox 751 2283 974 2354; x_wconf 90' lang='lat' dir='ltr'><strong>primas,</strong></span> <span class='ocrx_word' id='word_1_310' title='bbox 1024 2285 1200 2340; x_wconf 89' lang='lat' dir='ltr'><strong>statim</strong></span> <span class='ocrx_word' id='word_1_311' title='bbox 1258 2285 1325 2339; x_wconf 92' lang='lat' dir='ltr'><strong>ad</strong></span> <span class='ocrx_word' id='word_1_312' title='bbox 1378 2300 1610 2353; x_wconf 82' lang='lat' dir='ltr'><strong>superna</strong></span> <span class='ocrx_word' id='word_1_313' title='bbox 1657 2288 1865 2351; x_wconf 89' lang='lat' dir='ltr'><strong>conari,</strong></span> <span class='ocrx_word' id='word_1_314' title='bbox 1914 2296 1985 2355; x_wconf 91' lang='lat' dir='ltr'><strong>et,</strong></span> 
     </span>
    </p>
   </div>
   <div class='ocr_carea' id='block_1_40' title="bbox 394 2372 1990 2445">
    <p class='ocr_par' dir='ltr' id='par_1_40' title="bbox 394 2372 1990 2445">
     <span class='ocr_line' id='line_1_40' title="bbox 394 2372 1990 2445; baseline 0.001 -18"><span class='ocrx_word' id='word_1_315' title='bbox 394 2373 544 2428; x_wconf 92' lang='lat' dir='ltr'><strong>nullo</strong></span> <span class='ocrx_word' id='word_1_316' title='bbox 591 2381 884 2443; x_wconf 71' lang='lat' dir='ltr'><strong>praeeunte,</strong></span> <span class='ocrx_word' id='word_1_317' title='bbox 933 2372 1225 2443; x_wconf 86' lang='lat' dir='ltr'><strong>suspendi;</strong></span> <span class='ocrx_word' id='word_1_318' title='bbox 1269 2375 1412 2443; x_wconf 84' lang='lat' dir='ltr'><strong>quod</strong></span> <span class='ocrx_word' id='word_1_319' title='bbox 1460 2374 1651 2428; x_wconf 89' lang='lat' dir='ltr'><strong>malint</strong></span> <span class='ocrx_word' id='word_1_320' title='bbox 1695 2375 1990 2445; x_wconf 88' lang='lat' dir='ltr'><strong>parietibus</strong></span> 
     </span>
    </p>
   </div>
   <div class='ocr_carea' id='block_1_41' title="bbox 393 2461 1988 2534">
    <p class='ocr_par' dir='ltr' id='par_1_41' title="bbox 393 2461 1988 2534">
     <span class='ocr_line' id='line_1_41' title="bbox 393 2461 1988 2534; baseline 0 -17"><span class='ocrx_word' id='word_1_321' title='bbox 393 2462 596 2530; x_wconf 90' lang='lat' dir='ltr'><strong>invehi,</strong></span> <span class='ocrx_word' id='word_1_322' title='bbox 630 2461 802 2515; x_wconf 82' lang='lat' dir='ltr'><strong>textili</strong></span> <span class='ocrx_word' id='word_1_323' title='bbox 842 2461 1016 2533; x_wconf 83' lang='lat' dir='ltr'><strong>sylva,</strong></span> <span class='ocrx_word' id='word_1_324' title='bbox 1045 2477 1205 2534; x_wconf 92' lang='lat' dir='ltr'><strong>quam</strong></span> <span class='ocrx_word' id='word_1_325' title='bbox 1245 2462 1393 2517; x_wconf 90' lang='lat' dir='ltr'><strong>humi</strong></span> <span class='ocrx_word' id='word_1_326' title='bbox 1425 2462 1543 2530; x_wconf 89' lang='lat' dir='ltr'><strong>teri,</strong></span> <span class='ocrx_word' id='word_1_327' title='bbox 1574 2463 1874 2519; x_wconf 85' lang='lat' dir='ltr'><strong>voluntaria</strong></span> <span class='ocrx_word' id='word_1_328' title='bbox 1897 2463 1988 2517; x_wconf 94' lang='lat' dir='ltr'><strong>in-</strong></span> 
     </span>
    </p>
   </div>
   <div class='ocr_carea' id='block_1_42' title="bbox 392 2548 1992 2620">
    <p class='ocr_par' dir='ltr' id='par_1_42' title="bbox 392 2548 1992 2620">
     <span class='ocr_line' id='line_1_42' title="bbox 392 2548 1992 2620; baseline 0 -16"><span class='ocrx_word' id='word_1_329' title='bbox 392 2549 552 2620; x_wconf 86' lang='lat' dir='ltr'><strong>juria.</strong></span> <span class='ocrx_word' id='word_1_330' title='bbox 583 2549 799 2616; x_wconf 88' lang='lat' dir='ltr'><strong>Contra,</strong></span> <span class='ocrx_word' id='word_1_331' title='bbox 830 2549 1026 2620; x_wconf 89' lang='lat' dir='ltr'><strong>quibus</strong></span> <span class='ocrx_word' id='word_1_332' title='bbox 1071 2549 1140 2603; x_wconf 91' lang='lat' dir='ltr'><strong>de</strong></span> <span class='ocrx_word' id='word_1_333' title='bbox 1185 2548 1415 2604; x_wconf 75' lang='lat' dir='ltr'><strong>aediﬁcio</strong></span> <span class='ocrx_word' id='word_1_334' title='bbox 1456 2549 1602 2605; x_wconf 88' lang='lat' dir='ltr'><strong>male</strong></span> <span class='ocrx_word' id='word_1_335' title='bbox 1651 2557 1734 2606; x_wconf 90' lang='lat' dir='ltr'><strong>est</strong></span> <span class='ocrx_word' id='word_1_336' title='bbox 1762 2550 1899 2620; x_wconf 85' lang='lat'><strong>(29),</strong></span> <span class='ocrx_word' id='word_1_337' title='bbox 1932 2557 1992 2604; x_wconf 89' lang='lat' dir='ltr'><strong>ut</strong></span> 
     </span>
    </p>
   </div>
   <div class='ocr_carea' id='block_1_43' title="bbox 395 2635 1991 2709">
    <p class='ocr_par' dir='ltr' id='par_1_43' title="bbox 395 2635 1991 2709">
     <span class='ocr_line' id='line_1_43' title="bbox 395 2635 1991 2709; baseline 0 -16"><span class='ocrx_word' id='word_1_338' title='bbox 395 2638 688 2693; x_wconf 89' lang='lat' dir='ltr'><strong>crescendo</strong></span> <span class='ocrx_word' id='word_1_339' title='bbox 746 2636 1039 2694; x_wconf 90' lang='lat' dir='ltr'><strong>recedunt!</strong></span> <span class='ocrx_word' id='word_1_340' title='bbox 1088 2644 1146 2691; x_wconf 93' lang='lat' dir='ltr'><strong>ut</strong></span> <span class='ocrx_word' id='word_1_341' title='bbox 1190 2635 1462 2709; x_wconf 89' lang='lat' dir='ltr'><strong>refugiunt</strong></span> <span class='ocrx_word' id='word_1_342' title='bbox 1500 2636 1588 2692; x_wconf 69' lang='lat'><strong>95!</strong></span> <span class='ocrx_word' id='word_1_343' title='bbox 1639 2637 1855 2693; x_wconf 88' lang='lat' dir='ltr'><strong>Sentias</strong></span> <span class='ocrx_word' id='word_1_344' title='bbox 1901 2653 1991 2693; x_wconf 89' lang='lat' dir='ltr'><strong>ra-</strong></span> 
     </span>
    </p>
   </div>
   <div class='ocr_carea' id='block_1_44' title="bbox 395 2723 1993 2781">
    <p class='ocr_par' dir='ltr' id='par_1_44' title="bbox 395 2723 1993 2781">
     <span class='ocr_line' id='line_1_44' title="bbox 395 2723 1993 2781; baseline 0.001 -2"><span class='ocrx_word' id='word_1_345' title='bbox 395 2740 515 2781; x_wconf 90' lang='lat' dir='ltr'><strong>mos</strong></span> <span class='ocrx_word' id='word_1_346' title='bbox 541 2723 591 2763; x_wconf 74' lang='lat'><strong>97</strong></span> <span class='ocrx_word' id='word_1_347' title='bbox 611 2724 868 2780; x_wconf 77' lang='lat' dir='ltr'><strong>aliorsum</strong></span> <span class='ocrx_word' id='word_1_348' title='bbox 899 2724 1199 2780; x_wconf 88' lang='lat' dir='ltr'><strong>destinatos</strong></span> <span class='ocrx_word' id='word_1_349' title='bbox 1223 2725 1274 2763; x_wconf 79' lang='lat'><strong>98</strong></span> <span class='ocrx_word' id='word_1_350' title='bbox 1288 2733 1341 2781; x_wconf 91' lang='lat' dir='ltr'><strong>et</strong></span> <span class='ocrx_word' id='word_1_351' title='bbox 1367 2723 1749 2781; x_wconf 86' lang='lat' dir='ltr'><strong>animationem</strong></span> <span class='ocrx_word' id='word_1_352' title='bbox 1779 2726 1993 2780; x_wconf 90' lang='lat' dir='ltr'><strong>arboris</strong></span> 
     </span>
    </p>
   </div>
   <div class='ocr_carea' id='block_1_45' title="bbox 394 2814 1992 2888">
    <p class='ocr_par' dir='ltr' id='par_1_45' title="bbox 394 2814 1992 2888">
     <span class='ocr_line' id='line_1_45' title="bbox 394 2814 1992 2888; baseline 0 -17"><span class='ocrx_word' id='word_1_353' title='bbox 394 2816 462 2872; x_wconf 90' lang='lat' dir='ltr'><strong>de</strong></span> <span class='ocrx_word' id='word_1_354' title='bbox 491 2815 725 2872; x_wconf 91' lang='lat' dir='ltr'><strong>divortio</strong></span> <span class='ocrx_word' id='word_1_355' title='bbox 754 2814 972 2886; x_wconf 90' lang='lat' dir='ltr'><strong>parietis</strong></span> <span class='ocrx_word' id='word_1_356' title='bbox 999 2814 1307 2887; x_wconf 79' lang='lat' dir='ltr'><strong>intelligas;</strong></span> <span class='ocrx_word' id='word_1_357' title='bbox 1339 2824 1592 2871; x_wconf 87' lang='lat' dir='ltr'><strong>contenta</strong></span> <span class='ocrx_word' id='word_1_358' title='bbox 1620 2825 1702 2871; x_wconf 91' lang='lat' dir='ltr'><strong>est</strong></span> <span class='ocrx_word' id='word_1_359' title='bbox 1724 2816 1776 2856; x_wconf 81' lang='lat'><strong>99</strong></span> <span class='ocrx_word' id='word_1_360' title='bbox 1804 2817 1992 2888; x_wconf 87' lang='lat' dir='ltr'><strong>parvi-</strong></span> 
     </span>
    </p>
   </div>
   <div class='ocr_carea' id='block_1_46' title="bbox 397 2902 1997 2975">
    <p class='ocr_par' dir='ltr' id='par_1_46' title="bbox 397 2902 1997 2975">
     <span class='ocr_line' id='line_1_46' title="bbox 397 2902 1997 2975; baseline -0.001 -15"><span class='ocrx_word' id='word_1_361' title='bbox 397 2913 503 2961; x_wconf 84' lang='lat' dir='ltr'><strong>tate</strong></span> <span class='ocrx_word' id='word_1_362' title='bbox 536 2904 670 2975; x_wconf 88' lang='lat'><strong>(30),</strong></span> <span class='ocrx_word' id='word_1_363' title='bbox 694 2919 855 2974; x_wconf 89' lang='lat' dir='ltr'><strong>quam</strong></span> <span class='ocrx_word' id='word_1_364' title='bbox 878 2919 943 2957; x_wconf 87' lang='lat' dir='ltr'><strong>ex</strong></span> <span class='ocrx_word' id='word_1_365' title='bbox 972 2902 1271 2974; x_wconf 89' lang='lat' dir='ltr'><strong>primordio</strong></span> <span class='ocrx_word' id='word_1_366' title='bbox 1291 2903 1760 2974; x_wconf 88' lang='lat' dir='ltr'><strong>providentissimi</strong></span> <span class='ocrx_word' id='word_1_367' title='bbox 1787 2903 1997 2960; x_wconf 89' lang='lat' dir='ltr'><strong>fruticis</strong></span> 
     </span>
    </p>
   </div>
   <div class='ocr_carea' id='block_1_47' title="bbox 2095 1834 3706 1911">
    <p class='ocr_par' dir='ltr' id='par_1_47' title="bbox 2095 1834 3706 1911">
     <span class='ocr_line' id='line_1_47' title="bbox 2095 1834 3706 1911; baseline -0.006 -12"><span class='ocrx_word' id='word_1_368' title='bbox 2095 1860 2216 1899; x_wconf 90' lang='lat' dir='ltr'><strong>usu.</strong></span> <span class='ocrx_word' id='word_1_369' title='bbox 2239 1842 2396 1899; x_wconf 91' lang='lat' dir='ltr'><strong>Unde</strong></span> <span class='ocrx_word' id='word_1_370' title='bbox 2425 1841 2500 1895; x_wconf 92' lang='lat' dir='ltr'><strong>illi</strong></span> <span class='ocrx_word' id='word_1_371' title='bbox 2525 1839 2788 1911; x_wconf 88' lang='lat' dir='ltr'><strong>judicium</strong></span> <span class='ocrx_word' id='word_1_372' title='bbox 2821 1836 3072 1893; x_wconf 86' lang='lat' dir='ltr'><strong>novitatis</strong></span> <span class='ocrx_word' id='word_1_373' title='bbox 3098 1843 3154 1892; x_wconf 90' lang='lat' dir='ltr'><strong>et</strong></span> <span class='ocrx_word' id='word_1_374' title='bbox 3180 1834 3365 1901; x_wconf 91' lang='lat' dir='ltr'><strong>moris,</strong></span> <span class='ocrx_word' id='word_1_375' title='bbox 3400 1834 3446 1889; x_wconf 92' lang='lat' dir='ltr'><strong>si</strong></span> <span class='ocrx_word' id='word_1_376' title='bbox 3474 1850 3591 1891; x_wconf 91' lang='lat' dir='ltr'><strong>non</strong></span> <span class='ocrx_word' id='word_1_377' title='bbox 3621 1850 3706 1890; x_wconf 88' lang='lat' dir='ltr'><strong>sa-</strong></span> 
     </span>
    </p>
   </div>
   <div class='ocr_carea' id='block_1_48' title="bbox 2093 1922 3704 2005">
    <p class='ocr_par' dir='ltr' id='par_1_48' title="bbox 2093 1922 3704 2005">
     <span class='ocr_line' id='line_1_48' title="bbox 2093 1922 3704 2005; baseline -0.004 -20"><span class='ocrx_word' id='word_1_378' title='bbox 2093 1934 2223 2005; x_wconf 82' lang='lat' dir='ltr'><strong>pit?</strong></span> <span class='ocrx_word' id='word_1_379' title='bbox 2249 1931 2392 1986; x_wconf 92' lang='lat' dir='ltr'><strong>unde</strong></span> <span class='ocrx_word' id='word_1_380' title='bbox 2423 1930 2501 1986; x_wconf 93' lang='lat' dir='ltr'><strong>illi</strong></span> <span class='ocrx_word' id='word_1_381' title='bbox 2532 1938 2585 1985; x_wconf 91' lang='lat' dir='ltr'><strong>et</strong></span> <span class='ocrx_word' id='word_1_382' title='bbox 2623 1928 2826 1986; x_wconf 83' lang='lat' dir='ltr'><strong>offendi</strong></span> <span class='ocrx_word' id='word_1_383' title='bbox 2868 1934 2923 1982; x_wconf 92' lang='lat' dir='ltr'><strong>et</strong></span> <span class='ocrx_word' id='word_1_384' title='bbox 2962 1923 3280 1993; x_wconf 90' lang='lat' dir='ltr'><strong>demnlceri,</strong></span> <span class='ocrx_word' id='word_1_385' title='bbox 3313 1924 3361 1980; x_wconf 90' lang='lat' dir='ltr'><strong>si</strong></span> <span class='ocrx_word' id='word_1_386' title='bbox 3390 1939 3502 1980; x_wconf 93' lang='lat' dir='ltr'><strong>non</strong></span> <span class='ocrx_word' id='word_1_387' title='bbox 3535 1922 3704 1979; x_wconf 86' lang='lat' dir='ltr'><strong>intel-</strong></span> 
     </span>
    </p>
   </div>
   <div class='ocr_carea' id='block_1_49' title="bbox 2096 2012 3706 2091">
    <p class='ocr_par' dir='ltr' id='par_1_49' title="bbox 2096 2012 3706 2091">
     <span class='ocr_line' id='line_1_49' title="bbox 2096 2012 3706 2091; baseline -0.004 -16"><span class='ocrx_word' id='word_1_388' title='bbox 2096 2020 2262 2091; x_wconf 84' lang='lat' dir='ltr'><strong>ligit?</strong></span> <span class='ocrx_word' id='word_1_389' title='bbox 2289 2021 2480 2076; x_wconf 85' lang='lat' dir='ltr'><strong>Mirum</strong></span> <span class='ocrx_word' id='word_1_390' title='bbox 2528 2018 2678 2084; x_wconf 90' lang='lat' dir='ltr'><strong>satis,</strong></span> <span class='ocrx_word' id='word_1_391' title='bbox 2712 2027 2770 2074; x_wconf 92' lang='lat' dir='ltr'><strong>ut</strong></span> <span class='ocrx_word' id='word_1_392' title='bbox 2815 2014 3041 2071; x_wconf 86' lang='lat' dir='ltr'><strong>infantia</strong></span> <span class='ocrx_word' id='word_1_393' title='bbox 3088 2014 3404 2070; x_wconf 87' lang='lat' dir='ltr'><strong>naturaliter</strong></span> <span class='ocrx_word' id='word_1_394' title='bbox 3445 2012 3706 2069; x_wconf 83' lang='lat' dir='ltr'><strong>animosa</strong></span> 
     </span>
    </p>
   </div>
   <div class='ocr_carea' id='block_1_50' title="bbox 2096 2102 3801 2174">
    <p class='ocr_par' dir='ltr' id='par_1_50' title="bbox 2096 2102 3801 2174">
     <span class='ocr_line' id='line_1_50' title="bbox 2096 2102 3801 2174; baseline -0.005 -10"><span class='ocrx_word' id='word_1_395' title='bbox 2096 2113 2184 2173; x_wconf 87' lang='lat' dir='ltr'><strong>sit,</strong></span> <span class='ocrx_word' id='word_1_396' title='bbox 2214 2124 2320 2166; x_wconf 90' lang='lat' dir='ltr'><strong>non</strong></span> <span class='ocrx_word' id='word_1_397' title='bbox 2362 2110 2564 2165; x_wconf 89' lang='lat' dir='ltr'><strong>habens</strong></span> <span class='ocrx_word' id='word_1_398' title='bbox 2613 2108 2891 2174; x_wconf 89' lang='lat' dir='ltr'><strong>animum;</strong></span> <span class='ocrx_word' id='word_1_399' title='bbox 2943 2113 2997 2161; x_wconf 91' lang='lat' dir='ltr'><strong>et</strong></span> <span class='ocrx_word' id='word_1_400' title='bbox 3045 2104 3357 2160; x_wconf 88' lang='lat' dir='ltr'><strong>naturaliter</strong></span> <span class='ocrx_word' id='word_1_401' title='bbox 3401 2102 3708 2160; x_wconf 77' lang='lat' dir='ltr'><strong>adfectiosa</strong></span> <span class='ocrx_word' id='word_1_402' title='bbox 3796 2154 3801 2155; x_wconf 63' lang='lat'><strong><em>,</em></strong></span> 
     </span>
    </p>
   </div>
   <div class='ocr_carea' id='block_1_51' title="bbox 2097 2192 3707 2267">
    <p class='ocr_par' dir='ltr' id='par_1_51' title="bbox 2097 2192 3707 2267">
     <span class='ocr_line' id='line_1_51' title="bbox 2097 2192 3707 2267; baseline -0.004 -13"><span class='ocrx_word' id='word_1_403' title='bbox 2097 2200 2186 2267; x_wconf 90' lang='lat' dir='ltr'><strong>sit,</strong></span> <span class='ocrx_word' id='word_1_404' title='bbox 2219 2214 2327 2254; x_wconf 92' lang='lat' dir='ltr'><strong>non</strong></span> <span class='ocrx_word' id='word_1_405' title='bbox 2359 2199 2563 2253; x_wconf 61' lang='lat' dir='ltr'><strong>habens</strong></span> <span class='ocrx_word' id='word_1_406' title='bbox 2592 2196 2941 2253; x_wconf 91' lang='lat' dir='ltr'><strong>intellectum.</strong></span> <span class='ocrx_word' id='word_1_407' title='bbox 2972 2192 3187 2249; x_wconf 84' lang='lat' dir='ltr'><strong>Atenim</strong></span> <span class='ocrx_word' id='word_1_408' title='bbox 3230 2192 3472 2248; x_wconf 86' lang='lat' dir='ltr'><strong>Christus</strong></span> <span class='ocrx_word' id='word_1_409' title='bbox 3503 2208 3577 2247; x_wconf 85' lang='lat' dir='ltr'><strong>ex</strong></span> <span class='ocrx_word' id='word_1_410' title='bbox 3601 2208 3707 2247; x_wconf 87' lang='lat' dir='ltr'><strong>ore</strong></span> 
     </span>
    </p>
   </div>
   <div class='ocr_carea' id='block_1_52' title="bbox 2095 2279 3702 2356">
    <p class='ocr_par' dir='ltr' id='par_1_52' title="bbox 2095 2279 3702 2356">
     <span class='ocr_line' id='line_1_52' title="bbox 2095 2279 3702 2356; baseline -0.004 -14"><span class='ocrx_word' id='word_1_411' title='bbox 2095 2288 2402 2344; x_wconf 88' lang='lat' dir='ltr'><strong>lactentium</strong></span> <span class='ocrx_word' id='word_1_412' title='bbox 2450 2294 2503 2341; x_wconf 89' lang='lat' dir='ltr'><strong>et</strong></span> <span class='ocrx_word' id='word_1_413' title='bbox 2549 2285 2891 2356; x_wconf 89' lang='lat' dir='ltr'><strong>parvulorum</strong></span> <span class='ocrx_word' id='word_1_414' title='bbox 2935 2281 3262 2354; x_wconf 55' lang='lat' dir='ltr'><strong>experitndo</strong></span> <span class='ocrx_word' id='word_1_415' title='bbox 3308 2279 3555 2345; x_wconf 87' lang='lat' dir='ltr'><strong>laudem,</strong></span> <span class='ocrx_word' id='word_1_416' title='bbox 3596 2296 3702 2336; x_wconf 90' lang='lat' dir='ltr'><strong>nec</strong></span> 
     </span>
    </p>
   </div>
   <div class='ocr_carea' id='block_1_53' title="bbox 2097 2367 3706 2447">
    <p class='ocr_par' dir='ltr' id='par_1_53' title="bbox 2097 2367 3706 2447">
     <span class='ocr_line' id='line_1_53' title="bbox 2097 2367 3706 2447; baseline -0.004 -19"><span class='ocrx_word' id='word_1_417' title='bbox 2097 2374 2405 2447; x_wconf 87' lang='lat' dir='ltr'><strong>pueritiam,</strong></span> <span class='ocrx_word' id='word_1_418' title='bbox 2439 2388 2540 2428; x_wconf 91' lang='lat' dir='ltr'><strong>nec</strong></span> <span class='ocrx_word' id='word_1_419' title='bbox 2570 2372 2845 2427; x_wconf 88' lang='lat' dir='ltr'><strong>infantiam</strong></span> <span class='ocrx_word' id='word_1_420' title='bbox 2873 2370 3094 2425; x_wconf 85' lang='lat' dir='ltr'><strong>hebetes</strong></span> <span class='ocrx_word' id='word_1_421' title='bbox 3113 2367 3489 2439; x_wconf 82' lang='lat' dir='ltr'><strong>pronuntiavit</strong></span> <span class='ocrx_word' id='word_1_422' title='bbox 3518 2384 3534 2421; x_wconf 87' lang='lat'><strong>:</strong></span> <span class='ocrx_word' id='word_1_423' title='bbox 3565 2383 3706 2438; x_wconf 85' lang='lat' dir='ltr'><strong>qua-</strong></span> 
     </span>
    </p>
   </div>
   <div class='ocr_carea' id='block_1_54' title="bbox 2096 2455 3704 2530">
    <p class='ocr_par' dir='ltr' id='par_1_54' title="bbox 2096 2455 3704 2530">
     <span class='ocr_line' id='line_1_54' title="bbox 2096 2455 3704 2530; baseline -0.007 -11"><span class='ocrx_word' id='word_1_424' title='bbox 2096 2478 2216 2519; x_wconf 89' lang='lat' dir='ltr'><strong>rum</strong></span> <span class='ocrx_word' id='word_1_425' title='bbox 2265 2462 2437 2517; x_wconf 90' lang='lat' dir='ltr'><strong>altera</strong></span> <span class='ocrx_word' id='word_1_426' title='bbox 2464 2459 2685 2530; x_wconf 86' lang='lat' dir='ltr'><strong>(Matth.</strong></span> <span class='ocrx_word' id='word_1_427' title='bbox 2735 2458 2881 2524; x_wconf 69' lang='lat' dir='ltr'><strong>xxx),</strong></span> <span class='ocrx_word' id='word_1_428' title='bbox 2912 2473 3037 2514; x_wconf 90' lang='lat' dir='ltr'><strong>cum</strong></span> <span class='ocrx_word' id='word_1_429' title='bbox 3087 2455 3355 2528; x_wconf 85' lang='lat' dir='ltr'><strong>suffragio</strong></span> <span class='ocrx_word' id='word_1_430' title='bbox 3385 2470 3704 2521; x_wconf 83' lang='lat' dir='ltr'><strong>occurrens,</strong></span> 
     </span>
    </p>
   </div>
   <div class='ocr_carea' id='block_1_55' title="bbox 2099 2544 3704 2622">
    <p class='ocr_par' dir='ltr' id='par_1_55' title="bbox 2099 2544 3704 2622">
     <span class='ocr_line' id='line_1_55' title="bbox 2099 2544 3704 2622; baseline -0.004 -15"><span class='ocrx_word' id='word_1_431' title='bbox 2099 2550 2463 2608; x_wconf 69' lang='lat' dir='ltr'><strong>testimonium</strong></span> <span class='ocrx_word' id='word_1_432' title='bbox 2508 2551 2557 2606; x_wconf 92' lang='lat' dir='ltr'><strong>ei</strong></span> <span class='ocrx_word' id='word_1_433' title='bbox 2607 2550 2782 2622; x_wconf 90' lang='lat' dir='ltr'><strong>potuit</strong></span> <span class='ocrx_word' id='word_1_434' title='bbox 2825 2548 3053 2619; x_wconf 89' lang='lat' dir='ltr'><strong>offerre;</strong></span> <span class='ocrx_word' id='word_1_435' title='bbox 3104 2547 3267 2602; x_wconf 89' lang='lat' dir='ltr'><strong>altera</strong></span> <span class='ocrx_word' id='word_1_436' title='bbox 3329 2544 3562 2618; x_wconf 74' lang='lat' dir='ltr'><strong>(Matth.</strong></span> <span class='ocrx_word' id='word_1_437' title='bbox 3612 2546 3704 2615; x_wconf 81' lang='lat' dir='ltr'><strong>Il),</strong></span> 
     </span>
    </p>
   </div>
   <div class='ocr_carea' id='block_1_56' title="bbox 2100 2634 3231 2713">
    <p class='ocr_par' dir='ltr' id='par_1_56' title="bbox 2100 2634 3231 2713">
     <span class='ocr_line' id='line_1_56' title="bbox 2100 2634 3231 2713; baseline -0.005 -16"><span class='ocrx_word' id='word_1_438' title='bbox 2100 2657 2200 2713; x_wconf 90' lang='lat' dir='ltr'><strong>pro</strong></span> <span class='ocrx_word' id='word_1_439' title='bbox 2230 2641 2350 2713; x_wconf 89' lang='lat' dir='ltr'><strong>ipso</strong></span> <span class='ocrx_word' id='word_1_440' title='bbox 2382 2639 2665 2705; x_wconf 86' lang='lat' dir='ltr'><strong>trucidata,</strong></span> <span class='ocrx_word' id='word_1_441' title='bbox 2696 2638 2883 2710; x_wconf 91' lang='lat' dir='ltr'><strong>utique</strong></span> <span class='ocrx_word' id='word_1_442' title='bbox 2908 2636 3016 2693; x_wconf 90' lang='lat' dir='ltr'><strong>vim</strong></span> <span class='ocrx_word' id='word_1_443' title='bbox 3042 2634 3231 2692; x_wconf 88' lang='lat' dir='ltr'><strong>sensit.</strong></span> 
     </span>
    </p>
   </div>
   <div class='ocr_carea' id='block_1_57' title="bbox 2709 2777 3088 2837">
    <p class='ocr_par' dir='ltr' id='par_1_57' title="bbox 2709 2777 3088 2837">
     <span class='ocr_line' id='line_1_57' title="bbox 2709 2777 3088 2837; baseline -0.003 -1"><span class='ocrx_word' id='word_1_444' title='bbox 2709 2778 2933 2837; x_wconf 84' lang='lat' dir='ltr'><strong>CAPUT</strong></span> <span class='ocrx_word' id='word_1_445' title='bbox 2962 2777 3088 2835; x_wconf 78' lang='lat' dir='ltr'><strong>XX.</strong></span> 
     </span>
    </p>
   </div>
   <div class='ocr_carea' id='block_1_58' title="bbox 2174 2897 3707 2978">
    <p class='ocr_par' dir='ltr' id='par_1_58' title="bbox 2174 2897 3707 2978">
     <span class='ocr_line' id='line_1_58' title="bbox 2174 2897 3707 2978; baseline -0.008 -14"><span class='ocrx_word' id='word_1_446' title='bbox 2174 2908 2242 2965; x_wconf 88' lang='lat' dir='ltr'><strong>Et</strong></span> <span class='ocrx_word' id='word_1_447' title='bbox 2273 2906 2360 2962; x_wconf 90' lang='lat' dir='ltr'><strong>hic</strong></span> <span class='ocrx_word' id='word_1_448' title='bbox 2388 2906 2568 2978; x_wconf 88' lang='lat' dir='ltr'><strong>itaque</strong></span> <span class='ocrx_word' id='word_1_449' title='bbox 2616 2901 3009 2971; x_wconf 87' lang='lat' dir='ltr'><strong>concludimus,</strong></span> <span class='ocrx_word' id='word_1_450' title='bbox 3043 2898 3225 2957; x_wconf 88' lang='lat' dir='ltr'><strong>omnia</strong></span> <span class='ocrx_word' id='word_1_451' title='bbox 3270 2897 3541 2955; x_wconf 89' lang='lat' dir='ltr'><strong>naturalia</strong></span> <span class='ocrx_word' id='word_1_452' title='bbox 3579 2898 3707 2952; x_wconf 85' lang='lat' dir='ltr'><strong>ani-</strong></span> 
     </span>
    </p>
   </div>
   <div class='ocr_carea' id='block_1_59' title="bbox 401 2989 3708 3086">
    <p class='ocr_par' dir='ltr' id='par_1_59' title="bbox 401 2989 3708 3086">
     <span class='ocr_line' id='line_1_59' title="bbox 401 2989 3708 3086; baseline -0.002 -36"><span class='ocrx_word' id='word_1_453' title='bbox 401 2992 640 3057; x_wconf 89' lang='lat' dir='ltr'><strong>edidicit,</strong></span> <span class='ocrx_word' id='word_1_454' title='bbox 672 2991 866 3047; x_wconf 91' lang='lat' dir='ltr'><strong>timens</strong></span> <span class='ocrx_word' id='word_1_455' title='bbox 915 2992 933 3030; x_wconf 79' lang='grc' dir='ltr'><strong>ι</strong></span> <span class='ocrx_word' id='word_1_456' title='bbox 964 2991 1125 3047; x_wconf 88' lang='lat' dir='ltr'><strong>etiam</strong></span> <span class='ocrx_word' id='word_1_457' title='bbox 1159 2992 1392 3051; x_wconf 90' lang='lat' dir='ltr'><strong>ruinam.</strong></span> <span class='ocrx_word' id='word_1_458' title='bbox 1427 2993 1531 3047; x_wconf 84' lang='lat' dir='ltr'><strong>Has</strong></span> <span class='ocrx_word' id='word_1_459' title='bbox 1566 3008 1672 3065; x_wconf 91' lang='lat' dir='ltr'><strong>ego</strong></span> <span class='ocrx_word' id='word_1_460' title='bbox 1701 2993 1995 3066; x_wconf 86' lang='lat' dir='ltr'><strong>sapientias</strong></span> <span class='ocrx_word' id='word_1_461' title='bbox 2026 3007 2069 3086; x_wconf 70' lang='grc' dir='ltr'>ο</span> <span class='ocrx_word' id='word_1_462' title='bbox 2100 3013 2224 3063; x_wconf 64' lang='grc' dir='ltr'><strong>απαξ,</strong></span> <span class='ocrx_word' id='word_1_463' title='bbox 2256 3004 2313 3050; x_wconf 82' lang='grc' dir='ltr'><strong>ιιι</strong></span> <span class='ocrx_word' id='word_1_464' title='bbox 2361 2994 2693 3051; x_wconf 76' lang='lat' dir='ltr'><strong>substantive</strong></span> <span class='ocrx_word' id='word_1_465' title='bbox 2735 2993 2875 3063; x_wconf 79' lang='lat' dir='ltr'><strong>ejus,</strong></span> <span class='ocrx_word' id='word_1_466' title='bbox 2926 2990 3031 3061; x_wconf 92' lang='lat' dir='ltr'><strong>ipsi</strong></span> <span class='ocrx_word' id='word_1_467' title='bbox 3070 2989 3274 3054; x_wconf 90' lang='lat' dir='ltr'><strong>inesse,</strong></span> <span class='ocrx_word' id='word_1_468' title='bbox 3324 2998 3378 3043; x_wconf 90' lang='lat' dir='ltr'><strong>et</strong></span> <span class='ocrx_word' id='word_1_469' title='bbox 3425 3003 3556 3044; x_wconf 89' lang='lat' dir='ltr'><strong>cum</strong></span> <span class='ocrx_word' id='word_1_470' title='bbox 3588 2989 3708 3060; x_wconf 83' lang='lat' dir='ltr'><strong>ipsa</strong></span> 
     </span>
    </p>
   </div>
   <div class='ocr_carea' id='block_1_60' title="bbox 402 3080 1989 3146">
    <p class='ocr_par' dir='ltr' id='par_1_60' title="bbox 402 3080 1989 3146">
     <span class='ocr_line' id='line_1_60' title="bbox 402 3080 1989 3146; baseline -0.001 -8"><span class='ocrx_word' id='word_1_471' title='bbox 402 3089 458 3138; x_wconf 89' lang='lat' dir='ltr'><strong>et</strong></span> <span class='ocrx_word' id='word_1_472' title='bbox 487 3080 740 3137; x_wconf 85' lang='lat' dir='ltr'><strong>scientias</strong></span> <span class='ocrx_word' id='word_1_473' title='bbox 783 3082 1062 3146; x_wconf 88' lang='lat' dir='ltr'><strong>arborum,</strong></span> <span class='ocrx_word' id='word_1_474' title='bbox 1093 3096 1191 3137; x_wconf 92' lang='lat' dir='ltr'><strong>cur</strong></span> <span class='ocrx_word' id='word_1_475' title='bbox 1236 3096 1342 3137; x_wconf 92' lang='lat' dir='ltr'><strong>non</strong></span> <span class='ocrx_word' id='word_1_476' title='bbox 1392 3083 1761 3142; x_wconf 84' lang='lat' dir='ltr'><strong>contendam?</strong></span> <span class='ocrx_word' id='word_1_477' title='bbox 1799 3083 1989 3138; x_wconf 85' lang='lat' dir='ltr'><strong>Vivant</strong></span> 
     </span>
    </p>
   </div>
   <div class='ocr_carea' id='block_1_61' title="bbox 400 3169 2037 3242">
    <p class='ocr_par' dir='ltr' id='par_1_61' title="bbox 400 3169 2037 3242">
     <span class='ocr_line' id='line_1_61' title="bbox 400 3169 2037 3242; baseline -0.001 -16"><span class='ocrx_word' id='word_1_478' title='bbox 400 3177 460 3226; x_wconf 89' lang='lat' dir='ltr'><strong>ut</strong></span> <span class='ocrx_word' id='word_1_479' title='bbox 484 3169 793 3240; x_wconf 88' lang='lat' dir='ltr'><strong>philosophi</strong></span> <span class='ocrx_word' id='word_1_480' title='bbox 820 3170 1039 3241; x_wconf 89' lang='lat' dir='ltr'><strong>volunt;</strong></span> <span class='ocrx_word' id='word_1_481' title='bbox 1071 3169 1281 3240; x_wconf 88' lang='lat' dir='ltr'><strong>sapiant</strong></span> <span class='ocrx_word' id='word_1_482' title='bbox 1319 3177 1379 3226; x_wconf 90' lang='lat' dir='ltr'><strong>ut</strong></span> <span class='ocrx_word' id='word_1_483' title='bbox 1423 3170 1734 3242; x_wconf 89' lang='lat' dir='ltr'><strong>philosophi</strong></span> <span class='ocrx_word' id='word_1_484' title='bbox 1768 3171 1991 3241; x_wconf 91' lang='lat' dir='ltr'><strong>nolunt;</strong></span> <span class='ocrx_word' id='word_1_485' title='bbox 2032 3220 2037 3225; x_wconf 84' lang='lat'><strong>.</strong></span> 
     </span>
    </p>
   </div>
   <div class='ocr_carea' id='block_1_62' title="bbox 402 3256 1992 3334">
    <p class='ocr_par' dir='ltr' id='par_1_62' title="bbox 402 3256 1992 3334">
     <span class='ocr_line' id='line_1_62' title="bbox 402 3256 1992 3334; baseline 0.001 -20"><span class='ocrx_word' id='word_1_486' title='bbox 402 3258 667 3330; x_wconf 81' lang='lat' dir='ltr'><strong>intelligat</strong></span> <span class='ocrx_word' id='word_1_487' title='bbox 712 3266 765 3315; x_wconf 89' lang='lat' dir='ltr'><strong>et</strong></span> <span class='ocrx_word' id='word_1_488' title='bbox 809 3256 1036 3314; x_wconf 83' lang='lat' dir='ltr'><strong>infantia</strong></span> <span class='ocrx_word' id='word_1_489' title='bbox 1065 3258 1089 3297; x_wconf 85' lang='grc'><strong>²</strong></span> <span class='ocrx_word' id='word_1_490' title='bbox 1126 3258 1303 3331; x_wconf 82' lang='lat' dir='ltr'><strong>ligni;</strong></span> <span class='ocrx_word' id='word_1_491' title='bbox 1353 3274 1460 3334; x_wconf 91' lang='lat' dir='ltr'><strong>quo</strong></span> <span class='ocrx_word' id='word_1_492' title='bbox 1519 3260 1690 3333; x_wconf 84' lang='lat' dir='ltr'><strong>magis</strong></span> <span class='ocrx_word' id='word_1_493' title='bbox 1736 3260 1992 3327; x_wconf 87' lang='lat' dir='ltr'><strong>hominis,</strong></span> 
     </span>
    </p>
   </div>
   <div class='ocr_carea' id='block_1_63' title="bbox 401 3345 1996 3420">
    <p class='ocr_par' dir='ltr' id='par_1_63' title="bbox 401 3345 1996 3420">
     <span class='ocr_line' id='line_1_63' title="bbox 401 3345 1996 3420; baseline -0.001 -15"><span class='ocrx_word' id='word_1_494' title='bbox 401 3348 559 3418; x_wconf 89' lang='lat' dir='ltr'><strong>cujus</strong></span> <span class='ocrx_word' id='word_1_495' title='bbox 595 3347 798 3418; x_wconf 90' lang='lat' dir='ltr'><strong>anima,</strong></span> <span class='ocrx_word' id='word_1_496' title='bbox 827 3345 1005 3404; x_wconf 66' lang='lat'><strong>682</strong></span> <span class='ocrx_word' id='word_1_497' title='bbox 1050 3347 1201 3404; x_wconf 88' lang='lat' dir='ltr'><strong>velut</strong></span> <span class='ocrx_word' id='word_1_498' title='bbox 1246 3348 1495 3404; x_wconf 90' lang='lat' dir='ltr'><strong>surculus</strong></span> <span class='ocrx_word' id='word_1_499' title='bbox 1533 3348 1751 3420; x_wconf 90' lang='lat' dir='ltr'><strong>quidam</strong></span> <span class='ocrx_word' id='word_1_500' title='bbox 1780 3364 1847 3405; x_wconf 83' lang='lat' dir='ltr'><strong>ex</strong></span> <span class='ocrx_word' id='word_1_501' title='bbox 1879 3364 1996 3403; x_wconf 91' lang='lat' dir='ltr'><strong>ma-</strong></span> 
     </span>
    </p>
   </div>
   <div class='ocr_carea' id='block_1_64' title="bbox 402 3435 1998 3509">
    <p class='ocr_par' dir='ltr' id='par_1_64' title="bbox 402 3435 1998 3509">
     <span class='ocr_line' id='line_1_64' title="bbox 402 3435 1998 3509; baseline -0.001 -16"><span class='ocrx_word' id='word_1_502' title='bbox 402 3436 535 3494; x_wconf 88' lang='lat' dir='ltr'><strong>trice</strong></span> <span class='ocrx_word' id='word_1_503' title='bbox 595 3435 774 3493; x_wconf 84' lang='lat' dir='ltr'><strong>Adam</strong></span> <span class='ocrx_word' id='word_1_504' title='bbox 832 3436 889 3492; x_wconf 93' lang='lat' dir='ltr'><strong>in</strong></span> <span class='ocrx_word' id='word_1_505' title='bbox 945 3436 1302 3508; x_wconf 85' lang='lat' dir='ltr'><strong>propaginem</strong></span> <span class='ocrx_word' id='word_1_506' title='bbox 1357 3436 1607 3507; x_wconf 88' lang='lat' dir='ltr'><strong>deducta,</strong></span> <span class='ocrx_word' id='word_1_507' title='bbox 1634 3444 1689 3493; x_wconf 91' lang='lat' dir='ltr'><strong>et</strong></span> <span class='ocrx_word' id='word_1_508' title='bbox 1742 3437 1998 3509; x_wconf 86' lang='lat' dir='ltr'><strong>genitali-</strong></span> 
     </span>
    </p>
   </div>
   <div class='ocr_carea' id='block_1_65' title="bbox 2099 3076 3707 3158">
    <p class='ocr_par' dir='ltr' id='par_1_65' title="bbox 2099 3076 3707 3158">
     <span class='ocr_line' id='line_1_65' title="bbox 2099 3076 3707 3158; baseline -0.006 -20"><span class='ocrx_word' id='word_1_509' title='bbox 2099 3083 2396 3158; x_wconf 88' lang='lat' dir='ltr'><strong>procedere</strong></span> <span class='ocrx_word' id='word_1_510' title='bbox 2451 3091 2613 3153; x_wconf 90' lang='lat' dir='ltr'><strong>atque</strong></span> <span class='ocrx_word' id='word_1_511' title='bbox 2660 3080 2946 3153; x_wconf 85' lang='lat' dir='ltr'><strong>prolicere,</strong></span> <span class='ocrx_word' id='word_1_512' title='bbox 2992 3096 3057 3134; x_wconf 86' lang='lat' dir='ltr'><strong>ex</strong></span> <span class='ocrx_word' id='word_1_513' title='bbox 3106 3092 3215 3148; x_wconf 91' lang='lat' dir='ltr'><strong>quo</strong></span> <span class='ocrx_word' id='word_1_514' title='bbox 3272 3076 3388 3148; x_wconf 88' lang='lat' dir='ltr'><strong>ipsa</strong></span> <span class='ocrx_word' id='word_1_515' title='bbox 3429 3085 3707 3143; x_wconf 84' lang='lat' dir='ltr'><strong>censetur,</strong></span> 
     </span>
    </p>
   </div>
   <div class='ocr_carea' id='block_1_66' title="bbox 2099 3165 3712 3240">
    <p class='ocr_par' dir='ltr' id='par_1_66' title="bbox 2099 3165 3712 3240">
     <span class='ocr_line' id='line_1_66' title="bbox 2099 3165 3712 3240; baseline -0.007 -12"><span class='ocrx_word' id='word_1_516' title='bbox 2099 3174 2239 3229; x_wconf 90' lang='lat' dir='ltr'><strong>sicut</strong></span> <span class='ocrx_word' id='word_1_517' title='bbox 2290 3181 2345 3228; x_wconf 91' lang='lat' dir='ltr'><strong>et</strong></span> <span class='ocrx_word' id='word_1_518' title='bbox 2397 3170 2605 3227; x_wconf 89' lang='lat' dir='ltr'><strong>Seneca</strong></span> <span class='ocrx_word' id='word_1_519' title='bbox 2659 3183 2806 3240; x_wconf 65' lang='lat' dir='ltr'><strong>smpe</strong></span> <span class='ocrx_word' id='word_1_520' title='bbox 2856 3177 3041 3224; x_wconf 89' lang='lat' dir='ltr'><strong>noster</strong></span> <span class='ocrx_word' id='word_1_521' title='bbox 3087 3169 3203 3237; x_wconf 80' lang='lat'><strong>(33)</strong></span> <span class='ocrx_word' id='word_1_522' title='bbox 3253 3185 3266 3221; x_wconf 91' lang='lat'><strong>:</strong></span> <span class='ocrx_word' id='word_1_523' title='bbox 3311 3188 3336 3215; x_wconf 72' lang='grc' dir='ltr'><strong><em>α</em></strong></span> <span class='ocrx_word' id='word_1_524' title='bbox 3372 3165 3542 3221; x_wconf 86' lang='lat' dir='ltr'><strong>Insita</strong></span> <span class='ocrx_word' id='word_1_525' title='bbox 3579 3172 3712 3220; x_wconf 86' lang='lat' dir='ltr'><strong>sunt</strong></span> 
     </span>
    </p>
   </div>
   <div class='ocr_carea' id='block_1_67' title="bbox 2102 3250 3706 3316">
    <p class='ocr_par' dir='ltr' id='par_1_67' title="bbox 2102 3250 3706 3316">
     <span class='ocr_line' id='line_1_67' title="bbox 2102 3250 3706 3316; baseline -0.006 1"><span class='ocrx_word' id='word_1_526' title='bbox 2102 3261 2261 3316; x_wconf 90' lang='lat' dir='ltr'><strong>nobis</strong></span> <span class='ocrx_word' id='word_1_527' title='bbox 2314 3258 2559 3315; x_wconf 90' lang='lat' dir='ltr'><strong>omnium</strong></span> <span class='ocrx_word' id='word_1_528' title='bbox 2614 3256 2809 3312; x_wconf 82' lang='lat' dir='ltr'><strong>artium</strong></span> <span class='ocrx_word' id='word_1_529' title='bbox 2857 3264 2910 3310; x_wconf 89' lang='lat' dir='ltr'><strong>et</strong></span> <span class='ocrx_word' id='word_1_530' title='bbox 2952 3262 3168 3311; x_wconf 76' lang='lat' dir='ltr'><strong>aetatum</strong></span> <span class='ocrx_word' id='word_1_531' title='bbox 3213 3250 3391 3311; x_wconf 75' lang='lat'><strong>683</strong></span> <span class='ocrx_word' id='word_1_532' title='bbox 3434 3254 3649 3309; x_wconf 89' lang='lat' dir='ltr'><strong>semina</strong></span> <span class='ocrx_word' id='word_1_533' title='bbox 3691 3270 3706 3307; x_wconf 91' lang='lat'><strong>:</strong></span> 
     </span>
    </p>
   </div>
   <div class='ocr_carea' id='block_1_68' title="bbox 2102 3343 3705 3423">
    <p class='ocr_par' dir='ltr' id='par_1_68' title="bbox 2102 3343 3705 3423">
     <span class='ocr_line' id='line_1_68' title="bbox 2102 3343 3705 3423; baseline -0.008 -18"><span class='ocrx_word' id='word_1_534' title='bbox 2102 3349 2462 3423; x_wconf 86' lang='lat' dir='ltr'><strong>magisterque</strong></span> <span class='ocrx_word' id='word_1_535' title='bbox 2487 3363 2554 3403; x_wconf 87' lang='lat' dir='ltr'><strong>ex</strong></span> <span class='ocrx_word' id='word_1_536' title='bbox 2583 3345 2793 3403; x_wconf 92' lang='lat' dir='ltr'><strong>occulto</strong></span> <span class='ocrx_word' id='word_1_537' title='bbox 2822 3344 2966 3423; x_wconf 89' lang='lat' dir='ltr'><strong>Deus</strong></span> <span class='ocrx_word' id='word_1_538' title='bbox 2995 3343 3241 3415; x_wconf 91' lang='lat' dir='ltr'><strong>producit</strong></span> <span class='ocrx_word' id='word_1_539' title='bbox 3267 3343 3489 3416; x_wconf 89' lang='lat' dir='ltr'><strong>ingenia</strong></span> <span class='ocrx_word' id='word_1_540' title='bbox 3516 3343 3660 3415; x_wconf 65' lang='lat'><strong>(36).</strong></span> <span class='ocrx_word' id='word_1_541' title='bbox 3680 3363 3705 3392; x_wconf 73' lang='grc' dir='ltr'><strong>ι</strong></span> 
     </span>
    </p>
   </div>
   <div class='ocr_carea' id='block_1_69' title="bbox 2104 3420 3706 3503">
    <p class='ocr_par' dir='ltr' id='par_1_69' title="bbox 2104 3420 3706 3503">
     <span class='ocr_line' id='line_1_69' title="bbox 2104 3420 3706 3503; baseline -0.003 -12"><span class='ocrx_word' id='word_1_542' title='bbox 2104 3420 2517 3492; x_wconf 44' lang='lat' dir='ltr'><strong>Eat-seminibus</strong></span> <span class='ocrx_word' id='word_1_543' title='bbox 2554 3433 2763 3490; x_wconf 83' lang='lat' dir='ltr'><strong>scilicet</strong></span> <span class='ocrx_word' id='word_1_544' title='bbox 2792 3420 2988 3499; x_wconf 81' lang='lat' dir='ltr'><strong>insitis,</strong></span> <span class='ocrx_word' id='word_1_545' title='bbox 3025 3439 3079 3488; x_wconf 92' lang='lat' dir='ltr'><strong>et</strong></span> <span class='ocrx_word' id='word_1_546' title='bbox 3120 3432 3349 3489; x_wconf 88' lang='lat' dir='ltr'><strong>occultis</strong></span> <span class='ocrx_word' id='word_1_547' title='bbox 3395 3447 3493 3503; x_wconf 91' lang='lat' dir='ltr'><strong>per</strong></span> <span class='ocrx_word' id='word_1_548' title='bbox 3522 3430 3706 3487; x_wconf 85' lang='lat' dir='ltr'><strong>infan-</strong></span> 
     </span>
    </p>
   </div>
   <div class='ocr_carea' id='block_1_70' title="bbox 1765 3527 2293 3591">
    <p class='ocr_par' dir='ltr' id='par_1_70' title="bbox 1765 3527 2293 3591">
     <span class='ocr_line' id='line_1_70' title="bbox 1765 3527 2293 3591; baseline 0.002 -3"><span class='ocrx_word' id='word_1_549' title='bbox 1765 3527 1957 3589; x_wconf 85' lang='lat' dir='ltr'><strong>Variae</strong></span> <span class='ocrx_word' id='word_1_550' title='bbox 1980 3531 2293 3591; x_wconf 85' lang='lat' dir='ltr'><strong>lectiones.</strong></span> 
     </span>
    </p>
   </div>
   <div class='ocr_carea' id='block_1_71' title="bbox 469 3617 3699 3696">
    <p class='ocr_par' dir='ltr' id='par_1_71' title="bbox 469 3617 3699 3696">
     <span class='ocr_line' id='line_1_71' title="bbox 469 3617 3699 3696; baseline -0.002 -20"><span class='ocrx_word' id='word_1_551' title='bbox 469 3620 522 3660; x_wconf 72' lang='grc'><strong>92</strong></span> <span class='ocrx_word' id='word_1_552' title='bbox 549 3622 619 3676; x_wconf 90' lang='grc' dir='ltr'><strong>Ει</strong></span> <span class='ocrx_word' id='word_1_553' title='bbox 671 3621 1055 3696; x_wconf 77' lang='lat' dir='ltr'><strong>coadulescens</strong></span> <span class='ocrx_word' id='word_1_554' title='bbox 1099 3624 1291 3696; x_wconf 31' lang='lat' dir='ltr'><strong>ogmitt,</strong></span> <span class='ocrx_word' id='word_1_555' title='bbox 1321 3622 1511 3696; x_wconf 88' lang='lat' dir='ltr'><strong>_Seml._</strong></span> <span class='ocrx_word' id='word_1_556' title='bbox 1530 3622 1707 3696; x_wconf 83' lang='lat' dir='ltr'><strong>Obert.</strong></span> <span class='ocrx_word' id='word_1_557' title='bbox 1738 3621 1789 3661; x_wconf 84' lang='lat'><strong>93</strong></span> <span class='ocrx_word' id='word_1_558' title='bbox 1810 3624 2121 3696; x_wconf 8' lang='lat' dir='ltr'><strong>gAdimpleat</strong></span> <span class='ocrx_word' id='word_1_559' title='bbox 2139 3627 2299 3696; x_wconf 85' lang='lat' dir='ltr'><strong>Pam.</strong></span> <span class='ocrx_word' id='word_1_560' title='bbox 2333 3622 2510 3696; x_wconf 53' lang='lat' dir='ltr'><strong>Rhea,</strong></span> <span class='ocrx_word' id='word_1_561' title='bbox 2540 3618 2797 3696; x_wconf 63' lang='lat' dir='ltr'><strong>9&quot;_Inni:5a</strong></span> <span class='ocrx_word' id='word_1_562' title='bbox 2826 3617 2990 3696; x_wconf 65' lang='lat' dir='ltr'><strong>Pam.</strong></span> <span class='ocrx_word' id='word_1_563' title='bbox 3028 3617 3219 3696; x_wconf 49' lang='lat' dir='ltr'><strong>Rhea;</strong></span> <span class='ocrx_word' id='word_1_564' title='bbox 3234 3618 3285 3656; x_wconf 84' lang='lat'><strong>95</strong></span> <span class='ocrx_word' id='word_1_565' title='bbox 3325 3618 3505 3696; x_wconf 69' lang='lat' dir='ltr'><strong>Cerno</strong></span> <span class='ocrx_word' id='word_1_566' title='bbox 3538 3619 3699 3673; x_wconf 86' lang='lat' dir='ltr'><strong>Pam.</strong></span> 
     </span>
    </p>
   </div>
   <div class='ocr_carea' id='block_1_72' title="bbox 406 3688 3706 3765">
    <p class='ocr_par' dir='ltr' id='par_1_72' title="bbox 406 3688 3706 3765">
     <span class='ocr_line' id='line_1_72' title="bbox 406 3688 3706 3765; baseline -0.002 -17"><span class='ocrx_word' id='word_1_567' title='bbox 406 3695 577 3765; x_wconf 72' lang='lat' dir='ltr'><strong>Fraa.</strong></span> <span class='ocrx_word' id='word_1_568' title='bbox 609 3706 743 3746; x_wconf 92' lang='lat' dir='ltr'><strong>orno</strong></span> <span class='ocrx_word' id='word_1_569' title='bbox 763 3693 852 3765; x_wconf 88' lang='lat' dir='ltr'><strong>_al.</strong></span> <span class='ocrx_word' id='word_1_570' title='bbox 875 3693 925 3731; x_wconf 76' lang='lat'><strong>95</strong></span> <span class='ocrx_word' id='word_1_571' title='bbox 948 3693 1231 3765; x_wconf 23' lang='lat' dir='ltr'><strong>Refugiuim</strong></span> <span class='ocrx_word' id='word_1_572' title='bbox 1266 3693 1442 3765; x_wconf 78' lang='lat' dir='ltr'><strong>Rhea.</strong></span> <span class='ocrx_word' id='word_1_573' title='bbox 1479 3694 1635 3749; x_wconf 85' lang='lat' dir='ltr'><strong>Pam.</strong></span> <span class='ocrx_word' id='word_1_574' title='bbox 1670 3694 1841 3765; x_wconf 83' lang='lat' dir='ltr'><strong>Seml.</strong></span> <span class='ocrx_word' id='word_1_575' title='bbox 1872 3693 1920 3731; x_wconf 74' lang='lat'><strong>97</strong></span> <span class='ocrx_word' id='word_1_576' title='bbox 1950 3688 2130 3751; x_wconf 63' lang='lat' dir='ltr'><strong>R&#39;amis</strong></span> <span class='ocrx_word' id='word_1_577' title='bbox 2159 3696 2225 3751; x_wconf 89' lang='lat' dir='ltr'><strong>al.</strong></span> <span class='ocrx_word' id='word_1_578' title='bbox 2252 3691 2555 3765; x_wconf 70' lang='lat' dir='ltr'><strong>destinatis</strong></span> <span class='ocrx_word' id='word_1_579' title='bbox 2582 3692 2715 3765; x_wconf 69' lang='lat' dir='ltr'><strong>Jan.</strong></span> <span class='ocrx_word' id='word_1_580' title='bbox 2744 3690 2795 3728; x_wconf 79' lang='lat'><strong>93</strong></span> <span class='ocrx_word' id='word_1_581' title='bbox 2826 3690 3309 3765; x_wconf 36' lang='lat' dir='ltr'><strong>Destinatum‘l’ar.</strong></span> <span class='ocrx_word' id='word_1_582' title='bbox 3348 3688 3400 3727; x_wconf 83' lang='lat'><strong>99</strong></span> <span class='ocrx_word' id='word_1_583' title='bbox 3423 3688 3706 3765; x_wconf 73' lang='lat' dir='ltr'><strong>Contentae</strong></span> 
     </span>
    </p>
   </div>
   <div class='ocr_carea' id='block_1_73' title="bbox 403 3760 3701 3840">
    <p class='ocr_par' dir='ltr' id='par_1_73' title="bbox 403 3760 3701 3840">
     <span class='ocr_line' id='line_1_73' title="bbox 403 3760 3701 3840; baseline -0.001 -25"><span class='ocrx_word' id='word_1_584' title='bbox 403 3778 502 3840; x_wconf 84' lang='lat' dir='ltr'><strong>s_ua</strong></span> <span class='ocrx_word' id='word_1_585' title='bbox 530 3764 691 3840; x_wconf 60' lang='lat' dir='ltr'><strong>Pam.</strong></span> <span class='ocrx_word' id='word_1_586' title='bbox 708 3762 883 3840; x_wconf 58' lang='lat' dir='ltr'><strong>Rhea.</strong></span> <span class='ocrx_word' id='word_1_587' title='bbox 916 3760 1130 3840; x_wconf 46' lang='lat' dir='ltr'><strong>semlfl</strong></span> <span class='ocrx_word' id='word_1_588' title='bbox 1156 3763 1416 3818; x_wconf 88' lang='lat' dir='ltr'><strong>Timentis</strong></span> <span class='ocrx_word' id='word_1_589' title='bbox 1442 3765 1602 3820; x_wconf 86' lang='lat' dir='ltr'><strong>Pam.</strong></span> <span class='ocrx_word' id='word_1_590' title='bbox 1631 3764 1807 3820; x_wconf 75' lang='lat' dir='ltr'><strong>Rhea.</strong></span> <span class='ocrx_word' id='word_1_591' title='bbox 1833 3767 2003 3825; x_wconf 80' lang='lat' dir='ltr'><strong>Seml.</strong></span> <span class='ocrx_word' id='word_1_592' title='bbox 2029 3768 2053 3805; x_wconf 84' lang='grc'>²</span> <span class='ocrx_word' id='word_1_593' title='bbox 2071 3766 2378 3840; x_wconf 88' lang='lat' dir='ltr'><strong>Intelligant</strong></span> <span class='ocrx_word' id='word_1_594' title='bbox 2404 3774 2459 3819; x_wconf 90' lang='lat' dir='ltr'><strong>et</strong></span> <span class='ocrx_word' id='word_1_595' title='bbox 2477 3761 2751 3818; x_wconf 87' lang='lat' dir='ltr'><strong>infantiam</strong></span> <span class='ocrx_word' id='word_1_596' title='bbox 2770 3765 2931 3818; x_wconf 90' lang='lat' dir='ltr'><strong>Pam.</strong></span> <span class='ocrx_word' id='word_1_597' title='bbox 2962 3762 3137 3819; x_wconf 75' lang='lat' dir='ltr'><strong>Rhea.</strong></span> <span class='ocrx_word' id='word_1_598' title='bbox 3160 3760 3184 3799; x_wconf 88' lang='grc'>³</span> <span class='ocrx_word' id='word_1_599' title='bbox 3209 3760 3333 3817; x_wconf 90' lang='lat' dir='ltr'><strong>Non</strong></span> <span class='ocrx_word' id='word_1_600' title='bbox 3356 3761 3504 3815; x_wconf 89' lang='lat' dir='ltr'><strong>enim</strong></span> <span class='ocrx_word' id='word_1_601' title='bbox 3527 3762 3701 3816; x_wconf 80' lang='lat' dir='ltr'><strong>inser.</strong></span> 
     </span>
    </p>
   </div>
   <div class='ocr_carea' id='block_1_74' title="bbox 412 3832 1046 3911">
    <p class='ocr_par' dir='ltr' id='par_1_74' title="bbox 412 3832 1046 3911">
     <span class='ocr_line' id='line_1_74' title="bbox 412 3832 1046 3911; baseline 0 -24"><span class='ocrx_word' id='word_1_602' title='bbox 412 3834 569 3888; x_wconf 87' lang='lat' dir='ltr'><strong>Pam.</strong></span> <span class='ocrx_word' id='word_1_603' title='bbox 611 3832 788 3888; x_wconf 81' lang='lat' dir='ltr'><strong>Rhen.</strong></span> <span class='ocrx_word' id='word_1_604' title='bbox 804 3908 807 3911; x_wconf 88' lang='lat'><em>_</em></span> <span class='ocrx_word' id='word_1_605' title='bbox 824 3832 992 3889; x_wconf 83' lang='lat' dir='ltr'><strong>Seml.</strong></span> <span class='ocrx_word' id='word_1_606' title='bbox 1042 3868 1046 3873; x_wconf 63' lang='grc' dir='ltr'><strong><em>ρ</em></strong></span> 
     </span>
    </p>
   </div>
   <div class='ocr_carea' id='block_1_75' title="bbox 1789 3905 2283 3974">
    <p class='ocr_par' dir='ltr' id='par_1_75' title="bbox 1789 3905 2283 3974">
     <span class='ocr_line' id='line_1_75' title="bbox 1789 3905 2283 3974; baseline 0 -5"><span class='ocrx_word' id='word_1_607' title='bbox 1789 3905 2283 3974; x_wconf 88' lang='lat' dir='ltr'><strong>Commentarius.</strong></span> 
     </span>
    </p>
   </div>
   <div class='ocr_carea' id='block_1_76' title="bbox 408 4006 1999 4089">
    <p class='ocr_par' dir='ltr' id='par_1_76' title="bbox 408 4006 1999 4089">
     <span class='ocr_line' id='line_1_76' title="bbox 408 4006 1999 4089; baseline 0.001 -24"><span class='ocrx_word' id='word_1_608' title='bbox 408 4078 419 4089; x_wconf 41' lang='lat'><strong>.</strong></span> <span class='ocrx_word' id='word_1_609' title='bbox 478 4006 777 4089; x_wconf 17' lang='lat' dir='ltr'><strong>(A27)Cum</strong></span> <span class='ocrx_word' id='word_1_610' title='bbox 805 4009 963 4089; x_wconf 59' lang='lat' dir='ltr'><strong>omni</strong></span> <span class='ocrx_word' id='word_1_611' title='bbox 1007 4008 1299 4089; x_wconf 67' lang='lat' dir='ltr'><strong>instructu</strong></span> <span class='ocrx_word' id='word_1_612' title='bbox 1340 4024 1461 4068; x_wconf 83' lang='lat' dir='ltr'><strong>suo.</strong></span> <span class='ocrx_word' id='word_1_613' title='bbox 1502 4007 1668 4089; x_wconf 79' lang='lat' dir='ltr'><strong>Quasi</strong></span> <span class='ocrx_word' id='word_1_614' title='bbox 1696 4025 1817 4066; x_wconf 92' lang='lat' dir='ltr'><strong>cum</strong></span> <span class='ocrx_word' id='word_1_615' title='bbox 1849 4012 1999 4068; x_wconf 91' lang='lat' dir='ltr'><strong>omni</strong></span> 
     </span>
    </p>
   </div>
   <div class='ocr_carea' id='block_1_77' title="bbox 405 4081 1994 4148">
    <p class='ocr_par' dir='ltr' id='par_1_77' title="bbox 405 4081 1994 4148">
     <span class='ocr_line' id='line_1_77' title="bbox 405 4081 1994 4148; baseline 0.005 -16"><span class='ocrx_word' id='word_1_616' title='bbox 405 4081 665 4133; x_wconf 90' lang='lat' dir='ltr'><strong>instructo</strong></span> <span class='ocrx_word' id='word_1_617' title='bbox 722 4085 778 4133; x_wconf 90' lang='lat' dir='ltr'><strong>et</strong></span> <span class='ocrx_word' id='word_1_618' title='bbox 833 4081 1209 4147; x_wconf 88' lang='lat' dir='ltr'><strong>instrumento,</strong></span> <span class='ocrx_word' id='word_1_619' title='bbox 1251 4095 1372 4135; x_wconf 91' lang='lat' dir='ltr'><strong>cum</strong></span> <span class='ocrx_word' id='word_1_620' title='bbox 1419 4081 1567 4135; x_wconf 90' lang='lat' dir='ltr'><strong>omni</strong></span> <span class='ocrx_word' id='word_1_621' title='bbox 1625 4096 1810 4148; x_wconf 89' lang='lat' dir='ltr'><strong>censu,</strong></span> <span class='ocrx_word' id='word_1_622' title='bbox 1870 4099 1994 4140; x_wconf 91' lang='lat' dir='ltr'><strong>cum</strong></span> 
     </span>
    </p>
   </div>
   <div class='ocr_carea' id='block_1_78' title="bbox 405 4148 1994 4222">
    <p class='ocr_par' dir='ltr' id='par_1_78' title="bbox 405 4148 1994 4222">
     <span class='ocr_line' id='line_1_78' title="bbox 405 4148 1994 4222; baseline 0.003 -17"><span class='ocrx_word' id='word_1_623' title='bbox 405 4148 662 4222; x_wconf 85' lang='lat' dir='ltr'><strong>omnibus</strong></span> <span class='ocrx_word' id='word_1_624' title='bbox 689 4148 821 4222; x_wconf 86' lang='lat' dir='ltr'><strong>suis.</strong></span> <span class='ocrx_word' id='word_1_625' title='bbox 855 4149 942 4204; x_wconf 87' lang='lat' dir='ltr'><strong>Sic</strong></span> <span class='ocrx_word' id='word_1_626' title='bbox 987 4150 1135 4222; x_wconf 87' lang='lat' dir='ltr'><strong>enim</strong></span> <span class='ocrx_word' id='word_1_627' title='bbox 1174 4166 1373 4222; x_wconf 88' lang='lat' dir='ltr'><strong>supra;</strong></span> <span class='ocrx_word' id='word_1_628' title='bbox 1422 4159 1578 4222; x_wconf 91' lang='lat' dir='ltr'><strong>atque</strong></span> <span class='ocrx_word' id='word_1_629' title='bbox 1626 4152 1681 4206; x_wconf 92' lang='lat' dir='ltr'><strong>in</strong></span> <span class='ocrx_word' id='word_1_630' title='bbox 1731 4154 1870 4208; x_wconf 90' lang='lat' dir='ltr'><strong>hunc</strong></span> <span class='ocrx_word' id='word_1_631' title='bbox 1920 4155 1994 4209; x_wconf 91' lang='lat' dir='ltr'><strong>si-</strong></span> 
     </span>
    </p>
   </div>
   <div class='ocr_carea' id='block_1_79' title="bbox 405 4220 1993 4294">
    <p class='ocr_par' dir='ltr' id='par_1_79' title="bbox 405 4220 1993 4294">
     <span class='ocr_line' id='line_1_79' title="bbox 405 4220 1993 4294; baseline 0.003 -19"><span class='ocrx_word' id='word_1_632' title='bbox 405 4220 719 4294; x_wconf 77' lang='lat' dir='ltr'><strong>gniﬁcatum</strong></span> <span class='ocrx_word' id='word_1_633' title='bbox 762 4220 1055 4294; x_wconf 79' lang='lat' dir='ltr'><strong>locutiones</strong></span> <span class='ocrx_word' id='word_1_634' title='bbox 1091 4220 1221 4276; x_wconf 86' lang='lat' dir='ltr'><strong>istas</strong></span> <span class='ocrx_word' id='word_1_635' title='bbox 1244 4220 1392 4293; x_wconf 86' lang='lat' dir='ltr'><strong>apud</strong></span> <span class='ocrx_word' id='word_1_636' title='bbox 1432 4220 1717 4294; x_wconf 81' lang='lat' dir='ltr'><strong>Africanos</strong></span> <span class='ocrx_word' id='word_1_637' title='bbox 1766 4240 1993 4294; x_wconf 72' lang='lat' dir='ltr'><strong>praeser-</strong></span> 
     </span>
    </p>
   </div>
   <div class='ocr_carea' id='block_1_80' title="bbox 2177 4007 3705 4085">
    <p class='ocr_par' dir='ltr' id='par_1_80' title="bbox 2177 4007 3705 4085">
     <span class='ocr_line' id='line_1_80' title="bbox 2177 4007 3705 4085; baseline -0.004 -17"><span class='ocrx_word' id='word_1_638' title='bbox 2177 4014 2291 4085; x_wconf 76' lang='lat' dir='ltr'><strong>(3l)</strong></span> <span class='ocrx_word' id='word_1_639' title='bbox 2327 4014 2392 4071; x_wconf 94' lang='lat' dir='ltr'><strong>Ut</strong></span> <span class='ocrx_word' id='word_1_640' title='bbox 2420 4014 2598 4085; x_wconf 83' lang='lat' dir='ltr'><strong>vitam</strong></span> <span class='ocrx_word' id='word_1_641' title='bbox 2619 4012 2807 4085; x_wconf 80' lang='lat' dir='ltr'><strong>vagitu</strong></span> <span class='ocrx_word' id='word_1_642' title='bbox 2829 4010 3134 4085; x_wconf 17' lang='lat' dir='ltr'><strong>Asaiutauit.</strong></span> <span class='ocrx_word' id='word_1_643' title='bbox 3170 4008 3295 4065; x_wconf 63' lang='lat' dir='ltr'><strong>Haec</strong></span> <span class='ocrx_word' id='word_1_644' title='bbox 3338 4007 3637 4085; x_wconf 67' lang='lat' dir='ltr'><strong>primordia</strong></span> <span class='ocrx_word' id='word_1_645' title='bbox 3650 4016 3705 4085; x_wconf 83' lang='lat' dir='ltr'><strong>et</strong></span> 
     </span>
    </p>
   </div>
   <div class='ocr_carea' id='block_1_81' title="bbox 2104 4080 3698 4156">
    <p class='ocr_par' dir='ltr' id='par_1_81' title="bbox 2104 4080 3698 4156">
     <span class='ocr_line' id='line_1_81' title="bbox 2104 4080 3698 4156; baseline -0.005 -15"><span class='ocrx_word' id='word_1_646' title='bbox 2104 4080 2383 4156; x_wconf 83' lang='lat' dir='ltr'><strong>hominum</strong></span> <span class='ocrx_word' id='word_1_647' title='bbox 2432 4080 2873 4156; x_wconf 17' lang='lat' dir='ltr'><strong>principia&#39;isatjs</strong></span> <span class='ocrx_word' id='word_1_648' title='bbox 2909 4080 3149 4136; x_wconf 87' lang='lat' dir='ltr'><strong>infelicia</strong></span> <span class='ocrx_word' id='word_1_649' title='bbox 3194 4087 3380 4137; x_wconf 85' lang='lat' dir='ltr'><strong>tractat</strong></span> <span class='ocrx_word' id='word_1_650' title='bbox 3415 4080 3554 4135; x_wconf 87' lang='lat' dir='ltr'><strong>Plin.</strong></span> <span class='ocrx_word' id='word_1_651' title='bbox 3596 4081 3698 4151; x_wconf 76' lang='lat' dir='ltr'><strong>lib.</strong></span> 
     </span>
    </p>
   </div>
   <div class='ocr_carea' id='block_1_82' title="bbox 2106 4155 2909 4220">
    <p class='ocr_par' dir='ltr' id='par_1_82' title="bbox 2106 4155 2909 4220">
     <span class='ocr_line' id='line_1_82' title="bbox 2106 4155 2909 4220; baseline -0.004 -10"><span class='ocrx_word' id='word_1_652' title='bbox 2106 4171 2199 4220; x_wconf 88' lang='lat' dir='ltr'><strong>vn,</strong></span> <span class='ocrx_word' id='word_1_653' title='bbox 2242 4155 2296 4210; x_wconf 93' lang='lat' dir='ltr'><strong>in</strong></span> <span class='ocrx_word' id='word_1_654' title='bbox 2338 4155 2677 4211; x_wconf 63' lang='lat' dir='ltr'><strong>Prmfatione.</strong></span> <span class='ocrx_word' id='word_1_655' title='bbox 2708 4155 2784 4208; x_wconf 77' lang='lat' dir='ltr'><strong>La</strong></span> <span class='ocrx_word' id='word_1_656' title='bbox 2810 4155 2909 4208; x_wconf 79' lang='lat' dir='ltr'><strong>Pa.</strong></span> 
     </span>
    </p>
   </div>
   <div class='ocr_carea' id='block_1_83' title="bbox 2196 4220 3697 4304">
    <p class='ocr_par' dir='ltr' id='par_1_83' title="bbox 2196 4220 3697 4304">
     <span class='ocr_line' id='line_1_83' title="bbox 2196 4220 3697 4304; baseline -0.005 -24"><span class='ocrx_word' id='word_1_657' title='bbox 2196 4227 2287 4304; x_wconf 84' lang='lat'><strong>_32)</strong></span> <span class='ocrx_word' id='word_1_658' title='bbox 2302 4229 2385 4304; x_wconf 88' lang='lat' dir='ltr'><strong>_De</strong></span> <span class='ocrx_word' id='word_1_659' title='bbox 2401 4230 2701 4304; x_wconf 83' lang='lat' dir='ltr'><strong>prospectu</strong></span> <span class='ocrx_word' id='word_1_660' title='bbox 2731 4223 3110 4304; x_wconf 60' lang='lat' dir='ltr'><strong>laerymabilis</strong></span> <span class='ocrx_word' id='word_1_661' title='bbox 3134 4223 3287 4304; x_wconf 48' lang='lat' dir='ltr'><strong>vitae.</strong></span> <span class='ocrx_word' id='word_1_662' title='bbox 3307 4220 3445 4304; x_wconf 71' lang='lat' dir='ltr'><strong>Quid</strong></span> <span class='ocrx_word' id='word_1_663' title='bbox 3469 4220 3567 4302; x_wconf 75' lang='lat' dir='ltr'><strong>illa</strong></span> <span class='ocrx_word' id='word_1_664' title='bbox 3579 4220 3697 4304; x_wconf 77' lang='lat' dir='ltr'><strong>_vita</strong></span> 
     </span>
    </p>
   </div>
   <div class='ocr_carea' id='block_1_84' title="bbox 406 4272 3695 4384">
    <p class='ocr_par' dir='ltr' id='par_1_84' title="bbox 406 4272 3695 4384">
     <span class='ocr_line' id='line_1_84' title="bbox 406 4272 3695 4384; baseline -0 -37"><span class='ocrx_word' id='word_1_665' title='bbox 406 4272 503 4384; x_wconf 45' lang='lat' dir='ltr'><strong>irim</strong></span> <span class='ocrx_word' id='word_1_666' title='bbox 537 4292 714 4384; x_wconf 55' lang='lat' dir='ltr'><strong>quisse</strong></span> <span class='ocrx_word' id='word_1_667' title='bbox 759 4290 958 4384; x_wconf 66' lang='lat' dir='ltr'><strong>indicat</strong></span> <span class='ocrx_word' id='word_1_668' title='bbox 1009 4272 1375 4384; x_wconf 57' lang='lat' dir='ltr'><strong>Augustinus,</strong></span> <span class='ocrx_word' id='word_1_669' title='bbox 1408 4293 1544 4384; x_wconf 74' lang='lat' dir='ltr'><strong>libro</strong></span> <span class='ocrx_word' id='word_1_670' title='bbox 1582 4310 1632 4384; x_wconf 53' lang='grc' dir='ltr'><strong>ιι,</strong></span> <span class='ocrx_word' id='word_1_671' title='bbox 1676 4272 1994 4384; x_wconf 37' lang='grc' dir='ltr'><strong>Ωιιῖἐδρκὶη</strong></span> <span class='ocrx_word' id='word_1_672' title='bbox 2026 4272 2071 4349; x_wconf 80' lang='lat' dir='ltr'><strong>D</strong></span> <span class='ocrx_word' id='word_1_673' title='bbox 2102 4272 2878 4384; x_wconf 36' lang='lat' dir='ltr'><strong>d‘ei‘lenId-urinrrriz‘t’gisv;quaeis:7</strong></span> <span class='ocrx_word' id='word_1_674' title='bbox 2900 4294 3112 4384; x_wconf 74' lang='lat' dir='ltr'><strong>miseris</strong></span> <span class='ocrx_word' id='word_1_675' title='bbox 3161 4272 3695 4384; x_wconf 49' lang='lat' dir='ltr'><strong>incipit‘vagitibus,</strong></span> 
     </span>
    </p>
   </div>
   <div class='ocr_carea' id='block_1_85' title="bbox 407 4362 2000 4443">
    <p class='ocr_par' dir='ltr' id='par_1_85' title="bbox 407 4362 2000 4443">
     <span class='ocr_line' id='line_1_85' title="bbox 407 4362 2000 4443; baseline 0.003 -25"><span class='ocrx_word' id='word_1_676' title='bbox 407 4362 814 4443; x_wconf 42' lang='lat' dir='ltr'><strong>limumque-st.</strong></span> <span class='ocrx_word' id='word_1_677' title='bbox 853 4364 968 4443; x_wconf 39' lang='lat'><strong>57.:</strong></span> <span class='ocrx_word' id='word_1_678' title='bbox 1007 4362 1322 4443; x_wconf 64' lang='lat' dir='ltr'><strong>«_Graacus,</strong></span> <span class='ocrx_word' id='word_1_679' title='bbox 1361 4364 1555 4436; x_wconf 90' lang='lat' dir='ltr'><strong>inquit,</strong></span> <span class='ocrx_word' id='word_1_680' title='bbox 1594 4362 1876 4443; x_wconf 50' lang='lat' dir='ltr'><strong>attenuandi!</strong></span> <span class='ocrx_word' id='word_1_681' title='bbox 1904 4368 2000 4443; x_wconf 46' lang='lat' dir='ltr'><strong>ha:</strong></span> 
     </span>
    </p>
   </div>
   <div class='ocr_carea' id='block_1_86' title="bbox 405 4432 2001 4509">
    <p class='ocr_par' dir='ltr' id='par_1_86' title="bbox 405 4432 2001 4509">
     <span class='ocr_line' id='line_1_86' title="bbox 405 4432 2001 4509; baseline 0.003 -21"><span class='ocrx_word' id='word_1_682' title='bbox 405 4435 515 4509; x_wconf 71' lang='lat' dir='ltr'><strong>bet,</strong></span> <span class='ocrx_word' id='word_1_683' title='bbox 550 4432 654 4509; x_wconf 61' lang='lat' dir='ltr'><strong>ubi</strong></span> <span class='ocrx_word' id='word_1_684' title='bbox 671 4432 1020 4509; x_wconf 86' lang='lat' dir='ltr'><strong>substantiam</strong></span> <span class='ocrx_word' id='word_1_685' title='bbox 1049 4435 1266 4489; x_wconf 82' lang='lat' dir='ltr'><strong>Latinus</strong></span> <span class='ocrx_word' id='word_1_686' title='bbox 1291 4432 1676 4509; x_wconf 78' lang='lat' dir='ltr'><strong>interpretatus</strong></span> <span class='ocrx_word' id='word_1_687' title='bbox 1710 4432 2001 4509; x_wconf 16' lang='lat' dir='ltr'><strong>Aest,’quod</strong></span> 
     </span>
    </p>
   </div>
   <div class='ocr_carea' id='block_1_87' title="bbox 404 4504 2004 4578">
    <p class='ocr_par' dir='ltr' id='par_1_87' title="bbox 404 4504 2004 4578">
     <span class='ocr_line' id='line_1_87' title="bbox 404 4504 2004 4578; baseline 0.004 -21"><span class='ocrx_word' id='word_1_688' title='bbox 404 4504 696 4578; x_wconf 81' lang='lat' dir='ltr'><strong>aliquando</strong></span> <span class='ocrx_word' id='word_1_689' title='bbox 733 4519 952 4578; x_wconf 74' lang='lat' dir='ltr'><strong>censum</strong></span> <span class='ocrx_word' id='word_1_690' title='bbox 992 4505 1409 4578; x_wconf 83' lang='lat' dir='ltr'><strong>interpretantur</strong></span> <span class='ocrx_word' id='word_1_691' title='bbox 1434 4504 1654 4578; x_wconf 78' lang='lat' dir='ltr'><strong>nostri,</strong></span> <span class='ocrx_word' id='word_1_692' title='bbox 1678 4507 1814 4562; x_wconf 88' lang='lat' dir='ltr'><strong>sicut</strong></span> <span class='ocrx_word' id='word_1_693' title='bbox 1859 4504 2004 4565; x_wconf 81' lang='lat' dir='ltr'><strong>nunc</strong></span> 
     </span>
    </p>
   </div>
   <div class='ocr_carea' id='block_1_88' title="bbox 409 4574 2002 4647">
    <p class='ocr_par' dir='ltr' id='par_1_88' title="bbox 409 4574 2002 4647">
     <span class='ocr_line' id='line_1_88' title="bbox 409 4574 2002 4647; baseline 0.003 -17"><span class='ocrx_word' id='word_1_694' title='bbox 409 4574 726 4647; x_wconf 74' lang='lat' dir='ltr'><strong>instructum</strong></span> <span class='ocrx_word' id='word_1_695' title='bbox 770 4574 953 4647; x_wconf 74' lang='lat' dir='ltr'><strong>dicere</strong></span> <span class='ocrx_word' id='word_1_696' title='bbox 977 4574 1275 4647; x_wconf 75' lang='lat' dir='ltr'><strong>voluimus.</strong></span> <span class='ocrx_word' id='word_1_697' title='bbox 1313 4597 1336 4627; x_wconf 76' lang='grc' dir='ltr'><strong>ι»</strong></span> <span class='ocrx_word' id='word_1_698' title='bbox 1386 4577 1572 4647; x_wconf 90' lang='lat' dir='ltr'><strong>Itaque</strong></span> <span class='ocrx_word' id='word_1_699' title='bbox 1615 4577 1693 4632; x_wconf 92' lang='lat' dir='ltr'><strong>sic</strong></span> <span class='ocrx_word' id='word_1_700' title='bbox 1731 4579 1892 4634; x_wconf 88' lang='lat' dir='ltr'><strong>etiam</strong></span> <span class='ocrx_word' id='word_1_701' title='bbox 1927 4581 2002 4635; x_wconf 89' lang='lat' dir='ltr'><strong>le-</strong></span> 
     </span>
    </p>
   </div>
   <div class='ocr_carea' id='block_1_89' title="bbox 407 4643 1998 4729">
    <p class='ocr_par' dir='ltr' id='par_1_89' title="bbox 407 4643 1998 4729">
     <span class='ocr_line' id='line_1_89' title="bbox 407 4643 1998 4729; baseline 0.003 -30"><span class='ocrx_word' id='word_1_702' title='bbox 407 4645 731 4729; x_wconf 78' lang='lat' dir='ltr'><strong>gendumin</strong></span> <span class='ocrx_word' id='word_1_703' title='bbox 760 4643 1010 4729; x_wconf 71' lang='lat' dir='ltr'><strong>Septimii</strong></span> <span class='ocrx_word' id='word_1_704' title='bbox 1059 4648 1227 4703; x_wconf 91' lang='lat' dir='ltr'><strong>nostri</strong></span> <span class='ocrx_word' id='word_1_705' title='bbox 1274 4643 1624 4729; x_wconf 70' lang='lat' dir='ltr'><strong>Apologetieo</strong></span> <span class='ocrx_word' id='word_1_706' title='bbox 1657 4667 1677 4704; x_wconf 90' lang='lat'><strong><em>:</em></strong></span> <span class='ocrx_word' id='word_1_707' title='bbox 1711 4669 1739 4701; x_wconf 72' lang='grc' dir='ltr'><strong>α</strong></span> <span class='ocrx_word' id='word_1_708' title='bbox 1788 4651 1868 4703; x_wconf 88' lang='lat' dir='ltr'><strong>De</strong></span> <span class='ocrx_word' id='word_1_709' title='bbox 1898 4650 1998 4704; x_wconf 90' lang='lat' dir='ltr'><strong>ha-</strong></span> 
     </span>
    </p>
   </div>
   <div class='ocr_carea' id='block_1_90' title="bbox 406 4717 2002 4791">
    <p class='ocr_par' dir='ltr' id='par_1_90' title="bbox 406 4717 2002 4791">
     <span class='ocr_line' id='line_1_90' title="bbox 406 4717 2002 4791; baseline 0.003 -18"><span class='ocrx_word' id='word_1_710' title='bbox 406 4717 543 4782; x_wconf 90' lang='lat' dir='ltr'><strong>bitu,</strong></span> <span class='ocrx_word' id='word_1_711' title='bbox 574 4717 737 4791; x_wconf 86' lang='lat' dir='ltr'><strong>victu,</strong></span> <span class='ocrx_word' id='word_1_712' title='bbox 779 4717 1067 4791; x_wconf 82' lang='lat' dir='ltr'><strong>instructu,</strong></span> <span class='ocrx_word' id='word_1_713' title='bbox 1100 4734 1287 4791; x_wconf 84' lang='lat' dir='ltr'><strong>censu,</strong></span> <span class='ocrx_word' id='word_1_714' title='bbox 1316 4717 1708 4791; x_wconf 46' lang='lat' dir='ltr'><strong>ipso’denique</strong></span> <span class='ocrx_word' id='word_1_715' title='bbox 1755 4736 2002 4778; x_wconf 87' lang='lat' dir='ltr'><strong>sermone</strong></span> 
     </span>
    </p>
   </div>
   <div class='ocr_carea' id='block_1_91' title="bbox 406 4788 1240 4860">
    <p class='ocr_par' dir='ltr' id='par_1_91' title="bbox 406 4788 1240 4860">
     <span class='ocr_line' id='line_1_91' title="bbox 406 4788 1240 4860; baseline 0.001 -17"><span class='ocrx_word' id='word_1_716' title='bbox 406 4789 622 4860; x_wconf 87' lang='lat' dir='ltr'><strong>proavis</strong></span> <span class='ocrx_word' id='word_1_717' title='bbox 653 4788 1021 4843; x_wconf 82' lang='lat' dir='ltr'><strong>renuntiastis.</strong></span> <span class='ocrx_word' id='word_1_718' title='bbox 1059 4813 1080 4836; x_wconf 76' lang='grc' dir='ltr'><strong><em>ι</em></strong></span> <span class='ocrx_word' id='word_1_719' title='bbox 1114 4790 1240 4845; x_wconf 76' lang='lat' dir='ltr'><strong>me.</strong></span> 
     </span>
    </p>
   </div>
   <div class='ocr_carea' id='block_1_92' title="bbox 476 4858 2002 4929">
    <p class='ocr_par' dir='ltr' id='par_1_92' title="bbox 476 4858 2002 4929">
     <span class='ocr_line' id='line_1_92' title="bbox 476 4858 2002 4929; baseline 0.003 -17"><span class='ocrx_word' id='word_1_720' title='bbox 476 4859 592 4929; x_wconf 85' lang='lat'><strong>(28)</strong></span> <span class='ocrx_word' id='word_1_721' title='bbox 626 4860 757 4915; x_wconf 79' lang='lat' dir='ltr'><strong>Sine</strong></span> <span class='ocrx_word' id='word_1_722' title='bbox 794 4874 970 4914; x_wconf 83' lang='lat' dir='ltr'><strong>cervo.</strong></span> <span class='ocrx_word' id='word_1_723' title='bbox 1017 4861 1202 4914; x_wconf 88' lang='lat' dir='ltr'><strong>Maluit</strong></span> <span class='ocrx_word' id='word_1_724' title='bbox 1248 4858 1512 4927; x_wconf 75' lang='lat' dir='ltr'><strong>Rigaltius</strong></span> <span class='ocrx_word' id='word_1_725' title='bbox 1554 4875 1770 4915; x_wconf 88' lang='lat' dir='ltr'><strong>servare</strong></span> <span class='ocrx_word' id='word_1_726' title='bbox 1812 4877 2002 4919; x_wconf 89' lang='lat' dir='ltr'><strong>vocem</strong></span> 
     </span>
    </p>
   </div>
   <div class='ocr_carea' id='block_1_93' title="bbox 407 4931 2003 4998">
    <p class='ocr_par' dir='ltr' id='par_1_93' title="bbox 407 4931 2003 4998">
     <span class='ocr_line' id='line_1_93' title="bbox 407 4931 2003 4998; baseline 0.002 -13"><span class='ocrx_word' id='word_1_727' title='bbox 407 4943 566 4986; x_wconf 87' lang='lat' dir='ltr'><strong>cervo</strong></span> <span class='ocrx_word' id='word_1_728' title='bbox 593 4944 753 4998; x_wconf 90' lang='lat' dir='ltr'><strong>quam</strong></span> <span class='ocrx_word' id='word_1_729' title='bbox 795 4944 962 4985; x_wconf 84' lang='lat' dir='ltr'><strong>corno</strong></span> <span class='ocrx_word' id='word_1_730' title='bbox 988 4939 1080 4983; x_wconf 91' lang='lat' dir='ltr'><strong>ant</strong></span> <span class='ocrx_word' id='word_1_731' title='bbox 1118 4946 1255 4988; x_wconf 85' lang='lat' dir='ltr'><strong>orno</strong></span> <span class='ocrx_word' id='word_1_732' title='bbox 1298 4945 1578 4997; x_wconf 87' lang='lat' dir='ltr'><strong>reponere.</strong></span> <span class='ocrx_word' id='word_1_733' title='bbox 1624 4931 1721 4987; x_wconf 87' lang='lat' dir='ltr'><strong>Hic</strong></span> <span class='ocrx_word' id='word_1_734' title='bbox 1758 4932 1902 4987; x_wconf 89' lang='lat' dir='ltr'><strong>enim</strong></span> <span class='ocrx_word' id='word_1_735' title='bbox 1935 4933 2003 4989; x_wconf 92' lang='lat' dir='ltr'><strong>de</strong></span> 
     </span>
    </p>
   </div>
   <div class='ocr_carea' id='block_1_94' title="bbox 404 4998 2003 5075">
    <p class='ocr_par' dir='ltr' id='par_1_94' title="bbox 404 4998 2003 5075">
     <span class='ocr_line' id='line_1_94' title="bbox 404 4998 2003 5075; baseline 0.004 -23"><span class='ocrx_word' id='word_1_736' title='bbox 404 4999 532 5054; x_wconf 84' lang='lat' dir='ltr'><strong>vitis</strong></span> <span class='ocrx_word' id='word_1_737' title='bbox 562 4998 913 5075; x_wconf 78' lang='lat' dir='ltr'><strong>pedamentis,</strong></span> <span class='ocrx_word' id='word_1_738' title='bbox 948 5014 1054 5054; x_wconf 92' lang='lat' dir='ltr'><strong>non</strong></span> <span class='ocrx_word' id='word_1_739' title='bbox 1083 5001 1153 5054; x_wconf 87' lang='lat' dir='ltr'><strong>de</strong></span> <span class='ocrx_word' id='word_1_740' title='bbox 1190 5000 1485 5075; x_wconf 74' lang='lat' dir='ltr'><strong>arboribus</strong></span> <span class='ocrx_word' id='word_1_741' title='bbox 1519 5003 1643 5057; x_wconf 87' lang='lat' dir='ltr'><strong>vitis</strong></span> <span class='ocrx_word' id='word_1_742' title='bbox 1678 5004 1860 5058; x_wconf 88' lang='lat' dir='ltr'><strong>amicis</strong></span> <span class='ocrx_word' id='word_1_743' title='bbox 1888 5005 2003 5075; x_wconf 84' lang='lat' dir='ltr'><strong>agi-</strong></span> 
     </span>
    </p>
   </div>
   <div class='ocr_carea' id='block_1_95' title="bbox 408 5069 2002 5140">
    <p class='ocr_par' dir='ltr' id='par_1_95' title="bbox 408 5069 2002 5140">
     <span class='ocr_line' id='line_1_95' title="bbox 408 5069 2002 5140; baseline 0.005 -18"><span class='ocrx_word' id='word_1_744' title='bbox 408 5069 894 5140; x_wconf 12' lang='lat' dir='ltr'><strong>tur,4qualesisunt</strong></span> <span class='ocrx_word' id='word_1_745' title='bbox 922 5085 1091 5126; x_wconf 90' lang='lat' dir='ltr'><strong>ornus</strong></span> <span class='ocrx_word' id='word_1_746' title='bbox 1116 5079 1171 5127; x_wconf 90' lang='lat' dir='ltr'><strong>et</strong></span> <span class='ocrx_word' id='word_1_747' title='bbox 1198 5088 1416 5128; x_wconf 89' lang='lat' dir='ltr'><strong>cornus.</strong></span> <span class='ocrx_word' id='word_1_748' title='bbox 1453 5072 1592 5129; x_wconf 88' lang='lat' dir='ltr'><strong>Sunt</strong></span> <span class='ocrx_word' id='word_1_749' title='bbox 1619 5085 1793 5130; x_wconf 89' lang='lat' dir='ltr'><strong>autem</strong></span> <span class='ocrx_word' id='word_1_750' title='bbox 1845 5069 2002 5133; x_wconf 63' lang='lat' dir='ltr'><strong>CeFvi</strong></span> 
     </span>
    </p>
   </div>
   <div class='ocr_carea' id='block_1_96' title="bbox 404 5138 1999 5213">
    <p class='ocr_par' dir='ltr' id='par_1_96' title="bbox 404 5138 1999 5213">
     <span class='ocr_line' id='line_1_96' title="bbox 404 5138 1999 5213; baseline 0.003 -18"><span class='ocrx_word' id='word_1_751' title='bbox 404 5138 603 5213; x_wconf 79' lang='lat' dir='ltr'><strong>bacilla</strong></span> <span class='ocrx_word' id='word_1_752' title='bbox 631 5139 891 5195; x_wconf 87' lang='lat' dir='ltr'><strong>fureillata</strong></span> <span class='ocrx_word' id='word_1_753' title='bbox 929 5142 1181 5197; x_wconf 84' lang='lat' dir='ltr'><strong>habentia</strong></span> <span class='ocrx_word' id='word_1_754' title='bbox 1209 5143 1433 5213; x_wconf 76' lang='lat' dir='ltr'><strong>figuram</strong></span> <span class='ocrx_word' id='word_1_755' title='bbox 1475 5143 1662 5199; x_wconf 71' lang='lat' dir='ltr'><strong>litterae</strong></span> <span class='ocrx_word' id='word_1_756' title='bbox 1693 5162 1745 5210; x_wconf 90' lang='lat' dir='ltr'><strong>v,</strong></span> <span class='ocrx_word' id='word_1_757' title='bbox 1777 5161 1807 5199; x_wconf 91' lang='lat' dir='ltr'><strong>a</strong></span> <span class='ocrx_word' id='word_1_758' title='bbox 1838 5149 1999 5200; x_wconf 89' lang='lat' dir='ltr'><strong>simi-</strong></span> 
     </span>
    </p>
   </div>
   <div class='ocr_carea' id='block_1_97' title="bbox 405 5210 1998 5339">
    <p class='ocr_par' dir='ltr' id='par_1_97' title="bbox 405 5210 1998 5339">
     <span class='ocr_line' id='line_1_97' title="bbox 405 5210 1998 5339; baseline 0.006 -75"><span class='ocrx_word' id='word_1_759' title='bbox 405 5210 627 5339; x_wconf 52' lang='grc' dir='ltr'><strong>ῗὲιίξὲθ</strong></span> <span class='ocrx_word' id='word_1_760' title='bbox 655 5226 914 5267; x_wconf 90' lang='lat' dir='ltr'><strong>cornuum</strong></span> <span class='ocrx_word' id='word_1_761' title='bbox 944 5214 1086 5270; x_wconf 88' lang='lat' dir='ltr'><strong>cervi</strong></span> <span class='ocrx_word' id='word_1_762' title='bbox 1109 5232 1123 5284; x_wconf 90' lang='lat'><strong>;</strong></span> <span class='ocrx_word' id='word_1_763' title='bbox 1146 5210 1303 5297; x_wconf 77' lang='lat' dir='ltr'><strong>quod</strong></span> <span class='ocrx_word' id='word_1_764' title='bbox 1324 5215 1486 5269; x_wconf 89' lang='lat' dir='ltr'><strong>docet</strong></span> <span class='ocrx_word' id='word_1_765' title='bbox 1505 5215 1575 5269; x_wconf 83' lang='grc' dir='ltr'><strong>Μ.</strong></span> <span class='ocrx_word' id='word_1_766' title='bbox 1609 5216 1778 5272; x_wconf 86' lang='lat' dir='ltr'><strong>Varro</strong></span> <span class='ocrx_word' id='word_1_767' title='bbox 1803 5216 1898 5272; x_wconf 92' lang='lat' dir='ltr'><strong>lib.</strong></span> <span class='ocrx_word' id='word_1_768' title='bbox 1921 5233 1998 5273; x_wconf 85' lang='lat' dir='ltr'><strong>tv.</strong></span> 
     </span>
    </p>
   </div>
   <div class='ocr_carea' id='block_1_98' title="bbox 450 5294 1149 5337">
    <p class='ocr_par' dir='ltr' id='par_1_98' title="bbox 450 5294 1149 5337">
     <span class='ocr_line' id='line_1_98' title="bbox 450 5294 1149 5337; baseline -0.003 0"><span class='ocrx_word' id='word_1_769' title='bbox 450 5298 485 5337; x_wconf 77' lang='grc' dir='ltr'><strong>Β</strong></span> <span class='ocrx_word' id='word_1_770' title='bbox 518 5294 612 5337; x_wconf 75' lang='grc' dir='ltr'><strong>γει.</strong></span> <span class='ocrx_word' id='word_1_771' title='bbox 1146 5294 1149 5297; x_wconf 35' lang='grc' dir='ltr'>λ</span> 
     </span>
    </p>
   </div>
   <div class='ocr_carea' id='block_1_99' title="bbox 480 5351 2002 5423">
    <p class='ocr_par' dir='ltr' id='par_1_99' title="bbox 480 5351 2002 5423">
     <span class='ocr_line' id='line_1_99' title="bbox 480 5351 2002 5423; baseline 0.004 -16"><span class='ocrx_word' id='word_1_772' title='bbox 480 5356 594 5423; x_wconf 83' lang='grc'><strong>(29)</strong></span> <span class='ocrx_word' id='word_1_773' title='bbox 624 5356 699 5410; x_wconf 86' lang='lat' dir='ltr'><strong>De</strong></span> <span class='ocrx_word' id='word_1_774' title='bbox 727 5351 964 5422; x_wconf 75' lang='lat' dir='ltr'><strong>cedi/icio</strong></span> <span class='ocrx_word' id='word_1_775' title='bbox 995 5355 1148 5411; x_wconf 87' lang='lat' dir='ltr'><strong>male</strong></span> <span class='ocrx_word' id='word_1_776' title='bbox 1208 5363 1313 5414; x_wconf 78' lang='lat' dir='ltr'><strong>est.</strong></span> <span class='ocrx_word' id='word_1_777' title='bbox 1347 5355 1439 5413; x_wconf 87' lang='lat' dir='ltr'><strong>Sic</strong></span> <span class='ocrx_word' id='word_1_778' title='bbox 1465 5355 1563 5411; x_wconf 91' lang='lat' dir='ltr'><strong>lib.</strong></span> <span class='ocrx_word' id='word_1_779' title='bbox 1586 5358 1651 5415; x_wconf 89' lang='lat' dir='ltr'><strong>de</strong></span> <span class='ocrx_word' id='word_1_780' title='bbox 1673 5358 1872 5414; x_wconf 80' lang='lat' dir='ltr'><strong>Pallio.</strong></span> <span class='ocrx_word' id='word_1_781' title='bbox 1904 5379 1929 5409; x_wconf 78' lang='grc' dir='ltr'>ι</span> <span class='ocrx_word' id='word_1_782' title='bbox 1955 5362 2002 5413; x_wconf 77' lang='grc' dir='ltr'><strong>Α</strong></span> 
     </span>
    </p>
   </div>
   <div class='ocr_carea' id='block_1_100' title="bbox 406 5424 1061 5481">
    <p class='ocr_par' dir='ltr' id='par_1_100' title="bbox 406 5424 1061 5481">
     <span class='ocr_line' id='line_1_100' title="bbox 406 5424 1061 5481; baseline 0 -1"><span class='ocrx_word' id='word_1_783' title='bbox 406 5425 545 5481; x_wconf 64' lang='lat' dir='ltr'><strong>caelo</strong></span> <span class='ocrx_word' id='word_1_784' title='bbox 574 5426 715 5479; x_wconf 84' lang='lat' dir='ltr'><strong>bene</strong></span> <span class='ocrx_word' id='word_1_785' title='bbox 739 5433 841 5479; x_wconf 80' lang='lat' dir='ltr'><strong>est.</strong></span> <span class='ocrx_word' id='word_1_786' title='bbox 879 5444 901 5473; x_wconf 76' lang='grc' dir='ltr'><strong>ν</strong></span> <span class='ocrx_word' id='word_1_787' title='bbox 936 5424 1061 5480; x_wconf 78' lang='lat' dir='ltr'><strong>Bia.</strong></span> 
     </span>
    </p>
   </div>
   <div class='ocr_carea' id='block_1_101' title="bbox 430 5497 2003 5577">
    <p class='ocr_par' dir='ltr' id='par_1_101' title="bbox 430 5497 2003 5577">
     <span class='ocr_line' id='line_1_101' title="bbox 430 5497 2003 5577; baseline 0.002 -27"><span class='ocrx_word' id='word_1_788' title='bbox 430 5566 440 5575; x_wconf 33' lang='grc' dir='ltr'><strong><em>ο</em></strong></span> <span class='ocrx_word' id='word_1_789' title='bbox 478 5498 591 5577; x_wconf 62' lang='grc'><strong>(30)</strong></span> <span class='ocrx_word' id='word_1_790' title='bbox 615 5497 887 5553; x_wconf 84' lang='lat' dir='ltr'><strong>Contenta</strong></span> <span class='ocrx_word' id='word_1_791' title='bbox 905 5500 1007 5577; x_wconf 69' lang='lat' dir='ltr'><strong>est__</strong></span> <span class='ocrx_word' id='word_1_792' title='bbox 1008 5499 1312 5568; x_wconf 78' lang='lat' dir='ltr'><strong>parvitate.</strong></span> <span class='ocrx_word' id='word_1_793' title='bbox 1333 5498 1464 5556; x_wconf 91' lang='lat' dir='ltr'><strong>Cod.</strong></span> <span class='ocrx_word' id='word_1_794' title='bbox 1490 5498 1792 5570; x_wconf 87' lang='lat' dir='ltr'><strong>Agobardi,</strong></span> <span class='ocrx_word' id='word_1_795' title='bbox 1812 5519 1837 5550; x_wconf 81' lang='grc' dir='ltr'><strong>α</strong></span> <span class='ocrx_word' id='word_1_796' title='bbox 1862 5500 2003 5555; x_wconf 89' lang='lat' dir='ltr'><strong>Con-</strong></span> 
     </span>
    </p>
   </div>
   <div class='ocr_carea' id='block_1_102' title="bbox 405 5569 1095 5637">
    <p class='ocr_par' dir='ltr' id='par_1_102' title="bbox 405 5569 1095 5637">
     <span class='ocr_line' id='line_1_102' title="bbox 405 5569 1095 5637; baseline 0.009 -19"><span class='ocrx_word' id='word_1_797' title='bbox 405 5569 629 5623; x_wconf 88' lang='lat' dir='ltr'><strong>tinentia</strong></span> <span class='ocrx_word' id='word_1_798' title='bbox 656 5577 740 5623; x_wconf 88' lang='lat' dir='ltr'><strong>est</strong></span> <span class='ocrx_word' id='word_1_799' title='bbox 768 5583 883 5637; x_wconf 88' lang='lat' dir='ltr'><strong>par.</strong></span> <span class='ocrx_word' id='word_1_800' title='bbox 916 5589 940 5617; x_wconf 70' lang='grc' dir='ltr'><strong><em>ι</em></strong></span> <span class='ocrx_word' id='word_1_801' title='bbox 972 5569 1095 5624; x_wconf 81' lang='lat' dir='ltr'><strong>th.</strong></span> 
     </span>
    </p>
   </div>
   <div class='ocr_carea' id='block_1_103' title="bbox 2110 4362 3693 4435">
    <p class='ocr_par' dir='ltr' id='par_1_103' title="bbox 2110 4362 3693 4435">
     <span class='ocr_line' id='line_1_103' title="bbox 2110 4362 3693 4435; baseline -0.004 -13"><span class='ocrx_word' id='word_1_802' title='bbox 2110 4368 2315 4434; x_wconf 90' lang='lat' dir='ltr'><strong>dolore,</strong></span> <span class='ocrx_word' id='word_1_803' title='bbox 2347 4362 2635 4435; x_wconf 49' lang='lat' dir='ltr'><strong>fame,&quot;siti</strong></span> <span class='ocrx_word' id='word_1_804' title='bbox 2666 4362 2719 4421; x_wconf 79' lang='lat' dir='ltr'><strong>et</strong></span> <span class='ocrx_word' id='word_1_805' title='bbox 2748 4366 2895 4422; x_wconf 86' lang='lat' dir='ltr'><strong>mille</strong></span> <span class='ocrx_word' id='word_1_806' title='bbox 2925 4364 3043 4419; x_wconf 89' lang='lat' dir='ltr'><strong>aliis</strong></span> <span class='ocrx_word' id='word_1_807' title='bbox 3074 4362 3452 4432; x_wconf 83' lang='lat' dir='ltr'><strong>incommodis,</strong></span> <span class='ocrx_word' id='word_1_808' title='bbox 3482 4379 3608 4434; x_wconf 63' lang='lat' dir='ltr'><strong>quae</strong></span> <span class='ocrx_word' id='word_1_809' title='bbox 3646 4363 3693 4416; x_wconf 91' lang='lat' dir='ltr'><strong>in</strong></span> 
     </span>
    </p>
   </div>
   <div class='ocr_carea' id='block_1_104' title="bbox 2110 4436 3696 4512">
    <p class='ocr_par' dir='ltr' id='par_1_104' title="bbox 2110 4436 3696 4512">
     <span class='ocr_line' id='line_1_104' title="bbox 2110 4436 3696 4512; baseline -0.004 -19"><span class='ocrx_word' id='word_1_810' title='bbox 2110 4439 2299 4512; x_wconf 83' lang='lat' dir='ltr'><strong>iisdem</strong></span> <span class='ocrx_word' id='word_1_811' title='bbox 2354 4447 2516 4512; x_wconf 89' lang='lat' dir='ltr'><strong>atque</strong></span> <span class='ocrx_word' id='word_1_812' title='bbox 2560 4436 3146 4512; x_wconf 83' lang='lat' dir='ltr'><strong>majori_bus_exigitur,</strong></span> <span class='ocrx_word' id='word_1_813' title='bbox 3199 4449 3427 4507; x_wconf 69' lang='lat' dir='ltr'><strong>quaeque</strong></span> <span class='ocrx_word' id='word_1_814' title='bbox 3477 4444 3696 4491; x_wconf 91' lang='lat' dir='ltr'><strong>mortem</strong></span> 
     </span>
    </p>
   </div>
   <div class='ocr_carea' id='block_1_105' title="bbox 2111 4509 2954 4581">
    <p class='ocr_par' dir='ltr' id='par_1_105' title="bbox 2111 4509 2954 4581">
     <span class='ocr_line' id='line_1_105' title="bbox 2111 4509 2954 4581; baseline -0.004 -17"><span class='ocrx_word' id='word_1_815' title='bbox 2111 4510 2275 4566; x_wconf 87' lang='lat' dir='ltr'><strong>habet</strong></span> <span class='ocrx_word' id='word_1_816' title='bbox 2305 4526 2403 4581; x_wconf 89' lang='lat' dir='ltr'><strong>pro</strong></span> <span class='ocrx_word' id='word_1_817' title='bbox 2428 4509 2708 4565; x_wconf 74' lang='lat' dir='ltr'><strong>termino?</strong></span> <span class='ocrx_word' id='word_1_818' title='bbox 2738 4510 2818 4563; x_wconf 83' lang='lat' dir='ltr'><strong>LE</strong></span> <span class='ocrx_word' id='word_1_819' title='bbox 2856 4509 2954 4562; x_wconf 84' lang='lat' dir='ltr'><strong>Pn.</strong></span> 
     </span>
    </p>
   </div>
   <div class='ocr_carea' id='block_1_106' title="bbox 2180 4575 3696 4652">
    <p class='ocr_par' dir='ltr' id='par_1_106' title="bbox 2180 4575 3696 4652">
     <span class='ocr_line' id='line_1_106' title="bbox 2180 4575 3696 4652; baseline -0.006 -16"><span class='ocrx_word' id='word_1_820' title='bbox 2180 4575 2538 4652; x_wconf 14' lang='lat' dir='ltr'><strong>(32)A&#39;Seneca</strong></span> <span class='ocrx_word' id='word_1_821' title='bbox 2581 4594 2726 4652; x_wconf 67' lang='lat' dir='ltr'><strong>saepe</strong></span> <span class='ocrx_word' id='word_1_822' title='bbox 2772 4585 2978 4636; x_wconf 79' lang='lat' dir='ltr'><strong>noster.</strong></span> <span class='ocrx_word' id='word_1_823' title='bbox 3027 4576 3167 4647; x_wconf 89' lang='lat' dir='ltr'><strong>Quia</strong></span> <span class='ocrx_word' id='word_1_824' title='bbox 3210 4590 3356 4648; x_wconf 79' lang='lat' dir='ltr'><strong>saepe</strong></span> <span class='ocrx_word' id='word_1_825' title='bbox 3400 4575 3696 4632; x_wconf 88' lang='lat' dir='ltr'><strong>secundum</strong></span> 
     </span>
    </p>
   </div>
   <div class='ocr_carea' id='block_1_107' title="bbox 2109 4650 2811 4707">
    <p class='ocr_par' dir='ltr' id='par_1_107' title="bbox 2109 4650 2811 4707">
     <span class='ocr_line' id='line_1_107' title="bbox 2109 4650 2811 4707; baseline 0 0"><span class='ocrx_word' id='word_1_826' title='bbox 2109 4650 2448 4707; x_wconf 87' lang='lat' dir='ltr'><strong>Christianos</strong></span> <span class='ocrx_word' id='word_1_827' title='bbox 2476 4650 2811 4707; x_wconf 55' lang='lat' dir='ltr'><strong>sentitJRIG.</strong></span> 
     </span>
    </p>
   </div>
   <div class='ocr_carea' id='block_1_108' title="bbox 2184 4716 3695 4795">
    <p class='ocr_par' dir='ltr' id='par_1_108' title="bbox 2184 4716 3695 4795">
     <span class='ocr_line' id='line_1_108' title="bbox 2184 4716 3695 4795; baseline -0.006 -16"><span class='ocrx_word' id='word_1_828' title='bbox 2184 4724 2394 4795; x_wconf 78' lang='lat' dir='ltr'><strong>Seneca</strong></span> <span class='ocrx_word' id='word_1_829' title='bbox 2420 4738 2564 4795; x_wconf 63' lang='lat' dir='ltr'><strong>saepe</strong></span> <span class='ocrx_word' id='word_1_830' title='bbox 2591 4724 2802 4795; x_wconf 63' lang='lat' dir='ltr'><strong>noster.</strong></span> <span class='ocrx_word' id='word_1_831' title='bbox 2820 4720 2895 4795; x_wconf 91' lang='lat' dir='ltr'><strong>_Id</strong></span> <span class='ocrx_word' id='word_1_832' title='bbox 2917 4718 3143 4795; x_wconf 91' lang='lat' dir='ltr'><strong>_est_qui</strong></span> <span class='ocrx_word' id='word_1_833' title='bbox 3174 4716 3623 4795; x_wconf 79' lang='lat' dir='ltr'><strong>nobiscum_fac_it</strong></span> <span class='ocrx_word' id='word_1_834' title='bbox 3648 4717 3695 4795; x_wconf 77' lang='lat' dir='ltr'><strong>in</strong></span> 
     </span>
    </p>
   </div>
   <div class='ocr_carea' id='block_1_109' title="bbox 2110 4788 3697 4860">
    <p class='ocr_par' dir='ltr' id='par_1_109' title="bbox 2110 4788 3697 4860">
     <span class='ocr_line' id='line_1_109' title="bbox 2110 4788 3697 4860; baseline -0.003 -14"><span class='ocrx_word' id='word_1_835' title='bbox 2110 4793 2315 4847; x_wconf 89' lang='lat' dir='ltr'><strong>multis.</strong></span> <span class='ocrx_word' id='word_1_836' title='bbox 2346 4794 2432 4847; x_wconf 87' lang='lat' dir='ltr'><strong>An</strong></span> <span class='ocrx_word' id='word_1_837' title='bbox 2462 4788 2683 4848; x_wconf 77' lang='lat' dir='ltr'><strong>Senecae</strong></span> <span class='ocrx_word' id='word_1_838' title='bbox 2720 4791 2787 4847; x_wconf 88' lang='lat' dir='ltr'><strong>ad</strong></span> <span class='ocrx_word' id='word_1_839' title='bbox 2820 4791 2882 4847; x_wconf 92' lang='lat' dir='ltr'><strong>B.</strong></span> <span class='ocrx_word' id='word_1_840' title='bbox 2914 4788 3155 4860; x_wconf 79' lang='lat' dir='ltr'><strong>Paulum,</strong></span> <span class='ocrx_word' id='word_1_841' title='bbox 3176 4790 3423 4860; x_wconf 78' lang='lat' dir='ltr'><strong>itemque</strong></span> <span class='ocrx_word' id='word_1_842' title='bbox 3461 4788 3521 4842; x_wconf 85' lang='grc' dir='ltr'><strong>Β.</strong></span> <span class='ocrx_word' id='word_1_843' title='bbox 3560 4788 3697 4860; x_wconf 74' lang='lat' dir='ltr'><strong>Pauli</strong></span> 
     </span>
    </p>
   </div>
   <div class='ocr_carea' id='block_1_110' title="bbox 2108 4858 3699 4935">
    <p class='ocr_par' dir='ltr' id='par_1_110' title="bbox 2108 4858 3699 4935">
     <span class='ocr_line' id='line_1_110' title="bbox 2108 4858 3699 4935; baseline -0.004 -16"><span class='ocrx_word' id='word_1_844' title='bbox 2108 4864 2367 4935; x_wconf 57' lang='lat' dir='ltr'><strong>Epistolas</strong></span> <span class='ocrx_word' id='word_1_845' title='bbox 2406 4862 2700 4935; x_wconf 76' lang='lat' dir='ltr'><strong>extiterint,</strong></span> <span class='ocrx_word' id='word_1_846' title='bbox 2751 4876 2855 4917; x_wconf 88' lang='lat' dir='ltr'><strong>nou</strong></span> <span class='ocrx_word' id='word_1_847' title='bbox 2913 4861 3083 4935; x_wconf 88' lang='lat' dir='ltr'><strong>ausim</strong></span> <span class='ocrx_word' id='word_1_848' title='bbox 3130 4858 3417 4935; x_wconf 68' lang='lat' dir='ltr'><strong>afﬁrmare,</strong></span> <span class='ocrx_word' id='word_1_849' title='bbox 3458 4859 3699 4935; x_wconf 79' lang='lat' dir='ltr'><strong>quamvis</strong></span> 
     </span>
    </p>
   </div>
   <div class='ocr_carea' id='block_1_111' title="bbox 2109 4931 3694 5003">
    <p class='ocr_par' dir='ltr' id='par_1_111' title="bbox 2109 4931 3694 5003">
     <span class='ocr_line' id='line_1_111' title="bbox 2109 4931 3694 5003; baseline -0.003 -13"><span class='ocrx_word' id='word_1_850' title='bbox 2109 4931 2171 4990; x_wconf 66' lang='lat' dir='ltr'><strong>SI</strong></span> <span class='ocrx_word' id='word_1_851' title='bbox 2199 4934 2559 5003; x_wconf 81' lang='lat' dir='ltr'><strong>Hieronymus</strong></span> <span class='ocrx_word' id='word_1_852' title='bbox 2604 4933 2658 4990; x_wconf 89' lang='lat' dir='ltr'><strong>id</strong></span> <span class='ocrx_word' id='word_1_853' title='bbox 2704 4942 2962 5000; x_wconf 75' lang='lat' dir='ltr'><strong>testatur;</strong></span> <span class='ocrx_word' id='word_1_854' title='bbox 3010 4934 3055 4987; x_wconf 79' lang='lat' dir='ltr'><strong>si</strong></span> <span class='ocrx_word' id='word_1_855' title='bbox 3101 4946 3224 5003; x_wconf 68' lang='lat' dir='ltr'><strong>qua:</strong></span> <span class='ocrx_word' id='word_1_856' title='bbox 3269 4931 3412 4989; x_wconf 88' lang='lat' dir='ltr'><strong>enim</strong></span> <span class='ocrx_word' id='word_1_857' title='bbox 3462 4931 3694 4993; x_wconf 90' lang='lat' dir='ltr'><strong>fuerunt,</strong></span> 
     </span>
    </p>
   </div>
   <div class='ocr_carea' id='block_1_112' title="bbox 2111 5002 3698 5078">
    <p class='ocr_par' dir='ltr' id='par_1_112' title="bbox 2111 5002 3698 5078">
     <span class='ocr_line' id='line_1_112' title="bbox 2111 5002 3698 5078; baseline -0.004 -17"><span class='ocrx_word' id='word_1_858' title='bbox 2111 5022 2191 5061; x_wconf 61' lang='lat' dir='ltr'><strong>eas</strong></span> <span class='ocrx_word' id='word_1_859' title='bbox 2214 5002 2577 5078; x_wconf 73' lang='lat' dir='ltr'><strong>supposititize</strong></span> <span class='ocrx_word' id='word_1_860' title='bbox 2624 5005 2862 5078; x_wconf 84' lang='lat' dir='ltr'><strong>fuerunt.</strong></span> <span class='ocrx_word' id='word_1_861' title='bbox 2893 5004 3005 5060; x_wconf 91' lang='lat' dir='ltr'><strong>Nec</strong></span> <span class='ocrx_word' id='word_1_862' title='bbox 3026 5002 3244 5078; x_wconf 80' lang='lat' dir='ltr'><strong>objiciat</strong></span> <span class='ocrx_word' id='word_1_863' title='bbox 3265 5003 3393 5078; x_wconf 74' lang='lat' dir='ltr'><strong>_qujs</strong></span> <span class='ocrx_word' id='word_1_864' title='bbox 3416 5011 3698 5078; x_wconf 66' lang='lat' dir='ltr'><strong>_emunctze</strong></span> 
     </span>
    </p>
   </div>
   <div class='ocr_carea' id='block_1_113' title="bbox 2110 5071 3696 5145">
    <p class='ocr_par' dir='ltr' id='par_1_113' title="bbox 2110 5071 3696 5145">
     <span class='ocr_line' id='line_1_113' title="bbox 2110 5071 3696 5145; baseline -0.003 -15"><span class='ocrx_word' id='word_1_865' title='bbox 2110 5077 2255 5130; x_wconf 90' lang='lat' dir='ltr'><strong>naris</strong></span> <span class='ocrx_word' id='word_1_866' title='bbox 2292 5071 2568 5133; x_wconf 77' lang='lat' dir='ltr'><strong>hominem</strong></span> <span class='ocrx_word' id='word_1_867' title='bbox 2607 5078 2665 5133; x_wconf 92' lang='lat' dir='ltr'><strong>S.</strong></span> <span class='ocrx_word' id='word_1_868' title='bbox 2712 5071 3105 5145; x_wconf 79' lang='lat' dir='ltr'><strong>Hieronymum</strong></span> <span class='ocrx_word' id='word_1_869' title='bbox 3139 5071 3312 5145; x_wconf 38' lang='lat' dir='ltr'><strong>haud~</strong></span> <span class='ocrx_word' id='word_1_870' title='bbox 3328 5072 3482 5145; x_wconf 79' lang='lat' dir='ltr'><strong>facile</strong></span> <span class='ocrx_word' id='word_1_871' title='bbox 3525 5071 3696 5142; x_wconf 77' lang='lat' dir='ltr'><strong>deripi</strong></span> 
     </span>
    </p>
   </div>
   <div class='ocr_carea' id='block_1_114' title="bbox 2110 5143 3696 5219">
    <p class='ocr_par' dir='ltr' id='par_1_114' title="bbox 2110 5143 3696 5219">
     <span class='ocr_line' id='line_1_114' title="bbox 2110 5143 3696 5219; baseline 0 -19"><span class='ocrx_word' id='word_1_872' title='bbox 2110 5148 2371 5219; x_wconf 89' lang='lat' dir='ltr'><strong>potuisse.</strong></span> <span class='ocrx_word' id='word_1_873' title='bbox 2403 5149 2539 5203; x_wconf 88' lang='lat' dir='ltr'><strong>Cum</strong></span> <span class='ocrx_word' id='word_1_874' title='bbox 2570 5149 2713 5204; x_wconf 92' lang='lat' dir='ltr'><strong>enim</strong></span> <span class='ocrx_word' id='word_1_875' title='bbox 2742 5143 3219 5219; x_wconf 56' lang='lat' dir='ltr'><strong>continentissime)</strong></span> <span class='ocrx_word' id='word_1_876' title='bbox 3262 5143 3389 5219; x_wconf 67' lang='lat' dir='ltr'><strong>vitae</strong></span> <span class='ocrx_word' id='word_1_877' title='bbox 3434 5144 3696 5200; x_wconf 87' lang='lat' dir='ltr'><strong>Senecam</strong></span> 
     </span>
    </p>
   </div>
   <div class='ocr_carea' id='block_1_115' title="bbox 2110 5216 3379 5291">
    <p class='ocr_par' dir='ltr' id='par_1_115' title="bbox 2110 5216 3379 5291">
     <span class='ocr_line' id='line_1_115' title="bbox 2110 5216 3379 5291; baseline -0.003 -16"><span class='ocrx_word' id='word_1_878' title='bbox 2110 5216 2201 5284; x_wconf 74' lang='lat' dir='ltr'><strong>ait,</strong></span> <span class='ocrx_word' id='word_1_879' title='bbox 2233 5220 2355 5291; x_wconf 90' lang='lat' dir='ltr'><strong>quis</strong></span> <span class='ocrx_word' id='word_1_880' title='bbox 2382 5220 2667 5291; x_wconf 88' lang='lat' dir='ltr'><strong>deceptum</strong></span> <span class='ocrx_word' id='word_1_881' title='bbox 2701 5232 2806 5291; x_wconf 85' lang='lat' dir='ltr'><strong>non</strong></span> <span class='ocrx_word' id='word_1_882' title='bbox 2839 5217 3142 5291; x_wconf 82' lang='lat' dir='ltr'><strong>agnoscat?</strong></span> <span class='ocrx_word' id='word_1_883' title='bbox 3173 5216 3249 5291; x_wconf 58' lang='grc' dir='ltr'><strong>ιε</strong></span> <span class='ocrx_word' id='word_1_884' title='bbox 3283 5216 3379 5271; x_wconf 77' lang='lat' dir='ltr'><strong>PR.</strong></span> 
     </span>
    </p>
   </div>
   <div class='ocr_carea' id='block_1_116' title="bbox 2182 5288 3698 5359">
    <p class='ocr_par' dir='ltr' id='par_1_116' title="bbox 2182 5288 3698 5359">
     <span class='ocr_line' id='line_1_116' title="bbox 2182 5288 3698 5359; baseline -0.004 -14"><span class='ocrx_word' id='word_1_885' title='bbox 2182 5288 2477 5359; x_wconf 64' lang='lat' dir='ltr'><strong>(3$)Insita</strong></span> <span class='ocrx_word' id='word_1_886' title='bbox 2504 5288 2643 5346; x_wconf 71' lang='lat' dir='ltr'><strong>sunt</strong></span> <span class='ocrx_word' id='word_1_887' title='bbox 2663 5290 2818 5347; x_wconf 79' lang='lat' dir='ltr'><strong>nobis</strong></span> <span class='ocrx_word' id='word_1_888' title='bbox 2847 5288 3102 5344; x_wconf 73' lang='lat' dir='ltr'><strong>omnium</strong></span> <span class='ocrx_word' id='word_1_889' title='bbox 3132 5288 3348 5342; x_wconf 83' lang='lat' dir='ltr'><strong>artium</strong></span> <span class='ocrx_word' id='word_1_890' title='bbox 3378 5288 3698 5359; x_wconf 74' lang='lat' dir='ltr'><strong>et_a:tatum</strong></span> 
     </span>
    </p>
   </div>
   <div class='ocr_carea' id='block_1_117' title="bbox 2110 5357 3696 5435">
    <p class='ocr_par' dir='ltr' id='par_1_117' title="bbox 2110 5357 3696 5435">
     <span class='ocr_line' id='line_1_117' title="bbox 2110 5357 3696 5435; baseline -0.005 -18"><span class='ocrx_word' id='word_1_891' title='bbox 2110 5357 2358 5435; x_wconf 64' lang='lat' dir='ltr'><strong>semina,</strong></span> <span class='ocrx_word' id='word_1_892' title='bbox 2384 5364 2756 5435; x_wconf 69' lang='lat' dir='ltr'><strong>magisterque</strong></span> <span class='ocrx_word' id='word_1_893' title='bbox 2789 5376 2861 5415; x_wconf 71' lang='lat' dir='ltr'><strong>ea:</strong></span> <span class='ocrx_word' id='word_1_894' title='bbox 2906 5361 3125 5435; x_wconf 76' lang='lat' dir='ltr'><strong>occulto</strong></span> <span class='ocrx_word' id='word_1_895' title='bbox 3157 5360 3301 5435; x_wconf 53' lang='lat' dir='ltr'><strong>[gens</strong></span> <span class='ocrx_word' id='word_1_896' title='bbox 3321 5357 3587 5435; x_wconf 80' lang='lat' dir='ltr'><strong>prod_uci_t</strong></span> <span class='ocrx_word' id='word_1_897' title='bbox 3616 5360 3696 5412; x_wconf 81' lang='lat' dir='ltr'><strong>in-</strong></span> 
     </span>
    </p>
   </div>
   <div class='ocr_carea' id='block_1_118' title="bbox 2110 5427 3698 5572">
    <p class='ocr_par' dir='ltr' id='par_1_118' title="bbox 2110 5427 3698 5572">
     <span class='ocr_line' id='line_1_118' title="bbox 2110 5427 3698 5572; baseline 0.001 -86"><span class='ocrx_word' id='word_1_898' title='bbox 2312 5427 2908 5560; x_wconf 34' lang='lat' dir='ltr'><strong>f\‘IgrlblaisuntSenecae,</strong></span> <span class='ocrx_word' id='word_1_899' title='bbox 2938 5446 3057 5501; x_wconf 91' lang='lat' dir='ltr'><strong>cap.</strong></span> <span class='ocrx_word' id='word_1_900' title='bbox 3089 5432 3145 5500; x_wconf 88' lang='lat'><strong>6,</strong></span> <span class='ocrx_word' id='word_1_901' title='bbox 3177 5427 3294 5495; x_wconf 90' lang='lat' dir='ltr'><strong>lib.,</strong></span> <span class='ocrx_word' id='word_1_902' title='bbox 3322 5427 3407 5497; x_wconf 74' lang='lat' dir='ltr'><strong>iv,</strong></span> <span class='ocrx_word' id='word_1_903' title='bbox 3436 5430 3513 5484; x_wconf 89' lang='lat' dir='ltr'><strong>De</strong></span> <span class='ocrx_word' id='word_1_904' title='bbox 3543 5432 3698 5487; x_wconf 56' lang='lat' dir='ltr'><strong>Bene</strong></span> 
     </span>
    </p>
   </div>
   <div class='ocr_carea' id='block_1_119' title="bbox 2154 5506 2514 5560">
    <p class='ocr_par' dir='ltr' id='par_1_119' title="bbox 2154 5506 2514 5560">
     <span class='ocr_line' id='line_1_119' title="bbox 2154 5506 2514 5560; baseline 0 -2"><span class='ocrx_word' id='word_1_905' title='bbox 2154 5506 2279 5560; x_wconf 81' lang='lat' dir='ltr'><strong>etis.</strong></span> <span class='ocrx_word' id='word_1_906' title='bbox 2312 5506 2388 5560; x_wconf 77' lang='lat' dir='ltr'><strong>La</strong></span> <span class='ocrx_word' id='word_1_907' title='bbox 2415 5506 2514 5559; x_wconf 81' lang='lat' dir='ltr'><strong>Pa.</strong></span> 
     </span>
    </p>
   </div>
  </div>
