4016 6188
270 300 377 360 725

1630 308 1826 370 LIBER
1862 311 1943 371 DE
1984 313 2216 376 ANIMA.

3472 320 3567 381 726

268 427 424 492 tiam,
458 442 581 499 quae
611 434 733 483 sunt
772 435 828 483 et
864 427 1188 485 intellectus.
1230 429 1311 486 Ex
1348 431 1430 489 his
1471 432 1614 489 enim
1663 437 1867 507 produ-
1900 425 1947 505 Α
1980 438 2150 498 titulo.
2191 438 2366 497 684
2412 440 2647 511 Apparet
2670 450 2869 512 quanta
2894 441 3003 498 sint
3032 459 3151 514 quae
3182 460 3341 499 unam
3371 444 3569 501 animae

264 524 469 573 cuntur
505 515 743 590 ingenia.
782 517 967 587 Porro,
999 527 1058 573 ut
1085 520 1111 557 4
1151 519 1371 591 frugum
1417 524 1714 580 seminibus
1761 543 1871 582 una

263 607 547 679 cujusque
575 605 787 677 generis
817 606 987 662 forma
1033 620 1134 677 est,
1169 624 1458 680 processus
1508 622 1681 670 tamen
1714 615 1868 687 varii,

260 695 375 750 alia
412 695 626 769 integro
661 705 801 752 statu
843 697 1095 764 evadunt,
1138 697 1240 753 alia
1278 699 1437 754 etiam
1485 702 1710 759 meliora
1751 721 1867 761 res-

258 784 534 856 pondent,
574 785 676 841 alia
728 785 1060 857 degenerant
1111 802 1210 859 pro
1266 788 1579 846 conditione
1632 792 1759 848 coeli
1816 800 1869 848 et

254 874 397 945 soli,
439 891 535 943 pro
591 875 801 930 ratione
837 874 1037 945 Operis,
1083 886 1136 931 et
1187 893 1352 944 curae,
1406 894 1506 950 pro
1565 887 1867 952 temporum

254 970 487 1028 eventu,
540 978 639 1034 pro
679 964 896 1019 licentia
950 980 1171 1020 casuum
1217 987 1231 1021 :
1282 966 1355 1022 ita
1381 976 1434 1023 et
1469 968 1701 1025 animam
1730 971 1866 1028 lice-

252 1048 341 1106 bit
384 1050 595 1107 semine
641 1051 981 1124 uniformem,
1016 1052 1147 1109 {tetu
1186 1054 1568 1112 multiformem
1601 1076 1613 1113 :
1650 1074 1774 1114 nam
1814 1068 1868 1115 et

252 1139 351 1195 hic
382 1141 545 1195 etiam
576 1140 645 1195 de
670 1140 808 1196 locis
836 1141 1083 1199 interest.
1128 1143 1331 1200 Thebis
1369 1145 1592 1202 hebetes
1638 1155 1693 1203 et
1741 1150 1869 1204 bru-

252 1238 349 1286 tos
380 1228 539 1285 nasci
577 1228 800 1284 relatum
830 1237 914 1286 est
939 1230 1098 1301 (35);
1130 1232 1356 1288 Athenis
1402 1234 1652 1305 sapiendi
1680 1236 1866 1293 dicen-

249 1318 431 1391 dique
480 1317 823 1374 acutissimos
870 1319 1022 1391 (36);
1070 1319 1163 1375 ubi
1220 1337 1384 1393 penes
1422 1324 1673 1396 Colytum
1715 1327 1868 1397 pueri

253 1422 459 1462 mense
490 1406 651 1462 citius
689 1405 1035 1479 eloquuntur,
1070 1423 1308 1477 praecoce
1349 1408 1555 1483 lingua.
1589 1407 1880 1485 Siquidem.

250 1502 310 1550 et
342 1495 499 1551 Plato
529 1494 585 1549 in
625 1496 845 1560 Timaeo.
889 1494 1188 1552 Minervam
1217 1496 1469 1565 afﬁrmat,
1520 1514 1638 1555 cum
1679 1503 1867 1558 urbem

250 1582 412 1639 illam
442 1584 744 1649 moliretur,
776 1583 907 1639 nihil
940 1582 1085 1639 aliud
1128 1601 1288 1657 quam
1335 1587 1574 1660 regionis
1622 1598 1861 1646 naturam

251 1673 638 1746 prospexisse,
672 1673 799 1728 talia
828 1673 1042 1747 ingenia
1079 1674 1396 1746 pollicitam.
1429 1677 1582 1732 Unde
1625 1687 1680 1734 et
1723 1678 1862 1751 ipse,

1977 537 2225 584 naturam
2268 529 2413 585 varie
2456 528 2787 594 collocarint,
2834 540 2892 585 ut
2937 531 3101 602 vulgo
3150 543 3357 588 naturae
3395 535 3569 604 depu-

1979 626 2176 686 tentur,
2207 619 2423 691 quando
2453 633 2558 674 non
2604 620 2815 690 species
2844 619 2973 683 sint,
3004 619 3095 674 sed
3142 629 3316 676 sortes
3365 630 3568 678 naturae

1977 714 2031 761 et
2058 707 2367 762 substantia:
2398 708 2593 779 unius;
2642 707 2784 763 illius
2831 707 3050 773 scilicet,
3110 725 3273 779 quam
3317 710 3463 766 Deus
3511 712 3564 765 in

1974 793 2148 849 Adam
2179 795 2425 864 contulit,
2456 806 2508 851 et
2554 796 2826 851 matricem
2879 795 3121 851 omnium
3163 796 3291 852 fecit
3340 814 3353 850 :
3405 810 3566 870 atque

1973 882 2112 937 adeo
2141 891 2316 938 sortes
2343 892 2517 945 erunt.
2561 900 2667 939 non
2703 883 2915 954 species
2952 883 3267 940 substantiae
3293 885 3474 954 unius,
3507 898 3567 943 ut

1975 979 2029 1025 et
2057 969 2290 1027 varietas
2326 972 2424 1025 ista
2454 971 2675 1027 moralis
2712 980 2911 1044 quanta
2963 988 3109 1029 nunc
3137 980 3237 1039 est,
3270 982 3421 1029 tanta
3456 990 3568 1031 non

1973 1057 2134 1113 fuerit
2180 1057 2235 1112 in
2283 1057 2401 1129 ipso
2456 1058 2696 1128 principe
2734 1059 2950 1132 generis
3002 1060 3195 1116 Adam.
3257 1061 3568 1117 Debuerant

1972 1145 2114 1201 enim
2145 1145 2313 1201 fuisse
2342 1147 2457 1202 haec
2484 1145 2661 1201 omnia
2694 1146 2748 1200 in
2786 1147 2897 1213 illo,
2939 1136 2997 1202 ut
3039 1148 3095 1202 in
3139 1147 3287 1204 fonte
3336 1155 3565 1215 naturae,

1974 1241 2134 1303 atque
2163 1233 2288 1290 inde
2323 1250 2443 1290 cum
2491 1242 2601 1291 tota
2629 1234 2884 1291 varietate
2933 1251 3199 1303 manasse,
3253 1237 3300 1292 si
3337 1237 3568 1293 varietas

1974 1331 2177 1378 naturae
2204 1321 2413 1378 fuisset.

2558 1464 2789 1523 CAPUT
2826 1464 2984 1520 XXI.

2043 1586 2198 1657 Quod
2255 1588 2299 1643 si
2357 1588 2639 1644 uniformis
2694 1600 2888 1646 natura
2946 1591 3122 1647 anima
3182 1593 3249 1647 ab
3306 1593 3457 1650 initio
3512 1595 3570 1651 in

1974 1676 2168 1743 Adam,
2202 1684 2323 1732 ante
2361 1684 2440 1731 tot
2468 1676 2702 1749 ingenia,
2736 1693 2869 1746 ergo
2901 1694 3008 1733 non
3045 1679 3392 1737 multiformis
3421 1683 3446 1719 8
3474 1699 3570 1752 per

252 1729 316 1817 in
350 1729 601 1834 Legibus,
625 1729 848 1835 ‘Megillo
879 1729 932 1817 et
956 1729 1141 1818 Cliniae
1172 1763 1414 1834 praecipit
1468 1729 1776 1823 condenda:r
1793 1729 1870 1824 ci:-
1903 1729 1946 1806 Β
1979 1774 2057 1822 tot
2083 1729 2334 1841 ingenia;
2362 1766 2471 1835 jam
2501 1729 2603 1819 dcc
2643 1765 2668 1802 9
2688 1729 2989 1831 ’triformis,
3036 1774 3096 1821 ut
3140 1768 3317 1824 adhuc
3362 1729 3571 1826 trinitas

264 1851 433 1910 vitati
479 1852 649 1906 locum
697 1865 1009 1921 procurare.
1070 1851 1176 1906 Sed
1241 1853 1594 1923 Empedocles
1649 1872 1870 1913 causam

268 1949 495 2009 argutas
546 1938 734 1994 indolis
792 1946 847 1993 et
912 1939 1120 1994 obtusae
1181 1938 1235 1993 in
1285 1942 1567 2014 sanguinis
1609 1944 1871 2015 qualitate

259 2026 596 2095 constituit;
663 2028 958 2098 perfectum
1020 2043 1083 2083 ac
1139 2027 1446 2097 profectum
1501 2032 1572 2088 de
1628 2034 1871 2089 doctrina

254 2116 671 2187 disciplinaque
715 2116 949 2172 deducit.
991 2117 1194 2172 Tamen
1250 2118 1463 2189 vulgata
1496 2120 1612 2189 jam
1652 2137 1740 2178 res
1787 2130 1870 2178 est

250 2204 553 2281 gentilium
580 2206 996 2278 proprietatum.
1048 2205 1249 2261 Comici
1278 2207 1521 2282 Phrygas
1558 2209 1776 2266 timidos
1802 2213 1868 2265 il-

245 2294 505 2361 ludunt;
545 2293 831 2351 Sallustius
877 2309 1045 2350 vanos
1082 2295 1321 2361 Mauros,
1374 2307 1427 2351 et
1482 2296 1687 2355 feroces
1737 2299 1867 2354 Dal-

242 2391 440 2439 matas
472 2384 654 2456 pulsat
687 2404 702 2452 ;
746 2384 1032 2438 mendaces
1069 2384 1256 2439 Cretas
1287 2384 1398 2454 (37)
1427 2386 1588 2440 etiam
1625 2387 1867 2458 Aposto-

240 2472 339 2528 lus
372 2472 518 2543 (Tit.
550 2488 591 2542 ι,
635 2473 725 2543 i2)
755 2470 942 2528 inurit.
993 2472 1316 2529 Fortassean
1358 2482 1413 2529 et
1438 2474 1504 2530 de
1547 2491 1776 2548 corpore
1812 2485 1870 2535 et

237 2562 318 2619 de
351 2561 675 2618 valetudine
705 2562 906 2634 aliquid
938 2560 1160 2617 accedat
1194 2578 1208 2616 :
1251 2560 1502 2630 Opimitas
1544 2564 1867 2636 sapientiam

239 2649 513 2722 impedit,
545 2650 760 2705 exilitas
792 2649 1050 2721 expedit;
1086 2649 1350 2721 paralysis
1395 2660 1627 2707 mentem
1676 2654 1867 2721 prodi—

234 2739 356 2811 git,
399 2737 632 2808 phthisis
659 2747 857 2794 servat.
897 2737 1115 2807 Quanto
1160 2738 1339 2809 magis
1394 2740 1462 2795 de
1501 2741 1867 2799 accidentibus

232 2828 625 2896 habebuntur,
674 2843 819 2899 quae,
876 2826 1011 2882 citra
1065 2828 1089 2866 5
1130 2827 1523 2899 corpulentiam
1571 2838 1627 2887 et
1677 2833 1865 2890 valen-

234 2917 410 2982 tiam,
441 2915 530 2970 vel
566 2923 786 2984 acuunt,
817 2917 902 2972 vel
946 2916 1287 2972 obtunduntl
1323 2921 1539 2974 Acuunt
1587 2920 1864 2988 doctrinae,

1980 1852 2353 1910 Valentiniana
2382 1852 2494 1925 (38)
2530 1852 2786 1920 caedatur,
2820 1869 2941 1922 qua:
2986 1870 3084 1909 nec
3130 1854 3248 1924 ipsa
3294 1857 3345 1910 in
3396 1859 3572 1913 Adam

1981 1945 2400 2015 recognoscitur.
2445 1942 2588 2012 Quid
2617 1942 2761 1996 enim
2791 1940 3064 2011 spirituale
3101 1943 3155 1996 in
3195 1942 3289 1997 illo
3312 1945 3339 1998 ?
3368 1945 3424 1999 Si
3450 1948 3573 2017 quia

1980 2031 2324 2102 prOphetavit
2354 2046 2610 2100 magnum
2641 2029 2769 2083 illud
2801 2036 3194 2084 sacramentum
3225 2028 3279 2083 in
3301 2030 3571 2089 Christum

1978 2131 2029 2177 et
2061 2120 2359 2176 Ecclesiam
2405 2120 2567 2191 (Gen.
2599 2120 2661 2188 ιι)
2698 2136 2711 2175 :
2747 2120 2856 2174 Hoc
2888 2134 2947 2174 os
2976 2134 3047 2173 ea:
3077 2119 3287 2176 ossibus
3324 2123 3483 2186 meis,
3517 2126 3574 2179 et

1977 2225 2110 2265 caro
2130 2225 2200 2266 ex
2217 2225 2389 2265 carne
2419 2226 2564 2274 mea,
2587 2207 2877 2263 vocabitur
2896 2207 3135 2274 mulier;
3154 2212 3460 2280 propterea
3481 2226 3572 2266 re-

1979 2298 2196 2371 linquet
2225 2298 2385 2354 homo
2412 2301 2641 2369 patrem
2671 2300 2728 2355 et
2745 2300 3014 2364 matrem,
3039 2301 3098 2353 et
3116 2298 3571 2369 agglutinabitur

1975 2388 2213 2444 mulieri
2255 2402 2392 2453 suae,
2418 2390 2473 2442 et
2504 2390 2674 2442 erunt
2712 2385 2819 2441 duo
2858 2384 2921 2439 in
2958 2401 3187 2442 carnem
3219 2403 3431 2454 unam;
3463 2387 3571 2442 hoc

1977 2482 2166 2547 postea
2194 2474 2427 2543 obvenit,
2476 2490 2600 2531 cum
2655 2474 2709 2528 in
2758 2474 2912 2529 illum
2950 2476 3094 2531 Deus
3120 2476 3410 2532 amentiam
3461 2476 3566 2532 im-

1975 2563 2116 2620 misit
2143 2563 2284 2637 (39),
2335 2563 2632 2632 spiritalem
2662 2562 2765 2619 vim
2806 2579 2915 2635 qua
2944 2570 3152 2620 constat
3181 2564 3486 2635 pr0phetia.
3511 2564 3570 2621 Si

1973 2666 2025 2708 et
2057 2651 2254 2707 malum
2281 2650 2337 2705 in
2367 2666 2433 2706 eo
2461 2650 2709 2721 apparuit
2757 2651 3203 2723 transgressionis
3251 2652 3570 2722 admissum,

1972 2756 2073 2796 nec
2110 2742 2212 2796 hoc
2259 2741 2500 2795 naturale
2548 2740 2917 2809 deputandum
2965 2748 3067 2808 est,
3117 2740 3264 2812 quod
3311 2740 3573 2798 instinctu

1975 2829 2241 2899 serpentis
2278 2836 2531 2899 Operatus
2560 2836 2640 2883 est
2670 2829 2827 2897 (Gen.
2862 2828 2964 2898 ιιι),
2998 2835 3104 2881 tam
3151 2842 3261 2883 non
3308 2830 3569 2895 naturale,

1977 2935 2135 2990 quam
2190 2933 2291 2972 nec
2345 2917 2653 2985 materiale;
2712 2917 2837 2988 quia
2874 2927 2926 2972 et
2963 2917 3201 2972 materiae
3248 2916 3408 2973 ﬁdem
3460 2920 3573 2988 jam

228 3002 586 3073 disciplinae,
634 3015 794 3070 artes,
856 3013 911 3060 et
958 3005 1311 3074 experientia,
1357 3006 1593 3078 negotia,
1643 3008 1863 3079 studia;
1903 3007 1947 3086 ε
1977 3008 2324 3063 exclusimus.
2359 3005 2516 3074 Quod
2554 3004 2601 3058 si
2639 3021 2736 3060 nec
2782 3004 3044 3075 spiritale,
3098 3021 3200 3061 nec
3244 3006 3392 3077 quod
3435 3006 3571 3063 dici-

228 3093 574 3150 obtundunt
660 3092 905 3159 inscitiae,
962 3093 1214 3167 ignaviae,
1280 3096 1523 3162 desidim,
1596 3096 1864 3166 libidines,

229 3180 690 3252 inexperientiae,
740 3183 869 3248 otia,
931 3182 1103 3251 vitia;
1154 3199 1319 3255 super
1358 3186 1495 3253 haec,
1542 3186 1588 3241 si
1643 3196 1695 3241 ct
1739 3187 1861 3255 alia,

229 3286 375 3344 qua?
414 3281 655 3341 praesunt
685 3274 1001 3341 potestates.
1032 3271 1321 3328 Enimvero
1359 3282 1619 3344 praesunt,
1661 3291 1859 3331 secun-

230 3361 388 3415 dum
424 3375 527 3416 nos
552 3359 787 3432 quidem,
821 3362 966 3416 Deus
992 3361 1272 3428 Dominus,
1322 3370 1377 3417 et
1405 3362 1657 3419 diabolus
1685 3380 1859 3419 aemu-

230 3450 385 3518 lus;
422 3449 719 3505 secundum
760 3464 1097 3506 communem
1140 3459 1323 3507 autem
1371 3451 1687 3523 opinionem
1736 3469 1861 3524 pro-

227 3536 516 3595 videntiae
543 3538 568 3575 δ
607 3537 775 3594 fatum
801 3546 855 3593 et
881 3539 1194 3606 necessitas,
1245 3550 1299 3595 et
1339 3540 1550 3596 fortuna
1577 3542 1599 3579 ⁷
1628 3551 1682 3597 et
1709 3542 1859 3597 arbi-

234 3625 330 3682 trii
368 3626 613 3681 libertas.
646 3625 781 3681 Nam
813 3627 944 3692 haec,
985 3635 1038 3681 et
1079 3626 1381 3698 philosophi
1421 3627 1777 3700 distinguunt,
1806 3638 1859 3686 et

229 3734 351 3773 nos
407 3713 706 3771 secundum
755 3716 914 3772 ﬁdem
956 3716 1269 3772 disserenda
1315 3733 1415 3774 suo
1458 3719 1568 3787 jam
1608 3720 1857 3776 vovimus

1975 3108 2062 3153 tur
2118 3094 2392 3151 materiale
2448 3094 2730 3165 pr0prium
2756 3094 2810 3148 in
2850 3093 2941 3148 illo
2981 3093 3279 3163 fuit;nam
3328 3095 3374 3151 si
3419 3095 3465 3134 ιο
3508 3113 3572 3153 ex

1973 3184 2197 3240 materia
2245 3182 2433 3238 fuisset
2478 3181 2606 3236 mali
2641 3197 2846 3250 semen,
2898 3189 3146 3252 superest
3191 3190 3250 3238 ut
3300 3182 3478 3238 solum
3515 3183 3571 3236 in

1971 3276 2064 3330 illo
2093 3283 2147 3330 et
2174 3272 2391 3330 unicum
2438 3270 2601 3326 fuerit
2648 3271 2918 3334 naturale,
2949 3270 3095 3341 quod
3150 3278 3401 3326 censetur
3454 3271 3571 3327 ani-

1970 3363 2147 3433 male;
2191 3360 2336 3434 quod
2368 3369 2508 3417 statu
2540 3358 2775 3429 simplex
2803 3368 2857 3413 et
2884 3358 3152 3414 uniforme
3189 3359 3565 3419 defendimus:

1968 3454 2047 3508 De
2077 3453 2178 3509 hoc
2210 3451 2370 3523 plane
2413 3448 2730 3520 relinquitur
2765 3448 2935 3520 quaeri
2981 3463 3050 3503 an
3098 3447 3425 3504 demutabile
3475 3450 3570 3503 de-

1968 3543 2093 3597 beat
2122 3540 2289 3605 credi,
2319 3538 2464 3611 quod
2493 3538 2732 3594 naturale
2776 3537 3010 3593 dicatur.
3058 3536 3226 3592 lidem
3258 3535 3401 3592 enim
3431 3551 3568 3593 cou-

1966 3629 2269 3685 vertibilem
2318 3635 2522 3699 negant
2560 3634 2825 3688 naturam,
2868 3631 2927 3679 ut
2971 3623 3264 3680 trinitatem
3312 3640 3467 3678 suam
3513 3624 3570 3680 in

1964 3717 2192 3790 singulis
2219 3715 2642 3788 proprietatibus
2671 3713 2840 3788 ﬁgant
2873 3732 2885 3771 :
2921 3714 3049 3785 quia
3076 3712 3239 3770 arbor
3280 3713 3425 3768 bona
3452 3730 3569 3770 ma-

1625 3835 1816 3898 Variae
1886 3839 2202 3899 lectiones.

314 3940 344 4012 ‘f
390 3940 458 3994 Et
482 3939 641 4012 Pam.
668 3938 754 4012 al.
784 3938 812 4012 5_
829 3938 981 4012 Circa
1027 3941 1186 3994 Pam.
1223 3940 1394 4012 Seml.
1441 3940 1663 3997 00erth.
1693 3941 1718 3978 6
1745 3942 1813 3996 Ει
1846 3940 2187 4012 providentia
2215 3946 2268 4012 et
2310 3941 2473 3995 Pam.
2508 3938 2682 4012 S_eml.
2716 3934 2945 4012 Bhen."_7
2972 3934 3229 4012 Eortunae
3253 3935 3378 4012 Ιίζίρἶ
3392 3936 3572 4012 _Ven._8

231 4010 392 4079 Quia
422 4008 711 4065 uniformis
738 4009 871 4069 add.
902 4010 1080 4068 Rhen.
1104 4013 1263 4066 Pam.
1289 4012 1314 4050 9
1342 4011 1452 4066 Nec
1479 4028 1586 4083 qua
1606 4014 1724 4083 Rig.
1763 4007 1889 4068 Ven.
1912 4027 2013 4068 nec
2039 4009 2424 4084 quadriformis
2449 4009 2570 4066 cod.
2601 4007 2869 4081 Agobard.
2897 4008 2944 4046 ιο
2970 4008 3040 4063 Et
3068 4007 3113 4061 si
3137 4007 3308 4064 Seml.
3325 4007 3328 4008 ⁷
3346 4007 3566 4065 Oberth.

1666 4127 2166 4192 Commentarius.

327 4234 452 4326 (3L5)
485 4232 668 4326 Tltebi‘s.
700 4232 918 4326 hebetes
954 4238 1012 4326 et
1048 4233 1241 4326 [gratos
1277 4235 1439 4326 ηιαεοί
1468 4235 1719 4326 relatum
1743 4239 1847 4290 est.
1887 4250 1932 4326 η
1962 4236 2246 4326 Ξχηιιιιιηι,
2282 4225 2643 4326 θιςιειιιοὲοοο
2772 4230 3064 4326 Διροξῑοειιε
3092 4230 3480 4326 οἱιθξγνςτιξειὶί
3506 4232 3573 4320 ad

240 4303 476 4361 Thebas
502 4303 721 4360 Boeotiae
749 4303 1021 4375 intelligit.
1054 4305 1235 4375 Usque
1264 4306 1401 4360 adeo
1447 4313 1624 4360 autem
1656 4304 1707 4358 id
1757 4322 1850 4361 ve-

236 4391 375 4432 rum
420 4384 523 4439 est,
554 4385 614 4430 ut
644 4391 710 4429 ex
750 4376 1083 4449 pinguedine
1114 4375 1320 4449 ingenii
1345 4375 1584 4449 quidam
1631 4377 1852 4449 Boeotos

234 4450 431 4504 dictos
466 4454 672 4516 putent,
707 4455 760 4517 et
789 4445 1221 4517 in'proverbium
1272 4445 1500 4501 abierint
1529 4462 1620 4500 sus
1650 4448 1852 4502 baioli-

232 4536 325 4585 ca,
377 4517 550 4582 auris,
603 4516 850 4582 boeotica,
884 4516 969 4588 et,
1005 4518 1165 4588 quod
1217 4517 1436 4588 propius
1480 4518 1587 4571 huc
1624 4518 1851 4585 accedit,

232 4589 551 4646 bceoticum
611 4588 910 4659 ingenium,
942 4587 1274 4659 deiquibus
1329 4587 1433 4643 late
1486 4588 1743 4644 Erasmus
1800 4590 1852 4642 in

237 4659 631 4724 Chiliadibus,
663 4658 755 4730 qui
786 4659 947 4731 etiam
986 4658 1456 4731 indegrderivatum
1493 4668 1656 4731 putat,
1708 4660 1851 4731 quod

230 4733 484 4789 hebetes
510 4738 563 4784 et
593 4729 776 4785 bru’tos
813 4730 1062 4787 homines
1109 4729 1425 4785 Germanica
1454 4739 1506 4785 et
1552 4729 1850 4786 Britannica

230 4804 441 4874 lingua
474 4803 596 4874 Bot,
628 4802 679 4856 id
709 4809 791 4856 est
813 4801 1037 4874 Bmotos
1084 4802 1433 4874 appellemus.
1467 4805 1601 4859 PAH.

313 4871 444 4947 (3b)
495 4872 727 4947 athenis
779 4872 1036 4947 sapiendi
1087 4871 1439 4947 dieendiqug‘
1472 4875 1703 4930 acutiss.
1736 4872 1849 4947 Huc

228 4943 640 5027 pertinetillud
668 4943 1197 5027 Ciceronis_in_orat.
1242 4943 1343 5027 pro
1382 4943 1574 5027 Flacco
1608 4963 1620 4998 :
1667 4965 1689 4994 α
1731 4945 1846 5027 Ad—

138 5049 143 5054 -
228 5014 369 5071 sunt
410 5014 807 5085 Athenienses,
854 5015 999 5070 unde
1040 5014 1361 5080 humanitas,
1398 5016 1662 5085 doctrina,
1716 5016 1843 5070 reli-

228 5089 353 5160 gio,
391 5084 608 5160 fruges,
633 5087 773 5154 jura,
814 5085 981 5160 leges
1001 5097 1134 5140 ortae
1161 5095 1320 5160 atque
1361 5088 1416 5160 in
1460 5102 1649 5160 omnes
1679 5098 1848 5142 terras

232 5152 555 5214 distributae
594 5152 928 5228 putanturf»
960 5158 1091 5211 Item
1124 5152 1267 5228 quod
1301 5173 1335 5212 a
1363 5157 1598 5223 Platone,
1626 5157 1678 5210 in
1712 5161 1845 5215 Pro-

238 5235 467 5302 tagora,
527 5228 765 5302 Athenae
796 5236 1110 5302 prytaneum
1147 5228 1437 5302 sapientiae
1485 5228 1841 5302 appellentur.

235 5299 498 5369 Denique
526 5300 671 5371 quod
717 5299 879 5371 idem,
911 5299 1090 5355 dial.l
1126 5299 1193 5357 de
1238 5300 1467 5370 Legibus
1512 5299 1668 5354 vecet
1709 5300 1844 5356 civi-

238 5379 419 5427 tatem
482 5370 826 5442 eloquentiae,
872 5381 925 5427 et
978 5370 1130 5425 multi
1195 5372 1459 5427 sermonis
1523 5371 1842 5426 studiosam.

232 5444 391 5499 Pu.

316 5514 440 5587 (37)
467 5510 763 5587 Mendaces
797 5515 990 5587 Cretas
1002 5513 1298 5587 .hMendacii
1318 5513 1549 5587 nomine
1569 5514 1728 5587 male
1747 5530 1847 5587 au-

239 5583 473 5642 dierunt
519 5584 829 5641 Cretenses.
869 5583 1199 5642 Scholiastes
1242 5585 1550 5641 Callimachi
1599 5585 1652 5640 in
1702 5585 1850 5641 Jovis

1962 4297 2138 4359 Titum
2202 4297 2240 4366 t,
2301 4304 2374 4355 ait
2404 4297 2436 4356 ἐ
2493 4301 2748 4370 Παροιμία
2808 4297 2910 4353 ἔστ),
2965 4302 3023 4354 τὸ
3083 4300 3317 4370 κρητζζειν
3364 4297 3442 4351 ἐπὶ
3489 4305 3572 4353 τοῦ

1965 4349 2240 4443 magna:
2301 4349 2398 4424 aa
2425 4349 2436 4356 ·
2461 4349 2745 4443 «sagas.
2934 4349 3170 4443 me"
3186 4349 3467 4443 sagas“.
3501 4349 3574 4443 is}

1962 4439 2140 4513 λαχὼν
2201 4443 2394 4516 μερίσαι
2447 4439 2567 4501 τοῖς⁷
2597 4441 2841 4516 "Eunoni
2896 4441 2960 4493 τὰ
2989 4442 3216 4516 -λάφυεα
3258 4510 3269 4516 _
3291 4439 3455 4505 Ἰλίου,
3476 4512 3487 4516 _
3511 4440 3574 4516 3a:

1963 4510 2171 4588 κρὲὶττω
2201 4510 2391 4586 ’ἒάυτῳ
2447 4512 2839 4588 περιεποιήσατοῖ
2903 4533 2925 4561 α
2955 4583 2966 4588 _
2988 4512 3072 4588 ln_
3095 4510 3367 4588 _adagium
3408 4512 3575 4588 _abiit

1960 4581 2253 4655 C'retisare,
2315 4581 2417 4640 hoc
2473 4581 2555 4639 est
2619 4581 2883 4655 mentiri,“
2922 4583 3012 4655 ab_
3050 4581 3340 4655 Idomeneo
3398 4582 3573 4638 Cretae

1959 4668 2109 4725 nato,
2146 4651 2250 4728 qui
2281 4673 2405 4713 cum
2434 4656 2616 4728 Trojte
2640 4652 2815 4728 spolia
2844 4652 3045 4728 Graecis
3083 4651 3356 4708 divisurus
3405 4662 3568 4719 esset,

1958 4724 2185 4785 meliOra
2216 4728 2318 4783 sibi
2352 4724 2666 4782 reservavit.
2694 4744 2718 4774 ι
2753 4724 2831 4778 L1;
2862 4725 2960 4782 Pa.

2027 4800 2143 4871 (38)
2182 4801 2445 4871 Trinitas
2491 4796 2910 4871 (alentiniano.
2952 4794 3185 4871 Trinitas
3236 4792 3436 4871 il_la_est
3468 4792 3569 4871 ho-

1958 4864 2145 4938 minis,
2197 4886 2303 4925 non
2349 4868 2470 4941 Dei,
2507 4868 2776 4941 faciebant
2821 4866 2962 4941 enim
3010 4864 3047 4918 ii
3095 4864 3338 4941 haeretici
3390 4865 3572 4920 homi-

1956 4960 2079 4997 nem
2127 4937 2768 5012 Spiritalem,'animalem
2800 4938 2915 4994 sive
2944 4937 3235 5004 carnalem,
3261 4945 3572 4993 terrestrem

1956 5016 2079 5070 sive
2112 5011 2462 5068 materialem.
2495 5012 2571 5066 Ls
2603 5011 2701 5065 Pa.

2028 5087 2139 5157 (39)
2178 5087 2317 5142 Cum
2351 5086 2411 5139 in
2431 5083 2607 5157 illum,
2631 5083 2776 5157 Deus
2806 5083 3123 5137 amentiam
3171 5080 3435 5157 immisit.
3468 5081 3575 5157 Su-

1951 5153 2067 5226 pra,
2101 5156 2489 5213 Accidentiam
2522 5155 2760 5226 spiritus
2786 5168 2984 5222 passus
3024 5156 3133 5226 est,
3175 5153 3378 5209 cecidit
3425 5154 3577 5210 enim

1952 5224 2210 5355 entia?
2228 5234 2396 5353 supgr
2424 5224 2613 5289 illum,
2647 5227 2834 5281 sancti
2875 5224 3129 5298 Spiritus
3155 5226 3259 5289 vis,
3281 5226 3574 5297 operatrix

1952 5316 2088 5355 vron
2190 5316 2277 5353 ma.
2367 5314 2445 5352 ιϐ.

1992 5300 2277 5357 ronhetim.
2319 5300 2445 5353 BIG.

1946 5318 2277 5428 prpfneuaa.
2319 5318 2445 5353 me.
3348 5365 3358 5375 .

2073 5373 2349 5426 mentium
2390 5368 2652 5425 immisit.
2688 5366 2764 5422 Ex
2799 5366 2948 5423 LXX
2986 5368 3216 5436 Interpr.
3270 5382 3360 5434 qui
3415 5365 3575 5433 (Gen.

1956 5445 2019 5511 ιι)
2056 5445 2251 5498 habent
2280 5440 2525 5498 ἔκστασιν.
2558 5439 2648 5494 Sic
2693 5440 2807 5510 ipse
2854 5445 3062 5511 auctor,
3123 5452 3239 5506 cap.
3290 5451 3375 5511 xi,
3426 5451 3580 5511 som-

1956 5504 2083 5570 num
2141 5513 2337 5569 Adami
2390 5512 2644 5567 exstasim
2700 5504 3006 5584 appellavit,
3079 5504 3251 5577 neque
3306 5504 3453 5561 aliud
3482 5522 3582 5578 per

1956 5585 2244 5640 amentiam
2280 5583 2561 5654 intelligit.
2595 5584 2723 5637 Lac.
