3972 6190
377 283 482 342 727

1053 276 1496 338 TERTULLIANI
1549 276 1816 338 OPERUM
1853 276 2021 336 PARS
2059 276 2126 335 ll.
2178 306 2245 317 —
2282 273 2511 333 SERIES
2549 273 2591 343 Ι,
2637 268 2980 331 POLEMICA.

3557 264 3671 324 7'28

379 410 466 465 los
494 424 599 465 non
632 405 765 463 ferat
793 405 1015 473 fructus,
1048 421 1147 463 nec
1192 404 1331 459 mala
1377 404 1567 472 bonos,
1599 412 1652 459 et
1694 418 1852 458 nemo
1904 404 1972 458 de
2005 391 2052 469 Α
2083 402 2180 460 Hic
2244 399 2584 458 solummodo
2648 398 3086 464 nominabuntur,
3127 410 3196 452 ne
3262 391 3535 466 praeterita
3588 392 3675 448 vi-

380 494 548 565 spinis
577 502 743 551 metet
772 494 923 561 ﬁcus,
964 501 1017 549 et
1043 495 1110 549 de
1148 492 1365 549 tribulis
1408 508 1561 548 uvas.
1611 492 1757 562 Ergo
1809 491 1856 545 si
1894 493 1967 546 ita

378 592 476 645 est.
528 598 704 655 neque
741 584 810 640 de
866 581 1140 654 lapidibus
1201 581 1343 636 filios
1407 580 1640 635 Abrahm
1707 579 1968 635 suscitare

380 671 598 741 (Matth.
632 671 718 743 ιιι)
758 670 953 743 poterit
1001 671 1166 734 Deus,
1206 685 1306 725 nec
1343 668 1617 740 genimina
1664 668 1969 737 viperarum

381 758 558 815 facere
584 759 899 831 penitentize
927 758 1173 825 fructus;
1223 765 1277 812 et
1314 756 1513 810 erravit
1568 753 1741 811 685
1791 758 1972 827 Apos-

383 848 528 903 tolus
557 847 795 903 scribens
821 846 1046 918 (Ephes.
1078 847 1138 915 v)
1186 863 1199 899 ε
1234 846 1421 900 Eratis
1452 850 1509 901 et
1544 862 1636 901 vos
1667 845 1972 916 aliquando

386 937 661 1005 tenebrce;
687 946 739 992 et
787 935 1013 1008 (Ephes.
1051 935 1115 1006 ιι)
1148 956 1160 992 :
1189 936 1418 991 Fuimus
1454 938 1509 988 et
1538 950 1639 989 nos
1668 935 1972 1006 aliquando

381 1031 596 1099 natura
625 1026 737 1096 ﬁlii
766 1026 886 1091 iraa,
931 1033 985 1079 et
1014 1025 1061 1093 (1
1082 1026 1203 1081 Cor.
1235 1022 1315 1094 vr)
1349 1040 1361 1079 :
1400 1023 1467 1077 In
1510 1024 1596 1080 his
1639 1040 1733 1080 vos
1762 1040 1973 1096 quoque

383 1116 599 1187 fuistis,
646 1115 742 1171 sed
787 1115 967 1171 abluti
1021 1114 1173 1170 estis.
1224 1112 1330 1167 Sed
1370 1127 1645 1182 nunquam
1693 1112 1972 1170 discorda-

385 1204 519 1258 bunt
546 1203 822 1258 sententiae
876 1209 1095 1258 sanctae.
1146 1201 1264 1255 Non
1302 1200 1449 1254 dabit
1501 1200 1643 1256 enim
1699 1200 1852 1273 (Luc.
1893 1202 1974 1273 γι)

385 1291 547 1347 arbor
594 1291 731 1346 mala
788 1292 962 1345 bonos
1016 1289 1242 1354 fructus,
1304 1289 1349 1342 si
1406 1303 1515 1343 non
1552 1289 1868 1359 inseratur;
1922 1299 1977 1346 et

384 1380 530 1435 bona
566 1380 733 1434 malos
779 1378 948 1448 dabit,
987 1376 1033 1431 si
1072 1392 1179 1431 non
1219 1377 1461 1443 colatur;
1515 1384 1568 1431 et
1622 1377 1831 1449 lapides
1883 1377 1976 1435 ﬁlii

383 1468 621 1522 Abrahae
651 1467 796 1532 fient,
832 1468 872 1521 si
904 1467 958 1520 in
989 1464 1154 1521 fidem
1182 1465 1411 1520 Abrahae
1437 1465 1751 1534 formentur,
1782 1476 1836 1521 et
1871 1484 1973 1537 ge-

383 1556 585 1611 nimina
635 1556 941 1628 viperarum
990 1553 1222 1611 fructum
1287 1554 1614 1624 poenitentiae
1669 1553 1886 1621 facient,
1926 1556 1974 1612 si

383 1659 594 1699 venena
620 1641 967 1715 malignitatis
1012 1643 1316 1711 expuerint.
1366 1642 1489 1695 Hmc
1520 1640 1623 1695 erit
1666 1641 1752 1696 vis
1779 1642 1973 1699 divinae

385 1730 595 1801 gratim,
642 1729 911 1800 potentior
967 1728 1150 1799 utique
1196 1735 1405 1797 natura,
1446 1727 1652 1783 habens
1707 1728 1758 1781 in
1815 1729 1974 1787 nobis

384 1819 759 1887 subjacentem
785 1817 887 1871 sibi
917 1815 1138 1870 liberam
1188 1813 1393 1871 arbitrii
1438 1822 1776 1885 potestatem,
1828 1820 1972 1887 quod

385 1902 687 1965 αὐτεξούσιον
718 1902 950 1969 dicitur;
1002 1918 1121 1974 quae
1163 1917 1285 1957 cum
1335 1903 1405 1957 sit
1453 1914 1503 1957 et
1559 1902 1673 1973 ipsa
1719 1904 1977 1961 naturalis

385 1999 545 2063 atque
595 1989 881 2057 mutabilis,
925 1990 969 2027 ιι
1029 2005 1247 2062 quoquo
1301 1990 1544 2062 vertitur,
1603 2000 1793 2049 natura
1847 2009 1976 2049 con-

386 2080 629 2136 vertitur.
688 2080 871 2135 Inesse
927 2087 1106 2135 autem
1164 2079 1319 2135 nobis
1380 2081 1437 2135 τὸ
1501 2080 1803 2144 αὐτεξούσιον
1863 2081 1977 2153 (40)

386 2167 718 2237 naturaliter,
746 2168 857 2237 jam
890 2176 943 2224 et
979 2168 1235 2223 Marciani
1286 2170 1623 2225 ostendimus
1670 2178 1724 2224 et
1752 2171 1978 2226 Hermo-

388 2256 534 2327 geni.
567 2253 709 2324 Quid
739 2270 902 2318 nunc,
934 2256 979 2309 si
1022 2265 1078 2309 et
1120 2255 1168 2292 ι²
1206 2264 1409 2311 naturae
1462 2257 1695 2313 c0nditio
1750 2258 1827 2313 sic
1878 2257 1979 2314 erit

388 2341 712 2407 deﬁnienda,
757 2352 817 2397 ut
845 2343 1043 2414 duplex
1073 2343 1477 2413 determinetur,
1518 2352 1765 2400 natorum
1804 2354 1858 2402 et
1893 2346 1978 2401 in-

387 2438 654 2500 natorum,
685 2429 950 2487 factorum
982 2440 1035 2486 et
1082 2430 1403 2488 infectorum
1425 2434 1453 2487 ‘2
1499 2434 1679 2504 Atque
1716 2434 1789 2488 ita
1831 2435 1975 2502 quod

388 2526 571 2573 natum
602 2518 908 2590 factumque
931 2518 1248 2588 constiterit,
1285 2520 1405 2589 ejus
1434 2533 1622 2576 natura
1665 2522 1841 2590 capiet
1885 2522 1978 2577 de-

388 2607 740 2664 mutationem
773 2628 785 2665 :
819 2617 873 2662 et
901 2607 1110 2664 renasci
1149 2607 1289 2662 enim
1338 2609 1553 2679 poterit,
1597 2617 1651 2664 et
1679 2609 1844 2665 reﬁci.
1888 2610 1977 2664 In-

387 2706 571 2754 natum
619 2705 795 2753 autem
847 2706 902 2752 et
952 2695 1209 2753 infectum
1267 2696 1543 2753 immobiie
1598 2700 1781 2753 stabit.
1821 2698 1975 2768 Quod

389 2802 513 2843 cum
542 2784 645 2842 soli
677 2786 789 2840 Deo
835 2792 1125 2855 competat,
1159 2794 1218 2839 ut
1264 2783 1367 2840 soli
1412 2785 1599 2842 innato
1646 2796 1700 2841 et
1752 2787 1972 2855 infecto,

392 2884 447 2931 et
491 2874 692 2930 idcirco
756 2872 1050 2929 immortali
1095 2881 1151 2930 et
1194 2872 1615 2945 inconvertibili,
1677 2875 1979 2932 absolutum

2078 492 2323 548 deantur.
2356 487 2615 544 Dedimus
2650 487 2794 543 enim
2825 485 2901 540 illi
2936 495 2989 540 et
3027 484 3333 539 libertatem
3378 481 3672 547 arbitrarii,

2079 596 2136 634 ut
2188 595 2353 647 supra
2407 577 2737 649 scripsimus,
2793 583 2846 629 et
2899 572 3319 628 dominationem
3358 586 3566 634 rerum,
3623 566 3678 624 et

2077 669 2466 726 divinationem
2510 666 2623 735 (41)
2680 663 2970 727 interdum,
3026 660 3269 731 seposita
3298 674 3421 730 quae
3452 673 3554 729 per
3580 656 3674 711 Dei

2079 756 2301 830 gratiam
2330 754 2545 810 obvenit
2565 770 2629 808 ex
2660 753 2705 790 1"
2732 749 2912 807 686
2943 749 3243 821 prephetia.
3264 749 3449 819 Itaque
3474 748 3592 816 jam
3611 745 3677 801 ab

2080 849 2184 904 isto
2220 844 2588 918 dispositionis
2618 851 2909 898 retractatu
2925 842 3251 903 recedam,ut
3278 838 3528 894 ordinem
3560 838 3678 904 ejus

2079 947 2382 1004 expungam
2407 930 2541 1001 (42).
2576 926 2875 985 Deﬁnimus
2913 925 3145 980 animam
3176 924 3275 978 Dei
3310 923 3438 977 ﬂatu
3470 932 3676 989 natam,

2081 1021 2439 1077 immortalem
2481 1020 2616 1088 (43),
2646 1016 2974 1087 corporalem
3017 1015 3150 1083 (44),
3198 1011 3493 1085 effigiatam
3539 1012 3678 1079 (45),

2082 1110 2376 1166 substantia
2430 1107 2749 1176 simplicem,
2808 1106 2873 1159 de
2928 1118 3026 1158 suo
3082 1102 3370 1173 patientem
3429 1100 3495 1162 15,
3529 1100 3677 1154 varie

2086 1198 2479 1268 procedentem,
2538 1196 2756 1251 liberam
2813 1193 3037 1259 arbitrii,
3097 1191 3412 1247 accidentiis
3468 1189 3512 1227 ιθ
3570 1190 3680 1244 ob-

2084 1286 2295 1342 noxiam
2345 1287 2478 1357 (46),
2536 1301 2632 1355 per
2678 1283 2897 1355 ingenia
2944 1279 3278 1344 mutabilem,
3337 1276 3681 1344 rationalem,

2083 1374 2513 1439 dominatricem,
2557 1371 2951 1440 divinatricem,
3003 1385 3070 1425 ex
3111 1384 3214 1423 una
3261 1366 3682 1423 redundantem.

2086 1463 2336 1533 Sequitur
2367 1479 2528 1529 nunc,
2570 1469 2629 1516 ut
2655 1462 2927 1532 quomodo
2981 1474 3053 1515 ex
3080 1473 3189 1513 una
3227 1457 3494 1512 redundet
3541 1470 3685 1509 con-

2082 1552 2400 1620 sideremus,
2430 1551 2486 1606 id
2514 1558 2632 1618 est,
2661 1550 2823 1612 unde,
2856 1556 2910 1604 et
2952 1546 3167 1620 quando
3215 1555 3269 1602 et
3313 1561 3421 1615 qua
3468 1544 3687 1600 ratione

2086 1646 2346 1695 sumatur.

2641 1724 2871 1780 CAPUT
2908 1723 3116 1779 XXIII.

2153 1815 2381 1882 Quidam
2409 1812 2475 1868 de
2502 1812 2655 1868 coelis
2683 1811 2962 1869 devenisse
2988 1827 3049 1866 se
3077 1810 3322 1875 credunt,
3355 1815 3508 1864 tanta
3554 1823 3685 1877 pcr-

2082 1902 2358 1968 suasione,
2398 1911 2598 1972 quanta
2625 1910 2680 1956 et
2718 1900 2844 1955 illuc
2871 1899 3168 1955 indubitate
3211 1912 3563 1970 regressuros
3595 1911 3691 1950 re-

2082 1990 2436 2062 promittunt;
2471 1998 2528 2045 ut
2556 1987 2876 2044 Saturninus
2912 1986 3192 2042 Menandri
3238 1984 3529 2041 simoniani
3576 1984 3692 2037 dis-

2081 2077 2295 2147 cipulus
2369 2077 2599 2146 induxit,
2683 2075 2954 2132 hominem
3019 2074 3293 2129 afﬁrmans
3348 2073 3417 2127 ab
3469 2069 3695 2143 angelis

2084 2168 2301 2230 factum,
2332 2166 2616 2238 primoque
2667 2180 2805 2236 opus
2856 2163 3030 2233 futile,
3080 2170 3136 2219 et
3162 2161 3477 2230 invalidum,
3510 2171 3566 2217 et
3594 2160 3689 2214 in-

2082 2255 2294 2320 stabile,
2357 2255 2411 2309 in
2485 2261 2628 2309 terra
2685 2252 2885 2309 vermis
2944 2254 3112 2307 instar
3168 2251 3481 2323 palpitasse,
3537 2248 3692 2320 quod

2082 2341 2408 2400 consistendi
2437 2344 2577 2398 vires
2622 2341 2909 2408 deessent;
2952 2341 3146 2395 dehinc
3193 2356 3259 2395 ex
3306 2337 3695 2394 misericordia

2082 2448 2307 2488 summie
2365 2432 2661 2500 potestatis,
2718 2431 2785 2485 ad
2842 2431 2999 2499 cujus
3047 2427 3305 2500 effigiem,
3358 2442 3458 2482 nec
3506 2436 3692 2482 tamen

2082 2522 2239 2592 plene
2284 2529 2643 2593 perapectam,
2668 2528 2870 2575 temere
2917 2527 3155 2574 structus
3206 2517 3415 2585 fuisset,
3467 2514 3693 2571 scintil-

2083 2610 2248 2664 lulam
2292 2609 2415 2666 vitae
2463 2618 2834 2675 consecutum,
2880 2623 3001 2680 qua;
3046 2606 3178 2662 illud
3235 2604 3577 2661 exsuscitarit
3638 2612 3697 2658 et

2084 2697 2337 2759 erexerit.
2368 2702 2421 2751 et
2446 2695 2787 2752 constantius
2834 2695 3102 2761 animarit,
3133 2704 3184 2749 et
3236 2703 3355 2763 post
3400 2694 3694 2748 decessum

2084 2784 2209 2842 vitae
2249 2784 2314 2840 ad
2343 2783 2629 2855 matricem
2673 2784 2906 2842 relatura
2942 2787 3031 2839 sit.
3080 2783 3186 2839 Sed
3229 2790 3286 2839 et
3330 2781 3697 2852 Carpocrates

2092 2875 2422 2931 tantumdem
2450 2872 2553 2928 sibi
2583 2874 2650 2930 de
2678 2873 3053 2945 superioribus
3098 2872 3357 2937 vindicat,
3406 2880 3468 2926 ut
3515 2869 3694 2925 disci-

389 2970 491 3033 est,
546 2971 800 3019 caeterum
875 2959 1123 3017 omnium
1189 2970 1441 3017 natorum
1508 2973 1672 3034 atque
1721 2964 1981 3020 factorum
2015 2981 2059 3060 ε
2089 2966 2199 3036 puli
2227 2965 2343 3034 ejus
2370 2965 2578 3021 animas
2621 2979 2747 3019 suas
2787 2964 2899 3030 jam
2930 2971 2984 3017 et
3016 2961 3251 3027 Christo,
3302 2961 3506 3014 nedum
3553 2973 3694 3029 apo-

390 3049 793 3107 convertibilem
851 3060 904 3106 et
955 3049 1336 3106 demutabilem
1391 3067 1513 3107 esse
1568 3058 1855 3120 naturam;
1926 3060 1986 3109 ut

391 3140 494 3195 etsi
542 3139 753 3194 trinitas
806 3141 999 3193 animae
1047 3137 1404 3194 adscribenda
1458 3146 1622 3207 esset,
1678 3156 1742 3196 ex
1807 3149 1981 3196 muta-

393 3227 541 3282 tione
570 3224 909 3291 accidentiae,
938 3240 1048 3281 non
1077 3240 1143 3280 ex
1183 3224 1524 3282 institutione
1567 3234 1771 3281 naturae
1815 3229 1986 3300 depu-

393 3321 616 3372 taretur.
1889 3326 1893 3330 '

962 3401 1197 3459 CAPUT
1236 3401 1419 3458 XXII.

462 3492 669 3551 Caetera
695 3491 889 3549 animas
918 3490 1178 3548 naturalia
1198 3490 1314 3561 jam
1359 3508 1393 3546 a
1439 3489 1592 3546 nobis
1638 3489 1806 3547 audiit
1841 3492 1983 3549 Her-

393 3597 669 3656 mogenes,
727 3597 850 3637 cum
903 3581 1141 3651 ipsorum
1194 3579 1512 3635 defensione
1576 3589 1631 3634 et
1668 3580 1984 3651 probatione

398 3687 494 3742 per
519 3686 641 3742 quas
672 3662 769 3725 Dei
812 3669 992 3740 potius
1029 3684 1189 3741 quam
1239 3666 1477 3723 materia:
1522 3668 1870 3741 cognoscitur
1916 3670 1980 3726 13.

2091 3056 2263 3123 stolis,
2294 3062 2349 3109 et
2381 3064 2709 3124 peraequent,
2741 3059 2794 3107 et
2820 3066 2942 3106 cum
2967 3051 3157 3105 volunt
3192 3048 3521 3116 praeferant;
3554 3063 3696 3119 quas

2091 3142 2314 3213 perinde
2339 3142 2408 3197 de
2451 3140 2668 3198 sublimi
2698 3140 2890 3197 virtute
2936 3137 3303 3208 conceperint,
3352 3137 3695 3206 despectrice

2088 3229 2275 3286 mundi
2306 3230 2603 3301 potentium
2643 3227 3059 3301 principatuum.
3105 3226 3327 3298 Apelles
3371 3225 3693 3283 sollicitatas

2092 3319 2253 3374 refert
2277 3318 2482 3373 animas
2510 3316 2738 3374 terrenis
2776 3315 2913 3371 escis
2956 3315 3024 3370 de
3066 3313 3548 3385 supercmlestibus
3595 3329 3691 3369 se-

2092 3404 2249 3460 dibus
2276 3405 2344 3460 ab
2371 3405 2534 3479 igneo
2571 3406 2767 3476 angelo
2805 3404 2921 3460 Deo
2958 3403 3125 3460 Israel
3158 3402 3203 3441 1"
3251 3410 3307 3458 et
3353 3411 3562 3469 nostro,
3596 3402 3691 3475 qui

2091 3497 2289 3552 exinde
2341 3495 2449 3551 illis
2520 3493 2870 3565 peccatricem
2939 3490 3361 3550 circumduxerit
3444 3507 3688 3548 carnem.

2089 3584 2330 3640 Examen
2363 3583 2631 3641 Valentini
2678 3598 2865 3638 semen
2917 3580 3137 3650 Sephize
3194 3579 3404 3636 infulcit
3458 3582 3687 3643 animae,

2090 3689 2190 3744 per
2226 3673 2370 3743 quod
2419 3670 2670 3728 historias
2704 3681 2861 3743 atque
2918 3672 2966 3709 13
3019 3668 3256 3726 milesias
3302 3670 3416 3740 (47)
3459 3669 3689 3725 Eonum

1770 3765 1960 3831 Variae
1994 3772 2307 3833 lectiones.

471 3872 514 3911 ιι
544 3871 613 3928 Ει
632 3872 762 3946 add.
795 3871 971 3946 R_hen_.
1014 3870 1185 3946 Sami.
1210 3870 1259 3946 ιζ
1283 3870 1349 3925 Et
1376 3872 1565 3929 omitt.
1585 3870 1765 3946 Seml:
1786 3873 1960 3946 Bhen.
1995 3875 2042 3914 13
2071 3877 2161 3933 Sic
2191 3877 2274 3934 ed.
2297 3878 2461 3935 Prior
2514 3881 2570 3932 et
2600 3878 2783 3935 Venet.
2804 3874 3038 3932 Materiae
3068 3874 3369 3946 propinqua
3397 3873 3685 3946 cognosci-

398 3951 486 4021 t_u_r
511 3959 599 4013 ap.
618 3945 792 4021 fam.
817 3943 985 4021 Seml.
1015 3942 1104 3999 0b.
1140 3942 1184 3978 14
1215 3944 1378 4021 forte
1412 3950 1483 4011 et,
1503 3959 1605 4015 pro
1627 3958 1691 3999 ex
1723 3943 1855 3999 Edd.
1893 3946 1939 3983 15
1966 3946 2269 4017 Sapientem
2294 3951 2413 4021 Βία.
2456 3950 2575 4006 Ven.
2608 3949 2655 3987 ιδ
2681 3946 2986 4005 Accidentis
3010 3942 3185 4002 FranI
3205 3944 3249 3984 1"
3281 3942 3500 4000 lsraelis
3528 3947 3681 4001 Pam.

404 4015 579 4072 Rhen.
616 4013 664 4051 1⁸
691 4013 862 4085 .IEque
890 4014 979 4069 vel
998 4028 1196 4085 easque
1223 4014 1347 4069 Lat.

1800 4111 2301 4180 Commentarius.

470 4220 824 4314 ἐξεφ-ἀξιεξῆ
847 4215 1709 4314 sese.ﬁesfiessiiiiss:
1740 4218 1979 4314 {talite-

2100 4238 2291 4314 areano
2320 4222 2463 4314 intus
2493 4222 2781 4314 excitante.
2808 4224 2940 4279 Lac.

399 4307 517 4347 rum
545 4290 827 4361 arbitrium
857 4290 1010 4361 apud
1032 4289 1213 4361 Patres
1253 4296 1307 4344 et
1353 4290 1700 4361 philo_s0phos
1748 4291 1988 4361 appella-

399 4370 505 4434 tur.
528 4362 578 4416 A
605 4358 941 4434 Nazianzeuo
960 4358 1152 4415 dicitur
1172 4360 1334 4434 homo
1363 4367 1438 4433 τῷ
1458 4359 1744 4422 αὖτεξουσιω
1761 4358 1988 4434 τἰμηθεὶς,

403 4432 574 4489 libero
590 4432 824 4488 arbitrio
857 4432 1184 4488 honoratus.
1217 4431 1351 4486 Lac.

476 4505 590 4573 (41)
619 4504 695 4575 Et
725 4503 1152 4575 divinationem.
1188 4502 1391 4571 Nempe
1418 4501 1738 4575 naturalem,
1773 4518 1867 4558 seu
1900 4521 1994 4575 per

401 4573 688 4645 insomnia,
749 4574 860 4645 sive
919 4590 1017 4645 per
1048 4573 1201 4645 “alias
1256 4573 1635 4645 pgrsenotiones.
1693 4573 1996 4630 Carneades

401 4645 541 4701 enim
586 4643 877 4716 disputavit
915 4642 1165 4769 lpluribus
1207 4642 1507 4697 rationibus
1550 4645 1809 4702 adversus
1851 4645 1994 4701 divi-

401 4717 691 4769 nationem.
730 4716 912 4769 Tertul
937 4716 1093 4769 ianus
1120 4723 1302 4769 tamen
1348 4714 1616 4769 praecipue
1654 4723 1805 4769 notat
1832 4732 1994 4769 spon-

401 4714 691 4773 nationem.
730 4714 1093 4772 Tertullianus
1120 4723 1302 4770 tamen
1348 4714 1616 4786 praecipue
1654 4723 1805 4771 notat
1832 4732 1995 4786 spon-

405 4795 589 4844 taneos
618 4788 919 4842 animorum
956 4786 1237 4856 impulsus,
1288 4784 1379 4857 qui
1432 4787 1702 4842 manifesti
1747 4784 1995 4843 omnibus

404 4867 549 4924 sunt,
579 4874 698 4914 cum
729 4857 930 4914 scilicet
956 4873 1133 4926 mens,
1174 4857 1317 4913 velut
1367 4857 1591 4924 praescia
1640 4858 1802 4914 futuri
1845 4860 1992 4926 mali,

403 4929 488 4984 vel
528 4929 678 4992 boni,
725 4929 874 4997 prius
902 4927 1138 4984 afficitur
1184 4942 1414 4983 moerere
1454 4929 1535 4983 vel
1574 4929 1790 4998 gaudio,
1835 4945 1993 4998 quam

403 5014 597 5054 sensus
648 4998 896 5068 corporei
951 4999 1005 5054 id
1061 4998 1468 5069 deprehendant
1520 5000 1681 5056 certis
1736 4999 1992 5069 indiciis;

404 5084 550 5136 nam,
581 5079 638 5125 ut
664 5070 869 5126 Seneca
897 5069 991 5139 ait,

659 5193 819 5269 instat
834 5194 1163 5269 .mentisfera
1192 5204 1484 5269 tempestas,

654 5256 779 5307 Cum
805 5257 913 5306 sine
940 5265 1088 5308 vento
1115 5256 1390 5322 tranquilla
1421 5266 1629 5310 tument.

406 5355 579 5423 Quem
612 5355 970 5429 praesagiendi
1001 5356 1216 5411 modum
1247 5357 1299 5411 in
1320 5359 1556 5429 Thyeste
1585 5358 1718 5415 scite
1746 5357 2002 5415 describit

405 5437 531 5500 ante
559 5443 770 5500 caenam
794 5428 1027 5484 feralem
1068 5428 1259 5497 Atrei;
1315 5428 1440 5500 ideo
1483 5439 1537 5484 et
1571 5430 1866 5500 praecordia
1909 5446 1999 5484 sa-

402 5498 558 5564 liunt,
597 5507 652 5555 et
683 5499 926 5557 deﬂuunt
953 5500 1203 5572 lacrymte
1235 5499 1429 5567 invitis,
1463 5498 1683 5557 stimulo
1711 5508 1765 5556 et
1792 5501 2000 5557 monitu

2170 4296 2283 4364 (42)
2319 4296 2384 4353 Ut
2428 4296 2683 4352 ordinem
2727 4297 2847 4365 ejus
2885 4309 3227 4366 expungam.
3260 4292 3341 4346 Id.
3371 4302 3472 4366 est,
3503 4292 3685 4347 absol-

2098 4382 2238 4433 vam,
2266 4363 2321 4437 et
2350 4366 2639 4435 perficiam,
2675 4363 2757 4420 uti
2778 4363 2981 4422 morem
3011 4363 3172 4419 habet
3202 4366 3253 4418 in
3284 4363 3440 4437 Apol.
3480 4379 3604 4434 cap.
3636 4366 3682 4427 3,

2103 4446 2153 4492 et
2182 4436 2502 4505 saepissime.
2534 4438 2665 4492 Lac.

2171 4504 2288 4577 (43)
2348 4509 2752 4564 Immortalem.
2810 4506 2921 4561 Etsi
2968 4506 3109 4562 istud
3157 4523 3222 4563 ex
3278 4504 3526 4575 professo
3584 4520 3686 4559 non

2103 4586 2310 4649 tractet,
2352 4579 2495 4649 quod
2540 4588 2678 4635 esset
2719 4585 2830 4632 tum
2880 4578 3139 4648 temporis
3186 4585 3337 4631 extra
3381 4586 3686 4633 controver-

2102 4648 2257 4713 siam,
2279 4648 2531 4720 freQuens
2559 4657 2735 4704 tamen
2765 4651 2889 4720 ejus
2926 4652 3027 4705 hoc
3056 4648 3189 4704 libro
3229 4651 3455 4715 mentio,
3496 4663 3688 4716 nempe

2101 4735 2217 4790 cap.
2252 4723 2304 4785 2,
2336 4719 2390 4790 3,
2422 4723 2477 4785 6,
2509 4723 2562 4788 9,
2597 4721 2663 4775 14
2713 4728 2768 4774 et
2813 4719 2969 4788 infra,
3020 4735 3070 4776 c.
3116 4720 3206 4784 24,
3241 4722 3329 4784 38,
3380 4721 3472 4789 45,
3501 4722 3597 4783 51,
3627 4722 3687 4775 53

2103 4799 2157 4845 et
2185 4793 2273 4845 54.
2307 4791 2447 4845 Pu.

2103 4799 2157 4847 et
2185 4795 2273 4846 54.
2308 4795 2447 4847 ΡΑΜ.

2175 4864 2287 4931 (44)
2321 4863 2695 4935 Corporalem.
2724 4862 2825 4935 _De
2854 4861 3032 4918 anima
3052 4861 3219 4935 quod
3249 4862 3561 4935 corporalis
3606 4863 3688 4930 sit,

2104 4932 2435 5005 quanquam'
2462 4933 2527 4987 ad
2577 4933 2841 5004 paradoxa
2887 4935 3008 5002 ejus
3049 4932 3189 4989 istud
3240 4932 3521 5005 pertineat,
3556 4940 3689 4989 trac-

2104 5003 2233 5060 tavit
2268 5003 2371 5061 iale
2400 5003 2711 5075 supracap.
2742 5007 2795 5073 ὅ,
2827 5006 2884 5075 6,
2912 5007 2967 5069 '7,
2997 5008 3050 5058 8.
3092 5006 3229 5075 Pan.

2178 5076 2292 5145 (45)
2321 5074 2668 5148 Efﬁgiatam.
2698 5075 2856 5148 Quod
2884 5075 3119 5148 efﬁgiata
3144 5074 3234 5140 sit,
3265 5075 3495 5148 alterum
3532 5091 3689 5146 para-

2103 5146 2280 5218 doxon
2313 5146 2592 5218 tractatum
2618 5149 2776 5201 etiam
2807 5147 2971 5203 habes
2983 5146 3153 5218 supra
3181 5162 3297 5218 cap.
3330 5150 3385 5201 9.
3412 5147 3551 5218 PAI.

2176 5217 2301 5290 (46)
2343 5217 2685 5274 Aceidentiis
2737 5217 3074 5290 obnoxiam.
3111 5217 3319 5273 Alludit
3366 5218 3433 5271 ad
3463 5217 3516 5272 id
3549 5219 3687 5290 quod

2107 5288 2360 5359 paulatim
2391 5289 2635 5359 proficiat
2663 5290 2840 5343 anima
2873 5289 2927 5343 in
2967 5289 3247 5359 sapientia.
3280 5291 3420 5345 ΡΑιι.

2179 5360 2293 5433 (47)
2315 5362 2421 5433 Per
2448 5359 2590 5433 quod
2619 5362 2900 5433 historias,
2933 5364 3103 5433 atque
3127 5362 3397 5418 milesias.
3432 5360 3689 5416 lllustrio-

2108 5446 2194 5485 res
2223 5429 2417 5486 fabulas
2443 5429 2669 5487 milesiae
2706 5431 2980 5499 dicuntur,
3008 5429 3138 5488 sive
3180 5447 3213 5486 a
3260 5433 3496 5488 vanitate
3546 5433 3687 5487 Mile-

2110 5503 2308 5559 siorum
2352 5503 2422 5559 ob
2466 5502 2739 5559 oraculum
2786 5503 3070 5574 Apollinis,
3116 5519 3225 5575 qua
3270 5504 3339 5559 de
3383 5518 3444 5560 re
3479 5503 3689 5569 Strabo,
