4016 6188
239 360 347 422 729

1592 371 1788 433 LIBER
1828 371 1910 431 DE
1947 369 2148 431 ΑΝΙΜΑ
2161 413 2175 426 .

3420 368 3528 428 730

241 504 463 547 suorum
542 505 609 545 ex
687 489 1011 565 imaginibus
1065 493 1360 551 visibilium
1414 505 1828 567 recognoscant.
1863 485 1910 563 Α
1946 500 2052 555 hoc
2076 495 2342 553 dilutioris
2378 493 2691 561 divinitatis,
2732 503 2786 550 et
2842 467 3081 551 exilioris
3137 493 3432 561 felicitatis;
3467 503 3531 549 ut

241 578 411 633 Doleo
456 578 600 633 bona
644 577 753 634 ﬁde
786 623 799 646 ,
849 581 1129 637 Platonem
1175 585 1413 639 omnium
1460 585 1838 641 haereticorum

237 664 729 721 condimentarium
750 667 870 739 (48)
898 667 1111 725 factum.
1134 670 1282 725 Illius
1309 679 1390 726 est
1416 671 1560 726 enim
1590 681 1643 726 et
1669 671 1835 729 687

240 754 297 810 in
326 756 628 821 Phaedone,
658 756 803 826 quod
850 757 1043 812 animae
1093 759 1219 815 hinc
1261 770 1450 817 euntes
1477 762 1585 817 sint
1611 762 1752 828 illuc,
1787 772 1840 818 et

240 842 369 899 inde
416 846 554 904 huc;
589 844 713 899 item
762 844 819 899 in
879 846 1078 918 Timeo,
1112 848 1259 919 quod
1303 849 1569 921 genimina
1619 850 1664 888 19
1714 852 1834 919 Dei,

239 932 489 1004 delegata
542 932 645 999 sibi
701 935 1012 990 mortalium
1068 936 1351 1010 genitura,
1413 949 1632 1010 accepto
1685 940 1836 995 initio

194 1086 197 1095 .
239 1020 437 1075 animae
483 1020 797 1093 immortali,
832 1024 1053 1079 mortale
1095 1023 1143 1078 ei
1183 1025 1682 1100 circumgelaverint
1711 1044 1836 1085 cor-

240 1126 341 1179 pus
372 1127 385 1161 :
431 1115 545 1163 tum
599 1111 743 1180 quod
790 1112 1025 1166 mundus
1054 1112 1140 1168 hic
1170 1114 1350 1187 imago
1384 1116 1454 1170 sit
1481 1116 1702 1172 alterius
1732 1119 1835 1172 ali-

236 1199 418 1267 cujus.
442 1194 577 1264 Qua:
606 1197 790 1253 omnia
816 1208 873 1254 ut
912 1198 1036 1254 ﬁdei
1070 1202 1408 1259 commendet
1429 1205 1496 1268 20,
1521 1213 1575 1259 et
1604 1205 1835 1261 animam

235 1296 380 1341 retro
409 1286 465 1340 in
495 1286 874 1358 superioribus
913 1287 1027 1359 (49)
1056 1305 1175 1345 cum
1225 1292 1339 1346 Deo
1383 1292 1561 1364 egisse
1590 1293 1642 1349 in
1674 1309 1835 1350 com-

235 1375 440 1431 mercio
462 1375 739 1459 (idearum,
767 1383 819 1430 et
848 1376 972 1431 inde
1001 1376 1109 1431 huc
1139 1380 1485 1448 transvenire,
1518 1391 1571 1438 et
1601 1382 1684 1438 hic
1713 1399 1837 1455 quae

234 1472 384 1517 retro
444 1462 587 1518 norit
624 1463 693 1517 de
721 1465 1122 1536 exemplaribus
1161 1482 1464 1534 recensere,
1497 1486 1690 1526 novum
1721 1471 1835 1525 ela-

232 1549 450 1605 boravit
505 1559 883 1623 argumentum
917 1595 932 1618 ,
994 1555 1226 1625 μαθήσεις
1283 1555 1566 1627 ἀναμνήσεις
1621 1559 1674 1612 id
1729 1570 1832 1625 est,

231 1638 525 1694 discentias
552 1639 979 1696 reminiscentias
1007 1658 1126 1698 esse
1158 1647 1272 1714 (50)
1325 1663 1339 1700 :
1389 1646 1662 1701 venientes
1691 1648 1834 1702 enim

231 1727 362 1782 inde
416 1728 524 1783 huc
568 1728 780 1783 animas
835 1729 1078 1787 oblivisci
1110 1747 1297 1787 eorum
1356 1733 1407 1788 in
1461 1735 1655 1805 quibus
1688 1736 1834 1806 prius

232 1814 461 1883 fuerint,
491 1816 682 1872 dehinc
729 1834 794 1872 ex
844 1817 929 1873 his
956 1820 1265 1875 visibilibus
1295 1822 1514 1879 edoctas
1544 1825 1831 1879 recordari.

242 1903 387 1958 Cum
416 1903 581 1975 igitur
624 1905 930 1975 huiusmodi
968 1916 1286 1980 argumento
1317 1910 1404 1965 illa
1446 1911 1778 1967 insinuentur
1807 1928 1838 1966 a

242 1990 493 2056 Platone,
542 2009 656 2064 quae
706 1994 948 2050 haeretici
1004 2006 1333 2063 mutuantur,
1384 2000 1516 2054 satis
1557 2000 1839 2057 haereticos

238 2079 626 2148 repercutiam,
655 2082 703 2136 si
727 2091 1111 2152 argumentum
1138 2084 1377 2140 Platonis
1399 2086 1615 2142 elidam.

797 2170 1025 2227 CAPUT
1070 2174 1272 2228 XXIV.

308 2255 497 2312 Primo
537 2256 763 2328 quidem
818 2259 1112 2317 oblivionis
1164 2278 1415 2333 capacem
1460 2265 1688 2321 animam
1731 2284 1839 2325 non

230 2343 451 2411 cedam,
502 2346 628 2417 quia
682 2355 879 2403 tantam
935 2349 1013 2404 illi
1071 2355 1340 2409 concessit
1394 2353 1748 2425 divinitatem,
1780 2364 1842 2412 ut

225 2432 348 2487 Deo
379 2433 698 2506 adaequetur
729 2454 741 2492 :
777 2437 1010 2492 innatam
1043 2455 1164 2496 eam
1193 2441 1339 2513 facit,
1370 2443 1516 2514 quod
1563 2454 1614 2499 et
1661 2447 1838 2501 solum

232 2536 456 2577 armare
485 2524 784 2592 potuissem
810 2528 875 2579 ad
907 2528 1275 2584 testimonium
1309 2529 1480 2600 plenae
1509 2531 1799 2590 divinitatis
1823 2553 1836 2588 :

228 2610 429 2679 adjicit
479 2612 856 2679 immortalem,
890 2614 1373 2684 incorruptibilem,
1422 2620 1839 2692 incorporalem,

227 2698 362 2769 quia
396 2701 502 2754 hoc
540 2709 596 2756 et
637 2703 809 2758 Deum
840 2703 1087 2771 credidit,
1121 2706 1473 2777 invisibilem,
1506 2708 1840 2781 inefﬁgiabi-

221 2786 375 2852 lem,
439 2786 783 2854 uniformem,
844 2793 1211 2865 principalem,
1270 2798 1624 2870 rationalem,
1680 2800 1841 2855 intel-

220 2875 542 2931 lectualem.
594 2875 735 2945 Quid
782 2880 1013 2947 amplius
1057 2884 1419 2952 proscriberet
1465 2887 1718 2957 animam,
1769 2889 1840 2943 si-

219 2978 347 3017 cam
391 2963 560 3017 Deum
611 2970 985 3035 nuncuparet?
1030 2971 1145 3025 Nos
1174 2979 1354 3027 autem
1402 2973 1495 3045 qui
1545 2975 1677 3030 nihil
1725 2977 1837 3033 Deo

1946 587 2152 653 ﬂatum,
2210 601 2318 641 non
2374 592 2433 639 ut
2485 584 2765 656 spiritum;
2824 592 2876 639 et
2930 584 2975 638 si
3029 584 3407 647 immortalem,
3468 591 3529 638 ut

1946 676 2049 732 hoc
2101 674 2166 729 sit
2228 672 2540 741 divinitatis,
2568 683 2746 728 tamen
2804 670 3131 741 passibilem,
3182 682 3239 726 ut
3288 673 3390 726 hoc
3448 671 3520 725 sit

1946 762 2235 821 nativitatis
2277 780 2291 816 :
2344 763 2574 833 ideoque
2620 770 2671 816 et
2716 777 2747 815 a
2795 759 3086 830 primordio
3131 759 3530 815 exorbitationis

1944 868 2213 922 eapacem,
2246 861 2298 907 et
2327 851 2451 905 inde
2488 851 2645 904 etiam
2684 849 2975 905 oblivionis
3014 847 3250 904 afﬁnem.
3286 847 3423 904 Satis
3461 850 3530 904 de

1944 940 2020 994 ito
2048 955 2166 994 cum
2195 937 2366 995 688
2399 938 2738 1010 Hermogene
2763 937 2900 1009 (51).
2930 936 3379 1007 Caeterum,qu£e,
3401 944 3461 990 ut
3481 937 3526 973 ²ι

1946 1029 2129 1083 haberi
2159 1027 2349 1082 merito
2380 1029 2551 1096 possit
2577 1042 2642 1082 ex
2674 1024 3076 1097 peraequatione
3123 1024 3362 1079 omnium
3404 1039 3533 1096 pro-

1946 1115 2227 1187 prietatum
2272 1116 2429 1178 deus,
2467 1115 2600 1171 nulli
2650 1114 2885 1185 passioni
2934 1113 3263 1184 subjacebit;
3314 1114 3385 1167 ita
3432 1130 3534 1169 nec

1946 1202 2231 1267 oblivioni,
2264 1219 2386 1258 cum
2431 1211 2573 1258 tanta
2622 1203 2690 1256 sit
2736 1201 2931 1272 injuria
2966 1201 3188 1267 oblivio,
3221 1208 3421 1272 quanta
3449 1209 3531 1254 est

1944 1292 2118 1360 gloria
2172 1292 2309 1361 ejus,
2344 1292 2498 1361 cujus
2542 1290 2737 1359 injuria
2768 1298 2870 1357 est,
2902 1290 3162 1345 memoria
3189 1290 3237 1327 ²²
3283 1287 3484 1344 scilicet
3515 1306 3527 1345 :

1945 1394 2108 1449 quam
2138 1387 2191 1435 et
2218 1380 2333 1449 ipse
2362 1379 2511 1433 Plato
2540 1394 2797 1433 sensuum
2826 1388 2875 1431 et
2900 1376 3258 1432 intellectuum
3277 1376 3531 1443 salutem,

1946 1474 1998 1524 et
2042 1467 2229 1522 Cicero
2282 1468 2588 1521 thesaurum
2635 1467 2877 1521 omnium
2922 1466 3215 1520 studiorum
3266 1463 3533 1535 przedica-

1944 1557 2020 1610 vit
2068 1558 2198 1623 (52).
2229 1556 2342 1610 Nec
2372 1558 2473 1610 hoc
2498 1557 2605 1623 jam
2639 1556 2690 1610 in
2720 1556 2941 1609 dubium
2980 1555 3294 1619 deducetur,
3326 1568 3394 1607 an
3423 1559 3533 1606 tam

1943 1641 2125 1696 disina
2155 1641 2337 1696 anima
2378 1639 2687 1696 memoriam
2732 1641 2965 1710 potuerit
3009 1641 3288 1702 amittere;
3322 1640 3418 1696 sed
3466 1656 3533 1694 an

1944 1746 2103 1802 quam
2135 1728 2393 1793 amiserit,
2428 1745 2745 1798 recuperare
2790 1730 2969 1783 denuo
2998 1730 3189 1799 possit.
3220 1727 3351 1795 Quae
3389 1728 3531 1784 enim

1946 1836 2059 1876 non
2088 1817 2274 1875 debuit
2315 1806 2577 1881 oblivisci,
2610 1816 2654 1871 si
2710 1816 2875 1873 oblita
2918 1817 3010 1886 sit,
3042 1818 3223 1872 nescio
3254 1833 3321 1872 an
3361 1818 3536 1872 valeat

1944 1908 2238 1964 recordari.
2270 1909 2350 1962 Ita
2388 1916 2670 1977 utrumque
2698 1921 2833 1960 mea:
2863 1905 3078 1972 animae,
3112 1920 3218 1960 non
3250 1905 3533 1973 platonicm

1944 2006 2218 2069 congruat.
2250 1996 2498 2052 Secundo
2527 1996 2695 2068 gradu
2724 2010 2995 2065 apponam
3026 2011 3042 2049 :
3075 2003 3262 2050 natura
3299 2010 3527 2063 compo-

1946 2095 2052 2143 tem
2110 2086 2337 2140 animam
2392 2083 2524 2140 facis
2579 2083 2821 2139 idearum
2879 2082 3115 2147 illarum,
3163 2083 3384 2137 annon?
3423 2082 3534 2138 lmo

1946 2186 2136 2231 natura
2166 2219 2181 2243 ,
2246 2174 2444 2246 inquis.
2505 2175 2676 2228 Nemo
2731 2188 2863 2243 ergo
2917 2171 3182 2228 concedet
3237 2172 3532 2227 naturalem

1946 2264 2221 2322 scientiam
2252 2262 2572 2317 naturalium
2612 2261 2860 2317 excidere
2897 2260 3114 2315 artium.
3146 2259 3368 2315 Excidet
3422 2267 3536 2313 stu-

1945 2355 2182 2419 diorum,
2214 2352 2427 2408 excidet
2475 2350 2835 2405 doctrinarum
2876 2338 3303 2419 disciplinarum,
3325 2347 3538 2404 excidet

1947 2446 2178 2498 fortasse
2226 2449 2280 2497 et
2318 2440 2675 2513 ingeniorum,
2706 2445 2759 2493 et
2786 2437 3081 2493 affectuum
3125 2454 3141 2492 :
3188 2453 3307 2509 quae
3338 2445 3538 2492 naturae

1947 2533 2215 2601 videntur,
2249 2546 2354 2585 non
2396 2541 2575 2585 tamen
2616 2536 2757 2592 sunt,
2791 2529 2935 2599 quia,
2966 2535 3028 2584 ut
3074 2526 3455 2597 praemisimus,
3484 2533 3539 2582 et

1950 2637 2047 2693 pro
2076 2621 2230 2687 locis,
2265 2628 2320 2675 et
2351 2635 2446 2691 pro
2476 2617 2917 2685 institutionibus,
2948 2625 3002 2671 et
3030 2632 3128 2686 pro
3167 2616 3536 2686 corpulenliis,

1951 2726 2015 2766 ac
2039 2709 2462 2775 valetudinibus,
2482 2715 2536 2762 et
2567 2724 2665 2778 pro
2696 2706 3046 2776 potestatibus
3073 2704 3535 2776 dominatricibus,

1949 2814 2047 2870 pro
2107 2797 2439 2853 libertatibus
2487 2795 2712 2860 arbitrii,
2765 2802 2818 2848 et
2864 2793 3224 2849 accidentibus
3270 2802 3534 2849 constant.

1950 2884 2295 2942 Naturalium
2317 2897 2444 2937 vero
2464 2881 2685 2937 scientia
2712 2897 2778 2935 ne
2809 2879 3067 2942 inbestiis
3088 2880 3307 2951 quidem
3332 2880 3533 2935 (leticit.

1949 2974 2112 3027 Plane
2143 2971 2488 3026 obliviscetur
2534 2968 2760 3023 feritatis
2804 2967 2909 3033 lco,
2941 2968 3365 3023 mansuetudinis
3410 2985 3541 3023 eru-

218 3051 618 3123 appendimus,
653 3055 756 3111 hoc
809 3054 928 3125 ipso
985 3060 1216 3114 animam
1256 3061 1419 3135 longe
1477 3062 1617 3118 infra
1663 3066 1831 3121 Deum
1867 3074 1910 3152 ε
1941 3061 2146 3115 ditione
2191 3060 2531 3130 praeventus,
2580 3067 2633 3111 et
2674 3073 2798 3111 cum
2872 3065 2983 3111 toto
3048 3064 3303 3131 suggestu
3353 3058 3524 3126 juba-

219 3140 617 3213 expendimus,
647 3144 793 3214 quod
838 3154 1015 3201 natam
1063 3163 1182 3202 eam
1229 3148 1599 3220 agnoscimus,
1630 3166 1693 3205 ac
1735 3168 1832 3221 per

1943 3167 2060 3204 rum
2089 3149 2139 3187 2³
2184 3147 2298 3219 (35)
2326 3144 2582 3201 delicium
2607 3143 2699 3199 ﬁet
2728 3145 3015 3202 Berenices
3045 3144 3277 3217 alicujus
3309 3146 3532 3219 reginae,

1622 3240 1811 3301 Variae
1850 3244 2160 3303 lectiones.

293 3326 351 3366 19
382 3326 649 3383 Germina
693 3331 850 3386 Pam.
900 3333 1075 3389 Rhen.
1128 3334 1179 3373 ²⁰
1224 3335 1595 3391 Commendat.
1623 3338 1753 3392 Par.
1805 3337 1852 3375 21
1888 3336 2035 3391 Deus
2083 3335 2172 3391 hic
2222 3333 2351 3389 add.
2399 3335 2569 3389 Fran.
2603 3332 2652 3370 ²²
2680 3332 2950 3388 Memoriae
2996 3333 3128 3389 Jun.
3180 3331 3230 3369 2³
3266 3331 3533 3387 Tubarum

223 3401 417 3454 Fran.

1630 3480 2127 3547 Commentarius.

222 3576 320 3630 lib.
357 3590 476 3656 gelv
529 3576 853 3704 Geogra’ph.,
895 3579 1012 3636 sive
1066 3597 1098 3636 a
1153 3581 1292 3638 rosis
1338 3583 1591 3654 milesiis,
1623 3601 1742 3656 quae
1784 3584 1838 3639 in

226 3657 421 3704 Dretto
451 3647 683 3703 fuerunt.
758 3663 790 3702 Ε
822 3651 935 3704 Pa.‘

225 3647 427 3727 pretio
451 3647 683 3727 fuerunt.
715 3647 935 3727 LE_PB._‘

271 3721 434 3800 (68)
452 3719 898 3800 ζ’ζᾳροηθηιρόηη
906 3723 1025 3799 iam
1047 3724 1444 3800 haereticorum
1460 3727 1843 3800 condimenta-

226 3790 421 3870 ζίατη.
454 3790 853 3870 Philosophiam
900 3798 1187 3870 antiquam
1207 3796 1369 3851 fuisse
1410 3797 1570 3851 veluti
1616 3815 1759 3870 penu
1789 3804 1843 3852 et

228 3859 451 3937 fontem
477 3859 760 3937 haeresiurn
782 3878 928 3937 saepe
955 3859 1313 3921 calumniatur
1339 3869 1561 3934 AuctOr,
1587 3859 1641 3922 ut
1669 3885 1788 3937 cap.
1806 3872 1839 3924 7

225 3931 680 4013 de,{’rrescript_..
700 3932 830 3987 Inde
858 3931 973 4005 cap.
997 3941 1033 4013 _8
1051 3938 1182 4013 adv.
1214 3941 1464 4011 Hermog.
1487 3931 1644 3995 vocat
1673 3931 1842 4011 philo-

225 4007 449 4083 sOpiios
478 4002 876 4083 haereticorum
900 4002 1263 4083 patriarchas
1296 4029 1313 4083 ς
1342 4002 1475 4081 quas
1501 4026 1632 4083 vero
1668 4002 1843 4083 haere-

227 4088 321 4127 ses
356 4072 740 4154 informat/erit
768 4072 917 4131 Plato
946 4095 1008 4154 ex
1039 4079 1139 4135 hoc
1162 4095 1267 4154 uno
1288 4072 1539 4154 dogmate
1558 4082 1624 4137 de
1644 4082 1846 4154 anima-

224 4159 382 4222 rum,
401 4145 912 4222 origine,observat
940 4149 1172 4222 Joannes
1201 4145 1611 4222 Bapt.'Crispus
1640 4153 1755 4219 lib.,
1780 4169 1842 4218 ιι,

225 4230 303 4283 qu
318 4256 332 4267 .
361 4218 393 4267 1
425 4216 990 4293 :_uam__Menandriaui,
1011 4216 1299 4293 Saturnini,
1316 4216 1690 4288 Enthusiastaa,
1708 4216 1847 4280 Car;

230 4285 547 4364 poor-atina,
578 4285 952 4364 Valentiniani,
992 4291 1259 4364 Apolline,
1286 4293 1607 4359 Selcuciani,
1641 4285 1845 4349 Messa-

231 4352 686 4422 liani,Avieenna
700 4364 753 4411 et
776 4352 1106 4417 Baimundus
1135 4352 1339 4418 Lullius
1361 4381 1427 4418 ex
1457 4352 1699 4419 doctrina
1727 4369 1846 4419 Pla-

225 4425 620 4509 tonisAdegmti
649 4428 896 4509 videntur
918 4431 1059 4509 circa
1084 4436 1379 4509 animarum
1396 4435 1847 4509 exordiumlae.

284 4500 435 4580 (49)
468 4500 536 4553 Et
564 4500 816 4580 animam
840 4506 994 4580 retro
1026 4507 1090 4560 in
1112 4507 1519 4580 superioribus.
1547 4507 1676 4580 Non
1694 4508 1844 4579 potui

222 4569 383 4623 aliud
451 4573 693 4644 reperire
753 4572 806 4625 in
873 4575 1070 4631 Timaeo
1110 4569 1346 4631 Platonis
1393 4578 1497 4632 huc
1543 4569 1841 4644 pertinens,

220 4655 399 4709 quam
454 4641 791 4721 quodLDeus
836 4658 1093 4721 summus,
1126 4641 1679 4721 Opil’ex,_constituto
1723 4648 1842 4702 uni-

218 4727 419 4790 verso,
457 4712 879 4790 divisitauimas
907 4719 1096 4790 aequali
1128 4712 1248 4790 cum
1289 4718 1562 4774 sideribus
1595 4734 1841 4781 numero,

219 4793 273 4862 et
314 4782 588 4862 singulas
617 4782 845 4862 singulis
873 4782 1187 4858 assignavit,
1208 4800 1262 4844 et
1283 4791 1424 4862 velut
1453 4790 1509 4845 in
1539 4790 1846 4847 vehiculum

217 4855 520 4933 impositis
559 4855 797 4933 universi
831 4855 1365 4933 naturamostendit,
1399 4870 1452 4914 et
1483 4864 1630 4933 leges
1661 4862 1845 4916 fatales

217 4925 368 4993 ipsis
404 4925 686 5003 exposuit,
717 4925 972 4997 quodque
999 4931 1172 5003 origo
1222 4932 1393 5000 prima
1419 4925 1635 5003 quidem
1668 4933 1845 4987 futura

216 5004 383 5074 esset
418 4997 668 5074 ordinata
708 5009 817 5074 una
856 4997 1133 5074 omnibus,
1164 4997 1452 5074 oporteret
1494 5015 1671 5074 autem
1704 5004 1846 5072 ipsas

217 5067 552 5146 semiustas
589 5067 643 5117 in
686 5067 902 5146 singula
949 5067 1324 5127 convenientia
1366 5073 1591 5146 singulis
1631 5067 1843 5146 tempo-

220 5140 391 5217 ribus
416 5139 806 5217 __instrume_nta
838 5139 1105 5217 (corpora
1134 5147 1387 5217 nempe),
1408 5139 1704 5217 producere
1733 5139 1843 5197 ani-

219 5209 335 5262 mal
391 5206 808 5282 divino__cultni
853 5206 1300 5282 idreditissimum'.
1332 5206 1476 5282 'an
1541 5214 1675 5267 libro
1725 5230 1845 5269 cum

220 5276 713 5358 nusquamndicit,
753 5296 779 5328 α
820 5281 1051 5337 animam
1100 5285 1185 5339 hic
1230 5302 1352 5356 quae
1378 5276 1543 5339 'retro
1584 5284 1744 5358 norit
1781 5285 1849 5358 de

217 5349 650 5427 exemplaribus
695 5364 1013 5427 recensere,
1062 5376 1083 5402 »
1143 5349 1316 5427 magis
1394 5368 1534 5427 puto
1580 5355 1717 5411 istud
1779 5357 1848 5409 ad

217 5420 591 5496 Phaedonem
634 5418 842 5483 referri,
870 5418 1026 5494 cujus
1054 5427 1213 5483 etiam
1235 5418 1419 5495 "paulo
1459 5426 1606 5496 prius
1650 5428 1846 5481 memi—

220 5495 331 5555 nit,
374 5493 478 5563 ubi
506 5500 803 5563 utrumque
833 5493 1072 5563 reperire
1100 5506 1200 5552 est.
1246 5493 1386 5552 Pan.

297 5560 441 5633 (50)
474 5563 533 5617 Id
570 5565 653 5617 est
674 5560 985 5633 discentia:
1007 5570 1332 5625 reminisce.
1371 5570 1545 5624 Locus
1574 5567 1673 5621 iste
1693 5568 1845 5622 haud

219 5633 411 5690 dubie
462 5649 528 5688 ex
575 5632 880 5702 Phaedone,
931 5653 1038 5693 non
1089 5657 1153 5695 ex
1205 5642 1404 5696 Timaeo
1452 5638 1691 5694 Platonis
1745 5642 1848 5694 de-

1948 3592 2194 3653 sumptus
2224 3588 2325 3637 est.
2356 3580 2447 3638 Sic
2474 3579 2722 3653 enimibi
2753 3579 2992 3653 legitur:
3025 3579 3134 3635 Sed
3163 3587 3216 3635 et
3244 3578 3539 3653 secundum

1946 3650 2099 3710 illum
2131 3668 2453 3716 sermonem,
2487 3651 2659 3721 inquit
2696 3650 2888 3716 Cebes,
2922 3651 2967 3705 si
3017 3667 3177 3706 verus
3224 3660 3324 3715 est,
3356 3665 3389 3705 o
3435 3650 3539 3721 So-

1951 3733 2147 3789 crates,
2178 3739 2337 3794 quem
2394 3736 2451 3779 tu
2506 3722 2815 3792 frequenter
2844 3721 3047 3777 referre
3100 3722 3269 3794 soles,
3311 3722 3383 3774 ὅτι
3421 3720 3542 3794 ᾑμῖν

1949 3796 1981 3864 ἡ
2038 3788 2240 3867 μάθησις
2279 3798 2367 3848 οὐκ
2421 3794 2542 3867 ἄλλο
2595 3788 2642 3847 ξι
2693 3794 2725 3850 ἣ
2800 3794 3063 3867 dictumst;
3116 3793 3339 3864 τυγχάνει
3395 3788 3540 3858 οὗὸα,

1953 3868 2004 3921 id
2034 3864 2133 3931 est,
2166 3866 2209 3920 si
2256 3867 2322 3920 ad
2380 3866 2604 3920 verbum
2650 3879 2771 3917 cum
2826 3864 3151 3919 Tertulliano
3197 3872 3472 3919 vertamus
3526 3879 3539 3916 :

1957 3939 2109 4008 Quod
2142 3937 2299 3994 nobis
2326 3937 2598 3993 discentia
2627 3935 2779 3991 nihil
2806 3935 2965 3992 aliud
2994 3937 3070 4009 sit
3100 3952 3266 4009 quam
3303 3934 3540 4009 reminif

1953 4006 2188 4077 scentia,
2222 4025 2318 4078 pro
2365 4023 2470 4079 quo
2518 4008 2807 4079 interpres,
2834 4008 3066 4063 PlatOnis
3105 4006 3263 4062 vertit
3307 4022 3333 4079 :7
3390 4006 3541 4079 Quod

1952 4081 2163 4135 discere
2201 4079 2351 4134 nihil
2386 4077 2555 4134 aliud
2600 4079 2677 4132 sit
2715 4078 2890 4141 nobis,
2925 4095 3095 4149 quam
3141 4078 3457 4141 recordari;
3490 4085 3545 4131 et

1953 4152 2251 4229 secundum
2286 4154 2448 4217 hunc,
2481 4151 2721 4229 inquam,
2756 4148 2978 4202 necesse
3009 4156 3091 4201 est
3127 4163 3227 4201 nos
3268 4152 3319 4199 in
3362 4148 3544 4229 priore

1953 4221 2183 4291 quodam
2233 4225 2474 4273 temriOrc
2504 4218 2775 4291 Adidicissc
2823 4234 2885 4269 ea
2926 4233 3057 4291 quae
3096 4233 3255 4291 nune_
3287 4219 3541 4291 recorda-

1953 4286 2092 4346 mur.
2130 4291 2242 4344 Hoc
2271 4296 2447 4343 autem
2495 4287 2619 4343 ﬁeri
2657 4304 2762 4341 non
2801 4286 2982 4357 posse,
3015 4288 3060 4341 si
3092 4303 3200 4341 non
3234 4286 3411 4340 fuisset
3444 4286 3543 4339 ali-

1956 4363 2079 4418 cubi
2129 4360 2302 4414 anima
2355 4369 2559 4423 nostra,
2612 4358 2949 4428 priucqnanr
2994 4358 3047 4411 in
3119 4360 3254 4411 hanc
3306 4358 3541 4422 speciem

1959 4433 2251 4487 deveniret.
2297 4429 2461 4498 Atqui
2501 4444 2627 4482 mox
2667 4435 2718 4481 et
2745 4426 3017 4498 ,Simmias
3062 4428 3293 4490 idipsum
3343 4427 3541 4482 ibidem

1957 4503 2252 4568 confitetur,
2277 4512 2329 4555 et
2356 4497 2536 4555 multis
2566 4497 2862 4553 rationibus
2893 4504 3001 4551 non
3032 4498 3191 4568 modo
3222 4498 3415 4561 Cebes,
3446 4500 3542 4553 sed

1952 4586 2006 4630 et
2036 4566 2414 4640 Socratesipse
2446 4571 2755 4641 paradoxon
2784 4570 2886 4623 hoc
2919 4566 3234 4623 conﬁrmare
3270 4568 3541 4641 nituntur;

1954 4662 2146 4700 verum
2175 4644 2398 4718 egregie
2426 4640 2669 4718 confutat
2697 4643 2899 4718 Auctor
2928 4655 3044 4706 cap.
3078 4652 3233 4718 prox:
3270 4640 3407 4718 Pan.

2024 4719 2136 4787 (51)
2168 4708 2412 4772 δᾶειῖᾱβ
2452 4715 2562 4772 ista
2599 4729 2737 4788 cum
2758 4712 3111 4788 Hermagcne.
3143 4708 3345 4763 Alludit
3374 4709 3440 4763 ad
3464 4708 3545 4788 _li-

1955 4783 2201 4843 brum'de
2230 4802 2398 4844 censu
2432 4788 2652 4841 Anima:
2666 4783 2928 4840 adversus
2962 4783 3545 4851 Hermogenem,cujus

1955 4859 2254 4927 fragmenta
2283 4859 2562 4911 habentur.
2596 4856 2735 4909 Pam.

2027 4922 2140 4996 (“52)
2184 4931 2365 4986 Cicero
2399 4928 2732 4983 thesaurum
2763 4924 3021 4981 omnium
3050 4922 3371 4979 studiorum
3402 4938 3546 4992 pra:-

1956 5000 2181 5055 dicavit.
2213 4999 2307 5054 lib.
2339 5015 2377 5065 ι,
2411 4999 2478 5054 de
2514 5000 2745 5056 Oratore
2774 5004 2931 5050 vocat
2977 4996 3311 5052 thesaurum
3348 5009 3547 5050 rerum

1955 5073 2209 5127 omnium
2237 5072 2594 5126 memoriam.
2612 5066 2987 5133 Cassiodorus,
3009 5082 3066 5120 v.
3102 5068 3248 5133 Var.,
3272 5065 3430 5137 epist.
3453 5068 3545 5129 22,

1962 5153 2016 5195 et
2047 5141 2139 5193 lib.
2174 5140 2239 5195 de
2264 5142 2492 5205 Anima,
2514 5141 2580 5193 de
2609 5156 2727 5209 cap.
2764 5141 2850 5192 l2.
2885 5139 3017 5192 LAC.

2028 5212 2138 5281 (53)
2174 5213 2310 5285 Cum
2344 5215 2456 5285 toto
2485 5208 2747 5285 suggestu
2766 5209 3059 5285 juharum.
3094 5208 3259 5285 [dest
3288 5222 3405 5285 cum
3438 5212 3548 5285 toto

1956 5278 2143 5338 ornatu
2191 5299 2202 5338 :
2245 5280 2470 5337 forsitan
2516 5278 2710 5335 alludit
2740 5278 2804 5334 ad
2833 5281 3049 5345 signum
3077 5280 3297 5335 caeleste
3330 5278 3544 5338 Leonis,

1958 5353 2116 5420 cujus
2150 5354 2218 5407 ad
2266 5356 2500 5424 caudam
2532 5363 2661 5406 sunt
2704 5359 2910 5424 septem
2957 5351 3147 5424 stellae,
3192 5364 3330 5424 quas
3372 5348 3549 5401 crines

1958 5442 2051 5480 seu
2079 5439 2284 5480 comam
2315 5423 2600 5480 Berenices
2629 5420 2941 5496 nuncupant
2988 5423 3295 5496 astrologi._
3312 5420 3460 5496 Lact

2025 5526 2097 5536 —
2116 5497 2254 5553 Cum
2267 5500 2382 5553 toto
2393 5500 2655 5568 suggestu
2664 5491 3243 5568 jubarumﬂelicium
3258 5491 3543 5543 Berenice.

1959 5566 2075 5637 Non
2107 5568 2280 5622 semel
2325 5566 2699 5622 adnotavimus
2730 5575 3058 5637 suggestum
3096 5577 3193 5637 pro
3233 5568 3549 5637 oiuatuac-

1961 5580 2075 5620 non
2107 5580 2280 5622 semel
2325 5580 2699 5622 adnotaumus
2730 5582 2788 5621 su
2834 5580 3042 5637 gesmm
3096 5580 3193 5629 pro
3233 5580 3549 5636 ornatuac-

1959 5636 2063 5707 cipi
2093 5638 2161 5692 ab
2190 5639 2443 5694 Auctore.
2476 5638 2639 5709 Atqui
2685 5580 2832 5709 (μιοέ
2874 5636 2941 5688 ab
2991 5631 3221 5701 alicujus
3268 5627 3549 5684 Berenices
