3972 6190
416 342 513 403 731

1120 345 1560 407 TERTULLIANI
1599 346 1865 407 OPERUM
1903 347 2071 408 PARS
2097 349 2163 409 II.
2203 378 2276 391 —
2311 346 2537 409 SERIES
2567 347 2607 417 Ι,
2649 344 2987 405 POLEMICA.

3590 343 3697 402 ’732

414 471 601 544 lingua
628 486 793 541 genas
823 474 944 542 ejus
971 475 1308 544 emaculans;
1344 489 1524 530 mores
1562 475 1789 530 bestiam
1827 476 1994 531 relin-
2029 465 2075 542 Α
2110 483 2166 531 ut
2204 484 2326 532 nata
2373 474 2675 531 substantia
2721 474 2915 528 innata:
2969 472 3074 527 vim
3131 470 3451 541 exstinguat.
3484 468 3694 540 Magnze

414 568 576 630 quent
626 578 638 613 :
690 560 911 615 scientia
955 561 1271 616 naturalium
1316 562 1662 632 permanebit.
1694 565 1814 617 Non
1856 566 2001 620 obli-

413 648 647 703 viscetur
706 648 846 702 idem
899 649 1217 704 naturalium
1269 651 1626 721 pabulorum,
1679 654 2000 709 naturalium

415 739 801 803 remediorum,
836 739 1158 793 naturalium
1189 748 1482 809 terrorum;
1518 740 1616 795 etsi
1648 741 1713 797 de
1745 742 2001 813 piscibus,

413 824 511 877 etsi
542 824 610 878 de
644 824 901 893 placentis
933 826 1120 899 regina
1159 826 1208 880 ei
1247 828 1518 893 obtulerit,
1550 843 1759 883 carnem
1793 830 2001 885 deside-

416 913 587 978 rabit;
637 915 734 968 etsi
789 915 1060 986 languenti
1106 916 1395 971 theriacam
1447 918 1807 987 composuerit
1855 921 1990 992 (54),

416 1000 621 1055 simiam
656 1003 739 1056 leo
771 1003 1006 1073 requiret
1049 1021 1059 1056 :
1109 1014 1161 1059 et
1204 1004 1249 1058 si
1302 1005 1504 1061 nullum
1562 1006 1638 1059 illi
1682 1009 2002 1063 venabulum

418 1089 742 1157 obﬁrmavit,
776 1093 975 1163 gallum
1012 1103 1187 1148 tamen
1235 1094 1546 1149 l'ormidabit
1590 1096 1728 1165 (55).
1776 1098 2001 1152 Perinde

419 1188 472 1232 et
536 1180 738 1234 homini
798 1179 975 1237 689
1029 1183 1267 1236 omnium
1318 1183 1542 1238 forsitan
1590 1184 2004 1240 obliviosissimo

420 1268 749 1324 inobliterata
800 1273 1171 1341 perseverabit
1226 1271 1338 1327 sola
1391 1273 1615 1328 scicntia
1662 1276 2001 1345 naturalium,

421 1365 479 1411 ut
526 1358 637 1412 sola
686 1359 889 1415 scilicet
934 1362 1215 1427 naturalis;
1250 1378 1456 1417 memor
1508 1379 1719 1433 semper
1772 1368 2003 1422 mandu-

419 1446 574 1499 candi
606 1446 658 1500 in
690 1449 886 1516 esurie,
919 1457 969 1502 et
999 1450 1218 1504 bibendi
1269 1449 1319 1503 in
1352 1452 1459 1521 siti,
1494 1461 1547 1505 et
1603 1453 1772 1509 oculis
1811 1455 2004 1510 viden-

417 1533 564 1597 dum,
593 1542 645 1589 et
674 1536 894 1591 auribus
924 1537 1274 1602 audiendum,
1308 1546 1360 1593 et
1389 1542 1610 1595 naribus
1643 1541 2003 1608 odorandum,

419 1634 469 1676 et
497 1637 591 1677 ore
621 1624 968 1692 gustandum,
1000 1633 1053 1680 et
1093 1643 1251 1681 manu
1289 1629 1749 1684 contrectandum.
1786 1631 1848 1685 Hi
1880 1641 2004 1687 sunt

420 1718 566 1765 certe
616 1727 823 1778 sensus,
874 1730 1014 1783 quos
1065 1716 1401 1787 philosophia
1448 1717 1711 1789 depretiat
1758 1720 2003 1777 intellec-

421 1800 639 1855 tualium
672 1803 998 1870 praelatione.
1036 1805 1206 1875 Igitur
1244 1806 1288 1860 si
1328 1773 1590 1861 naturalis
1619 1807 1844 1863 scientia
1874 1826 2003 1864 sen-
2041 1773 2083 1849 Β

420 1889 645 1943 sualium
703 1900 998 1961 permanet,
1058 1893 1327 1962 quomodo
1380 1894 1846 1967 intellectualium,
1890 1915 2007 1969 qua:

421 1976 604 2045 potior
633 1978 881 2046 habetur,
913 1980 1223 2035 intercidit?
1254 1982 1405 2038 Unde
1437 1998 1574 2037 nunc
1606 1984 1719 2054 ipsa
1749 1987 1827 2039 vis
1868 1986 2007 2041 obli-

420 2064 597 2119 vionis
635 2068 998 2123 antecedentis
1033 2069 1495 2126 recordationem?
1525 2072 1599 2128 Ex
1648 2074 2007 2145 multitudine,

425 2153 528 2221 ait,
590 2157 850 2225 temporis
907 2157 1042 2227 (56).
1103 2158 1243 2212 Satis
1291 2159 1673 2230 improspecte.
1732 2161 2012 2230 Quantitas

423 2244 565 2297 enim
627 2244 887 2314 temporis
944 2262 1050 2300 non
1110 2246 1399 2318 pertinebit
1448 2249 1515 2303 ad
1563 2266 1680 2305 eam
1732 2268 1841 2305 rem
1889 2269 2010 2322 qum

422 2331 603 2387 innata
633 2332 861 2401 dicatur,
895 2351 956 2387 ac
993 2347 1099 2405 'per
1148 2339 1247 2391 hoc
1291 2337 1626 2406 potissimum
1658 2346 1860 2393 aeterna
1888 2356 2009 2395 cre-

424 2420 599 2476 datur.
632 2421 786 2489 Quod
820 2424 963 2477 enim
994 2431 1256 2478 aeternum
1289 2434 1389 2489 est,
1424 2441 1490 2481 eo
1517 2426 1641 2495 quia
1679 2435 1732 2481 et
1768 2427 2010 2483 innatum

421 2517 521 2574 est,
556 2525 729 2580 neque
783 2510 1012 2580 initium,
1055 2508 1229 2583 neque
1288 2512 1445 2568 finem
1507 2514 1762 2584 temporis
1818 2516 2009 2572 admit-

424 2597 606 2663 tendo,
637 2598 844 2654 nullum
898 2602 1113 2654 modum
1163 2602 1420 2671 temporis
1463 2604 1696 2672 patitur;
1733 2603 1817 2657 cui
1879 2612 2011 2659 tem-

418 2688 570 2759 poris
599 2689 791 2743 modus
823 2690 1004 2744 nullus
1046 2698 1148 2755 est,
1179 2706 1279 2745 nec
1324 2690 1429 2743 ulla
1463 2691 1835 2747 demutatione
1877 2702 2011 2748 tem-

416 2776 535 2847 pori
593 2776 641 2814 24
699 2778 903 2843 subest,
939 2794 1037 2832 nec
1087 2794 1149 2831 ea
1189 2779 1258 2832 de
1305 2778 1648 2834 multitudine
1680 2782 1904 2852 tempori
1930 2782 2011 2838 vis

413 2874 497 2921 est
540 2866 609 2918 2⁵.
638 2866 694 2920 Si
726 2874 943 2934 tempus
998 2868 1051 2920 in
1107 2882 1267 2922 causa
1321 2875 1401 2921 est
1452 2866 1757 2935 oblivionis,
1796 2886 1912 2938 cur,
1945 2886 2009 2926 ex

414 2970 524 3025 quo
579 2955 753 3008 anima
805 2955 1020 3024 corpori
1066 2956 1359 3025 inducitur,
1417 2958 1672 3012 memoria
1721 2959 2009 3025 delabitur,

2111 574 2287 620 autem
2338 573 2391 620 et
2438 564 2617 619 multae
2646 561 2961 617 differentiae
2992 576 3303 630 corporum,
3338 574 3433 628 pro
3468 558 3693 625 gentili-

2114 662 2239 723 tate,
2288 670 2388 725 pro
2420 652 2806 725 magnitudine,
2840 666 2937 721 pro
2994 649 3326 717 habitudine,
3362 663 3458 718 pro
3519 655 3695 715 altate,

2111 759 2209 815 pro
2240 742 2561 796 valetudine.
2609 741 2752 796 Num
2792 755 2921 813 ergo
2968 748 3022 793 et
3052 738 3378 794 oblivionum
3438 734 3487 771 ³⁷
3544 735 3701 790 diffe-

2112 834 2299 887 rentia)
2354 831 2794 887 aestimabuntur“?
2821 829 2924 884 Sed
2980 828 3261 883 uniformis
3315 825 3521 880 oblivio
3586 833 3699 893 est;

2114 936 2245 991 ergo
2303 936 2408 975 non
2464 922 2565 975 erit
2620 918 2972 987 corporalitas
3020 916 3363 971 multiformis
3419 916 3473 969 in
3530 929 3695 969 causa

2114 1012 2289 1069 exitus
2316 1010 2617 1066 uniformis.
2659 1009 2821 1065 Multa
2848 1008 2975 1063 item
3017 1009 3361 1069 documenta,
3394 1011 3534 1060 teste
3587 1005 3703 1070 ipso

2114 1101 2331 1155 Platone
2366 1146 2379 1168 ,
2438 1098 2817 1155 divinationem
2872 1097 3064 1151 anima:
3120 1096 3533 1165 probaverunt,
3589 1110 3707 1164 quae

2117 1191 2495 1263 preposuimus
2520 1189 2627 1259 jam
2676 1186 3014 1259 Hermogeni.
3047 1185 3148 1240 Sed
3197 1200 3298 1239 nec
3345 1180 3523 1240 690
3551 1183 3702 1255 quis-

2117 1296 2276 1352 quam
2316 1278 2613 1347 hominum,
2657 1292 2763 1331 non
2807 1283 2858 1330 et
2903 1275 3021 1345 ipse
3064 1274 3350 1345 aliquando
3402 1287 3703 1343 praesagam

2114 1370 2344 1424 animam
2394 1384 2543 1422 suam
2591 1366 2772 1430 sentit,
2808 1375 2897 1419 aut
2944 1363 3162 1430 ominis,
3193 1370 3285 1417 aut
3332 1360 3579 1431 periculi,
3616 1370 3709 1415 aut

2114 1460 2299 1530 gaudii
2333 1472 2614 1527 augurem.
2644 1456 2701 1509 Si
2730 1452 3044 1509 divinationi
3066 1467 3174 1507 non
3196 1450 3457 1521 obstrepit
3487 1466 3709 1519 corpus,

2116 1563 2216 1601 nec
2247 1544 2534 1609 memOrite,
2577 1544 2787 1613 Opinor,
2832 1541 3048 1597 officiet.
3082 1542 3139 1594 ln
3185 1541 3374 1595 eodem
3412 1547 3561 1593 certe
3592 1554 3716 1593 cor-

2116 1651 2267 1703 pore,
2320 1646 2373 1688 et
2419 1632 2807 1688 obliviscuntur
2850 1630 3075 1695 animae,
3129 1637 3182 1683 et
3230 1624 3611 1682 recordamur.
3663 1625 3717 1679 Si

2115 1740 2219 1795 qua
2275 1721 2515 1792 corporis
2575 1721 2708 1776 ratio
2767 1720 2954 1775 incutit
3019 1717 3369 1783 oblivionem,
3433 1714 3719 1788 quomodo

2116 1810 2433 1869 COntrariam
2489 1812 2608 1879 ejus
2663 1808 2907 1865 admittet
2964 1806 3433 1863 recordationem?
3484 1804 3616 1875 quia
3670 1812 3721 1857 et

2121 1900 2239 1971 ip~a
2274 1909 2397 1971 post
2436 1899 2760 1955 oblivionem
2812 1895 3131 1961 recordatio,
3169 1893 3427 1949 memoria
3476 1892 3720 1947 recidiva

2125 1996 2223 2046 est.
2283 1988 2436 2056 Quod
2484 1986 2671 2059 prima:
2730 1984 3003 2040 memoria:
3058 1984 3391 2050 adversatur,
3438 1996 3536 2035 cur
3608 1995 3715 2035 non

2121 2087 2175 2133 et
2232 2076 2483 2132 secunda:
2542 2074 2843 2147 refragatur
2907 2074 2995 2127 23?
3052 2072 3332 2126 Postremo
3386 2068 3478 2141 qui
3540 2070 3719 2140 magis

2122 2166 2590 2221 reminiscerentur
2680 2180 2836 2235 quam
2933 2160 3182 2231 pueruli,
3240 2166 3299 2214 ut
3382 2156 3718 2214 recentiores

2121 2253 2332 2325 anima‘,
2367 2264 2420 2309 ut
2444 2254 2680 2308 nondum
2713 2252 2977 2306 immersa:
3006 2246 3315 2303 domesticis
3363 2262 3425 2301 ac
3474 2245 3716 2316 publicis

2121 2344 2311 2408 curis,
2365 2354 2420 2396 ut
2492 2341 2623 2411 ipsis
2699 2341 2827 2395 solis
2897 2338 3092 2392 dedita:
3166 2335 3407 2399 studiis,
3468 2349 3710 2405 quorum

2119 2429 2393 2486 discentia:
2453 2428 2871 2485 reminiscentiae
2928 2427 3100 2481 fiunt?
3157 2427 3268 2480 [mo
3323 2440 3419 2479 cur
3478 2439 3589 2477 non
3648 2438 3714 2475 ex

2121 2536 2274 2591 aequo
2330 2534 2519 2573 omnes
2575 2517 2945 2582 recordamur,
3004 2530 3123 2571 cum
3183 2529 3247 2568 ex
3306 2527 3465 2583 aequo
3519 2526 3718 2565 omnes

2120 2607 2499 2664 obliviscamur
2534 2650 2547 2673 ,
2622 2608 2713 2662 sed
2775 2602 3143 2660 tantummodo
3211 2600 3578 2672 philosophi?
3634 2601 3717 2653 Ne

2120 2697 2175 2751 hi
2225 2698 2272 2734 29
2320 2696 2534 2768 quidem
2582 2710 2789 2750 omnes.
2822 2696 2971 2750 Plato
3018 2690 3221 2747 scilicet
3267 2690 3410 2745 solus
3460 2689 3515 2741 in
3570 2698 3719 2744 tanta

2120 2786 2363 2857 gentium
2409 2785 2558 2849 silva,
2604 2784 2655 2838 in
2706 2793 2849 2838 tanto
2896 2781 3213 2853 sapientium
3256 2788 3431 2850 prato,
3465 2778 3718 2832 idearum

2121 2882 2174 2928 et
2202 2874 2399 2929 oblitus
2425 2880 2478 2927 et
2508 2873 2817 2927 recordatus
2838 2880 2918 2925 est
2945 2872 3079 2941 (57).
3103 2868 3271 2941 Igitur
3301 2866 3347 2920 si
3377 2866 3531 2921 nullo
3551 2865 3719 2919 modo

2121 2962 2363 3018 consistit
2408 2960 2800 3033 argumentatio
2850 2960 2949 3014 ista
2997 2958 3299 3028 praecipua,
3353 2963 3527 3009 totum
3575 2954 3716 3006 illud

416 3042 572 3113 quasi
632 3043 822 3097 exinde
882 3052 1094 3113 tempus
1152 3047 1328 3099 anima
1386 3047 1667 3113 sustineat,
1717 3064 1837 3118 qua:
1892 3049 2008 3104 sine
2043 3048 2085 3126 ο
2124 3054 2322 3126 pariter
2345 3067 2592 3106 eversum
2614 3058 2713 3118 est,
2747 3049 2832 3105 cui
2861 3048 3261 3104 accommodata
3280 3051 3377 3107 est,
3413 3050 3472 3097 ut
3517 3042 3717 3096 animae

419 3130 584 3185 dubio
614 3131 760 3200 prior
787 3146 1034 3200 corpore,
1065 3148 1171 3188 non
1208 3133 1303 3187 fuit
1350 3134 1531 3205 utique
1572 3135 1686 3190 sine
1727 3139 2008 3206 tempore?

420 3220 671 3289 Ingressa
710 3237 839 3275 vero
870 3236 1085 3292 corpus,
1122 3226 1375 3278 statimne
1405 3224 1758 3292 obliviscitur,
1800 3243 1867 3281 an
1906 3227 2008 3280 ali—

422 3319 622 3380 quanto
656 3312 811 3382 post?
841 3312 897 3366 Si
930 3311 1131 3377 statim,
1161 3322 1215 3367 et
1261 3328 1380 3385 quie
1428 3318 1528 3367 erit
1561 3316 1817 3385 temporis
1862 3331 2001 3370 non-

420 3402 546 3455 dum
601 3400 927 3471 supputandi
984 3401 1326 3456 multitudo?
1384 3402 1607 3455 infantia
1664 3403 1889 3459 scilicet.
1948 3404 2003 3459 Si

417 3490 688 3559 aliquanto
741 3498 883 3560 post,
917 3506 1048 3561 ergo
1094 3491 1186 3546 illo
1242 3491 1293 3545 in
1351 3492 1525 3562 spatio
1582 3502 1705 3547 ante
1762 3501 2045 3564 tempora-

418 3576 707 3633 oblivionis
736 3594 941 3633 memor
971 3578 1147 3635 adhuc
1193 3588 1318 3651 aget
1364 3579 1563 3647 anima,
1596 3589 1650 3634 et
1698 3580 1855 3653 quale
1901 3589 2004 3650 est,

420 3674 477 3719 ut
507 3674 693 3736 postea
723 3666 1095 3735 obliviscatur,
1125 3677 1177 3723 et
1208 3684 1395 3722 rursus
1426 3677 1610 3734 postea
1656 3669 2008 3725 recordetur?

421 3751 654 3823 Quoquo
684 3764 862 3808 autem
902 3765 1139 3823 tempore
1171 3757 1311 3809 illam
1342 3756 1541 3812 oblivio
1575 3758 1813 3822 irruerit,
1844 3775 2011 3829 quan-

425 3849 504 3893 tus
533 3841 619 3894 hic
649 3840 810 3894 etiam
842 3842 1124 3897 habebitur
1176 3843 1365 3898 modus
1421 3844 1717 3915 temporis?
1747 3853 1855 3900 tota
1886 3847 2010 3919 cpi-

423 3943 526 3981 nor
556 3928 680 3983 vitae
711 3928 965 3984 decursio
995 3930 1124 3986 satis
1156 3947 1264 3986 non
1316 3932 1416 3987 erit
1457 3934 1523 3987 ad
1569 3936 1913 3990 evertendam
1963 3938 2013 3975 26

422 4018 735 4071 memoriam
786 4018 916 4071 tanti
963 4027 1085 4074 ante
1124 4035 1320 4091 corpus
1349 4021 1467 4075 zevi.
1502 4022 1611 4077 Sed
1652 4040 1835 4079 rursus
1862 4025 2013 4081 Plato

421 4120 635 4160 causam
651 4106 894 4163 demutat
915 4107 968 4162 in
990 4124 1205 4180 corpus.
1231 4109 1395 4177 Quasi
1430 4120 1481 4167 et
1511 4114 1613 4169 hoc
1633 4112 1739 4167 ﬁde
1766 4114 2010 4187 dignum,

2117 3150 2171 3195 et
2203 3140 2418 3207 innatat,
2450 3146 2501 3193 et
2552 3138 2603 3192 in
2650 3137 2963 3193 cmlestibns
3007 3143 3353 3196 conversataa,
3388 3142 3443 3187 et
3476 3130 3719 3185 conscita

2117 3228 2417 3283 divinorum
2465 3226 2592 3292 illic,
2644 3236 2695 3281 et
2744 3225 2869 3279 inde
2912 3223 3136 3289 delataa,
3183 3229 3236 3275 et
3284 3221 3370 3274 hic
3419 3218 3717 3274 recordata:

2111 3319 2482 3386 crederentur,
2511 3316 2578 3371 ad
2608 3314 2924 3371 occasiones
2953 3311 3110 3384 plane
3141 3308 3412 3365 hazrcticis
3444 3307 3715 3362 submini-

2116 3407 2381 3461 straudas.

2683 3543 2907 3600 CAPUT
2956 3541 3135 3596 XXV.

2187 3672 2302 3725 .lam
2353 3686 2493 3725 nunc
2539 3667 2811 3739 regrediar
2852 3667 2918 3720 ad
2968 3681 3181 3722 causam
3230 3665 3389 3735 hujus
3432 3680 3709 3728 excessus,

2118 3768 2175 3814 ut
2232 3759 2452 3815 reddam
2512 3758 2783 3829 quomodo
2839 3756 3034 3810 anima:
3100 3770 3165 3809 ex
3223 3769 3329 3808 una
3386 3752 3709 3817 redundent,

2116 3849 2352 3919 quando,
2387 3856 2439 3901 et
2482 3846 2595 3912 ubi,
2630 3854 2686 3901 et
2713 3862 2818 3917 qua
2864 3845 3071 3900 ratione
3118 3850 3396 3897 sumantur
3446 3863 3459 3897 :
3510 3844 3579 3897 de
3608 3857 3711 3912 qua

2120 3937 2305 4010 Specie
2364 3937 2491 3991 nihil
2554 3936 2735 4002 refert,
2770 3950 2805 3989 a
2837 3934 3174 4005 philosopho,
3212 3948 3278 3987 an
3310 3932 3377 3986 ab
3436 3931 3708 3994 haeretica,

2120 4046 2186 4083 an
2240 4045 2271 4083 a
2316 4029 2479 4101 vulgo
2515 4027 2742 4099 qumstio
2798 4033 3062 4082 occurrat.
3092 4022 3249 4079 Nulla
3304 4022 3533 4078 interest
3580 4037 3711 4094 pro-

2117 4117 2415 4173 fessoribus
2506 4117 2745 4173 veritatis
2828 4111 3153 4170 adversariis
3235 4112 3358 4180 ejus
3391 4152 3405 4180 ,
3485 4112 3714 4167 maxime

1793 4242 1985 4306 Variae
2033 4248 2341 4307 lectiones.

492 4352 539 4388 2"
568 4350 851 4428 Temporis
878 4356 1048 4428 Pam.
1083 4353 1254 4410 llhcn.
1289 4355 1336 4391 2⁵
1365 4356 1474 4410 Nec
1503 4356 1687 4409 eadem
1716 4358 2064 4412 multitudine
2098 4362 2351 4428 temporis
2382 4358 2465 4414 vis
2492 4368 2573 4413 est
2606 4362 2759 4414 Pam.
2795 4357 2965 4413 Rhea.
3019 4356 3071 4409 in
3112 4353 3453 4428 multitudine
3497 4352 3710 4428 I._(_i£._'-’6

420 4422 741 4501 Yertendam
789 4426 946 4480 Pam.
983 4425 1157 4481 Rhea.
1209 4428 1379 4483 Scml.
1418 4428 1636 4484 Oberth.
1670 4430 1715 4467 27
1765 4430 2109 4486 Oblivionem
2154 4422 2637 4489 Venet.mendosc.
2683 4432 2730 4467 ³⁸
2764 4428 3085 4501 Refragetur
3115 4427 3293 4483 Ithcn.
3326 4428 3483 4480 Pam.
3521 4426 3571 4461 39
3608 4426 3708 4479 Nec

420 4494 455 4547 ii
485 4497 608 4550 Lat.

1814 4598 2018 4661 Comm
2029 4606 2309 4662 entarius.

418 4699 1058 4776 reginaalnansuetudine
1100 4703 1341 4757 eruditus
1390 4702 1472 4758 leo
1520 4701 1773 4757 delicium
1825 4705 2005 4776 fuerit,

419 4772 577 4825 tradit
607 4772 849 4828 Eli-anus
879 4774 913 4828 l.
940 4790 967 4826 v
999 4775 1064 4829 de
1094 4775 1467 4839 Animalibus,
1497 4790 1571 4838 c.,
1603 4777 1690 4828 39.
1725 4777 1886 4831 Addit
1914 4772 2009 4829 an;

419 4853 524 4920 tem
556 4846 799 4920 alicujus
833 4854 936 4920 tum
971 4861 1069 4920 pro
1118 4862 1263 4920 more
1291 4847 1538 4920 loquendi
1570 4862 1688 4915 suo,
1720 4856 1827 4902 tum
1863 4849 2007 4920 quod

421 4915 603 4985 plures
632 4913 753 4982 ejus
783 4915 1012 4969 nominis
1041 4913 1256 4973 fuerint.
1292 4913 1427 4973 ΡᾸΜ.

494 4988 607 5060 (δέ)
640 4988 952 5060 Langacnti
974 4986 1287 5043 theriacam
1309 4991 1704 5060 composuerit.
1727 4991 1923 5046 Alludit
1942 4992 2009 5045 ad

421 5055 574 5130 Plinii
604 5055 769 5109 verbi
799 5057 892 5109 lib.
927 5072 1027 5122 vn,
1057 5074 1176 5126 cap.
1208 5060 1273 5111 40
1309 5082 1319 5115 ;
1361 5082 1384 5106 ι»
1425 5055 1814 5130 Egriludine'n
1848 5063 2009 5116 fasti-

420 5126 494 5199 dii
536 5134 738 5199 tantum
777 5130 950 5193 sentit,
988 5131 1035 5180 in
1092 5144 1197 5198 qua
1254 5126 1521 5185 medetur“
1558 5134 1608 5186 ei
1664 5135 2005 5199 contumelia,

422 5198 473 5250 in
518 5197 720 5250 rabiem
769 5208 958 5271 agente
1008 5197 1333 5256 annexarum
1384 5202 1598 5258 lascivia
1640 5204 1934 5259 simiarum.
1982 5197 2003 5254 Α

422 5272 558 5322 PAM.

488 5340 599 5413 (ὃὸ)
635 5340 856 5413 Gallum
889 5348 1080 5398 tamen
1106 5344 1455 5413 formidabit.
1478 5346 1648 5399 Etiam
1681 5348 1783 5399 hoc
1814 5362 1876 5399 ex
1910 5345 2011 5400 Pli-

423 5411 513 5465 nio
546 5412 743 5485 ibidem
778 5430 794 5485 7:
834 5435 855 5463 ι
901 5418 1073 5484 Atque
1107 5411 1233 5481 hoc,
1268 5415 1459 5485 inquit.
1497 5418 1615 5481 tale,
1651 5428 1862 5485 tamque
1907 5434 2010 5471 sa:-

422 5500 545 5559 vum
592 5484 810 5549 animal,
846 5494 1077 5559 rotarum
1127 5488 1285 5541 orbes
1340 5484 1673 5553 circumacti,
1717 5504 2009 5559 currusque

423 5554 631 5631 inanes,
691 5565 741 5610 et
799 5558 1213 5631 gallinaceorum
1260 5559 1455 5626 cristae,
1499 5570 1790 5631 cantusque
1848 5554 2008 5616 etiam

424 5626 596 5694 magis
643 5638 861 5683 terrent.
909 5651 929 5677 υ
976 5630 1116 5683 Pam.

2194 4708 2437 4779 (56)”Eac
2482 4705 2877 4779 multitudine,
2926 4704 3033 4779 ait,
3069 4704 3358 4779 temporis.
3400 4699 3601 4753 Alludit
3646 4698 3703 4752 ad

2119 4774 2293 4833 verba
2317 4777 2408 4830 illa
2440 4778 2675 4831 Platonis
2709 4777 2761 4829 in
2810 4776 3087 4831 Pha’done
3135 4794 3152 4828 :
3210 4796 3229 4821 α
3279 4774 3475 4827 Nonne
3523 4785 3703 4825 recor-

2116 4851 2264 4904 datio
2317 4858 2416 4912 est,
2470 4848 2698 4901 maxime
2744 4848 2835 4902 ubi
2884 4846 3044 4901 alicui
3093 4844 3352 4899 acciderit
3398 4842 3545 4895 circa
3599 4842 3703 4909 illa,

2117 4935 2346 4990 qucrum
2378 4934 2467 4988 per
2495 4927 2726 4999 tempus,
2760 4927 2896 4973 eteo
2921 4918 3066 4988 quod
3098 4916 3326 4999 diunon
3358 4913 3700 4999 conspexit?»

2117 4987 2214 5060 pro
2245 5006 2352 5061 quo
2380 4987 2644 5045 transtulit
2671 4992 2889 5053 Auctor,
2912 4987 2984 5044 ea:
3004 4987 3384 5061 multitudine
3416 4987 3704 5056 temporis.

2118 5056 2332 5136 Verum
2368 5063 2529 5115 etiam
2577 5061 2716 5136 istud
2765 5062 2991 5136 pulchre
3041 5062 3275 5136 Au_c_tor,_
3298 5056 3518 5119 refutat,
3555 5071 3617 5136 ex
3647 5071 3710 5136 eo

2113 5132 2257 5206 quod
2323 5134 2559 5206 innatam
2616 5126 3045 5206 Plato'_aniv_nam
3066 5128 3324 5206 ‘dixerit,
3377 5138 3429 5183 et
3478 5126 3711 5195 proinde

2116 5202 2395 5265 aeternam,
2430 5204 2543 5258 sine
2573 5203 2835 5274 temporis
2864 5203 3033 5257 initio.
3066 5202 3206 5254 Pan.

2188 5278 2301 5350 (57)
2326 5277 2584 5350 (dearum
2615 5269 2907 5350 etjoblt'tus
2935 5278 2996 5350 ct_
3020 5271 3362 5350 _recordatus
3391 5274 3495 5350 est.
3514 5269 3712 5350 _Locus

2114 5342 2277 5401 estin
2331 5348 2563 5411 Platone,
2599 5346 2688 5416 qui
2733 5346 2935 5416 primus
2985 5342 3221 5416 idearum
3252 5342 3463 5416 somnia
3510 5342 3568 5391 in
3620 5342 3709 5393 lu-

2117 5434 2236 5472 cem
2284 5418 2475 5493 emisit,
2511 5412 2873 5493 scripto-ejus
2918 5413 3224 5493 angumenti
3274 5412 3518 5493 dialogo,
3547 5427 3704 5491 quem

2117 5490 2512 5564 Parmeniden;
2543 5483 2833 5564 inscripsit,
2871 5495 2923 5541 et
2961 5483 3397 5564 frequentissima
3430 5483 3562 5535 alibi
3610 5498 3704 5537 ea-

2117 5577 2236 5614 rum
2270 5561 2537 5615 mentione
2588 5561 2798 5629 injecta,
2831 5557 3280 5629 quemadmodum
3331 5557 3489 5609 etiam
3540 5568 3702 5625 supra

2116 5632 2504 5687 adnotatimus.
2532 5633 2669 5685 Pan.
