4016 6188
234 351 343 412 ’733

1607 352 1808 415 LIBER
1846 352 1933 414 DE
1966 353 2196 415 ANIMA.

3435 363 3537 424 734

234 491 344 535 tam
390 476 685 533 audacibus
728 492 888 549 quam
937 484 1065 533 sunt
1110 476 1287 550 primo
1345 478 1434 535 isti
1479 479 1575 551 qui
1625 494 1835 551 prmsu-
1867 468 1914 546 Α
1946 481 2106 539 etiam
2133 481 2454 539 fastidiatis?
2501 499 2568 538 an
2599 491 2653 541 et
2689 485 3084 545 valetudinibus
3110 488 3334 548 invicem
3375 506 3535 548 com-

227 577 395 625 munt
424 583 534 624 non
574 566 629 621 in
676 575 832 623 utero
859 565 1072 637 concipi
1109 568 1345 622 animam
1390 567 1532 640 (58),
1566 583 1664 625 nec
1709 584 1834 624 cum

225 658 418 715 carnis
468 655 776 729 ﬁgulatione
813 656 1085 730 compingi
1134 664 1293 728 atque
1342 657 1601 728 produci;
1642 660 1741 715 sed
1784 660 1834 698 ³ο

227 746 419 802 effuso
454 746 567 815 jam
587 753 765 817 partu,
795 745 1035 801 nondum
1074 746 1196 802 vivo
1255 746 1441 801 infanti
1497 746 1834 804 extrinsecus

224 835 478 907 imprimi
507 833 665 906 (59):
709 841 988 899 cmterum,
1037 849 1220 889 semen
1270 850 1333 888 ex
1378 836 1668 892 concubitu
1706 853 1833 893 mu-

222 924 502 980 liebribus
531 921 667 978 locis
696 928 1110 993 sequestratum,
1162 932 1415 995 motuque
1459 924 1684 979 naturali
1736 941 1832 980 ve-

223 1021 484 1087 getatum
554 1012 1038 1084 compinguescere
1095 1009 1150 1066 in
1225 1011 1398 1067 solam
1477 1013 1831 1068 substantiam

222 1100 444 1168 carnis;
494 1115 614 1157 eam
671 1098 891 1167 editam,
940 1106 994 1153 et
1039 1099 1107 1153 de
1146 1098 1285 1155 uteri
1340 1097 1559 1156 fornace
1614 1099 1831 1156 fuman-

223 1201 367 1258 tem,
429 1198 485 1247 et
521 1190 705 1246 calore
748 1188 1002 1255 solutam,
1077 1196 1135 1245 ut
1183 1187 1383 1245 ferrum
1440 1190 1691 1262 ignitum,
1779 1200 1832 1247 et

220 1282 439 1338 ibidem
470 1280 682 1352 frigidm
729 1279 1061 1349 immersum,
1111 1279 1185 1336 ita
1212 1279 1350 1336 aeris
1382 1279 1561 1352 rigore
1606 1297 1830 1352 percus-

221 1388 373 1438 sam,
405 1376 463 1426 et
493 1372 600 1427 vim
628 1368 918 1425 animalem
972 1385 1180 1441 rapere,
1241 1381 1294 1425 et
1342 1371 1579 1427 vocalem
1637 1386 1833 1427 sonum

222 1461 467 1517 reddere
520 1462 654 1530 (60).
714 1456 881 1516 69]
944 1458 1059 1513 Hoc
1102 1457 1272 1517 Stoici
1301 1475 1426 1516 cum
1472 1460 1832 1525 1Euesidemo,

222 1562 281 1607 et
310 1551 436 1623 ipse
465 1548 737 1605 interdum
790 1548 961 1613 Plato,
993 1562 1116 1603 cum
1145 1547 1289 1613 dicit,
1325 1548 1546 1619 perinde
1601 1547 1835 1603 animam

223 1648 546 1695 extraneam
587 1637 741 1703 alias,
772 1641 829 1691 et
865 1643 1139 1693 extorrem
1177 1637 1338 1705 uteri,
1369 1635 1540 1708 prima
1589 1636 1831 1708 adspira-

224 1728 389 1783 tione
416 1725 682 1783 nascentis
726 1724 945 1781 infantis
995 1724 1210 1789 adduci,
1251 1726 1389 1781 sicut
1417 1742 1484 1780 ex
1541 1726 1836 1797 spiratione

227 1815 538 1873 novissima
571 1812 725 1871 educi
753 1813 823 1868 31.
876 1812 1198 1869 Videbimus
1251 1829 1318 1867 an
1362 1817 1683 1870 sententiam
1739 1815 1840 1871 ﬁn-

225 1894 392 1959 'xerit
418 1904 488 1957 ³2.
526 1903 605 1959 Ne
643 1918 706 1958 ex
730 1900 956 1981 medicis
1001 1901 1223 1974 quidem
1254 1900 1423 1958 defuit
1475 1903 1739 1972 llicesius,
1787 1914 1842 1962 et

230 2003 464 2047 naturm
492 1999 545 2049 et
562 1992 686 2053 artis
707 2007 822 2047 sum
852 1991 1233 2062 prmvaricator
1286 1994 1421 2061 (61).
1454 1991 1667 2060 Puduit,
1723 1994 1841 2065 opi-

224 2092 363 2145 nor,
394 2078 518 2134 illos
544 2080 643 2135 hoc
682 2087 935 2144 statuere,
993 2079 1139 2149 quod
1185 2078 1398 2135 feminm
1464 2092 1840 2154 agnoscerent.

222 2169 305 2224 At
335 2175 546 2240 quanto
603 2167 905 2223 ruboratior
934 2167 984 2206 33
1014 2168 1192 2224 exitus
1234 2169 1372 2241 (62),
1428 2185 1461 2223 a
1508 2168 1720 2225 feminis
1748 2187 1840 2227 re-

219 2256 405 2321 vinci,
440 2271 604 2327 quam
635 2256 857 2328 probari
885 2257 914 2312 ?
941 2255 999 2310 ln
1030 2258 1131 2312 ista
1173 2274 1410 2328 namque
1452 2258 1633 2329 specie
1680 2274 1840 2317 nemo

220 2356 341 2403 tam
396 2345 632 2402 idoneus
657 2346 935 2419 magister,
983 2346 1207 2417 arbiter,
1267 2347 1436 2413 testis,
1471 2364 1631 2420 quam
1680 2366 1841 2407 sexus

216 2435 433 2507 ipsius.
496 2434 860 2507 Respondete,
925 2445 1145 2503 matres,
1214 2452 1416 2509 vosque
1472 2449 1839 2511 prmguantes,

214 2540 446 2597 vosque
527 2539 843 2594 puerperm;
917 2524 1123 2581 steriles
1195 2537 1246 2579 et
1303 2527 1524 2582 masculi
1600 2537 1841 2597 taceant;

210 2622 424 2668 vestrm
487 2618 690 2668 naturm
748 2612 945 2668 veritas
992 2613 1269 2685 quaeritur,
1322 2622 1517 2671 vestrm
1577 2616 1842 2685 passionis

210 2701 367 2758 ﬁdes
398 2701 721 2757 convenitur
754 2718 768 2755 :
797 2717 868 2756 an
895 2702 1127 2773 aliquam
1184 2703 1239 2757 in
1290 2702 1425 2758 fmtu
1479 2704 1720 2760 sentiatis
1758 2705 1840 2763 vi-

207 2790 543 2855 vacitatem,
584 2790 814 2846 alienam
846 2791 912 2845 de
939 2792 1159 2847 vestro?
1187 2790 1255 2845 de
1287 2808 1397 2863 quo
1438 2791 1703 2865 palpitent
1729 2793 1840 2863 ilia,

1943 570 2224 627 municetis
2251 573 2280 627 ?
2312 571 2406 627 Ille
2437 571 2650 643 quidem
2702 589 2868 644 usque
2897 589 2987 643 eo,
3016 575 3086 632 de
3115 577 3165 615 35
3192 579 3533 637 contusioni-

1939 661 2042 716 bus
2073 660 2284 725 vestris,
2316 660 2515 732 quibus
2541 668 2594 717 et
2632 661 2750 733 ipse
2779 661 2921 717 intus
2978 679 3077 733 per
3123 665 3309 721 eadem
3366 683 3537 722 mem-

1939 750 2035 807 bra
2064 750 2326 823 signatur,
2371 750 2589 822 rapiens
2625 751 2729 807 sibi
2779 751 3007 822 injurias
3050 754 3251 811 matris.
3283 754 3339 810 Si
3396 757 3536 815 livor

1941 854 2001 894 ac
2033 839 2196 894 rubor
2224 838 2507 911 sanguinis
2534 839 2715 911 passio
2763 847 2866 906 est,
2915 841 3033 898 sine
3060 841 3234 897 animo
3268 859 3377 898 non
3438 846 3541 901 erit

1939 928 2206 1000 sanguis:
2269 928 2315 982 si
2361 929 2608 984 valetudo
2653 927 2843 984 animm
2896 928 2944 968 37
2974 930 3213 987 accessio
3261 943 3363 999 cst,
3423 934 3538 989 sine

1939 1020 2136 1081 animi,
2169 1031 2278 1071 non
2321 1015 2419 1071 erit
2465 1016 2718 1073 valetudo
2748 1035 2761 1071 :
2798 1017 2842 1072 si
2870 1018 3145 1088 alimonia,
3192 1018 3388 1086 inedia,
3420 1037 3539 1077 cre-

1942 1113 2140 1170 menta,
2204 1106 2568 1171 decrementa,
2631 1121 2822 1177 pavor,
2891 1115 3090 1173 motus,
3163 1111 3408 1165 tractatio
3454 1118 3539 1165 est

1941 1195 2135 1250 animm
2178 1193 2263 1248 his
2309 1193 2403 1265 qui
2459 1192 2725 1267 fungitur,
2758 1196 2915 1251 vivet.
2954 1196 3196 1267 Denique
3226 1197 3425 1253 desinit
3455 1198 3537 1255 vi-

1936 1298 2086 1348 vere,
2116 1282 2206 1352 qui
2234 1281 2432 1337 desinit
2478 1282 2646 1354 fungi.
2691 1282 2931 1355 Denique
2960 1293 3014 1340 et
3042 1286 3240 1341 mortui
3261 1286 3533 1357 eduntur;

1940 1370 2234 1442 quomodo,
2285 1371 2387 1425 nisi
2446 1379 2501 1425 et
2529 1371 2680 1427 vivi?
2708 1370 2811 1438 Qui
2840 1381 3014 1428 autem
3045 1384 3099 1430 et
3154 1376 3378 1445 mortui,
3435 1375 3541 1432 nisi

1945 1460 2037 1533 qui
2054 1460 2207 1531 prius
2236 1459 2390 1517 vivi?
2419 1460 2623 1532 Atquin
2659 1469 2714 1516 et
2740 1462 2794 1515 in
2823 1462 2941 1532 ipso
2971 1464 3148 1520 adhuc
3178 1472 3327 1520 utero
3358 1464 3535 1521 infans

1942 1550 2265 1618 trucidatur,
2322 1549 2623 1606 necessaria
2667 1551 3002 1618 crudelitate,
3083 1568 3207 1609 cum
3264 1554 3321 1607 in
3389 1554 3537 1610 exitu

1944 1636 2252 1709 obliquatus
2298 1638 2530 1708 denegat
2578 1647 2816 1708 partum;
2869 1640 3168 1712 matricida,
3219 1642 3275 1696 ni
3305 1642 3537 1699 moritu-

1947 1744 2058 1782 rus.
2082 1724 2258 1783 (ἰθὲ
2289 1726 2472 1794 Ιιιιμιθ
2499 1735 2550 1779 et
2608 1727 2746 1783 inter
2773 1743 2921 1782 arma
2968 1730 3307 1786 medicomm
3339 1740 3392 1786 et
3436 1748 3534 1787 or-

1947 1830 2124 1888 ganou
2155 1815 2205 1853 ³8
2232 1820 2316 1869 est
2361 1828 2470 1885 quo
2499 1813 2650 1885 prius
2688 1822 2966 1886 patescere
2996 1824 3204 1872 secreta
3243 1828 3534 1891 c0guntur,

1948 1904 2111 1983 tortili
2153 1910 2602 1974 temperamento,
2632 1919 2753 1960 cum
2784 1903 3119 1961 anulocultro
3150 1905 3199 1944 39
3229 1920 3335 1977 quo
3391 1907 3540 1963 intus

1946 1992 2184 2048 membra
2248 1992 2548 2058 caeduntur,
2600 1992 2759 2047 anxio
2829 1992 3079 2059 arbitrio;
3142 2009 3268 2049 cum
3346 1994 3537 2051 hebete

1947 2096 2106 2147 unco,
2164 2095 2274 2153 quo
2341 2087 2513 2137 totum
2574 2078 2780 2135 facinus
2843 2081 2894 2119 ἰο
2942 2081 3233 2138 extrahitur
3307 2081 3540 2139 violento

1949 2168 2253 2240 puerperio.
2293 2169 2390 2223 Est
2416 2167 2577 2224 etiam
2609 2184 2814 2223 aeneum
2858 2170 3146 2240 spiculum,
3184 2185 3292 2240 quo
3321 2171 3539 2245 jugula-

1944 2259 2024 2315 tio
2061 2257 2177 2331 ipsa
2227 2256 2498 2331 dirigitur,
2564 2272 2709 2313 caeco
2790 2258 3072 2313 latrocinio
3118 2277 3135 2315 :
3201 2258 3539 2333 ἐμϐρυοσφάκ-

1945 2368 2031 2404 την
2083 2347 2452 2418 “appellant,
2506 2347 2570 2403 de
2624 2345 2948 2403 infanticidii
2993 2347 3193 2415 officio,
3230 2349 3416 2420 utique
3457 2349 3538 2406 vi-

1946 2436 2122 2494 ventis
2171 2436 2389 2493 infantis
2440 2435 2880 2507 peremptorium.
2941 2439 3055 2494 Hoc
3081 2445 3134 2493 et
3184 2437 3542 2508 Hippocrates

1946 2524 2148 2593 habuit,
2187 2535 2238 2580 et
2264 2524 2633 2595 Asclepiades,
2666 2532 2720 2579 et
2748 2523 3124 2593 Erasistratus,
3163 2532 3215 2579 et
3273 2527 3540 2597 majorum
3624 2560 3627 2561 ν

1946 2628 2164 2685 quoque
2194 2625 2474 2683 prosector
2529 2612 2871 2684 Herophilus,
2926 2621 2980 2669 et
3007 2612 3184 2668 mitior
3221 2614 3337 2685 ipse
3380 2615 3539 2671 Sora-

1949 2718 2069 2770 nus,
2119 2703 2249 2758 certi
2306 2702 2501 2758 animal
2549 2719 2663 2757 csse
2710 2710 3050 2772 conceptum,
3109 2710 3267 2773 atque
3318 2703 3391 2757 ita
3433 2704 3538 2758 nii-

1948 2791 2074 2847 serti
2135 2791 2517 2848 infelicissimae
2564 2790 2871 2862 hujusmodi
2945 2790 3202 2853 infantiae,
3271 2802 3332 2846 ut
3387 2792 3536 2862 prius

202 2879 427 2937 micent
466 2878 655 2945 latera,
727 2886 835 2934 tota
888 2879 1093 2936 ventris
1149 2878 1370 2937 ambitio
1417 2880 1535 2951 (63)
1575 2882 1837 2954 pulsetur,
1948 2881 2242 2946 occidatur,
2283 2897 2349 2934 ne
2380 2864 2505 2936 viva
2540 2880 2788 2937 lanietur.
2813 2881 2890 2935 De
2921 2897 3029 2951 qua
3057 2879 3277 2936 sceleris
3306 2880 3535 2936 necessi-

201 2970 433 3041 ubique
476 2967 730 3039 ponderis
778 2967 928 3039 regio
974 2970 1251 3025 mutetur?
1307 2969 1443 3023 anhl
1474 2977 1655 3026 motus
1709 2986 1844 3044 gau-
1950 2977 2056 3026 tate
2102 2985 2199 3025 nec
2238 2970 2539 3035 dubitabat,
2570 2969 2749 3039 credo,
2784 2968 3043 3038 Hicesius,
3088 2970 3203 3038 jam
3241 2970 3379 3023 natis
3409 2969 3530 3024 ani-

208 3058 310 3112 dia
344 3065 543 3111 vestra
571 3057 700 3122 sint,
741 3065 793 3112 et
819 3064 967 3113 certa
1015 3058 1295 3127 securitas,
1348 3057 1492 3129 quod
1531 3058 1609 3112 ita
1666 3057 1842 3114 infan-
1875 3057 1918 3135 c
1947 3074 2089 3113 mam
2126 3058 2493 3129 superducens
2546 3074 2611 3113 ex
2641 3058 2779 3113 aeris
2830 3057 3011 3130 frigidi
3068 3058 3248 3128 pulsu,
3298 3058 3424 3129 quia
3474 3068 3529 3116 et

205 3154 323 3203 tem
354 3156 421 3201 et
448 3145 634 3201 vivere
679 3144 980 3215 cOuiidatis,
1036 3153 1092 3201 et
1138 3146 1369 3202 ludere?
1424 3163 1491 3201 an
1540 3149 1586 3205 si
1616 3147 1836 3203 desierit
1942 3149 2117 3218 ipsum
2156 3148 2479 3202 vocabulum
2509 3147 2702 3202 animm
2729 3162 2898 3217 penes
2935 3147 3158 3203 Grmcos
3196 3148 3264 3202 de
3303 3149 3535 3224 refrige-

204 3233 450 3305 inquies
490 3233 628 3302 ejus,
660 3233 741 3288 illi
770 3233 923 3303 prius
946 3233 1391 3306 pertimescatis?
1434 3250 1500 3288 an
1557 3244 1612 3289 et
1654 3236 1703 3273 ³4
1735 3253 1821 3290 au-
1941 3237 2148 3294 ratione
2179 3236 2503 3306 respondeat
2564 3236 2639 3289 ⁴².
2692 3237 2828 3291 Νιιιη
2858 3251 2991 3308 ergo
3020 3236 3275 3291 Barbarae
3330 3236 3535 3291 Roma-

201 3322 325 3377 diat
354 3323 485 3391 jam
516 3321 570 3376 in
608 3322 781 3388 vobis,
808 3337 929 3376 cum
959 3322 1026 3377 ad
1058 3337 1253 3378 novum
1285 3338 1478 3379 sonum
1507 3323 1781 3379 excutitur
1803 3325 1832 3379 ?
1940 3342 2129 3397 nmque
2161 3334 2348 3396 gentes
2376 3322 2530 3379 aliter
2558 3322 2881 3389 animantur,
2914 3322 3042 3394 quia
3099 3323 3335 3378 animam
3392 3323 3537 3380 aliud

203 3412 295 3469 An
355 3421 419 3469 et
463 3410 706 3469 ciborum
763 3411 1050 3469 varietates
1112 3413 1162 3452 35
1218 3411 1297 3468 illi
1360 3412 1697 3481 desideretis,
1755 3413 1832 3471 illi
1937 3414 2085 3486 quii,
2119 3427 2284 3484 quam
2329 3410 2485 3484 ψυχὴν
2531 3411 3086 3483 cognominaverunt?
3127 3411 3356 3482 Quantm
3409 3427 3537 3468 vero
3602 3454 3609 3461 ρ

1621 3538 1812 3601 Varim
1854 3544 2165 3603 lectiones.

276 3647 342 3685 30
379 3643 451 3716 Et
475 3643 604 3699 add.
636 3646 795 3700 Pam.
828 3645 1004 3702 Rhcn.
1028 3645 1072 3684 31
1099 3645 1239 3716 Duci
1270 3647 1438 3702 Fran.
1464 3646 1513 3684 ³2
1535 3645 1808 3701 Sententia
1855 3643 2031 3700 ﬁxerit
2056 3645 2182 3701 vult
2212 3646 2334 3716 Rig.
2368 3644 2417 3682 33
2443 3641 2763 3716 Roboratior
2792 3644 2949 3698 Pam.
2980 3644 3159 3716 Ijhcn.
3185 3642 3233 3716 ξε
3258 3641 3320 3695 Et
3345 3644 3535 3716 οιηὶιξ2

204 3721 347 3775 alii.
406 3714 458 3754 35
492 3716 968 3788 Vanitates‘Rhen.
1002 3712 1160 3771 Pain.
1210 3719 1329 3788 Rig.
1363 3718 1414 3756 35
1445 3717 1626 3788 Usque
1655 3732 1719 3772 eo
1757 3719 1947 3774 omitt.
1978 3719 2099 3772 Lat.
2133 3731 2198 3771 eo
2242 3712 2310 3770 de
2345 3717 2532 3772 omitt.
2576 3715 2751 3788 Πήρη,
2782 3716 2947 3788 Pam.
2974 3713 3254 3788 {omnis
3286 3716 3456 3788 Frang.
3490 3713 3540 3751 ³8

203 3791 449 3862 Organa
478 3789 651 3862 Γναηἐ
681 3787 729 3826 39
758 3785 937 3862 Apulo
968 3790 1197 3862 cultrato
1228 3784 1603 3862 Riten.‘Pani.
1638 3788 1687 3826 ἰο
1716 3788 1837 3843 Pem

1949 3791 2088 3862 "run.
2138 3790 2303 3862 Papi;
2349 3785 2953 3862 item._adtrahunt}1
2993 3784 3373 3858 Ἐμϐρυονέκτην
3412 3786 3536 3841 Lat.

203 3855 575 3933 ἐμϐῥυορέιιτην
606 3860 778 3916 Fran.
803 3857 1168 3931 ἐμϐρυοπσίκτην
1197 3860 1323 3916 alii.
1347 3855 1714 3932 ἐμϐρυοσέκτην.
1748 3861 1837 3917 00a

1949 3860 2170 3931 gobard.
2195 3857 2244 3896 42
2269 3856 2626 3929 Respondcns
2655 3855 2831 3914 Rhen.
2863 3858 3022 3913 Pam.

1641 3956 2144 4022 Commentarius.

280 4062 571 4153 g5$)1VL¢)n
610 4063 671 4118 in
700 4066 866 4145 utero
894 4064 1116 4153 concipi
1145 4066 1424 4153 animum,
1475 4070 1579 4120 etc.
1622 4062 1821 4153 S‘toicis
1922 4062 2196 4153 gxtorrisc
2222 4070 2499 4116 terrenum
2563 4074 2763 4153 eorpus
2824 4059 3107 4153 ianhabitet,
3178 4067 3341 4131 atque
3389 4059 3540 4153 nideo

204 4128 424 4191 tribuit
484 4133 621 4187 hanc
694 4135 1000 4202 Opinionem
1056 4128 1469 4191 Tertullianus:
1522 4142 1576 4188 at
1628 4134 1821 4189 Aetius
1921 4134 2056 4187 ﬂere
2114 4132 2346 4187 infantes
2403 4128 2691 4202 COgantur.
2753 4130 3069 4202 »_Similem
3117 4128 3336 4186 causam
3388 4128 3544 4185 ﬂetus

209 4148 424 4191 tribuit
484 4148 621 4187 nanc
694 4149 1000 4202 Opinionem
1056 4148 1469 4191 'l'ertuuianus:
1522 4148 1576 4188 at
1628 4148 1821 4189 aeuus
1921 4148 2056 4187 nere
2114 4148 2346 4187 iurantes
2403 4148 2466 4187 co
2512 4148 2691 4186 antur.
2753 4151 2776 4180 »
2829 4148 3069 4185 mmuem
3117 4148 3336 4186 causam
3388 4148 3538 4185 uetus

209 4205 807 4276 adjungithiogenem
836 4215 889 4261 et
915 4206 1345 4276 llermOpbilum,
1378 4206 1485 4261 imo
1528 4214 1582 4260 et
1618 4205 1822 4276 Empe-
1924 4203 2189 4276 infantilis
2264 4210 2414 4270 putat
2471 4148 2719 4257 goranus
2786 4200 3051 4266 Ephesius
3121 4202 3372 4271 lsagoges
3450 4203 3538 4259 i7.

219 4224 488 4274 aujungu
513 4224 608 4261 U10
652 4224 807 4262 enern
836 4224 889 4261 et
919 4224 1113 4261 nermo
1161 4224 1345 4273 nilum,
1378 4224 1485 4261 uno
1528 4224 1582 4260 et
1622 4224 1822 4276 nmpc-
1924 4224 2189 4258 Inlanuus
2264 4224 2414 4270 pntat
2477 4224 2719 4257 aurauiis
2786 4224 3051 4266 npuesxus
3121 4224 3372 4271 (sagugea'

219 4274 454 4351 doclem
480 4274 570 4351 l_ib.
601 4224 669 4334 fe
698 4278 840 4333 Hist.
864 4224 1267 4351 philosOpiiica.
1304 4279 1433 4351 Lao.
1862 4326 1906 4351 κ
1939 4275 2117 4351 [Αᾳτη
2325 4341 2334 4351 ⁹
2487 4343 2497 4351 _
2621 4345 2631 4351 _
2827 4345 2837 4351 _
2952 4342 2990 4351 __
3440 4341 3450 4351 I

296 4326 840 4423 (ssquxiﬁﬁs'ééa's'
864 4326 1497 4423 ’z‘iéﬁiaiz'i."ﬂac?§tias,
1533 4346 1624 4423 lib.
1659 4362 1830 4423 tu,_ex
1862 4326 1908 4402 D
1939 4326 2404 4423 iw(6l)_l_‘ficesius
2443 4343 2499 4394 et
2529 4345 2760 4423 natura:
2783 4345 2837 4395 et
2864 4342 3023 4423 artis
3054 4357 3174 4423 sum
3199 4341 3544 4422 prmvai'ica:

213 4409 512 4493 sententia
563 4420 887 4493 Stoicorum,
944 4409 1083 4493 quos
1139 4435 1265 4475 mox
1312 4409 1507 4488 allegat
1559 4409 1845 4473 Tertullia-
1954 4409 2061 4493 toij.
2106 4409 2385 4493 'Hicesius
2436 4409 2955 4493 medicusmuegabat
3010 4411 3065 4464 in
3117 4409 3272 4493 utero
3326 4411 3539 4493 concipi

214 4505 332 4544 nus
365 4504 471 4558 pro
500 4490 603 4542 hoc
627 4481 885 4560 placitoz'
964 4481 977 4493 ’
1417 4481 1443 4488 ’
1951 4486 2212 4560 animam,
2256 4482 2573 4560 dicebatque
2629 4481 2810 4560 effuso;
2880 4481 3025 4560 jam.
3064 4490 3222 4560 partu
3299 4481 3538 4560 nondum

1949 4558 2072 4613 vivo
2131 4554 2318 4610 infanti
2411 4550 2744 4607 extrinsecus
2798 4550 3277 4622 imprimi,’prima
3331 4550 3540 4608 scilicet

1952 4627 2299 4697 aspiratione.
2351 4623 2739 4697 Hincmnaturm
2797 4632 2852 4678 et
2899 4622 3028 4676 artis
3073 4622 3539 4697 sumprmvarica-

1954 4691 2122 4754 torem
2171 4713 2292 4752 esse
2340 4695 2415 4749 ait
2475 4695 2804 4764 Septimius:
2847 4703 3071 4753 naturm.
3105 4691 3231 4762 quia
3262 4691 3457 4764 factum
3487 4693 3542 4748 in

1950 4778 2106 4824 utero
2153 4769 2333 4826 vivere
2367 4767 2479 4837 jam
2536 4761 2830 4820 animatum
2889 4761 3545 4837 praegnantesgadfirment

1949 4853 2004 4897 et
2035 4842 2187 4913 signa
2228 4832 2532 4913 certissima
2560 4832 2931 4892 demonstrent
2961 4832 3113 4905 artis,
3162 4835 3289 4913 quia
3339 4832 3542 4913 medici

1949 4902 2303 4986 ipsi,'qiioties
2335 4924 2551 4986 necesse
2590 4917 2672 4961 est
2709 4917 3019 4986 concauum
3052 4902 3206 4986 utero
3229 4975 3242 4986 ι
3275 4902 3537 4959 infantem

1951 4975 2222 5039 extratiere
2254 4979 2488 5035 violento
2538 4978 2839 5050 puerperio,
2873 4993 2983 5050 non
3029 4978 3184 5050 prius
3213 4975 3537 5050 detruncare

1954 5056 2190 5109 membra
2245 5054 2440 5119 solent,
2481 5048 2642 5121 quam
2681 5049 3063 5122 jugulaverint,
3113 5048 3375 5104 viventem
3419 5048 3533 5118 jam

1948 5125 2137 5194 utique
2158 5131 2209 5177 et
2227 5123 2536 5176 animatum.
2563 5122 2687 5194 Bm.

2020 5189 2469 5265 (62)Ruboratior
2496 5192 2709 5265 exitus.
2736 5189 2949 5265 Exitum
2980 5189 3368 5265 ruboratiorem
3415 5189 3545 5265 dicit

1948 5260 2223 5335 eventum,
2272 5282 2336 5321 ex
2385 5280 2492 5336 quo
2521 5264 2643 5335 plus
2670 5261 2884 5317 ruboris
2914 5276 2974 5315 ac
3025 5260 3247 5332 pudoris
3309 5262 3548 5316 incutia-

1951 5348 2054 5394 tur.
2070 5338 2193 5393 Rm.

2024 5408 2139 5481 (63)
2177 5411 2305 5465 Tota
2340 5408 2573 5481 uentris
2587 5407 2845 5481 ambitio.
2861 5400 3381 5481 Eodemsigniﬁcatu
3406 5401 3536 5481 llic-

1948 5473 2447 5556 ronymus,_epist.
2514 5479 2579 5533 ad
2611 5474 2935 5556 Principiam
2965 5474 3102 5556 dixit
3134 5473 3149 5526 Ξ
3195 5493 3223 5556 ειΔ
3276 5473 3535 5556 Interiora

1947 5549 2186 5609 membra
2217 5550 2574 5607 obvolvuntur
2610 5549 2900 5611 Ecclesias,
2941 5554 2994 5600 et
3034 5550 3145 5600 tota
3172 5549 3312 5616 uteri
3342 5549 3539 5616 tegitur

1948 5624 2190 5691 ambitio,
2210 5642 2234 5673 υ
2248 5622 2350 5677 hoc
2370 5628 2455 5676 est
2472 5628 2615 5676 totus
2644 5625 2854 5681 uterus,
2888 5625 3030 5672 totus
3042 5621 3249 5671 venter.
3264 5613 3395 5669 RIG.

355 4608 517 4675 Quod
550 4610 594 4658 si
622 4610 749 4659 forte
776 4620 925 4675 putas
954 4614 1262 4663 extrinsecus
1295 4611 1626 4662 insinuatam.

351 4673 669 4722 Permanare
695 4673 914 4724 animam
946 4675 1095 4725 nobis
1122 4689 1210 4738 per
1238 4675 1460 4725 membra
1489 4676 1665 4725 solere.

214 4770 543 4827 Utebantur
564 4783 697 4825 voce
734 4772 990 4841 imprimi
1018 4771 1102 4827 vel
1143 4774 1454 4838 insinuari,
1490 4789 1557 4828 ne
1601 4774 1842 4829 dicerent

208 4841 651 4914 animam‘nasci
680 4841 944 4910 (Lactant.
977 4844 1072 4897 lib.
1109 4858 1185 4897 ιιι.
1221 4860 1341 4913 cap.
1377 4844 1486 4914 18).
1510 4846 1640 4900 Lac.

285 4915 424 4987 (60)
459 4912 529 4965 Et
556 4914 805 4987 uocalem
832 4931 1038 4987 sonum
1069 4912 1331 4987 reddere.
1369 4912 1625 4987 Putarunt
1676 4915 1838 4987 aliqui

210 4985 509 5056 animam,
548 4984 882 5056 deturbatum
929 4985 1140 5041 cmlesti
1191 4985 1483 5056 domicilio,
1540 4994 1673 5041 tunc
1729 4984 1840 5041 coe-

208 5057 380 5127 pijse
417 5053 737 5113 inhabitare
798 5066 1070 5111 terrenum
1127 5071 1346 5126 ecrpus,
1386 5053 1475 5127 ac
1553 5068 1838 5127 propterea

208 5126 497 5182 infantem
538 5126 684 5198 cogi,
717 5128 901 5182 dolere
951 5136 1001 5183 et
1026 5128 1182 5197 ﬂere,
1210 5136 1268 5182 ut
1315 5126 1477 5182 refert
1540 5126 1843 5181 Alexander

208 5198 662 5279 Aphrodismus,
697 5199 991 5279 Aproblem.
1046 5200 1139 5279 (ξι,
1178 5198 1315 5279 dunt
1366 5204 1842 5279 respongletqu‘m-

212 5268 401 5341 stioni
421 5282 435 5321 :
472 5271 589 5341 Cur
616 5270 972 5341 infantesLut
982 5272 1234 5341 primum
1250 5271 1517 5334 eduntur,
1534 5272 1712 5339 ﬂent?
1735 5270 1841 5323 Cu-

208 5339 324 5410 jus
346 5339 465 5395 haec
502 5338 700 5394 solutio
732 5358 745 5393 :
783 5361 805 5389 «
863 5338 1007 5409 Quia
1045 5357 1234 5396 sensus
1265 5355 1455 5394 eorum
1513 5348 1675 5410 atque
1733 5357 1835 5393 na-

212 5409 358 5489 tura
392 5411 547 5464 veluti
599 5412 1007 5489 peregrinatur.
1044 5415 1200 5489 _Nam
1268 5409 1529 5489 e_c_alido,
1590 5409 1840 5482 mollique

216 5481 413 5551 ipsius
459 5480 694 5537 matricis
739 5480 984 5552 corpore,
1040 5485 1096 5538 in
1133 5498 1259 5537 aera
1310 5480 1560 5552 frigidum
1620 5480 1834 5537 exemit.

216 5553 495 5607 Fortasse
554 5561 729 5609 tamen
771 5560 827 5609 et
879 5569 911 5609 a
967 5553 1172 5610 lumine
1216 5559 1569 5621 exterrentur,
1630 5568 1736 5608 non
1784 5563 1842 5608 ut

220 5624 456 5693 quidam
506 5624 680 5693 aiunt,
725 5625 871 5696 quod
932 5625 1111 5680 anima
1193 5623 1494 5681 caelestium
1554 5624 1837 5695 regionum
