4016 6188
249 313 352 376 737

1603 327 1800 390 LIBER
1835 327 1923 388 DE
1959 328 2192 392 ANIMA.

3435 343 3538 406 738

245 453 362 498 sent
403 459 504 514 pro
534 444 814 499 eversione
843 454 1079 512 naturae,
1111 455 1170 503 ut
1197 449 1363 504 altera
1393 451 1592 506 semini
1621 454 1672 490 ἰθ
1711 463 1834 508 stu-
1871 444 1917 522 Α
1949 457 2344 526 conjunctionis
2376 459 2549 515 forma
2602 465 2882 518 mandasse
2943 467 3142 535 pariter
3196 471 3536 527 obveuientis

245 533 386 604 pida,
441 535 608 588 altera
651 533 868 591 intacta.
919 537 1172 606 Decebat,
1205 537 1250 590 si
1301 539 1456 604 forte,
1507 541 1620 596 sine
1661 545 1839 598 anima

243 621 414 686 nasci,
473 623 562 694 qui
603 622 811 679 fuerant
868 641 974 680 non
1033 627 1132 680 rite
1187 629 1468 699 concepti;
1530 631 1624 687 sed
1679 633 1835 688 etilli

241 711 450 782 vivunt,
483 711 538 765 in
604 728 705 768 suo
748 715 981 787 quisque
1047 727 1217 770 utero.
1253 717 1499 774 Exsultat
1534 720 1832 788 Elisabeth,

235 799 484 856 Joannes
520 800 666 856 intus
691 800 977 872 impulerat
1011 821 1025 859 :
1059 805 1326 876 gloriﬁcat
1353 807 1642 863 Dominum
1673 811 1840 864 Maria

235 889 491 945 Christus
519 889 662 945 intus
719 889 1052 949 instinxerat.
1095 895 1414 966 Agnoscunt
1469 907 1664 952 matres
1709 913 1838 954 suos

230 978 466 1036 invicem
523 978 686 1048 fetus,
718 981 915 1053 agnitae
981 993 1172 1039 mutuo
1239 975 1307 1039 ab
1347 985 1478 1055 ipsis
1515 987 1694 1058 utique
1758 990 1837 1046 vi-

229 1069 504 1133 ventibus,
536 1069 626 1140 qui
675 1085 784 1124 non
855 1078 1058 1125 tantum
1095 1072 1290 1127 animae
1330 1087 1500 1144 erant,
1547 1092 1736 1130 verum
1785 1089 1838 1135 et

228 1155 486 1226 spiritus.
529 1157 618 1212 Sic
658 1167 711 1212 et
749 1159 816 1214 ad
854 1157 1142 1214 Jeremiam
1187 1162 1300 1231 (74)
1339 1162 1473 1234 legis
1509 1164 1610 1218 Dei
1648 1181 1836 1222 vocem

229 1244 468 1312 (Jere-m.
504 1260 524 1298 1
555 1245 574 1316 )
607 1262 620 1301 :
653 1247 820 1302 Prius
850 1264 1020 1319 quam
1044 1252 1097 1303 te
1124 1251 1188 1304 in
1205 1254 1366 1307 utero
1384 1251 1674 1322 ﬁngerem,
1707 1256 1838 1310 novi

233 1337 314 1388 te.
351 1333 412 1388 Si
449 1335 499 1372 ¹ι⁹
535 1333 692 1404 ﬁngit
739 1336 882 1391 Deus
911 1336 962 1390 in
999 1344 1168 1402 utero,
1201 1347 1258 1392 et
1283 1337 1428 1394 afﬂat
1455 1355 1524 1395 ex
1557 1341 1836 1410 primordii

229 1419 412 1476 forma
445 1423 604 1490 (Gen.
629 1424 669 1494 ι)
696 1441 709 1478 :
741 1427 806 1480 Et
826 1426 1000 1494 ﬁnxit
1024 1427 1160 1484 Deus
1183 1426 1469 1494 honinem,
1494 1433 1548 1486 et
1583 1431 1745 1498 ﬂavit
1772 1433 1836 1486 in

227 1528 367 1568 eum
385 1512 592 1580 ﬂatum
621 1513 786 1580 vitce;
819 1529 916 1568 nec
945 1523 1130 1570 nosset
1161 1523 1340 1572 autem
1371 1518 1640 1573 hominem
1692 1521 1836 1575 Deus

227 1601 284 1654 in
317 1601 620 1668 ntero,nisi
647 1609 818 1656 totum
843 1620 857 1656 :
878 1605 948 1659 Et
969 1607 1302 1677 priusquam
1340 1608 1522 1663 exires
1559 1608 1626 1663 de
1645 1609 1835 1678 vulva,

226 1690 594 1760 sanctiﬁcan
621 1695 674 1746 te
706 1710 718 1745 :
751 1697 808 1745 et
835 1700 1106 1747 mortuum
1139 1694 1314 1748 adhuc
1350 1709 1548 1764 corpus
1569 1696 1596 1750 7
1642 1697 1836 1767 Utique

1953 563 2049 616 per
2087 549 2249 602 vitam
2305 551 2518 621 utrique
2549 553 2879 607 substantiae.
2915 556 3080 610 Porro
3130 559 3290 614 vitam
3337 579 3368 616 a
3398 577 3534 617 con-

1947 645 2108 706 ceptu
2133 638 2498 711 agnoscimus,
2554 639 2684 711 quia
2736 641 2974 698 animam
3031 646 3140 715 (78)
3198 664 3228 700 a
3269 661 3532 720 conceptu

1950 724 2294 780 vindicamus.
2329 727 2536 782 Exinde
2585 730 2724 782 enim
2759 730 2887 796 vita,
2943 746 3049 801 quo
3079 734 3258 788 anima
3287 753 3300 791 :
3339 741 3534 798 pariter

1946 827 2079 884 ergo
2136 813 2190 867 in
2221 816 2379 869 vitam
2413 817 2848 887 compinguntur,
2883 835 3004 888 quia
3059 821 3251 886 pariter
3299 823 3352 876 in
3382 841 3533 880 mor-

1949 909 2054 956 tem
2119 911 2454 973 separantur.
2487 905 2638 960 Tunc
2703 905 2753 943 5°
2782 907 2827 960 si
2892 907 3046 962 alteri
3109 909 3396 977 primatum
3432 915 3533 967 da—

1948 1007 2086 1058 mus,
2145 993 2296 1048 alteri
2353 995 2723 1058 secundatum,
2781 995 3003 1050 seminis
3057 1010 3276 1069 quoque
3330 1001 3534 1055 discer-

1944 1083 2118 1134 nenda
2144 1091 2268 1134 sunt
2323 1093 2584 1150 tempora,
2630 1099 2725 1152 pro
2765 1091 2902 1138 statu
2931 1085 3166 1152 ordinis;
3209 1097 3262 1142 et
3321 1091 3534 1160 quando

1946 1167 2297 1222 collocabitur
2348 1171 2593 1241 corporis
2649 1187 2856 1240 semen,
2909 1175 3122 1242 quando
3171 1175 3391 1246 animae;
3427 1177 3536 1234 imo

1945 1255 1994 1309 si
2036 1265 2272 1328 tempora
2310 1258 2573 1314 seminum
2606 1259 2935 1327 dividentur,
2969 1270 3021 1316 et
3077 1265 3314 1320 materiae
3343 1267 3533 1322 diver-

1946 1357 2020 1396 sa;
2075 1342 2424 1412 habebuntur,
2460 1361 2526 1399 ex
2583 1347 2836 1402 distantia
2895 1359 3219 1419 temporum.
3251 1353 3388 1408 Nam
3433 1355 3534 1410 etsi

1945 1429 2082 1485 duas
2128 1432 2338 1501 species
2391 1431 2762 1488 conﬁtebimur
2812 1435 3048 1506 seminis,
3084 1442 3422 1510 corporalem
3479 1451 3535 1496 et

1946 1519 2248 1589 animalem,
2301 1521 2614 1578 indiscretas
2671 1533 2846 1577 tamen
2905 1524 3254 1593 vindicamus,
3317 1537 3369 1582 et
3426 1531 3530 1584 hoc

1947 1607 2108 1662 modo
2129 1609 2569 1677 contemporales,
2587 1613 2935 1682 ejusdemque
2955 1619 3232 1673 momenti.
3255 1617 3333 1673 Ne
3354 1618 3534 1690 itaque

1949 1695 2144 1766 pudeat
2199 1696 2515 1751 necessaria;
2575 1698 3034 1766 interpretationis
3068 1721 3081 1756 :
3117 1713 3308 1759 natura
3363 1723 3530 1763 vene-

227 1793 608 1849 nequaquam;
629 1781 770 1836 Deus
793 1778 938 1834 enim
969 1779 1190 1850 (Matth.
1221 1784 1389 1852 χιιι),
1410 1783 1686 1855 vivorum,
1717 1801 1834 1842 non
1869 1801 1912 1878 Β
1945 1789 2108 1838 randa
2135 1791 2238 1854 est,
2261 1799 2368 1838 non
2390 1788 2777 1842 erubescenda.
2801 1787 3158 1846 Concubitum
3189 1793 3357 1848 libido
3392 1797 3526 1866 (79),

232 1879 628 1932 mortuorum.

797 2017 1024 2076 CAPUT
1053 2021 1281 2078 XXVII.

299 2139 600 2222 Quomodo
627 2140 792 2216 igitur
820 2145 1016 2200 animal
1047 2149 1413 2217 conceptum?
1442 2147 1673 2202 simulae
1701 2163 1834 2204 con-

223 2229 363 2284 ﬂata
421 2230 700 2303 utriusque
757 2233 1056 2288 substantia
1117 2236 1362 2306 corporis
1407 2237 1730 2308 animaeque,
1764 2252 1834 2290 an

223 2320 406 2374 altera
465 2335 650 2374 earum
709 2322 1094 2389 prtecedente?
1144 2324 1252 2380 imo
1325 2325 1483 2380 simul
1541 2328 1728 2380 ambas
1781 2331 1835 2380 et

217 2408 464 2478 concipi,
506 2417 558 2464 et
595 2409 784 2466 conﬁci
835 2413 970 2483 (75),
1013 2420 1064 2468 et
1095 2413 1278 2482 perlici
1336 2414 1588 2478 dicimus,
1621 2415 1756 2469 sicut
1781 2422 1836 2468 et

215 2491 411 2550 695
445 2497 646 2566 promi,
689 2512 791 2552 nec
835 2497 1002 2552 ullum
1057 2499 1382 2554 intervenire
1411 2508 1742 2555 momentum
1776 2499 1832 2553 in

213 2593 505 2654 conceptu
535 2584 672 2654 (76),
704 2601 814 2655 quo
859 2586 1012 2641 locus
1059 2587 1355 2643 ordinetur.
1391 2589 1650 2660 Recogita
1687 2588 1832 2643 enim

208 2673 276 2726 de
307 2673 634 2728 novissimis
680 2673 871 2744 prima,
905 2675 952 2729 si
994 2690 1142 2730 mors
1173 2693 1279 2732 non
1311 2677 1452 2730 aliud
1504 2678 1828 2733 determina-

211 2769 296 2816 tnr
332 2761 486 2831 (77),
519 2777 678 2832 quam
717 2762 1006 2832 disjuncno
1051 2765 1293 2834 corporis
1321 2765 1648 2836 animaeque;
1691 2781 1828 2821 con-

211 2849 456 2904 trarium
487 2853 646 2905 morti
692 2851 800 2908 vita
830 2867 937 2907 non
967 2851 1114 2906 aliud
1169 2854 1474 2921 definietur,
1507 2871 1665 2926 quam
1694 2871 1823 2911 con-

1943 1887 2050 1926 non
2105 1872 2340 1928 conditio
2406 1872 2640 1930 foedavit.
2714 1876 3002 1942 Excessus,
3059 1893 3166 1933 non
3227 1889 3399 1935 status
3453 1893 3534 1937 est

1942 1961 2267 2032 impudicus.
2316 1962 2595 2034 Siquidem
2633 1963 2952 2020 benedictus
2981 1974 3150 2022 status
3190 1971 3330 2038 apud
3358 1971 3533 2025 Deum

1943 2053 2102 2124 (Gen.
2123 2055 2213 2122 ιι);
2233 2053 2491 2120 Crescite,
2515 2058 2573 2111 et
2593 2054 2656 2109 in
2672 2055 3108 2112 multitudinem
3125 2058 3401 2128 proficite.
3417 2059 3528 2114 Ex-

1939 2143 2299 2197 cessus'vero
2357 2141 2694 2208 maledictus,
2753 2143 3042 2211 adulteria,
3101 2154 3154 2200 et
3209 2149 3420 2218 stupra,
3477 2157 3530 2203 et

1941 2229 2235 2300 lupanaria.
2271 2231 2330 2282 In
2386 2230 2490 2284 hoc
2541 2228 2728 2302 itaque
2785 2231 3016 2289 solemni
3067 2249 3295 2290 sexuum
3327 2234 3527 2302 ofﬁcio,

1941 2319 2088 2390 quod
2118 2334 2320 2373 marem
2352 2335 2414 2374 ac
2469 2319 2724 2375 feminam
2755 2320 2964 2388 miscet,
2996 2321 3052 2378 in
3081 2324 3375 2380 concubitu
3408 2325 3530 2380 dico

1940 2407 2237 2474 communi,
2273 2407 2472 2462 scimus
2499 2417 2552 2463 et
2571 2409 2804 2464 animam
2824 2419 2878 2464 et
2905 2425 3120 2465 carnem
3152 2411 3310 2466 simul
3339 2411 3491 2486 fungi
3515 2431 3528 2467 :

1937 2499 2171 2552 animam
2249 2498 2701 2568 concupiscentia,
2775 2514 2994 2555 carnem
3050 2515 3244 2570 Opera;
3288 2501 3525 2556 animam

1939 2587 2216 2656 instinctu,
2247 2602 2466 2643 carnem
2506 2596 2646 2643 actu.
2693 2588 2863 2644 Unico
2892 2588 3056 2660 igitur
3085 2589 3288 2658 impetu
3325 2592 3530 2646 utrius-

1937 2693 2064 2748 que,
2099 2684 2208 2732 toto
2259 2676 2475 2732 homine
2531 2692 2817 2745 concusso,
2849 2677 3197 2749 despumatur
3234 2675 3410 2736 696
3438 2696 3530 2735 se-

1937 2781 2063 2820 men
2093 2765 2142 2802 51
2200 2764 2365 2820 totius
2423 2763 2658 2819 hominis
2709 2763 2843 2836 (80),
2889 2764 3094 2819 habens
3148 2781 3214 2819 ex
3261 2768 3530 2838 corporali

1939 2852 2235 2907 substantia
2291 2853 2588 2918 humorem,
2648 2869 2712 2908 ex
2773 2853 2992 2908 animali
3047 2854 3295 2909 calorem.
3362 2857 3429 2910 Et
3484 2857 3530 2908 si

206 2937 438 3008 iunctio
517 2940 760 3010 corporis
830 2939 1158 3013 animaeque.
1201 2942 1258 2998 Si
1316 2923 1606 3012 disjunc'tio
1663 2943 1820 2998 simul
1855 2923 1898 3000 θ
1939 2941 2194 3012 frigidum
2241 2957 2440 2996 nomen
2479 2951 2561 2998 est
2615 2941 2794 2996 anima
2824 2941 3138 2997 Graecorum
3195 2943 3332 3014 (81),
3365 2960 3531 3015 quare

208 3029 445 3100 utrique
503 3029 818 3084 substantiae
870 3030 1065 3087 accidit
1117 3047 1212 3101 per
1245 3040 1495 3097 mortem,
1527 3034 1631 3089 hoc
1661 3035 1824 3088 debet

1933 3046 2153 3101 corpus,
2185 3038 2434 3099 exempta
2463 3045 2546 3098 ea,
2577 3029 2789 3103 friget?
2827 3030 3100 3103 Denique,
3133 3039 3192 3086 ut
3222 3032 3399 3088 adhuc
3427 3049 3528 3090 ve-

1607 3146 1802 3210 Variac
1841 3151 2149 3210 lectiones.

275 3243 331 3280 43
371 3241 610 3318 Seminis
633 3245 791 3298 Pam.
821 3246 994 3300 Fran.
1027 3243 1078 3282 ‘9
1107 3247 1269 3302 Forte
1302 3243 1402 3311 sic,
1430 3261 1536 3317 pro
1565 3244 1631 3314 si,
1666 3245 1972 3318 legendum.
2009 3243 2144 3300 Edd.
2169 3243 2220 3282 ⁵ο
2247 3241 2398 3298 Tunc
2434 3241 2583 3300 abest
2625 3244 2806 3298 Paris.
2838 3244 2884 3282 51
2915 3245 3212 3316 DeSpumat
3257 3247 3310 3301 in
3344 3263 3527 3304 semen

207 3317 430 3371 Franc.
456 3315 620 3368 Pam.

1628 3385 2128 3451 Commentarius.

283 3481 408 3550 (74)
449 3481 562 3556 Sic
595 3485 654 3536 et
709 3481 780 3537 ad
834 3483 1158 3556 Jeremiam,
1213 3492 1313 3540 etc.
1345 3483 1424 3538 Ad
1456 3483 1704 3556 ejusdem
1745 3484 1821 3538 rei

203 3568 322 3626 com
335 3551 746 3626 probationem,
778 3553 938 3626 etiam
963 3554 1210 3610 Jeremiae
1240 3551 1525 3626 prOphetie
1547 3572 1612 3610 ex
1650 3571 1769 3626 capi.
1802 3571 1820 3610 ι

204 3622 794 3698 testiinoniumaffert,
835 3625 1071 3698 idipsum
1118 3622 1402 3682 conferens
1459 3644 1579 3682 cum
1627 3622 1817 3698 saepis-

203 3697 349 3750 sime
389 3695 554 3749 citato
585 3693 704 3750 loco
733 3696 870 3752 Gen.
897 3693 935 3753 ιζ
973 3697 1112 3752 Pan.

275 3769 411 3840 (75)
443 3765 634 3821 Simul
660 3767 849 3822 ambas
877 3773 932 3824 et
972 3768 1202 3840 concipi
1255 3771 1311 3824 et
1338 3767 1820 3840 conﬁcitetctllic

205 3837 436 3908 plenius
465 3845 522 3890 et
577 3851 695 3909 cap.
728 3841 794 3892 36
828 3837 1154 3908 paradoxum
1210 3855 1368 3894 suum
1398 3837 1631 3894 effundit
1680 3839 1816 3894 Ter-

205 3909 504 3972 tullianus,
556 3911 706 3980 quod
753 3925 938 3980 supra,
990 3925 1110 3980 cap.
1159 3913 1190 3964 9
1237 3921 1292 3966 et
1335 3913 1426 3976 22,
1457 3911 1818 3966 insinuaverat

200 3980 272 4035 de
301 3979 714 4051 propagatione
767 3979 1065 4035 animarum
1104 3981 1262 4036 simul
1317 3997 1440 4037 cum
1496 3981 1700 4037 semine
1751 3998 1813 4036 ex

201 4051 418 4106 Adami
467 4051 710 4106 traduce.
739 4051 798 4106 In
857 4051 1102 4106 eamdem
1132 4051 1440 4122 Opinionem
1468 4052 1614 4123 cogit
1642 4051 1815 4107 Ruffi-

201 4139 312 4178 nus
377 4123 736 4190 Lactantium,
769 4123 994 4177 -dubius
1049 4132 1102 4178 et
1149 4123 1266 4192 ipse
1323 4123 1589 4179 Rut‘ﬁnus.
1645 4123 1814 4191 Cujus

203 4193 492 4248 sententia
527 4209 622 4264 per
669 4194 1050 4262 compendium
1106 4193 1328 4250 collecta
1365 4211 1430 4250 ex
1485 4194 1815 4263 Hieronymo

200 4265 554 4336 Apolog.__u,
587 4265 650 4336 in
671 4266 996 4334 Rufﬁnum.
1029 4265 1158 4320 LAG.

277 4333 418 4403 (76)
439 4332 540 4390 Nec
567 4332 1123 4394 ullum'intervenire
1150 4338 1506 4392 momentum
1533 4335 1598 4389 in
1627 4351 1816 4391 conce-

191 4409 338 4478 ptu,
382 4411 492 4458 etc.
535 4405 648 4462 Hoc
675 4413 780 4474 est,
811 4423 920 4485 non
953 4423 1114 4485 posse
1143 4409 1206 4485 in_
1217 4413 1492 4485 conceptu
1523 4406 1664 4485 inter
1701 4406 1815 4485 anis

193 4493 354 4532 mam
431 4486 486 4531 et
543 4492 742 4548 corpus
793 4478 1058 4534 existendi
1113 4478 1357 4533 ordinem
1411 4478 1682 4540 constitui,
1722 4483 1812 4548 aut

195 4548 500 4614 afﬁrmari,
555 4546 703 4619 prior
755 4549 844 4604 illa
909 4549 1192 4618 exstiterit,
1227 4563 1431 4614 necne;
1465 4548 1696 4618 primum
1727 4546 1817 4601 illa

195 4619 412 4691 locum,
437 4619 700 4686 obtineat,
733 4637 799 4675 an
830 4622 1164 4689 secundum;
1192 4620 1456 4691 praecedat
1479 4619 1572 4672 illa
1595 4634 1815 4687 corpus,

197 4709 272 4746 an
337 4689 701 4761 adsequatur.
745 4693 870 4762 Ipse
937 4691 1158 4748 Tertull.
1192 4689 1324 4746 ‘lib.
1393 4691 1459 4748 de
1497 4693 1813 4762 Resurrect.

204 4765 394 4820 Cum.
432 4783 450 4818 :
487 4783 512 4812 ε
545 4763 682 4818 Caro
722 4761 884 4834 atque
914 4763 1092 4834 anima
1117 4762 1276 4816 simul
1305 4762 1440 4818 fiunt
1467 4763 1583 4816 sine
1613 4761 1817 4834 calculo

197 4835 514 4904 temporis,
558 4831 968 4906 contemperant
995 4833 1151 4906 fastu,
1183 4844 1414 4888 constant
1450 4845 1647 4906 natur»
1681 4831 1813 4906 illa.

267 4903 410 4977 (77)
433 4907 496 4961 Si
517 4921 664 4961 mors
687 4903 802 4961 non
821 4907 980 4960 aliud
1005 4905 1445 4977 determinatur.
1471 4906 1590 4960 Non
1611 4903 1819 4977 induci-

193 4976 290 5032 tur
323 4993 406 5032 ex
439 4977 546 5030 hoc
573 4983 901 5049 argumento
931 4976 1136 5030 animas
1165 4991 1285 5030 cum
1316 4992 1545 5049 corpore
1574 4976 1816 5030 semina-

195 5057 308 5113 tas,
345 5049 456 5103 sed
501 5047 675 5102 solum
733 5049 1256 5119 conjunctas;rquod
1317 5047 1666 5119 ﬁerigﬁpotest
1721 5063 1818 5116 per

191 5119 571 5244 creati‘ogneg.
605 5121 682 5174 De
721 5117 1042 5192 argumento
1083 5117 1187 5174 isto
1215 5121 1412 5175 iterum
1441 5117 1816 5185 Tertullianus,

191 5206 322 5244 can.
452 5231 466 5244 .
541 5205 633 5244 AC.

189 5206 322 5247 can.
365 5192 466 5244 42.
499 5192 633 5247 ΙιΑο.

261 5209 662 5330 ῗῆὃῖᾉνιέῒιῗῆι
693 5279 778 5335 Λα,
807 5267 1083 5335 conceptu
1117 5262 1494 5333 agnoscimus,
1526 5261 1656 5331 quia
1683 5261 1816 5335 a_ni-

187 5349 400 5400 mam,
431 5339 532 5389 etc.
571 5333 933 5389 Falsissimum
977 5333 1094 5389 'hoc
1141 5349 1263 5388 esse
1290 5339 1682 5388 commentatur
1711 5333 1818 5386 Pa-

191 5403 598 5476 melius,quia
633 5405 938 5476 secundum
995 5404 1338 5476 physicorum
1381 5403 1818 5476 medicorumque

193 5474 547 5549 sententiain
578 5475 796 5549 nonnisi
825 5474 1237 5549 quadragesima
1282 5475 1368 5529 die
1403 5474 1668 5549 animatur
1695 5489 1818 5549 ma-

199 5547 432 5610 sculus,
465 5546 664 5601 femina
711 5544 860 5602 vero
897 5548 986 5602 die
1033 5544 1132 5604 ῑιο.
1185 5548 1302 5602 Non
1362 5555 1534 5600 tamen
1589 5544 1662 5598 ita
1691 5545 1826 5599 falso

197 5616 606 5692 Tertullianus,
655 5619 788 5690 quin
844 5619 1004 5677 multi
1055 5635 1242 5678 verum
1298 5615 1641 5684 crediderint,
1689 5617 1824 5674 adeo

1929 3483 2122 3538 lentam
2154 3483 2209 3536 et
2265 3481 2472 3550 pigram
2527 3489 2772 3536 naturam
2821 3497 2928 3538 non
2955 3484 3242 3539 credentes
3273 3484 3328 3538 in
3361 3486 3524 3541 bene-

1929 3552 2051 3625 ﬁcio
2105 3552 2228 3607 vitae
2285 3552 2629 3608 conferendo.
2668 3553 2796 3625 Lac.
2823 3581 2897 3625 ί-
2926 3555 3262 3625 Opinionem
3301 3557 3519 3612 Tertul—

1929 3624 2056 3698 liani
2089 3625 2316 3698 amplexi
2371 3630 2514 3688 sunt,
2551 3636 2671 3698 post
2727 3623 2782 3698 S_.
2815 3623 3093 3698 Basiliam,
3125 3633 3176 3680 et
3207 3626 3520 3698 congiami-

1927 3695 2058 3770 lam,
2093 3693 2714 3770 pleriquerccentiores,
2740 3693 2896 3770 inter,
2916 3713 3061 3770 quos
3077 3697 3144 3770 P.
3158 3698 3208 3750 .l.
3233 3697 3293 3751 C.
3314 3693 3523 3770 Breyne

1927 3768 1980 3821 in
2008 3765 2176 3838 Opere
2206 3767 2297 3838 cui
2323 3765 2510 3820 titulus
2543 3784 2555 3822 :
2592 3767 2750 3822 Essai
2778 3783 2878 3821 sur
2910 3767 2965 3822 la
2998 3769 3268 3837 theologia
3306 3765 3522 3826 morale

1926 3837 2246 3912 consideres
2265 3837 2406 3912 glans
2426 3854 2509 3894 ses
2528 3843 2792 3910 rapports
2813 3855 2942 3896 avec
2965 3838 3020 3895 la
3039 3839 3378 3912 physiologia
3390 3846 3444 3898 et
3468 3843 3523 3898 la

1924 3911 2229 3966 medecine.
2260 3909 2402 3962 Enn.

1998 3981 2110 4051 ('79)
2132 3977 2822 4052 Concubitumlibidomon
2838 3982 3107 4052 conditio,
3125 3981 3377 4052 foedavit.
3400 3983 3520 4039 Non

1925 4050 2140 4120 semper
2195 4051 2455 4126 incumbit
2505 4050 2940 4126 Septimiusuisti
2989 4050 3291 4126 sententiae,
3330 4071 3520 4126 quam-

1925 4138 2084 4191 quam
2135 4121 2454 4192 verissimze.
2505 4121 2688 4192 Itaque
2746 4121 2873 4178 odio
2903 4125 3204 4192 nuptiarum
3247 4121 3520 4179 interdum

1923 4191 2566 4268 praevaricari__vi_detur.
2603 4191 2615 4192 ί
2651 4192 2911 4268 Theano,
2967 4191 3105 4268 uxor
3177 4195 3515 4268 Pythagorae.

1923 4261 2202 4334 mulierem
2258 4261 2477 4334 dicebat
2525 4273 2804 4332 Operatam
2865 4266 3001 4330 viro,
3061 4263 3106 4317 si
3138 4261 3518 4334 qui'dem'pro-

1925 4333 2064 4406 prio,
2094 4347 2302 4406 ipuram
2359 4332 2538 4386 statim
2597 4349 2750 4405 esse;
2809 4343 2866 4387 at
2912 4335 2956 4388 si
3010 4332 3205 4401 alieno,
3239 4332 3518 4406 nunquam

1927 4403 2060 4460 fore.
2093 4405 2217 4458 Rio.
2739 4403 2745 4405 “
3367 4442 3374 4454 .

1993 4503 2065 4515 ——
2097 4473 2464 4532 Concubitum
2495 4473 2682 4546 libido,
2705 4489 2824 4546 non
2843 4475 3088 4531 conditio
3104 4476 3352 4546 fcedavit.
3388 4477 3514 4532 Pul-

1927 4545 2224 4602 cherrimus
2277 4547 2444 4610 locus,
2505 4543 2574 4599 de
2631 4545 2962 4599 matrimonii
3019 4543 3160 4602 statu
3231 4547 3516 4604 benedicto

1926 4619 2067 4686 apud
2115 4618 2310 4683 Deum,
2350 4617 2418 4672 de
2464 4631 2572 4687 quo
2626 4615 2784 4671 latius
2833 4617 2933 4670 sub
2989 4615 3150 4671 finem
3207 4617 3300 4672 lib.
3332 4634 3351 4673 ι
3391 4621 3518 4675 adv.

1929 4689 2101 4745 Marc.
2137 4691 2272 4745 PAM.

1999 4760 2113 4830 (80)
2129 4762 2510 4833 Despumatur
2528 4775 2716 4816 semen
2740 4760 2912 4833 totius
2925 4758 3188 4833 hominis.
3207 4759 3522 4833 metaphora

1926 4831 2034 4896 illa,
2070 4848 2101 4885 a
2157 4830 2347 4900 spuma
2397 4831 2574 4902 ducta,
2633 4831 3042 4902 nonhinsolens
3071 4840 3153 4886 est
3185 4830 3521 4902 pliilOSOphis

1925 4917 1989 4958 ac
2045 4903 2285 4956 medicis.
2342 4901 2676 4968 Aristoteles,
2734 4900 2829 4954 lib.
2877 4917 2920 4954 ιι
2975 4902 3040 4958 de
3090 4904 3282 4958 Gener.
3333 4900 3520 4958 Anim.

1927 4989 2040 5042 cap.
2102 4977 2134 5028 2
2177 4991 2189 5028 ε
2239 4969 2350 5026 Οἷον
2410 4971 2464 5024 δὲ
2509 4973 2591 5026 καὶ
2620 4975 2644 5024 ὁ
2699 4972 2850 5043 ἀφρὸς
2901 4973 3090 5045 γίνεται
3123 4974 3391 5044 παχύτερος
3440 4975 3522 5028 καὶ

1925 5045 2117 5109 λευκὸς,
2135 5046 2312 5102 veluti
2331 5061 2534 5118 spuma
2561 5045 2628 5114 ﬁt
2657 5045 2980 5118 crassiuset
3008 5045 3219 5118 album.
3253 5046 3522 5118 Pythago-

1929 5133 2016 5171 ras
2044 5118 2254 5170 dicebat
2279 5115 2423 5186 apud
2472 5117 2842 5180 Plutarchum,
2876 5116 2968 5171 lib.
3008 5131 3046 5170 v
3074 5117 3140 5173 de
3169 5115 3323 5173 Plac.
3371 5115 3520 5174 Phil.

1926 5203 2048 5257 cap.
2081 5191 2110 5241 3
2144 5187 2389 5262 νεῌᾏφρὸγ
2435 5189 2768 5262 χρηστοτάῗτοῦ
2784 5191 2891 5262 Ατοῖξ
2944 5186 3172 5259 αἵματος,
3249 5191 3522 5262 Spuma-In

1928 5274 2044 5332 esse
2086 5257 2381 5332 utilissimi
2419 5257 2738 5330 sanguinis.
2772 5257 2975 5332 omitto
3001 5257 3298 5330 Galenum,
3323 5277 3444 5332 cap.
3469 5267 3520 5325 9,

1929 5329 2021 5384 lib.
2053 5344 2167 5403 xiv,
2208 5329 2274 5386 de
2309 5333 2418 5403 Usu
2444 5329 2724 5403 partium.
2761 5333 2832 5385 LE
2857 5331 2952 5386 Pn.

1999 5401 2110 5472 (81)
2131 5401 2424 5474 Frigidum
2441 5401 2648 5461 nomen
2667 5406 2750 5459 est
2769 5405 2965 5459 anima
2990 5403 3522 5474 ercorum.Enim-

1931 5488 2060 5528 vero
2115 5473 2335 5530 deducit
2385 5475 2747 5530 Tertullianus
2814 5491 3008 5530 nomen
3064 5475 3312 5528 Graecum
3368 5473 3516 5540 ψυχὴ,

1934 5545 2153 5673 aviti-"Ea,
2194 5545 2261 5600 ab
2301 5549 2404 5603 hoc
2429 5547 2600 5602 altero
2628 5547 2805 5618 ψῦχος,
2835 5547 2979 5617 quod
3009 5547 3192 5617 frigus
3216 5543 3404 5599 Latine
3429 5560 3522 5600 so-

1934 5630 2002 5672 ua
2029 5653 2044 5671 .
2115 5631 2208 5673 DD.

1929 5623 2044 5672 nat.
2068 5623 2208 5673 ΕΜ).
