  <div class='ocr_page' id='page_1' title='image "/cluster/home/n/w/nwhite01/storage/ocr_20150623/2/hvd.32044096580329/376.png"; bbox 0 0 4016 6188; ppageno 0'>
   <div class='ocr_carea' id='block_1_1' title="bbox 288 349 386 410">
    <p class='ocr_par' dir='ltr' id='par_1_1' title="bbox 288 349 386 410">
     <span class='ocr_line' id='line_1_1' title="bbox 288 349 386 410; baseline -0.041 0"><span class='ocrx_word' id='word_1_1' title='bbox 288 349 386 410; x_wconf 79' lang='grc'><strong>741</strong></span> 
     </span>
    </p>
   </div>
   <div class='ocr_carea' id='block_1_2' title="bbox 1644 345 2654 408">
    <p class='ocr_par' dir='ltr' id='par_1_2' title="bbox 1644 345 2654 408">
     <span class='ocr_line' id='line_1_2' title="bbox 1644 345 2654 408; baseline -0.008 0"><span class='ocrx_word' id='word_1_2' title='bbox 1644 347 1837 408; x_wconf 80' lang='lat' dir='ltr'><strong>LIBER</strong></span> <span class='ocrx_word' id='word_1_3' title='bbox 1877 346 1962 405; x_wconf 87' lang='lat' dir='ltr'><strong>DE</strong></span> <span class='ocrx_word' id='word_1_4' title='bbox 2013 345 2236 408; x_wconf 78' lang='lat' dir='ltr'><strong>ANIMA.</strong></span> <span class='ocrx_word' id='word_1_5' title='bbox 2623 351 2654 380; x_wconf 74' lang='grc'><strong>⁸</strong></span> 
     </span>
    </p>
   </div>
   <div class='ocr_carea' id='block_1_3' title="bbox 3480 359 3584 421">
    <p class='ocr_par' dir='ltr' id='par_1_3' title="bbox 3480 359 3584 421">
     <span class='ocr_line' id='line_1_3' title="bbox 3480 359 3584 421; baseline 0.019 -2"><span class='ocrx_word' id='word_1_6' title='bbox 3480 359 3584 421; x_wconf 70' lang='lat'><strong>74‘.’</strong></span> 
     </span>
    </p>
   </div>
   <div class='ocr_carea' id='block_1_4' title="bbox 288 453 3584 548">
    <p class='ocr_par' dir='ltr' id='par_1_4' title="bbox 288 453 3584 548">
     <span class='ocr_line' id='line_1_4' title="bbox 288 453 3584 548; baseline 0.003 -16"><span class='ocrx_word' id='word_1_7' title='bbox 288 473 452 542; x_wconf 83' lang='lat' dir='ltr'><strong>efﬁci,</strong></span> <span class='ocrx_word' id='word_1_8' title='bbox 486 473 580 547; x_wconf 87' lang='lat' dir='ltr'><strong>qui</strong></span> <span class='ocrx_word' id='word_1_9' title='bbox 617 473 814 531; x_wconf 80' lang='lat' dir='ltr'><strong>iterum</strong></span> <span class='ocrx_word' id='word_1_10' title='bbox 847 491 905 532; x_wconf 91' lang='lat' dir='ltr'><strong>se</strong></span> <span class='ocrx_word' id='word_1_11' title='bbox 935 453 1584 548; x_wconf 71' lang='lat' dir='ltr'><strong>Pythagoram&#39;pejeravit</strong></span> <span class='ocrx_word' id='word_1_12' title='bbox 1612 477 1640 530; x_wconf 90' lang='lat'><strong>?</strong></span> <span class='ocrx_word' id='word_1_13' title='bbox 1669 475 1884 546; x_wconf 86' lang='lat' dir='ltr'><strong>Quanto</strong></span> <span class='ocrx_word' id='word_1_14' title='bbox 1915 463 1960 542; x_wconf 76' lang='grc' dir='ltr'>Α</span> <span class='ocrx_word' id='word_1_15' title='bbox 1993 475 2147 541; x_wconf 86' lang='lat' dir='ltr'><strong>vivis,</strong></span> <span class='ocrx_word' id='word_1_16' title='bbox 2178 474 2378 530; x_wconf 90' lang='lat' dir='ltr'><strong>idcirco</strong></span> <span class='ocrx_word' id='word_1_17' title='bbox 2406 491 2623 547; x_wconf 84' lang='lat' dir='ltr'><strong>semper</strong></span> <span class='ocrx_word' id='word_1_18' title='bbox 2650 493 2712 532; x_wconf 86' lang='lat' dir='ltr'><strong>ex</strong></span> <span class='ocrx_word' id='word_1_19' title='bbox 2760 477 2896 536; x_wconf 82' lang='lat' dir='ltr'>vivis</span> <span class='ocrx_word' id='word_1_20' title='bbox 2920 481 2948 533; x_wconf 84' lang='lat'><strong>?</strong></span> <span class='ocrx_word' id='word_1_21' title='bbox 2977 480 3082 537; x_wconf 81' lang='lat' dir='ltr'><strong>Aut</strong></span> <span class='ocrx_word' id='word_1_22' title='bbox 3132 483 3276 539; x_wconf 89' lang='lat' dir='ltr'><strong>enim</strong></span> <span class='ocrx_word' id='word_1_23' title='bbox 3325 484 3380 540; x_wconf 91' lang='lat' dir='ltr'><strong>in</strong></span> <span class='ocrx_word' id='word_1_24' title='bbox 3427 493 3584 543; x_wconf 87' lang='lat' dir='ltr'><strong>utra-</strong></span> 
     </span>
    </p>
   </div>
   <div class='ocr_carea' id='block_1_5' title="bbox 287 563 1880 636">
    <p class='ocr_par' dir='ltr' id='par_1_5' title="bbox 287 563 1880 636">
     <span class='ocr_line' id='line_1_5' title="bbox 287 563 1880 636; baseline -0.002 -13"><span class='ocrx_word' id='word_1_25' title='bbox 287 565 433 623; x_wconf 88' lang='lat' dir='ltr'><strong>euim</strong></span> <span class='ocrx_word' id='word_1_26' title='bbox 475 563 788 620; x_wconf 75' lang='lat' dir='ltr'><strong>credibilius</strong></span> <span class='ocrx_word' id='word_1_27' title='bbox 825 564 944 635; x_wconf 89' lang='lat' dir='ltr'><strong>ipse</strong></span> <span class='ocrx_word' id='word_1_28' title='bbox 985 581 1052 620; x_wconf 79' lang='lat' dir='ltr'><strong>ex</strong></span> <span class='ocrx_word' id='word_1_29' title='bbox 1109 565 1401 636; x_wconf 85' lang='lat' dir='ltr'><strong>semetipso</strong></span> <span class='ocrx_word' id='word_1_30' title='bbox 1442 565 1610 621; x_wconf 89' lang='lat' dir='ltr'><strong>semel</strong></span> <span class='ocrx_word' id='word_1_31' title='bbox 1631 567 1676 603; x_wconf 75' lang='lat'><strong>57</strong></span> <span class='ocrx_word' id='word_1_32' title='bbox 1709 565 1880 621; x_wconf 86' lang='lat' dir='ltr'><strong>redis-</strong></span> 
     </span>
    </p>
   </div>
   <div class='ocr_carea' id='block_1_6' title="bbox 288 654 1884 726">
    <p class='ocr_par' dir='ltr' id='par_1_6' title="bbox 288 654 1884 726">
     <span class='ocr_line' id='line_1_6' title="bbox 288 654 1884 726; baseline 0 -15"><span class='ocrx_word' id='word_1_33' title='bbox 288 664 368 711; x_wconf 86' lang='lat' dir='ltr'><strong>set</strong></span> <span class='ocrx_word' id='word_1_34' title='bbox 416 655 472 710; x_wconf 88' lang='lat' dir='ltr'><strong>in</strong></span> <span class='ocrx_word' id='word_1_35' title='bbox 521 655 708 721; x_wconf 84' lang='lat' dir='ltr'><strong>vitam,</strong></span> <span class='ocrx_word' id='word_1_36' title='bbox 741 669 902 726; x_wconf 88' lang='lat' dir='ltr'><strong>quam</strong></span> <span class='ocrx_word' id='word_1_37' title='bbox 948 655 1150 710; x_wconf 86' lang='lat' dir='ltr'><strong>totiens</strong></span> <span class='ocrx_word' id='word_1_38' title='bbox 1188 655 1326 709; x_wconf 91' lang='lat' dir='ltr'><strong>alius</strong></span> <span class='ocrx_word' id='word_1_39' title='bbox 1363 663 1526 726; x_wconf 87' lang='lat' dir='ltr'><strong>atque</strong></span> <span class='ocrx_word' id='word_1_40' title='bbox 1554 654 1710 722; x_wconf 88' lang='lat' dir='ltr'><strong>alius,</strong></span> <span class='ocrx_word' id='word_1_41' title='bbox 1740 665 1884 711; x_wconf 88' lang='lat' dir='ltr'><strong>tanto</strong></span> 
     </span>
    </p>
   </div>
   <div class='ocr_carea' id='block_1_7' title="bbox 289 743 1882 816">
    <p class='ocr_par' dir='ltr' id='par_1_7' title="bbox 289 743 1882 816">
     <span class='ocr_line' id='line_1_7' title="bbox 289 743 1882 816; baseline -0.001 -15"><span class='ocrx_word' id='word_1_42' title='bbox 289 753 342 801; x_wconf 90' lang='lat' dir='ltr'><strong>et</strong></span> <span class='ocrx_word' id='word_1_43' title='bbox 377 745 436 799; x_wconf 91' lang='lat' dir='ltr'><strong>in</strong></span> <span class='ocrx_word' id='word_1_44' title='bbox 473 745 784 801; x_wconf 87' lang='lat' dir='ltr'><strong>durioribus</strong></span> <span class='ocrx_word' id='word_1_45' title='bbox 837 743 1042 812; x_wconf 79' lang='lat' dir='ltr'><strong>fefellit,</strong></span> <span class='ocrx_word' id='word_1_46' title='bbox 1076 743 1172 816; x_wconf 88' lang='lat' dir='ltr'><strong>qui</strong></span> <span class='ocrx_word' id='word_1_47' title='bbox 1207 743 1456 800; x_wconf 85' lang='lat' dir='ltr'><strong>molliora</strong></span> <span class='ocrx_word' id='word_1_48' title='bbox 1501 745 1756 800; x_wconf 84' lang='lat' dir='ltr'><strong>mentitus</strong></span> <span class='ocrx_word' id='word_1_49' title='bbox 1783 751 1882 800; x_wconf 91' lang='lat' dir='ltr'><strong>est.</strong></span> 
     </span>
    </p>
   </div>
   <div class='ocr_carea' id='block_1_8' title="bbox 286 833 1885 905">
    <p class='ocr_par' dir='ltr' id='par_1_8' title="bbox 286 833 1885 905">
     <span class='ocr_line' id='line_1_8' title="bbox 286 833 1885 905; baseline -0.003 -12"><span class='ocrx_word' id='word_1_50' title='bbox 286 834 390 893; x_wconf 89' lang='lat' dir='ltr'><strong>Sed</strong></span> <span class='ocrx_word' id='word_1_51' title='bbox 427 834 688 905; x_wconf 86' lang='lat' dir='ltr'><strong>clypeum</strong></span> <span class='ocrx_word' id='word_1_52' title='bbox 723 833 1006 904; x_wconf 86' lang='lat' dir='ltr'><strong>Euphorbi</strong></span> <span class='ocrx_word' id='word_1_53' title='bbox 1033 835 1150 905; x_wconf 89' lang='lat'><strong>(88)</strong></span> <span class='ocrx_word' id='word_1_54' title='bbox 1180 833 1308 889; x_wconf 90' lang='lat' dir='ltr'><strong>olim</strong></span> <span class='ocrx_word' id='word_1_55' title='bbox 1347 833 1574 905; x_wconf 85' lang='lat' dir='ltr'><strong>Delphis</strong></span> <span class='ocrx_word' id='word_1_56' title='bbox 1602 849 1885 890; x_wconf 86' lang='lat' dir='ltr'><strong>consecra-</strong></span> 
     </span>
    </p>
   </div>
   <div class='ocr_carea' id='block_1_9' title="bbox 292 921 1889 996">
    <p class='ocr_par' dir='ltr' id='par_1_9' title="bbox 292 921 1889 996">
     <span class='ocr_line' id='line_1_9' title="bbox 292 921 1889 996; baseline -0.001 -18"><span class='ocrx_word' id='word_1_57' title='bbox 292 931 406 978; x_wconf 90' lang='lat' dir='ltr'><strong>tum</strong></span> <span class='ocrx_word' id='word_1_58' title='bbox 440 921 777 994; x_wconf 79' lang='lat' dir='ltr'><strong>recognovit,</strong></span> <span class='ocrx_word' id='word_1_59' title='bbox 818 929 870 976; x_wconf 90' lang='lat' dir='ltr'><strong>et</strong></span> <span class='ocrx_word' id='word_1_60' title='bbox 911 938 1071 978; x_wconf 86' lang='lat' dir='ltr'><strong>suum</strong></span> <span class='ocrx_word' id='word_1_61' title='bbox 1111 921 1268 988; x_wconf 83' lang='lat' dir='ltr'><strong>dixit,</strong></span> <span class='ocrx_word' id='word_1_62' title='bbox 1302 931 1356 978; x_wconf 87' lang='lat' dir='ltr'><strong>et</strong></span> <span class='ocrx_word' id='word_1_63' title='bbox 1399 923 1467 978; x_wconf 90' lang='lat' dir='ltr'><strong>de</strong></span> <span class='ocrx_word' id='word_1_64' title='bbox 1514 922 1688 994; x_wconf 80' lang='lat' dir='ltr'><strong>signis</strong></span> <span class='ocrx_word' id='word_1_65' title='bbox 1725 924 1889 996; x_wconf 75' lang='lat' dir='ltr'><strong>vulgo</strong></span> 
     </span>
    </p>
   </div>
   <div class='ocr_carea' id='block_1_10' title="bbox 285 1009 1890 1083">
    <p class='ocr_par' dir='ltr' id='par_1_10' title="bbox 285 1009 1890 1083">
     <span class='ocr_line' id='line_1_10' title="bbox 285 1009 1890 1083; baseline -0.001 -18"><span class='ocrx_word' id='word_1_66' title='bbox 285 1011 490 1083; x_wconf 79' lang='lat' dir='ltr'><strong>ignotis</strong></span> <span class='ocrx_word' id='word_1_67' title='bbox 518 1010 791 1081; x_wconf 76' lang='lat' dir='ltr'><strong>probavit.</strong></span> <span class='ocrx_word' id='word_1_68' title='bbox 844 1011 1070 1082; x_wconf 84' lang='lat' dir='ltr'><strong>Respice</strong></span> <span class='ocrx_word' id='word_1_69' title='bbox 1106 1010 1174 1064; x_wconf 88' lang='lat' dir='ltr'><strong>ad</strong></span> <span class='ocrx_word' id='word_1_70' title='bbox 1203 1013 1515 1083; x_wconf 82' lang='lat' dir='ltr'><strong>hypogeum</strong></span> <span class='ocrx_word' id='word_1_71' title='bbox 1557 1014 1693 1082; x_wconf 84' lang='lat' dir='ltr'><strong>ejus,</strong></span> <span class='ocrx_word' id='word_1_72' title='bbox 1735 1017 1809 1080; x_wconf 89' lang='lat' dir='ltr'><strong>et,</strong></span> <span class='ocrx_word' id='word_1_73' title='bbox 1843 1009 1890 1065; x_wconf 89' lang='lat' dir='ltr'><strong>si</strong></span> 
     </span>
    </p>
   </div>
   <div class='ocr_carea' id='block_1_11' title="bbox 290 1098 1891 1172">
    <p class='ocr_par' dir='ltr' id='par_1_11' title="bbox 290 1098 1891 1172">
     <span class='ocr_line' id='line_1_11' title="bbox 290 1098 1891 1172; baseline -0.001 -16"><span class='ocrx_word' id='word_1_74' title='bbox 290 1103 455 1172; x_wconf 87' lang='lat' dir='ltr'><strong>capit,</strong></span> <span class='ocrx_word' id='word_1_75' title='bbox 501 1098 666 1155; x_wconf 85' lang='lat' dir='ltr'><strong>crede</strong></span> <span class='ocrx_word' id='word_1_76' title='bbox 716 1099 853 1170; x_wconf 92' lang='lat'><strong>(89).</strong></span> <span class='ocrx_word' id='word_1_77' title='bbox 903 1100 1044 1154; x_wconf 89' lang='lat' dir='ltr'><strong>Nam</strong></span> <span class='ocrx_word' id='word_1_78' title='bbox 1090 1099 1184 1171; x_wconf 85' lang='lat' dir='ltr'><strong>qui</strong></span> <span class='ocrx_word' id='word_1_79' title='bbox 1231 1101 1388 1155; x_wconf 90' lang='lat' dir='ltr'><strong>talem</strong></span> <span class='ocrx_word' id='word_1_80' title='bbox 1435 1109 1772 1156; x_wconf 89' lang='lat' dir='ltr'><strong>commentus</strong></span> <span class='ocrx_word' id='word_1_81' title='bbox 1809 1106 1891 1155; x_wconf 89' lang='lat' dir='ltr'><strong>est</strong></span> 
     </span>
    </p>
   </div>
   <div class='ocr_carea' id='block_1_12' title="bbox 293 1188 1889 1260">
    <p class='ocr_par' dir='ltr' id='par_1_12' title="bbox 293 1188 1889 1260">
     <span class='ocr_line' id='line_1_12' title="bbox 293 1188 1889 1260; baseline -0.001 -15"><span class='ocrx_word' id='word_1_82' title='bbox 293 1189 592 1260; x_wconf 85' lang='lat' dir='ltr'><strong>strOpham,</strong></span> <span class='ocrx_word' id='word_1_83' title='bbox 617 1204 742 1245; x_wconf 89' lang='lat' dir='ltr'><strong>cum</strong></span> <span class='ocrx_word' id='word_1_84' title='bbox 773 1188 966 1258; x_wconf 84' lang='lat' dir='ltr'><strong>injuria</strong></span> <span class='ocrx_word' id='word_1_85' title='bbox 994 1189 1150 1243; x_wconf 70' lang='lat' dir='ltr'><strong>bonae</strong></span> <span class='ocrx_word' id='word_1_86' title='bbox 1177 1189 1524 1255; x_wconf 72' lang='lat' dir='ltr'><strong>valetudinis,</strong></span> <span class='ocrx_word' id='word_1_87' title='bbox 1549 1205 1670 1245; x_wconf 92' lang='lat' dir='ltr'><strong>cum</strong></span> <span class='ocrx_word' id='word_1_88' title='bbox 1702 1188 1889 1244; x_wconf 85' lang='lat' dir='ltr'><strong>fraude</strong></span> 
     </span>
    </p>
   </div>
   <div class='ocr_carea' id='block_1_13' title="bbox 291 1277 1887 1350">
    <p class='ocr_par' dir='ltr' id='par_1_13' title="bbox 291 1277 1887 1350">
     <span class='ocr_line' id='line_1_13' title="bbox 291 1277 1887 1350; baseline 0 -15"><span class='ocrx_word' id='word_1_89' title='bbox 291 1279 416 1336; x_wconf 76' lang='lat' dir='ltr'><strong>vitae</strong></span> <span class='ocrx_word' id='word_1_90' title='bbox 489 1277 774 1350; x_wconf 82' lang='lat' dir='ltr'><strong>septennia</strong></span> <span class='ocrx_word' id='word_1_91' title='bbox 833 1277 1159 1333; x_wconf 59' lang='lat' dir='ltr'><strong>excruciata;</strong></span> <span class='ocrx_word' id='word_1_92' title='bbox 1229 1277 1366 1333; x_wconf 90' lang='lat' dir='ltr'><strong>infra</strong></span> <span class='ocrx_word' id='word_1_93' title='bbox 1421 1286 1618 1334; x_wconf 87' lang='lat' dir='ltr'><strong>terram</strong></span> <span class='ocrx_word' id='word_1_94' title='bbox 1679 1279 1887 1346; x_wconf 85' lang='lat' dir='ltr'><strong>inedia,</strong></span> 
     </span>
    </p>
   </div>
   <div class='ocr_carea' id='block_1_14' title="bbox 289 1365 1891 1440">
    <p class='ocr_par' dir='ltr' id='par_1_14' title="bbox 289 1365 1891 1440">
     <span class='ocr_line' id='line_1_14' title="bbox 289 1365 1891 1440; baseline 0.001 -20"><span class='ocrx_word' id='word_1_95' title='bbox 289 1367 524 1440; x_wconf 76' lang='lat' dir='ltr'><strong>ignavia,</strong></span> <span class='ocrx_word' id='word_1_96' title='bbox 553 1366 780 1436; x_wconf 89' lang='lat' dir='ltr'><strong>umbra;</strong></span> <span class='ocrx_word' id='word_1_97' title='bbox 816 1366 902 1421; x_wconf 93' lang='lat' dir='ltr'><strong>cui</strong></span> <span class='ocrx_word' id='word_1_98' title='bbox 933 1365 1065 1421; x_wconf 87' lang='lat' dir='ltr'><strong>tanti</strong></span> <span class='ocrx_word' id='word_1_99' title='bbox 1107 1365 1207 1422; x_wconf 89' lang='lat' dir='ltr'><strong>fuit</strong></span> <span class='ocrx_word' id='word_1_100' title='bbox 1243 1366 1516 1422; x_wconf 89' lang='lat' dir='ltr'><strong>fastidium</strong></span> <span class='ocrx_word' id='word_1_101' title='bbox 1552 1367 1698 1438; x_wconf 89' lang='lat' dir='ltr'><strong>coeli,</strong></span> <span class='ocrx_word' id='word_1_102' title='bbox 1729 1385 1891 1439; x_wconf 89' lang='lat' dir='ltr'><strong>quam</strong></span> 
     </span>
    </p>
   </div>
   <div class='ocr_carea' id='block_1_15' title="bbox 291 1454 1892 1524">
    <p class='ocr_par' dir='ltr' id='par_1_15' title="bbox 291 1454 1892 1524">
     <span class='ocr_line' id='line_1_15' title="bbox 291 1454 1892 1524; baseline 0 -12"><span class='ocrx_word' id='word_1_103' title='bbox 291 1473 396 1512; x_wconf 85' lang='lat' dir='ltr'><strong>non</strong></span> <span class='ocrx_word' id='word_1_104' title='bbox 447 1457 736 1512; x_wconf 83' lang='lat' dir='ltr'><strong>accesserit</strong></span> <span class='ocrx_word' id='word_1_105' title='bbox 785 1455 1188 1512; x_wconf 81' lang='lat' dir='ltr'><strong>temeritatem?</strong></span> <span class='ocrx_word' id='word_1_106' title='bbox 1237 1454 1408 1524; x_wconf 87' lang='lat' dir='ltr'><strong>Quam</strong></span> <span class='ocrx_word' id='word_1_107' title='bbox 1460 1472 1564 1513; x_wconf 90' lang='lat' dir='ltr'><strong>non</strong></span> <span class='ocrx_word' id='word_1_108' title='bbox 1607 1461 1892 1514; x_wconf 86' lang='lat' dir='ltr'><strong>tentaverit</strong></span> 
     </span>
    </p>
   </div>
   <div class='ocr_carea' id='block_1_16' title="bbox 290 1544 1891 1617">
    <p class='ocr_par' dir='ltr' id='par_1_16' title="bbox 290 1544 1891 1617">
     <span class='ocr_line' id='line_1_16' title="bbox 290 1544 1891 1617; baseline 0.002 -15"><span class='ocrx_word' id='word_1_109' title='bbox 290 1544 679 1611; x_wconf 86' lang='lat' dir='ltr'><strong>curiositatem,</strong></span> <span class='ocrx_word' id='word_1_110' title='bbox 711 1553 771 1599; x_wconf 90' lang='lat' dir='ltr'><strong>ut</strong></span> <span class='ocrx_word' id='word_1_111' title='bbox 815 1545 879 1599; x_wconf 89' lang='lat' dir='ltr'><strong>ad</strong></span> <span class='ocrx_word' id='word_1_112' title='bbox 913 1553 1098 1600; x_wconf 88' lang='lat' dir='ltr'><strong>notam</strong></span> <span class='ocrx_word' id='word_1_113' title='bbox 1146 1545 1320 1617; x_wconf 84' lang='lat' dir='ltr'><strong>clypei</strong></span> <span class='ocrx_word' id='word_1_114' title='bbox 1356 1545 1501 1602; x_wconf 90' lang='lat' dir='ltr'><strong>illius</strong></span> <span class='ocrx_word' id='word_1_115' title='bbox 1540 1547 1891 1617; x_wconf 86' lang='lat' dir='ltr'><strong>perveniret?</strong></span> 
     </span>
    </p>
   </div>
   <div class='ocr_carea' id='block_1_17' title="bbox 290 1634 1892 1707">
    <p class='ocr_par' dir='ltr' id='par_1_17' title="bbox 290 1634 1892 1707">
     <span class='ocr_line' id='line_1_17' title="bbox 290 1634 1892 1707; baseline 0.002 -17"><span class='ocrx_word' id='word_1_116' title='bbox 290 1635 436 1704; x_wconf 87' lang='lat' dir='ltr'><strong>Quid</strong></span> <span class='ocrx_word' id='word_1_117' title='bbox 465 1643 671 1701; x_wconf 89' lang='lat' dir='ltr'><strong>autem,</strong></span> <span class='ocrx_word' id='word_1_118' title='bbox 719 1636 766 1690; x_wconf 92' lang='lat' dir='ltr'><strong>si</strong></span> <span class='ocrx_word' id='word_1_119' title='bbox 809 1635 862 1688; x_wconf 89' lang='lat' dir='ltr'><strong>in</strong></span> <span class='ocrx_word' id='word_1_120' title='bbox 911 1634 1157 1691; x_wconf 86' lang='lat' dir='ltr'><strong>historiis</strong></span> <span class='ocrx_word' id='word_1_121' title='bbox 1201 1635 1470 1707; x_wconf 86' lang='lat' dir='ltr'><strong>aliquibus</strong></span> <span class='ocrx_word' id='word_1_122' title='bbox 1507 1637 1892 1694; x_wconf 88' lang='lat' dir='ltr'><strong>occultioribus</strong></span> 
     </span>
    </p>
   </div>
   <div class='ocr_carea' id='block_1_18' title="bbox 295 1723 1886 1798">
    <p class='ocr_par' dir='ltr' id='par_1_18' title="bbox 295 1723 1886 1798">
     <span class='ocr_line' id='line_1_18' title="bbox 295 1723 1886 1798; baseline 0.001 -17"><span class='ocrx_word' id='word_1_123' title='bbox 295 1725 540 1797; x_wconf 88' lang='lat' dir='ltr'><strong>reperit?</strong></span> <span class='ocrx_word' id='word_1_124' title='bbox 571 1723 724 1796; x_wconf 92' lang='lat' dir='ltr'><strong>quid,</strong></span> <span class='ocrx_word' id='word_1_125' title='bbox 757 1724 804 1778; x_wconf 91' lang='lat' dir='ltr'><strong>si</strong></span> <span class='ocrx_word' id='word_1_126' title='bbox 833 1723 1056 1780; x_wconf 67' lang='lat' dir='ltr'><strong>defectae</strong></span> <span class='ocrx_word' id='word_1_127' title='bbox 1087 1725 1199 1794; x_wconf 85' lang='lat' dir='ltr'><strong>jam</strong></span> <span class='ocrx_word' id='word_1_128' title='bbox 1231 1725 1538 1780; x_wconf 78' lang='lat' dir='ltr'><strong>traditionis</strong></span> <span class='ocrx_word' id='word_1_129' title='bbox 1567 1726 1886 1798; x_wconf 78' lang='lat' dir='ltr'><strong>superstites</strong></span> 
     </span>
    </p>
   </div>
   <div class='ocr_carea' id='block_1_19' title="bbox 306 1776 1970 1887">
    <p class='ocr_par' dir='ltr' id='par_1_19' title="bbox 306 1776 1970 1887">
     <span class='ocr_line' id='line_1_19' title="bbox 306 1776 1970 1887; baseline 0.001 -17"><span class='ocrx_word' id='word_1_130' title='bbox 306 1776 516 1887; x_wconf 69' lang='lat' dir='ltr'><strong>aliquas</strong></span> <span class='ocrx_word' id='word_1_131' title='bbox 552 1776 724 1869; x_wconf 44' lang='lat' dir='ltr'><strong>famm’</strong></span> <span class='ocrx_word' id='word_1_132' title='bbox 755 1813 972 1868; x_wconf 85' lang='lat' dir='ltr'><strong>aurulas</strong></span> <span class='ocrx_word' id='word_1_133' title='bbox 1032 1776 1211 1868; x_wconf 60' lang='lat' dir='ltr'><strong>hausit</strong></span> <span class='ocrx_word' id='word_1_134' title='bbox 1235 1815 1262 1869; x_wconf 82' lang='lat'><strong>?</strong></span> <span class='ocrx_word' id='word_1_135' title='bbox 1293 1814 1443 1886; x_wconf 88' lang='lat' dir='ltr'><strong>quid,</strong></span> <span class='ocrx_word' id='word_1_136' title='bbox 1495 1813 1542 1869; x_wconf 92' lang='lat' dir='ltr'><strong>si</strong></span> <span class='ocrx_word' id='word_1_137' title='bbox 1585 1776 1664 1870; x_wconf 78' lang='lat' dir='ltr'><strong>abr</strong></span> <span class='ocrx_word' id='word_1_138' title='bbox 1693 1816 1891 1872; x_wconf 71' lang='lat' dir='ltr'><strong>mdituo</strong></span> <span class='ocrx_word' id='word_1_139' title='bbox 1927 1776 1970 1853; x_wconf 78' lang='grc' dir='ltr'><strong>Β</strong></span> 
     </span>
    </p>
   </div>
   <div class='ocr_carea' id='block_1_20' title="bbox 309 1903 1891 1975">
    <p class='ocr_par' dir='ltr' id='par_1_20' title="bbox 309 1903 1891 1975">
     <span class='ocr_line' id='line_1_20' title="bbox 309 1903 1891 1975; baseline 0.001 -17"><span class='ocrx_word' id='word_1_140' title='bbox 309 1906 587 1974; x_wconf 83' lang='lat' dir='ltr'><strong>redempta</strong></span> <span class='ocrx_word' id='word_1_141' title='bbox 611 1904 745 1960; x_wconf 86' lang='lat' dir='ltr'><strong>clam</strong></span> <span class='ocrx_word' id='word_1_142' title='bbox 773 1903 1108 1974; x_wconf 83' lang='lat' dir='ltr'><strong>inspectione</strong></span> <span class='ocrx_word' id='word_1_143' title='bbox 1137 1904 1441 1975; x_wconf 82' lang='lat' dir='ltr'><strong>cognovit?</strong></span> <span class='ocrx_word' id='word_1_144' title='bbox 1469 1903 1678 1961; x_wconf 86' lang='lat' dir='ltr'><strong>Scimus</strong></span> <span class='ocrx_word' id='word_1_145' title='bbox 1730 1904 1891 1961; x_wconf 86' lang='lat' dir='ltr'><strong>etiam</strong></span> 
     </span>
    </p>
   </div>
   <div class='ocr_carea' id='block_1_21' title="bbox 309 1991 1892 2066">
    <p class='ocr_par' dir='ltr' id='par_1_21' title="bbox 309 1991 1892 2066">
     <span class='ocr_line' id='line_1_21' title="bbox 309 1991 1892 2066; baseline 0.002 -19"><span class='ocrx_word' id='word_1_146' title='bbox 309 1993 508 2066; x_wconf 66' lang='lat' dir='ltr'><strong>magiae</strong></span> <span class='ocrx_word' id='word_1_147' title='bbox 567 1991 724 2048; x_wconf 87' lang='lat' dir='ltr'><strong>licere</strong></span> <span class='ocrx_word' id='word_1_148' title='bbox 776 1993 1121 2063; x_wconf 86' lang='lat' dir='ltr'><strong>explorandis</strong></span> <span class='ocrx_word' id='word_1_149' title='bbox 1177 1991 1423 2056; x_wconf 89' lang='lat' dir='ltr'><strong>occultis,</strong></span> <span class='ocrx_word' id='word_1_150' title='bbox 1465 2009 1563 2065; x_wconf 89' lang='lat' dir='ltr'><strong>per</strong></span> <span class='ocrx_word' id='word_1_151' title='bbox 1622 1993 1892 2050; x_wconf 86' lang='lat' dir='ltr'><strong>Cataboli—</strong></span> 
     </span>
    </p>
   </div>
   <div class='ocr_carea' id='block_1_22' title="bbox 297 2081 1889 2154">
    <p class='ocr_par' dir='ltr' id='par_1_22' title="bbox 297 2081 1889 2154">
     <span class='ocr_line' id='line_1_22' title="bbox 297 2081 1889 2154; baseline 0.001 -17"><span class='ocrx_word' id='word_1_152' title='bbox 297 2095 394 2138; x_wconf 92' lang='lat' dir='ltr'><strong>cos</strong></span> <span class='ocrx_word' id='word_1_153' title='bbox 423 2083 553 2152; x_wconf 83' lang='lat'><strong>(90),</strong></span> <span class='ocrx_word' id='word_1_154' title='bbox 587 2089 639 2136; x_wconf 88' lang='lat' dir='ltr'><strong>et</strong></span> <span class='ocrx_word' id='word_1_155' title='bbox 688 2083 947 2138; x_wconf 87' lang='lat' dir='ltr'><strong>Paredros</strong></span> <span class='ocrx_word' id='word_1_156' title='bbox 996 2081 1134 2154; x_wconf 73' lang='lat'><strong>(91),</strong></span> <span class='ocrx_word' id='word_1_157' title='bbox 1181 2091 1234 2138; x_wconf 89' lang='lat' dir='ltr'><strong>et</strong></span> <span class='ocrx_word' id='word_1_158' title='bbox 1279 2082 1610 2152; x_wconf 86' lang='lat' dir='ltr'><strong>Pythonicos</strong></span> <span class='ocrx_word' id='word_1_159' title='bbox 1648 2083 1889 2154; x_wconf 86' lang='lat' dir='ltr'><strong>spiritus.</strong></span> 
     </span>
    </p>
   </div>
   <div class='ocr_carea' id='block_1_23' title="bbox 299 2171 1893 2246">
    <p class='ocr_par' dir='ltr' id='par_1_23' title="bbox 299 2171 1893 2246">
     <span class='ocr_line' id='line_1_23' title="bbox 299 2171 1893 2246; baseline 0.001 -20"><span class='ocrx_word' id='word_1_160' title='bbox 299 2172 426 2226; x_wconf 91' lang='lat' dir='ltr'><strong>Non</strong></span> <span class='ocrx_word' id='word_1_161' title='bbox 457 2171 604 2226; x_wconf 90' lang='lat' dir='ltr'><strong>enim</strong></span> <span class='ocrx_word' id='word_1_162' title='bbox 629 2181 684 2226; x_wconf 90' lang='lat' dir='ltr'><strong>et</strong></span> <span class='ocrx_word' id='word_1_163' title='bbox 728 2171 1088 2242; x_wconf 84' lang='lat' dir='ltr'><strong>Pherecydes,</strong></span> <span class='ocrx_word' id='word_1_164' title='bbox 1137 2171 1456 2243; x_wconf 77' lang='lat' dir='ltr'><strong>Pythagorae</strong></span> <span class='ocrx_word' id='word_1_165' title='bbox 1498 2171 1773 2246; x_wconf 81' lang='lat' dir='ltr'><strong>magister,</strong></span> <span class='ocrx_word' id='word_1_166' title='bbox 1807 2173 1893 2228; x_wconf 87' lang='lat' dir='ltr'><strong>his</strong></span> 
     </span>
    </p>
   </div>
   <div class='ocr_carea' id='block_1_24' title="bbox 299 2259 1892 2333">
    <p class='ocr_par' dir='ltr' id='par_1_24' title="bbox 299 2259 1892 2333">
     <span class='ocr_line' id='line_1_24' title="bbox 299 2259 1892 2333; baseline 0.002 -18"><span class='ocrx_word' id='word_1_167' title='bbox 299 2259 482 2315; x_wconf 83' lang='lat' dir='ltr'><strong>forsan</strong></span> <span class='ocrx_word' id='word_1_168' title='bbox 515 2260 725 2316; x_wconf 89' lang='lat' dir='ltr'><strong>artibus</strong></span> <span class='ocrx_word' id='word_1_169' title='bbox 751 2260 1044 2326; x_wconf 87' lang='lat' dir='ltr'><strong>divinabat,</strong></span> <span class='ocrx_word' id='word_1_170' title='bbox 1078 2277 1146 2316; x_wconf 93' lang='lat' dir='ltr'><strong>ne</strong></span> <span class='ocrx_word' id='word_1_171' title='bbox 1175 2263 1346 2317; x_wconf 91' lang='lat' dir='ltr'><strong>dicam</strong></span> <span class='ocrx_word' id='word_1_172' title='bbox 1377 2263 1724 2318; x_wconf 85' lang='lat' dir='ltr'><strong>somniabat?</strong></span> <span class='ocrx_word' id='word_1_173' title='bbox 1753 2263 1892 2333; x_wconf 86' lang='lat' dir='ltr'><strong>Quid</strong></span> 
     </span>
    </p>
   </div>
   <div class='ocr_carea' id='block_1_25' title="bbox 295 2349 1893 2423">
    <p class='ocr_par' dir='ltr' id='par_1_25' title="bbox 295 2349 1893 2423">
     <span class='ocr_line' id='line_1_25' title="bbox 295 2349 1893 2423; baseline 0.004 -20"><span class='ocrx_word' id='word_1_174' title='bbox 295 2349 338 2404; x_wconf 88' lang='lat' dir='ltr'><strong>si</strong></span> <span class='ocrx_word' id='word_1_175' title='bbox 363 2349 510 2404; x_wconf 89' lang='lat' dir='ltr'><strong>idem</strong></span> <span class='ocrx_word' id='word_1_176' title='bbox 539 2350 754 2406; x_wconf 73' lang='lat' dir='ltr'><strong>daemon</strong></span> <span class='ocrx_word' id='word_1_177' title='bbox 799 2350 850 2404; x_wconf 91' lang='lat' dir='ltr'><strong>in</strong></span> <span class='ocrx_word' id='word_1_178' title='bbox 891 2349 986 2407; x_wconf 94' lang='lat' dir='ltr'><strong>illo</strong></span> <span class='ocrx_word' id='word_1_179' title='bbox 1019 2350 1142 2421; x_wconf 87' lang='lat' dir='ltr'><strong>fuit,</strong></span> <span class='ocrx_word' id='word_1_180' title='bbox 1190 2351 1284 2422; x_wconf 88' lang='lat' dir='ltr'><strong>qui</strong></span> <span class='ocrx_word' id='word_1_181' title='bbox 1311 2359 1363 2406; x_wconf 89' lang='lat' dir='ltr'><strong>et</strong></span> <span class='ocrx_word' id='word_1_182' title='bbox 1393 2351 1444 2406; x_wconf 91' lang='lat' dir='ltr'><strong>in</strong></span> <span class='ocrx_word' id='word_1_183' title='bbox 1477 2353 1770 2423; x_wconf 88' lang='lat' dir='ltr'><strong>Euphorbo</strong></span> <span class='ocrx_word' id='word_1_184' title='bbox 1807 2369 1893 2409; x_wconf 87' lang='lat' dir='ltr'><strong>res</strong></span> 
     </span>
    </p>
   </div>
   <div class='ocr_carea' id='block_1_26' title="bbox 294 2437 1894 2511">
    <p class='ocr_par' dir='ltr' id='par_1_26' title="bbox 294 2437 1894 2511">
     <span class='ocr_line' id='line_1_26' title="bbox 294 2437 1894 2511; baseline 0.003 -18"><span class='ocrx_word' id='word_1_185' title='bbox 294 2437 582 2511; x_wconf 83' lang='lat' dir='ltr'><strong>sanguinis</strong></span> <span class='ocrx_word' id='word_1_186' title='bbox 627 2437 846 2510; x_wconf 80' lang='lat' dir='ltr'><strong>gessit?</strong></span> <span class='ocrx_word' id='word_1_187' title='bbox 875 2439 1140 2510; x_wconf 87' lang='lat' dir='ltr'><strong>Denique,</strong></span> <span class='ocrx_word' id='word_1_188' title='bbox 1187 2438 1280 2510; x_wconf 89' lang='lat' dir='ltr'><strong>qui</strong></span> <span class='ocrx_word' id='word_1_189' title='bbox 1327 2456 1384 2496; x_wconf 91' lang='lat' dir='ltr'><strong>se</strong></span> <span class='ocrx_word' id='word_1_190' title='bbox 1419 2441 1777 2511; x_wconf 86' lang='lat' dir='ltr'><strong>Euphorbum</strong></span> <span class='ocrx_word' id='word_1_191' title='bbox 1827 2457 1894 2497; x_wconf 88' lang='lat' dir='ltr'><strong>ex</strong></span> 
     </span>
    </p>
   </div>
   <div class='ocr_carea' id='block_1_27' title="bbox 293 2527 1892 2601">
    <p class='ocr_par' dir='ltr' id='par_1_27' title="bbox 293 2527 1892 2601">
     <span class='ocr_line' id='line_1_27' title="bbox 293 2527 1892 2601; baseline 0.003 -19"><span class='ocrx_word' id='word_1_192' title='bbox 293 2535 620 2598; x_wconf 84' lang='lat' dir='ltr'><strong>argumento</strong></span> <span class='ocrx_word' id='word_1_193' title='bbox 655 2527 834 2600; x_wconf 85' lang='lat' dir='ltr'><strong>clypei</strong></span> <span class='ocrx_word' id='word_1_194' title='bbox 881 2530 1154 2600; x_wconf 84' lang='lat' dir='ltr'><strong>probarat,</strong></span> <span class='ocrx_word' id='word_1_195' title='bbox 1185 2543 1284 2583; x_wconf 89' lang='lat' dir='ltr'><strong>cur</strong></span> <span class='ocrx_word' id='word_1_196' title='bbox 1320 2529 1588 2585; x_wconf 87' lang='lat' dir='ltr'><strong>neminem</strong></span> <span class='ocrx_word' id='word_1_197' title='bbox 1625 2532 1892 2601; x_wconf 89' lang='lat' dir='ltr'><strong>Trojano-</strong></span> 
     </span>
    </p>
   </div>
   <div class='ocr_carea' id='block_1_28' title="bbox 294 2617 1895 2691">
    <p class='ocr_par' dir='ltr' id='par_1_28' title="bbox 294 2617 1895 2691">
     <span class='ocr_line' id='line_1_28' title="bbox 294 2617 1895 2691; baseline 0.003 -20"><span class='ocrx_word' id='word_1_198' title='bbox 294 2632 410 2671; x_wconf 88' lang='lat' dir='ltr'><strong>rum</strong></span> <span class='ocrx_word' id='word_1_199' title='bbox 455 2617 888 2672; x_wconf 87' lang='lat' dir='ltr'><strong>commilitonum</strong></span> <span class='ocrx_word' id='word_1_200' title='bbox 936 2633 1091 2688; x_wconf 85' lang='lat' dir='ltr'><strong>aeque</strong></span> <span class='ocrx_word' id='word_1_201' title='bbox 1131 2623 1443 2691; x_wconf 77' lang='lat' dir='ltr'><strong>reCOgnovit</strong></span> <span class='ocrx_word' id='word_1_202' title='bbox 1471 2620 1500 2675; x_wconf 90' lang='lat'><strong>?</strong></span> <span class='ocrx_word' id='word_1_203' title='bbox 1543 2620 1676 2675; x_wconf 88' lang='lat' dir='ltr'><strong>Nam</strong></span> <span class='ocrx_word' id='word_1_204' title='bbox 1717 2629 1770 2676; x_wconf 87' lang='lat' dir='ltr'><strong>et</strong></span> <span class='ocrx_word' id='word_1_205' title='bbox 1818 2620 1895 2677; x_wconf 92' lang='lat' dir='ltr'><strong>illi</strong></span> 
     </span>
    </p>
   </div>
   <div class='ocr_carea' id='block_1_29' title="bbox 295 2706 1604 2776">
    <p class='ocr_par' dir='ltr' id='par_1_29' title="bbox 295 2706 1604 2776">
     <span class='ocr_line' id='line_1_29' title="bbox 295 2706 1604 2776; baseline 0.005 -17"><span class='ocrx_word' id='word_1_206' title='bbox 295 2707 403 2776; x_wconf 88' lang='lat' dir='ltr'><strong>jam</strong></span> <span class='ocrx_word' id='word_1_207' title='bbox 445 2706 794 2774; x_wconf 84' lang='lat' dir='ltr'><strong>revixissent,</strong></span> <span class='ocrx_word' id='word_1_208' title='bbox 825 2706 870 2760; x_wconf 88' lang='lat' dir='ltr'><strong>si</strong></span> <span class='ocrx_word' id='word_1_209' title='bbox 898 2707 1004 2762; x_wconf 90' lang='lat' dir='ltr'><strong>vivi</strong></span> <span class='ocrx_word' id='word_1_210' title='bbox 1035 2723 1107 2763; x_wconf 81' lang='lat' dir='ltr'><strong>ex</strong></span> <span class='ocrx_word' id='word_1_211' title='bbox 1135 2707 1365 2765; x_wconf 90' lang='lat' dir='ltr'><strong>mortuis</strong></span> <span class='ocrx_word' id='word_1_212' title='bbox 1394 2709 1604 2767; x_wconf 83' lang='lat' dir='ltr'><strong>ﬁerent.</strong></span> 
     </span>
    </p>
   </div>
   <div class='ocr_carea' id='block_1_30' title="bbox 893 2851 1350 2908">
    <p class='ocr_par' dir='ltr' id='par_1_30' title="bbox 893 2851 1350 2908">
     <span class='ocr_line' id='line_1_30' title="bbox 893 2851 1350 2908; baseline 0 0"><span class='ocrx_word' id='word_1_213' title='bbox 893 2851 1112 2908; x_wconf 85' lang='lat' dir='ltr'><strong>CAPUT</strong></span> <span class='ocrx_word' id='word_1_214' title='bbox 1140 2851 1350 2908; x_wconf 84' lang='lat' dir='ltr'><strong>XXIX.</strong></span> 
     </span>
    </p>
   </div>
   <div class='ocr_carea' id='block_1_31' title="bbox 363 2974 1892 3048">
    <p class='ocr_par' dir='ltr' id='par_1_31' title="bbox 363 2974 1892 3048">
     <span class='ocr_line' id='line_1_31' title="bbox 363 2974 1892 3048; baseline 0.001 -20"><span class='ocrx_word' id='word_1_215' title='bbox 363 2975 607 3030; x_wconf 82' lang='lat' dir='ltr'><strong>Mortuus</strong></span> <span class='ocrx_word' id='word_1_216' title='bbox 633 2974 854 3047; x_wconf 87' lang='lat' dir='ltr'><strong>quidem</strong></span> <span class='ocrx_word' id='word_1_217' title='bbox 895 2991 960 3031; x_wconf 84' lang='lat' dir='ltr'><strong>ex</strong></span> <span class='ocrx_word' id='word_1_218' title='bbox 989 2975 1128 3032; x_wconf 84' lang='lat' dir='ltr'><strong>vivis</strong></span> <span class='ocrx_word' id='word_1_219' title='bbox 1158 2975 1300 3033; x_wconf 81' lang='lat' dir='ltr'><strong>effici</strong></span> <span class='ocrx_word' id='word_1_220' title='bbox 1346 2983 1554 3032; x_wconf 88' lang='lat' dir='ltr'><strong>constat</strong></span> <span class='ocrx_word' id='word_1_221' title='bbox 1599 2977 1731 3048; x_wconf 85' lang='lat'><strong>(92),</strong></span> <span class='ocrx_word' id='word_1_222' title='bbox 1783 2992 1892 3032; x_wconf 91' lang='lat' dir='ltr'><strong>non</strong></span> 
     </span>
    </p>
   </div>
   <div class='ocr_carea' id='block_1_32' title="bbox 1995 564 3598 638">
    <p class='ocr_par' dir='ltr' id='par_1_32' title="bbox 1995 564 3598 638">
     <span class='ocr_line' id='line_1_32' title="bbox 1995 564 3598 638; baseline 0.009 -21"><span class='ocrx_word' id='word_1_223' title='bbox 1995 581 2098 634; x_wconf 91' lang='lat' dir='ltr'><strong>que</strong></span> <span class='ocrx_word' id='word_1_224' title='bbox 2128 572 2277 634; x_wconf 87' lang='lat' dir='ltr'><strong>parte</strong></span> <span class='ocrx_word' id='word_1_225' title='bbox 2307 564 2533 622; x_wconf 86' lang='lat' dir='ltr'><strong>formam</strong></span> <span class='ocrx_word' id='word_1_226' title='bbox 2583 566 2718 620; x_wconf 75' lang='lat' dir='ltr'><strong>initii</strong></span> <span class='ocrx_word' id='word_1_227' title='bbox 2771 579 3184 638; x_wconf 66' lang='lat' dir='ltr'><strong>perseverasset,</strong></span> <span class='ocrx_word' id='word_1_228' title='bbox 3233 581 3322 627; x_wconf 82' lang='lat' dir='ltr'><strong>aut</strong></span> <span class='ocrx_word' id='word_1_229' title='bbox 3361 573 3416 630; x_wconf 91' lang='lat' dir='ltr'><strong>in</strong></span> <span class='ocrx_word' id='word_1_230' title='bbox 3445 583 3598 632; x_wconf 88' lang='lat' dir='ltr'><strong>utra-</strong></span> 
     </span>
    </p>
   </div>
   <div class='ocr_carea' id='block_1_33' title="bbox 1997 654 3596 736">
    <p class='ocr_par' dir='ltr' id='par_1_33' title="bbox 1997 654 3596 736">
     <span class='ocr_line' id='line_1_33' title="bbox 1997 654 3596 736; baseline 0.009 -29"><span class='ocrx_word' id='word_1_231' title='bbox 1997 669 2104 726; x_wconf 89' lang='lat' dir='ltr'><strong>que</strong></span> <span class='ocrx_word' id='word_1_232' title='bbox 2129 663 2409 710; x_wconf 86' lang='lat' dir='ltr'><strong>mutasset.</strong></span> <span class='ocrx_word' id='word_1_233' title='bbox 2445 655 2500 708; x_wconf 93' lang='lat' dir='ltr'><strong>Si</strong></span> <span class='ocrx_word' id='word_1_234' title='bbox 2533 654 2682 712; x_wconf 90' lang='lat' dir='ltr'><strong>vivos</strong></span> <span class='ocrx_word' id='word_1_235' title='bbox 2710 672 2773 712; x_wconf 85' lang='lat' dir='ltr'><strong>ex</strong></span> <span class='ocrx_word' id='word_1_236' title='bbox 2805 657 3034 713; x_wconf 88' lang='lat' dir='ltr'><strong>mortuis</strong></span> <span class='ocrx_word' id='word_1_237' title='bbox 3067 666 3252 729; x_wconf 88' lang='lat' dir='ltr'><strong>postea</strong></span> <span class='ocrx_word' id='word_1_238' title='bbox 3285 662 3399 716; x_wconf 83' lang='lat' dir='ltr'><strong>ﬁeri</strong></span> <span class='ocrx_word' id='word_1_239' title='bbox 3432 680 3596 736; x_wconf 83' lang='lat' dir='ltr'><strong>Opor-</strong></span> 
     </span>
    </p>
   </div>
   <div class='ocr_carea' id='block_1_34' title="bbox 2005 743 3594 816">
    <p class='ocr_par' dir='ltr' id='par_1_34' title="bbox 2005 743 3594 816">
     <span class='ocr_line' id='line_1_34' title="bbox 2005 743 3594 816; baseline 0.008 -20"><span class='ocrx_word' id='word_1_240' title='bbox 2005 749 2196 813; x_wconf 85' lang='lat' dir='ltr'><strong>tuerat,</strong></span> <span class='ocrx_word' id='word_1_241' title='bbox 2229 743 2455 813; x_wconf 86' lang='lat' dir='ltr'><strong>proinde</strong></span> <span class='ocrx_word' id='word_1_242' title='bbox 2496 752 2768 816; x_wconf 86' lang='lat' dir='ltr'><strong>Oporteret</strong></span> <span class='ocrx_word' id='word_1_243' title='bbox 2817 747 2976 802; x_wconf 88' lang='lat' dir='ltr'><strong>etiam</strong></span> <span class='ocrx_word' id='word_1_244' title='bbox 3021 762 3126 802; x_wconf 92' lang='lat' dir='ltr'><strong>non</strong></span> <span class='ocrx_word' id='word_1_245' title='bbox 3158 764 3225 802; x_wconf 85' lang='lat' dir='ltr'><strong>ex</strong></span> <span class='ocrx_word' id='word_1_246' title='bbox 3273 752 3407 806; x_wconf 74' lang='lat' dir='ltr'><strong>vivis</strong></span> <span class='ocrx_word' id='word_1_247' title='bbox 3455 753 3594 810; x_wconf 83' lang='lat' dir='ltr'><strong>efﬁci</strong></span> 
     </span>
    </p>
   </div>
   <div class='ocr_carea' id='block_1_35' title="bbox 1995 832 3590 907">
    <p class='ocr_par' dir='ltr' id='par_1_35' title="bbox 1995 832 3590 907">
     <span class='ocr_line' id='line_1_35' title="bbox 1995 832 3590 907; baseline 0.008 -22"><span class='ocrx_word' id='word_1_248' title='bbox 1995 841 2260 888; x_wconf 88' lang='lat' dir='ltr'><strong>mortuos.</strong></span> <span class='ocrx_word' id='word_1_249' title='bbox 2291 832 2346 887; x_wconf 93' lang='lat' dir='ltr'><strong>Si</strong></span> <span class='ocrx_word' id='word_1_250' title='bbox 2393 849 2502 888; x_wconf 91' lang='lat' dir='ltr'><strong>non</strong></span> <span class='ocrx_word' id='word_1_251' title='bbox 2549 851 2864 907; x_wconf 87' lang='lat' dir='ltr'><strong>peraequare</strong></span> <span class='ocrx_word' id='word_1_252' title='bbox 2919 835 3139 891; x_wconf 86' lang='lat' dir='ltr'><strong>deberet</strong></span> <span class='ocrx_word' id='word_1_253' title='bbox 3189 836 3324 894; x_wconf 91' lang='lat' dir='ltr'><strong>ﬁdes</strong></span> <span class='ocrx_word' id='word_1_254' title='bbox 3371 841 3590 896; x_wconf 89' lang='lat' dir='ltr'><strong>institu-</strong></span> 
     </span>
    </p>
   </div>
   <div class='ocr_carea' id='block_1_36' title="bbox 1999 921 3592 996">
    <p class='ocr_par' dir='ltr' id='par_1_36' title="bbox 1999 921 3592 996">
     <span class='ocr_line' id='line_1_36' title="bbox 1999 921 3592 996; baseline 0.007 -21"><span class='ocrx_word' id='word_1_255' title='bbox 1999 921 2176 990; x_wconf 86' lang='lat' dir='ltr'><strong>tionis,</strong></span> <span class='ocrx_word' id='word_1_256' title='bbox 2234 937 2339 976; x_wconf 90' lang='lat' dir='ltr'><strong>non</strong></span> <span class='ocrx_word' id='word_1_257' title='bbox 2396 939 2784 996; x_wconf 83' lang='lat' dir='ltr'><strong>usquequaque</strong></span> <span class='ocrx_word' id='word_1_258' title='bbox 2850 927 3117 980; x_wconf 89' lang='lat' dir='ltr'><strong>contraria</strong></span> <span class='ocrx_word' id='word_1_259' title='bbox 3185 942 3251 981; x_wconf 81' lang='lat' dir='ltr'><strong>ex</strong></span> <span class='ocrx_word' id='word_1_260' title='bbox 3310 932 3592 986; x_wconf 83' lang='lat' dir='ltr'><strong>contrariis</strong></span> 
     </span>
    </p>
   </div>
   <div class='ocr_carea' id='block_1_37' title="bbox 1996 1011 3593 1085">
    <p class='ocr_par' dir='ltr' id='par_1_37' title="bbox 1996 1011 3593 1085">
     <span class='ocr_line' id='line_1_37' title="bbox 1996 1011 3593 1085; baseline 0.004 -20"><span class='ocrx_word' id='word_1_261' title='bbox 1996 1011 2280 1066; x_wconf 84' lang='lat' dir='ltr'><strong>reformari</strong></span> <span class='ocrx_word' id='word_1_262' title='bbox 2309 1013 2588 1066; x_wconf 87' lang='lat' dir='ltr'><strong>alternant.</strong></span> <span class='ocrx_word' id='word_1_263' title='bbox 2639 1013 2702 1066; x_wconf 89' lang='lat' dir='ltr'><strong>Et</strong></span> <span class='ocrx_word' id='word_1_264' title='bbox 2733 1029 2830 1070; x_wconf 91' lang='lat' dir='ltr'><strong>nos</strong></span> <span class='ocrx_word' id='word_1_265' title='bbox 2877 1015 3020 1068; x_wconf 89' lang='lat' dir='ltr'><strong>enim</strong></span> <span class='ocrx_word' id='word_1_266' title='bbox 3079 1031 3420 1085; x_wconf 89' lang='lat' dir='ltr'><strong>opponemus</strong></span> <span class='ocrx_word' id='word_1_267' title='bbox 3459 1034 3593 1074; x_wconf 86' lang='lat' dir='ltr'><strong>cun-</strong></span> 
     </span>
    </p>
   </div>
   <div class='ocr_carea' id='block_1_38' title="bbox 1999 1101 3590 1176">
    <p class='ocr_par' dir='ltr' id='par_1_38' title="bbox 1999 1101 3590 1176">
     <span class='ocr_line' id='line_1_38' title="bbox 1999 1101 3590 1176; baseline 0.006 -22"><span class='ocrx_word' id='word_1_268' title='bbox 1999 1101 2328 1156; x_wconf 84' lang='lat' dir='ltr'><strong>trarietatem</strong></span> <span class='ocrx_word' id='word_1_269' title='bbox 2369 1101 2475 1156; x_wconf 91' lang='lat' dir='ltr'><strong>nati</strong></span> <span class='ocrx_word' id='word_1_270' title='bbox 2522 1113 2574 1155; x_wconf 88' lang='lat' dir='ltr'><strong>et</strong></span> <span class='ocrx_word' id='word_1_271' title='bbox 2626 1101 2816 1170; x_wconf 87' lang='lat' dir='ltr'><strong>innati,</strong></span> <span class='ocrx_word' id='word_1_272' title='bbox 2859 1103 3178 1160; x_wconf 88' lang='lat' dir='ltr'><strong>visualitatis</strong></span> <span class='ocrx_word' id='word_1_273' title='bbox 3227 1112 3279 1160; x_wconf 93' lang='lat' dir='ltr'><strong>et</strong></span> <span class='ocrx_word' id='word_1_274' title='bbox 3321 1109 3590 1176; x_wconf 86' lang='lat' dir='ltr'><strong>caecitatis,</strong></span> 
     </span>
    </p>
   </div>
   <div class='ocr_carea' id='block_1_39' title="bbox 1995 1190 3594 1264">
    <p class='ocr_par' dir='ltr' id='par_1_39' title="bbox 1995 1190 3594 1264">
     <span class='ocr_line' id='line_1_39' title="bbox 1995 1190 3594 1264; baseline 0.005 -20"><span class='ocrx_word' id='word_1_275' title='bbox 1995 1191 2228 1259; x_wconf 65' lang='lat' dir='ltr'><strong>juventae</strong></span> <span class='ocrx_word' id='word_1_276' title='bbox 2274 1198 2328 1245; x_wconf 89' lang='lat' dir='ltr'><strong>et</strong></span> <span class='ocrx_word' id='word_1_277' title='bbox 2384 1199 2635 1255; x_wconf 60' lang='lat' dir='ltr'><strong>senectae,</strong></span> <span class='ocrx_word' id='word_1_278' title='bbox 2671 1190 2945 1260; x_wconf 77' lang='lat' dir='ltr'><strong>sapientiae</strong></span> <span class='ocrx_word' id='word_1_279' title='bbox 2983 1203 3036 1247; x_wconf 90' lang='lat' dir='ltr'><strong>et</strong></span> <span class='ocrx_word' id='word_1_280' title='bbox 3085 1193 3444 1264; x_wconf 61' lang='lat' dir='ltr'><strong>insipientia};</strong></span> <span class='ocrx_word' id='word_1_281' title='bbox 3497 1213 3594 1252; x_wconf 90' lang='lat' dir='ltr'><strong>nec</strong></span> 
     </span>
    </p>
   </div>
   <div class='ocr_carea' id='block_1_40' title="bbox 2001 1277 3592 1355">
    <p class='ocr_par' dir='ltr' id='par_1_40' title="bbox 2001 1277 3592 1355">
     <span class='ocr_line' id='line_1_40' title="bbox 2001 1277 3592 1355; baseline 0.006 -23"><span class='ocrx_word' id='word_1_282' title='bbox 2001 1286 2177 1332; x_wconf 88' lang='lat' dir='ltr'><strong>tamen</strong></span> <span class='ocrx_word' id='word_1_283' title='bbox 2215 1277 2337 1333; x_wconf 88' lang='lat' dir='ltr'><strong>ideo</strong></span> <span class='ocrx_word' id='word_1_284' title='bbox 2363 1277 2608 1334; x_wconf 89' lang='lat' dir='ltr'><strong>innatum</strong></span> <span class='ocrx_word' id='word_1_285' title='bbox 2659 1279 2726 1332; x_wconf 90' lang='lat' dir='ltr'><strong>de</strong></span> <span class='ocrx_word' id='word_1_286' title='bbox 2769 1291 2894 1336; x_wconf 88' lang='lat' dir='ltr'><strong>nato</strong></span> <span class='ocrx_word' id='word_1_287' title='bbox 2947 1283 3250 1352; x_wconf 86' lang='lat' dir='ltr'><strong>provenire,</strong></span> <span class='ocrx_word' id='word_1_288' title='bbox 3281 1286 3408 1355; x_wconf 88' lang='lat' dir='ltr'><strong>quia</strong></span> <span class='ocrx_word' id='word_1_289' title='bbox 3453 1301 3592 1341; x_wconf 93' lang='lat' dir='ltr'><strong>con-</strong></span> 
     </span>
    </p>
   </div>
   <div class='ocr_carea' id='block_1_41' title="bbox 2001 1366 3592 1442">
    <p class='ocr_par' dir='ltr' id='par_1_41' title="bbox 2001 1366 3592 1442">
     <span class='ocr_line' id='line_1_41' title="bbox 2001 1366 3592 1442; baseline 0.006 -21"><span class='ocrx_word' id='word_1_290' title='bbox 2001 1366 2219 1422; x_wconf 89' lang='lat' dir='ltr'><strong>trarium</strong></span> <span class='ocrx_word' id='word_1_291' title='bbox 2249 1383 2312 1422; x_wconf 85' lang='lat' dir='ltr'><strong>ex</strong></span> <span class='ocrx_word' id='word_1_292' title='bbox 2353 1369 2623 1424; x_wconf 89' lang='lat' dir='ltr'><strong>contrario</strong></span> <span class='ocrx_word' id='word_1_293' title='bbox 2672 1367 2800 1442; x_wconf 85' lang='lat' dir='ltr'><strong>ﬁat;</strong></span> <span class='ocrx_word' id='word_1_294' title='bbox 2847 1385 2949 1424; x_wconf 88' lang='lat' dir='ltr'><strong>nec</strong></span> <span class='ocrx_word' id='word_1_295' title='bbox 2987 1369 3342 1428; x_wconf 88' lang='lat' dir='ltr'><strong>visualitatcm</strong></span> <span class='ocrx_word' id='word_1_296' title='bbox 3399 1373 3592 1430; x_wconf 91' lang='lat' dir='ltr'><strong>iterum</strong></span> 
     </span>
    </p>
   </div>
   <div class='ocr_carea' id='block_1_42' title="bbox 2001 1454 3592 1533">
    <p class='ocr_par' dir='ltr' id='par_1_42' title="bbox 2001 1454 3592 1533">
     <span class='ocr_line' id='line_1_42' title="bbox 2001 1454 3592 1533; baseline 0.006 -25"><span class='ocrx_word' id='word_1_297' title='bbox 2001 1469 2066 1509; x_wconf 85' lang='lat' dir='ltr'><strong>ex</strong></span> <span class='ocrx_word' id='word_1_298' title='bbox 2120 1454 2380 1523; x_wconf 67' lang='lat' dir='ltr'><strong>caecitate,</strong></span> <span class='ocrx_word' id='word_1_299' title='bbox 2433 1456 2556 1527; x_wconf 89' lang='lat' dir='ltr'><strong>quia</strong></span> <span class='ocrx_word' id='word_1_300' title='bbox 2607 1457 2675 1511; x_wconf 91' lang='lat' dir='ltr'><strong>de</strong></span> <span class='ocrx_word' id='word_1_301' title='bbox 2731 1457 3028 1514; x_wconf 85' lang='lat' dir='ltr'><strong>visualitate</strong></span> <span class='ocrx_word' id='word_1_302' title='bbox 3079 1460 3294 1516; x_wconf 79' lang='lat' dir='ltr'><strong>caecitas</strong></span> <span class='ocrx_word' id='word_1_303' title='bbox 3351 1463 3592 1533; x_wconf 88' lang='lat' dir='ltr'><strong>accidat;</strong></span> 
     </span>
    </p>
   </div>
   <div class='ocr_carea' id='block_1_43' title="bbox 2001 1545 3594 1622">
    <p class='ocr_par' dir='ltr' id='par_1_43' title="bbox 2001 1545 3594 1622">
     <span class='ocr_line' id='line_1_43' title="bbox 2001 1545 3594 1622; baseline 0.005 -24"><span class='ocrx_word' id='word_1_304' title='bbox 2001 1561 2099 1600; x_wconf 90' lang='lat' dir='ltr'><strong>nec</strong></span> <span class='ocrx_word' id='word_1_305' title='bbox 2125 1545 2400 1612; x_wconf 82' lang='lat' dir='ltr'><strong>juventam</strong></span> <span class='ocrx_word' id='word_1_306' title='bbox 2429 1561 2617 1602; x_wconf 79' lang='lat' dir='ltr'><strong>rursus</strong></span> <span class='ocrx_word' id='word_1_307' title='bbox 2647 1547 2714 1602; x_wconf 91' lang='lat' dir='ltr'><strong>de</strong></span> <span class='ocrx_word' id='word_1_308' title='bbox 2739 1557 2954 1602; x_wconf 81' lang='lat' dir='ltr'><strong>senecta</strong></span> <span class='ocrx_word' id='word_1_309' title='bbox 2987 1549 3327 1615; x_wconf 88' lang='lat' dir='ltr'><strong>reviviscere,</strong></span> <span class='ocrx_word' id='word_1_310' title='bbox 3358 1551 3482 1622; x_wconf 91' lang='lat' dir='ltr'><strong>quia</strong></span> <span class='ocrx_word' id='word_1_311' title='bbox 3529 1567 3594 1606; x_wconf 85' lang='lat' dir='ltr'><strong>ex</strong></span> 
     </span>
    </p>
   </div>
   <div class='ocr_carea' id='block_1_44' title="bbox 1995 1634 3594 1708">
    <p class='ocr_par' dir='ltr' id='par_1_44' title="bbox 1995 1634 3594 1708">
     <span class='ocr_line' id='line_1_44' title="bbox 1995 1634 3594 1708; baseline 0.006 -22"><span class='ocrx_word' id='word_1_312' title='bbox 1995 1634 2222 1702; x_wconf 81' lang='lat' dir='ltr'><strong>juventa</strong></span> <span class='ocrx_word' id='word_1_313' title='bbox 2257 1643 2471 1690; x_wconf 85' lang='lat' dir='ltr'><strong>senecta</strong></span> <span class='ocrx_word' id='word_1_314' title='bbox 2503 1643 2830 1706; x_wconf 82' lang='lat' dir='ltr'><strong>marcescat;</strong></span> <span class='ocrx_word' id='word_1_315' title='bbox 2867 1651 2970 1690; x_wconf 88' lang='lat' dir='ltr'><strong>nec</strong></span> <span class='ocrx_word' id='word_1_316' title='bbox 2997 1636 3360 1708; x_wconf 82' lang='lat' dir='ltr'><strong>insipientiam</strong></span> <span class='ocrx_word' id='word_1_317' title='bbox 3409 1655 3474 1694; x_wconf 86' lang='lat' dir='ltr'><strong>ex</strong></span> <span class='ocrx_word' id='word_1_318' title='bbox 3505 1656 3594 1695; x_wconf 88' lang='lat' dir='ltr'><strong>sa-</strong></span> 
     </span>
    </p>
   </div>
   <div class='ocr_carea' id='block_1_45' title="bbox 2000 1721 3590 1799">
    <p class='ocr_par' dir='ltr' id='par_1_45' title="bbox 2000 1721 3590 1799">
     <span class='ocr_line' id='line_1_45' title="bbox 2000 1721 3590 1799; baseline 0.006 -24"><span class='ocrx_word' id='word_1_319' title='bbox 2000 1721 2200 1792; x_wconf 88' lang='lat' dir='ltr'><strong>pientia</strong></span> <span class='ocrx_word' id='word_1_320' title='bbox 2227 1721 2404 1778; x_wconf 90' lang='lat' dir='ltr'><strong>denuo</strong></span> <span class='ocrx_word' id='word_1_321' title='bbox 2435 1723 2681 1788; x_wconf 72' lang='lat' dir='ltr'><strong>obtundi,</strong></span> <span class='ocrx_word' id='word_1_322' title='bbox 2713 1724 2839 1795; x_wconf 86' lang='lat' dir='ltr'><strong>quia</strong></span> <span class='ocrx_word' id='word_1_323' title='bbox 2869 1740 2934 1779; x_wconf 89' lang='lat' dir='ltr'><strong>ex</strong></span> <span class='ocrx_word' id='word_1_324' title='bbox 2965 1724 3274 1795; x_wconf 81' lang='lat' dir='ltr'><strong>insipientia</strong></span> <span class='ocrx_word' id='word_1_325' title='bbox 3326 1727 3590 1799; x_wconf 83' lang='lat' dir='ltr'><strong>sapientia</strong></span> 
     </span>
    </p>
   </div>
   <div class='ocr_carea' id='block_1_46' title="bbox 2001 1810 3585 1881">
    <p class='ocr_par' dir='ltr' id='par_1_46' title="bbox 2001 1810 3585 1881">
     <span class='ocr_line' id='line_1_46' title="bbox 2001 1810 3585 1881; baseline 0.004 -15"><span class='ocrx_word' id='word_1_326' title='bbox 2001 1820 2236 1869; x_wconf 85' lang='lat' dir='ltr'><strong>acuatur.</strong></span> <span class='ocrx_word' id='word_1_327' title='bbox 2287 1811 2412 1866; x_wconf 62' lang='lat' dir='ltr'><strong>Haec</strong></span> <span class='ocrx_word' id='word_1_328' title='bbox 2458 1821 2510 1866; x_wconf 93' lang='lat' dir='ltr'><strong>et</strong></span> <span class='ocrx_word' id='word_1_329' title='bbox 2537 1810 2770 1867; x_wconf 79' lang='lat' dir='ltr'><strong>Albinus</strong></span> <span class='ocrx_word' id='word_1_330' title='bbox 2801 1813 3008 1870; x_wconf 89' lang='lat' dir='ltr'><strong>Platoni</strong></span> <span class='ocrx_word' id='word_1_331' title='bbox 3055 1829 3152 1870; x_wconf 91' lang='lat' dir='ltr'><strong>suo</strong></span> <span class='ocrx_word' id='word_1_332' title='bbox 3183 1815 3400 1881; x_wconf 87' lang='lat' dir='ltr'><strong>veritus,</strong></span> <span class='ocrx_word' id='word_1_333' title='bbox 3450 1819 3585 1872; x_wconf 90' lang='lat' dir='ltr'><strong>sub-</strong></span> 
     </span>
    </p>
   </div>
   <div class='ocr_carea' id='block_1_47' title="bbox 2001 1899 3587 1974">
    <p class='ocr_par' dir='ltr' id='par_1_47' title="bbox 2001 1899 3587 1974">
     <span class='ocr_line' id='line_1_47' title="bbox 2001 1899 3587 1974; baseline 0.006 -20"><span class='ocrx_word' id='word_1_334' title='bbox 2001 1899 2160 1955; x_wconf 88' lang='lat' dir='ltr'><strong>tiliter</strong></span> <span class='ocrx_word' id='word_1_335' title='bbox 2216 1900 2408 1972; x_wconf 65' lang='lat' dir='ltr'><strong>quaerit</strong></span> <span class='ocrx_word' id='word_1_336' title='bbox 2452 1902 2892 1957; x_wconf 87' lang='lat' dir='ltr'><strong>contrarietatum</strong></span> <span class='ocrx_word' id='word_1_337' title='bbox 2943 1917 3142 1973; x_wconf 81' lang='lat' dir='ltr'><strong>genera</strong></span> <span class='ocrx_word' id='word_1_338' title='bbox 3208 1903 3587 1974; x_wconf 81' lang='lat' dir='ltr'><strong>distinguere:</strong></span> 
     </span>
    </p>
   </div>
   <div class='ocr_carea' id='block_1_48' title="bbox 2001 1989 3594 2060">
    <p class='ocr_par' dir='ltr' id='par_1_48' title="bbox 2001 1989 3594 2060">
     <span class='ocr_line' id='line_1_48' title="bbox 2001 1989 3594 2060; baseline 0.004 -16"><span class='ocrx_word' id='word_1_339' title='bbox 2001 1989 2158 2060; x_wconf 86' lang='lat' dir='ltr'><strong>quasi</strong></span> <span class='ocrx_word' id='word_1_340' title='bbox 2188 2005 2294 2044; x_wconf 91' lang='lat' dir='ltr'><strong>non</strong></span> <span class='ocrx_word' id='word_1_341' title='bbox 2340 1999 2394 2044; x_wconf 91' lang='lat' dir='ltr'><strong>et</strong></span> <span class='ocrx_word' id='word_1_342' title='bbox 2442 1989 2556 2045; x_wconf 67' lang='lat' dir='ltr'><strong>haec</strong></span> <span class='ocrx_word' id='word_1_343' title='bbox 2587 1999 2694 2046; x_wconf 90' lang='lat' dir='ltr'><strong>tam</strong></span> <span class='ocrx_word' id='word_1_344' title='bbox 2743 1990 2985 2047; x_wconf 84' lang='lat' dir='ltr'><strong>absolute</strong></span> <span class='ocrx_word' id='word_1_345' title='bbox 3033 1990 3089 2045; x_wconf 93' lang='lat' dir='ltr'><strong>in</strong></span> <span class='ocrx_word' id='word_1_346' title='bbox 3127 1993 3594 2050; x_wconf 82' lang='lat' dir='ltr'><strong>contrarietatibus</strong></span> 
     </span>
    </p>
   </div>
   <div class='ocr_carea' id='block_1_49' title="bbox 2003 2078 3590 2152">
    <p class='ocr_par' dir='ltr' id='par_1_49' title="bbox 2003 2078 3590 2152">
     <span class='ocr_line' id='line_1_49' title="bbox 2003 2078 3590 2152; baseline 0.003 -20"><span class='ocrx_word' id='word_1_347' title='bbox 2003 2078 2172 2148; x_wconf 90' lang='lat' dir='ltr'><strong>posita</strong></span> <span class='ocrx_word' id='word_1_348' title='bbox 2201 2079 2327 2146; x_wconf 91' lang='lat' dir='ltr'><strong>sint,</strong></span> <span class='ocrx_word' id='word_1_349' title='bbox 2359 2095 2519 2149; x_wconf 89' lang='lat' dir='ltr'><strong>quam</strong></span> <span class='ocrx_word' id='word_1_350' title='bbox 2549 2089 2602 2134; x_wconf 92' lang='lat' dir='ltr'><strong>et</strong></span> <span class='ocrx_word' id='word_1_351' title='bbox 2636 2078 2724 2134; x_wconf 88' lang='lat' dir='ltr'><strong>illa</strong></span> <span class='ocrx_word' id='word_1_352' title='bbox 2774 2095 2896 2150; x_wconf 68' lang='lat' dir='ltr'><strong>quae</strong></span> <span class='ocrx_word' id='word_1_353' title='bbox 2944 2079 3012 2134; x_wconf 88' lang='lat' dir='ltr'><strong>ad</strong></span> <span class='ocrx_word' id='word_1_354' title='bbox 3049 2080 3371 2136; x_wconf 87' lang='lat' dir='ltr'><strong>sententiam</strong></span> <span class='ocrx_word' id='word_1_355' title='bbox 3419 2083 3590 2152; x_wconf 83' lang='lat' dir='ltr'><strong>magi-</strong></span> 
     </span>
    </p>
   </div>
   <div class='ocr_carea' id='block_1_50' title="bbox 2001 2166 3594 2238">
    <p class='ocr_par' dir='ltr' id='par_1_50' title="bbox 2001 2166 3594 2238">
     <span class='ocr_line' id='line_1_50' title="bbox 2001 2166 3594 2238; baseline 0.004 -18"><span class='ocrx_word' id='word_1_356' title='bbox 2001 2166 2099 2220; x_wconf 88' lang='lat' dir='ltr'><strong>stri</strong></span> <span class='ocrx_word' id='word_1_357' title='bbox 2149 2166 2229 2221; x_wconf 91' lang='lat' dir='ltr'><strong>sui</strong></span> <span class='ocrx_word' id='word_1_358' title='bbox 2276 2167 2675 2238; x_wconf 85' lang='lat' dir='ltr'><strong>interpretatur,</strong></span> <span class='ocrx_word' id='word_1_359' title='bbox 2725 2167 2881 2224; x_wconf 86' lang='lat' dir='ltr'><strong>vitam</strong></span> <span class='ocrx_word' id='word_1_360' title='bbox 2934 2167 3056 2224; x_wconf 87' lang='lat' dir='ltr'><strong>dico</strong></span> <span class='ocrx_word' id='word_1_361' title='bbox 3100 2175 3154 2223; x_wconf 90' lang='lat' dir='ltr'><strong>et</strong></span> <span class='ocrx_word' id='word_1_362' title='bbox 3193 2177 3414 2225; x_wconf 89' lang='lat' dir='ltr'><strong>mortem</strong></span> <span class='ocrx_word' id='word_1_363' title='bbox 3449 2189 3464 2238; x_wconf 89' lang='lat'><strong>;</strong></span> <span class='ocrx_word' id='word_1_364' title='bbox 3498 2187 3594 2226; x_wconf 89' lang='lat' dir='ltr'><strong>nec</strong></span> 
     </span>
    </p>
   </div>
   <div class='ocr_carea' id='block_1_51' title="bbox 2003 2257 3594 2330">
    <p class='ocr_par' dir='ltr' id='par_1_51' title="bbox 2003 2257 3594 2330">
     <span class='ocr_line' id='line_1_51' title="bbox 2003 2257 3594 2330; baseline 0.002 -19"><span class='ocrx_word' id='word_1_365' title='bbox 2003 2264 2176 2312; x_wconf 89' lang='lat' dir='ltr'><strong>tamen</strong></span> <span class='ocrx_word' id='word_1_366' title='bbox 2211 2272 2277 2312; x_wconf 88' lang='lat' dir='ltr'><strong>ex</strong></span> <span class='ocrx_word' id='word_1_367' title='bbox 2324 2266 2498 2313; x_wconf 89' lang='lat' dir='ltr'><strong>morte</strong></span> <span class='ocrx_word' id='word_1_368' title='bbox 2549 2258 2656 2316; x_wconf 85' lang='lat' dir='ltr'><strong>vita</strong></span> <span class='ocrx_word' id='word_1_369' title='bbox 2699 2258 2977 2328; x_wconf 89' lang='lat' dir='ltr'><strong>reddatur,</strong></span> <span class='ocrx_word' id='word_1_370' title='bbox 3017 2257 3145 2330; x_wconf 89' lang='lat' dir='ltr'><strong>quia</strong></span> <span class='ocrx_word' id='word_1_371' title='bbox 3187 2275 3254 2314; x_wconf 85' lang='lat' dir='ltr'><strong>ex</strong></span> <span class='ocrx_word' id='word_1_372' title='bbox 3293 2258 3401 2316; x_wconf 89' lang='lat' dir='ltr'><strong>vita</strong></span> <span class='ocrx_word' id='word_1_373' title='bbox 3446 2277 3594 2318; x_wconf 91' lang='lat' dir='ltr'><strong>mors</strong></span> 
     </span>
    </p>
   </div>
   <div class='ocr_carea' id='block_1_52' title="bbox 2001 2341 2293 2403">
    <p class='ocr_par' dir='ltr' id='par_1_52' title="bbox 2001 2341 2293 2403">
     <span class='ocr_line' id='line_1_52' title="bbox 2001 2341 2293 2403; baseline -0.003 -2"><span class='ocrx_word' id='word_1_374' title='bbox 2001 2341 2293 2403; x_wconf 76' lang='lat' dir='ltr'><strong>deferatur.</strong></span> 
     </span>
    </p>
   </div>
   <div class='ocr_carea' id='block_1_53' title="bbox 2572 2433 3005 2494">
    <p class='ocr_par' dir='ltr' id='par_1_53' title="bbox 2572 2433 3005 2494">
     <span class='ocr_line' id='line_1_53' title="bbox 2572 2433 3005 2494; baseline 0.005 -2"><span class='ocrx_word' id='word_1_375' title='bbox 2572 2433 2788 2493; x_wconf 84' lang='lat' dir='ltr'><strong>CAPUT</strong></span> <span class='ocrx_word' id='word_1_376' title='bbox 2815 2437 3005 2494; x_wconf 86' lang='lat' dir='ltr'><strong>XXX.</strong></span> 
     </span>
    </p>
   </div>
   <div class='ocr_carea' id='block_1_54' title="bbox 2074 2521 3590 2598">
    <p class='ocr_par' dir='ltr' id='par_1_54' title="bbox 2074 2521 3590 2598">
     <span class='ocr_line' id='line_1_54' title="bbox 2074 2521 3590 2598; baseline 0.004 -20"><span class='ocrx_word' id='word_1_377' title='bbox 2074 2521 2214 2592; x_wconf 88' lang='lat' dir='ltr'><strong>Quid</strong></span> <span class='ocrx_word' id='word_1_378' title='bbox 2263 2529 2440 2580; x_wconf 87' lang='lat' dir='ltr'><strong>autem</strong></span> <span class='ocrx_word' id='word_1_379' title='bbox 2499 2524 2567 2580; x_wconf 87' lang='lat' dir='ltr'><strong>ad</strong></span> <span class='ocrx_word' id='word_1_380' title='bbox 2622 2533 2813 2581; x_wconf 86' lang='lat' dir='ltr'><strong>caetera</strong></span> <span class='ocrx_word' id='word_1_381' title='bbox 2863 2527 3357 2598; x_wconf 80' lang='lat' dir='ltr'><strong>respondebimus?</strong></span> <span class='ocrx_word' id='word_1_382' title='bbox 3412 2527 3590 2584; x_wconf 87' lang='lat' dir='ltr'><strong>Primo</strong></span> 
     </span>
    </p>
   </div>
   <div class='ocr_carea' id='block_1_55' title="bbox 2005 2611 3588 2684">
    <p class='ocr_par' dir='ltr' id='par_1_55' title="bbox 2005 2611 3588 2684">
     <span class='ocr_line' id='line_1_55' title="bbox 2005 2611 3588 2684; baseline 0.004 -18"><span class='ocrx_word' id='word_1_383' title='bbox 2005 2611 2170 2682; x_wconf 89' lang='lat' dir='ltr'><strong>enim,</strong></span> <span class='ocrx_word' id='word_1_384' title='bbox 2211 2612 2258 2668; x_wconf 90' lang='lat' dir='ltr'><strong>si</strong></span> <span class='ocrx_word' id='word_1_385' title='bbox 2306 2630 2372 2669; x_wconf 87' lang='lat' dir='ltr'><strong>ex</strong></span> <span class='ocrx_word' id='word_1_386' title='bbox 2421 2613 2649 2670; x_wconf 87' lang='lat' dir='ltr'><strong>mortuis</strong></span> <span class='ocrx_word' id='word_1_387' title='bbox 2699 2613 2825 2680; x_wconf 90' lang='lat' dir='ltr'><strong>vivi,</strong></span> <span class='ocrx_word' id='word_1_388' title='bbox 2877 2615 3017 2673; x_wconf 89' lang='lat' dir='ltr'><strong>sicut</strong></span> <span class='ocrx_word' id='word_1_389' title='bbox 3069 2616 3265 2672; x_wconf 89' lang='lat' dir='ltr'><strong>mortui</strong></span> <span class='ocrx_word' id='word_1_390' title='bbox 3314 2633 3380 2672; x_wconf 88' lang='lat' dir='ltr'><strong>ex</strong></span> <span class='ocrx_word' id='word_1_391' title='bbox 3434 2617 3588 2684; x_wconf 81' lang='lat' dir='ltr'><strong>vivis,</strong></span> 
     </span>
    </p>
   </div>
   <div class='ocr_carea' id='block_1_56' title="bbox 2003 2703 3591 2777">
    <p class='ocr_par' dir='ltr' id='par_1_56' title="bbox 2003 2703 3591 2777">
     <span class='ocr_line' id='line_1_56' title="bbox 2003 2703 3591 2777; baseline 0.004 -21"><span class='ocrx_word' id='word_1_392' title='bbox 2003 2718 2142 2757; x_wconf 83' lang='lat' dir='ltr'><strong>unus</strong></span> <span class='ocrx_word' id='word_1_393' title='bbox 2189 2703 2407 2759; x_wconf 89' lang='lat' dir='ltr'><strong>omnino</strong></span> <span class='ocrx_word' id='word_1_394' title='bbox 2454 2710 2508 2760; x_wconf 86' lang='lat' dir='ltr'><strong>et</strong></span> <span class='ocrx_word' id='word_1_395' title='bbox 2557 2703 2699 2760; x_wconf 86' lang='lat' dir='ltr'><strong>idem</strong></span> <span class='ocrx_word' id='word_1_396' title='bbox 2745 2721 3005 2761; x_wconf 89' lang='lat' dir='ltr'><strong>numerus</strong></span> <span class='ocrx_word' id='word_1_397' title='bbox 3070 2723 3284 2777; x_wconf 88' lang='lat' dir='ltr'><strong>semper</strong></span> <span class='ocrx_word' id='word_1_398' title='bbox 3341 2707 3591 2764; x_wconf 74' lang='lat' dir='ltr'><strong>haesisset</strong></span> 
     </span>
    </p>
   </div>
   <div class='ocr_carea' id='block_1_57' title="bbox 2005 2791 3592 2866">
    <p class='ocr_par' dir='ltr' id='par_1_57' title="bbox 2005 2791 3592 2866">
     <span class='ocr_line' id='line_1_57' title="bbox 2005 2791 3592 2866; baseline 0.003 -20"><span class='ocrx_word' id='word_1_399' title='bbox 2005 2791 2265 2856; x_wconf 88' lang='lat' dir='ltr'><strong>omnium,</strong></span> <span class='ocrx_word' id='word_1_400' title='bbox 2323 2791 2413 2846; x_wconf 92' lang='lat' dir='ltr'><strong>ille</strong></span> <span class='ocrx_word' id='word_1_401' title='bbox 2457 2794 2662 2848; x_wconf 89' lang='lat' dir='ltr'><strong>scilicet</strong></span> <span class='ocrx_word' id='word_1_402' title='bbox 2724 2809 2981 2848; x_wconf 87' lang='lat' dir='ltr'><strong>numerus</strong></span> <span class='ocrx_word' id='word_1_403' title='bbox 3033 2793 3124 2865; x_wconf 88' lang='lat' dir='ltr'><strong>qui</strong></span> <span class='ocrx_word' id='word_1_404' title='bbox 3172 2795 3380 2866; x_wconf 86' lang='lat' dir='ltr'><strong>primus</strong></span> <span class='ocrx_word' id='word_1_405' title='bbox 3428 2797 3592 2853; x_wconf 87' lang='lat' dir='ltr'><strong>vitam</strong></span> 
     </span>
    </p>
   </div>
   <div class='ocr_carea' id='block_1_58' title="bbox 2005 2878 3592 2952">
    <p class='ocr_par' dir='ltr' id='par_1_58' title="bbox 2005 2878 3592 2952">
     <span class='ocr_line' id='line_1_58' title="bbox 2005 2878 3592 2952; baseline 0.003 -19"><span class='ocrx_word' id='word_1_406' title='bbox 2005 2878 2296 2946; x_wconf 87' lang='lat' dir='ltr'><strong>introisset,</strong></span> <span class='ocrx_word' id='word_1_407' title='bbox 2323 2883 2529 2952; x_wconf 90' lang='lat' dir='ltr'><strong>priores</strong></span> <span class='ocrx_word' id='word_1_408' title='bbox 2555 2881 2697 2938; x_wconf 91' lang='lat' dir='ltr'><strong>enim</strong></span> <span class='ocrx_word' id='word_1_409' title='bbox 2728 2881 2954 2938; x_wconf 87' lang='lat' dir='ltr'><strong>mortuis</strong></span> <span class='ocrx_word' id='word_1_410' title='bbox 2983 2881 3114 2948; x_wconf 87' lang='lat' dir='ltr'><strong>vivi,</strong></span> <span class='ocrx_word' id='word_1_411' title='bbox 3163 2883 3358 2940; x_wconf 88' lang='lat' dir='ltr'><strong>dehinc</strong></span> <span class='ocrx_word' id='word_1_412' title='bbox 3396 2885 3592 2941; x_wconf 88' lang='lat' dir='ltr'><strong>mortui</strong></span> 
     </span>
    </p>
   </div>
   <div class='ocr_carea' id='block_1_59' title="bbox 2003 2969 3592 3036">
    <p class='ocr_par' dir='ltr' id='par_1_59' title="bbox 2003 2969 3592 3036">
     <span class='ocr_line' id='line_1_59' title="bbox 2003 2969 3592 3036; baseline 0.006 -15"><span class='ocrx_word' id='word_1_413' title='bbox 2003 2982 2068 3022; x_wconf 88' lang='lat' dir='ltr'><strong>ex</strong></span> <span class='ocrx_word' id='word_1_414' title='bbox 2123 2969 2276 3036; x_wconf 82' lang='lat' dir='ltr'><strong>vivis,</strong></span> <span class='ocrx_word' id='word_1_415' title='bbox 2325 2981 2376 3025; x_wconf 93' lang='lat' dir='ltr'><strong>et</strong></span> <span class='ocrx_word' id='word_1_416' title='bbox 2425 2987 2612 3026; x_wconf 89' lang='lat' dir='ltr'><strong>rursus</strong></span> <span class='ocrx_word' id='word_1_417' title='bbox 2656 2988 2721 3027; x_wconf 87' lang='lat' dir='ltr'><strong>ex</strong></span> <span class='ocrx_word' id='word_1_418' title='bbox 2767 2972 2993 3027; x_wconf 90' lang='lat' dir='ltr'><strong>mortuis</strong></span> <span class='ocrx_word' id='word_1_419' title='bbox 3039 2973 3166 3029; x_wconf 90' lang='lat' dir='ltr'><strong>vivi.</strong></span> <span class='ocrx_word' id='word_1_420' title='bbox 3211 2973 3276 3028; x_wconf 91' lang='lat' dir='ltr'><strong>Et</strong></span> <span class='ocrx_word' id='word_1_421' title='bbox 3315 2973 3443 3029; x_wconf 89' lang='lat' dir='ltr'><strong>dum</strong></span> <span class='ocrx_word' id='word_1_422' title='bbox 3487 2975 3592 3030; x_wconf 88' lang='lat' dir='ltr'><strong>hoc</strong></span> 
     </span>
    </p>
   </div>
   <div class='ocr_carea' id='block_1_60' title="bbox 299 3059 3590 3140">
    <p class='ocr_par' dir='ltr' id='par_1_60' title="bbox 299 3059 3590 3140">
     <span class='ocr_line' id='line_1_60' title="bbox 299 3059 3590 3140; baseline 0.002 -24"><span class='ocrx_word' id='word_1_423' title='bbox 299 3062 420 3117; x_wconf 91' lang='lat' dir='ltr'><strong>ideo</strong></span> <span class='ocrx_word' id='word_1_424' title='bbox 479 3059 659 3118; x_wconf 78' lang='lat'><strong>699</strong></span> <span class='ocrx_word' id='word_1_425' title='bbox 723 3069 902 3118; x_wconf 89' lang='lat' dir='ltr'><strong>tamen</strong></span> <span class='ocrx_word' id='word_1_426' title='bbox 933 3071 985 3118; x_wconf 91' lang='lat' dir='ltr'><strong>et</strong></span> <span class='ocrx_word' id='word_1_427' title='bbox 1026 3080 1098 3120; x_wconf 83' lang='lat' dir='ltr'><strong>ex</strong></span> <span class='ocrx_word' id='word_1_428' title='bbox 1129 3064 1358 3120; x_wconf 88' lang='lat' dir='ltr'><strong>mortuis</strong></span> <span class='ocrx_word' id='word_1_429' title='bbox 1395 3065 1566 3121; x_wconf 91' lang='lat' dir='ltr'><strong>vivos.</strong></span> <span class='ocrx_word' id='word_1_430' title='bbox 1617 3067 1700 3120; x_wconf 79' lang='lat' dir='ltr'><strong>Ab</strong></span> <span class='ocrx_word' id='word_1_431' title='bbox 1747 3064 1900 3121; x_wconf 89' lang='lat' dir='ltr'><strong>initio</strong></span> <span class='ocrx_word' id='word_1_432' title='bbox 1931 3061 1974 3140; x_wconf 74' lang='grc' dir='ltr'><em>ε</em></span> <span class='ocrx_word' id='word_1_433' title='bbox 2007 3071 2224 3127; x_wconf 72' lang='lat' dir='ltr'><strong>semper</strong></span> <span class='ocrx_word' id='word_1_434' title='bbox 2259 3075 2325 3114; x_wconf 82' lang='lat' dir='ltr'><strong>ex</strong></span> <span class='ocrx_word' id='word_1_435' title='bbox 2367 3060 2578 3126; x_wconf 78' lang='lat' dir='ltr'><strong>iisdem,</strong></span> <span class='ocrx_word' id='word_1_436' title='bbox 2611 3060 2683 3115; x_wconf 79' lang='lat' dir='ltr'><strong>ita</strong></span> <span class='ocrx_word' id='word_1_437' title='bbox 2729 3060 2954 3116; x_wconf 83' lang='lat' dir='ltr'><strong>totidem</strong></span> <span class='ocrx_word' id='word_1_438' title='bbox 2990 3078 3205 3134; x_wconf 84' lang='lat' dir='ltr'><strong>semper</strong></span> <span class='ocrx_word' id='word_1_439' title='bbox 3235 3062 3325 3134; x_wconf 90' lang='lat' dir='ltr'><strong>qui</strong></span> <span class='ocrx_word' id='word_1_440' title='bbox 3377 3079 3442 3118; x_wconf 87' lang='lat' dir='ltr'><strong>ex</strong></span> <span class='ocrx_word' id='word_1_441' title='bbox 3489 3063 3590 3118; x_wconf 90' lang='lat' dir='ltr'><strong>iis-</strong></span> 
     </span>
    </p>
   </div>
   <div class='ocr_carea' id='block_1_61' title="bbox 295 3151 1891 3224">
    <p class='ocr_par' dir='ltr' id='par_1_61' title="bbox 295 3151 1891 3224">
     <span class='ocr_line' id='line_1_61' title="bbox 295 3151 1891 3224; baseline 0.003 -20"><span class='ocrx_word' id='word_1_442' title='bbox 295 3152 462 3217; x_wconf 89' lang='lat' dir='ltr'><strong>enim,</strong></span> <span class='ocrx_word' id='word_1_443' title='bbox 515 3151 620 3205; x_wconf 90' lang='lat' dir='ltr'><strong>vivi</strong></span> <span class='ocrx_word' id='word_1_444' title='bbox 667 3151 913 3222; x_wconf 88' lang='lat' dir='ltr'><strong>priores;</strong></span> <span class='ocrx_word' id='word_1_445' title='bbox 957 3156 1104 3208; x_wconf 91' lang='lat' dir='ltr'><strong>unde</strong></span> <span class='ocrx_word' id='word_1_446' title='bbox 1159 3155 1224 3208; x_wconf 90' lang='lat' dir='ltr'><strong>ab</strong></span> <span class='ocrx_word' id='word_1_447' title='bbox 1274 3153 1426 3208; x_wconf 90' lang='lat' dir='ltr'><strong>initio</strong></span> <span class='ocrx_word' id='word_1_448' title='bbox 1483 3170 1636 3224; x_wconf 72' lang='lat' dir='ltr'><strong>neque</strong></span> <span class='ocrx_word' id='word_1_449' title='bbox 1693 3155 1891 3210; x_wconf 90' lang='lat' dir='ltr'><strong>mortui</strong></span> 
     </span>
    </p>
   </div>
   <div class='ocr_carea' id='block_1_62' title="bbox 295 3239 1888 3313">
    <p class='ocr_par' dir='ltr' id='par_1_62' title="bbox 295 3239 1888 3313">
     <span class='ocr_line' id='line_1_62' title="bbox 295 3239 1888 3313; baseline 0.004 -21"><span class='ocrx_word' id='word_1_450' title='bbox 295 3239 644 3310; x_wconf 86' lang='lat' dir='ltr'><strong>posteriores,</strong></span> <span class='ocrx_word' id='word_1_451' title='bbox 696 3255 805 3295; x_wconf 90' lang='lat' dir='ltr'><strong>non</strong></span> <span class='ocrx_word' id='word_1_452' title='bbox 854 3241 1068 3297; x_wconf 87' lang='lat' dir='ltr'><strong>aliunde</strong></span> <span class='ocrx_word' id='word_1_453' title='bbox 1125 3259 1286 3313; x_wconf 89' lang='lat' dir='ltr'><strong>quam</strong></span> <span class='ocrx_word' id='word_1_454' title='bbox 1341 3259 1405 3298; x_wconf 82' lang='lat' dir='ltr'><strong>ex</strong></span> <span class='ocrx_word' id='word_1_455' title='bbox 1456 3242 1608 3300; x_wconf 86' lang='lat' dir='ltr'><strong>vivis.</strong></span> <span class='ocrx_word' id='word_1_456' title='bbox 1657 3242 1737 3297; x_wconf 93' lang='lat' dir='ltr'><strong>Illi</strong></span> <span class='ocrx_word' id='word_1_457' title='bbox 1788 3245 1888 3299; x_wconf 88' lang='lat' dir='ltr'><strong>ha-</strong></span> 
     </span>
    </p>
   </div>
   <div class='ocr_carea' id='block_1_63' title="bbox 297 3327 1885 3402">
    <p class='ocr_par' dir='ltr' id='par_1_63' title="bbox 297 3327 1885 3402">
     <span class='ocr_line' id='line_1_63' title="bbox 297 3327 1885 3402; baseline 0.005 -22"><span class='ocrx_word' id='word_1_458' title='bbox 297 3327 537 3384; x_wconf 89' lang='lat' dir='ltr'><strong>buerunt</strong></span> <span class='ocrx_word' id='word_1_459' title='bbox 569 3329 706 3383; x_wconf 87' lang='lat' dir='ltr'><strong>unde</strong></span> <span class='ocrx_word' id='word_1_460' title='bbox 736 3329 920 3400; x_wconf 89' lang='lat' dir='ltr'><strong>potius</strong></span> <span class='ocrx_word' id='word_1_461' title='bbox 951 3329 1245 3400; x_wconf 88' lang='lat' dir='ltr'><strong>orirentur,</strong></span> <span class='ocrx_word' id='word_1_462' title='bbox 1274 3331 1400 3386; x_wconf 90' lang='lat' dir='ltr'><strong>dum</strong></span> <span class='ocrx_word' id='word_1_463' title='bbox 1443 3348 1508 3386; x_wconf 91' lang='lat' dir='ltr'><strong>ne</strong></span> <span class='ocrx_word' id='word_1_464' title='bbox 1537 3348 1599 3388; x_wconf 87' lang='lat' dir='ltr'><strong>ex</strong></span> <span class='ocrx_word' id='word_1_465' title='bbox 1637 3334 1885 3402; x_wconf 88' lang='lat' dir='ltr'><strong>mortuis,</strong></span> 
     </span>
    </p>
   </div>
   <div class='ocr_carea' id='block_1_64' title="bbox 293 3416 1889 3489">
    <p class='ocr_par' dir='ltr' id='par_1_64' title="bbox 293 3416 1889 3489">
     <span class='ocr_line' id='line_1_64' title="bbox 293 3416 1889 3489; baseline 0.005 -20"><span class='ocrx_word' id='word_1_466' title='bbox 293 3416 383 3471; x_wconf 87' lang='lat' dir='ltr'><strong>isti</strong></span> <span class='ocrx_word' id='word_1_467' title='bbox 421 3431 531 3472; x_wconf 90' lang='lat' dir='ltr'><strong>non</strong></span> <span class='ocrx_word' id='word_1_468' title='bbox 581 3417 883 3473; x_wconf 89' lang='lat' dir='ltr'><strong>habuerunt</strong></span> <span class='ocrx_word' id='word_1_469' title='bbox 936 3420 1079 3475; x_wconf 90' lang='lat' dir='ltr'><strong>unde</strong></span> <span class='ocrx_word' id='word_1_470' title='bbox 1121 3419 1294 3489; x_wconf 70' lang='lat' dir='ltr'><strong>magis,</strong></span> <span class='ocrx_word' id='word_1_471' title='bbox 1342 3419 1752 3487; x_wconf 88' lang='lat' dir='ltr'><strong>deducerentur,</strong></span> <span class='ocrx_word' id='word_1_472' title='bbox 1788 3422 1889 3477; x_wconf 89' lang='lat' dir='ltr'><strong>uisi</strong></span> 
     </span>
    </p>
   </div>
   <div class='ocr_carea' id='block_1_65' title="bbox 292 3505 1892 3577">
    <p class='ocr_par' dir='ltr' id='par_1_65' title="bbox 292 3505 1892 3577">
     <span class='ocr_line' id='line_1_65' title="bbox 292 3505 1892 3577; baseline 0.003 -16"><span class='ocrx_word' id='word_1_473' title='bbox 292 3521 360 3561; x_wconf 86' lang='lat' dir='ltr'><strong>ex</strong></span> <span class='ocrx_word' id='word_1_474' title='bbox 393 3505 551 3562; x_wconf 89' lang='lat' dir='ltr'><strong>vivis.</strong></span> <span class='ocrx_word' id='word_1_475' title='bbox 585 3505 758 3577; x_wconf 87' lang='lat' dir='ltr'><strong>Igitur</strong></span> <span class='ocrx_word' id='word_1_476' title='bbox 794 3507 840 3561; x_wconf 91' lang='lat' dir='ltr'><strong>si</strong></span> <span class='ocrx_word' id='word_1_477' title='bbox 871 3508 938 3562; x_wconf 87' lang='lat' dir='ltr'><strong>ab</strong></span> <span class='ocrx_word' id='word_1_478' title='bbox 969 3507 1124 3565; x_wconf 90' lang='lat' dir='ltr'><strong>initio</strong></span> <span class='ocrx_word' id='word_1_479' title='bbox 1153 3509 1260 3564; x_wconf 89' lang='lat' dir='ltr'><strong>vivi</strong></span> <span class='ocrx_word' id='word_1_480' title='bbox 1292 3525 1400 3565; x_wconf 89' lang='lat' dir='ltr'><strong>non</strong></span> <span class='ocrx_word' id='word_1_481' title='bbox 1429 3525 1494 3564; x_wconf 81' lang='lat' dir='ltr'><strong>ex</strong></span> <span class='ocrx_word' id='word_1_482' title='bbox 1525 3510 1772 3576; x_wconf 90' lang='lat' dir='ltr'><strong>mortuis,</strong></span> <span class='ocrx_word' id='word_1_483' title='bbox 1795 3527 1892 3566; x_wconf 91' lang='lat' dir='ltr'><strong>cur</strong></span> 
     </span>
    </p>
   </div>
   <div class='ocr_carea' id='block_1_66' title="bbox 293 3597 1892 3673">
    <p class='ocr_par' dir='ltr' id='par_1_66' title="bbox 293 3597 1892 3673">
     <span class='ocr_line' id='line_1_66' title="bbox 293 3597 1892 3673; baseline 0.003 -23"><span class='ocrx_word' id='word_1_484' title='bbox 293 3602 484 3666; x_wconf 84' lang='lat' dir='ltr'><strong>postea</strong></span> <span class='ocrx_word' id='word_1_485' title='bbox 533 3611 600 3650; x_wconf 88' lang='lat' dir='ltr'><strong>ex</strong></span> <span class='ocrx_word' id='word_1_486' title='bbox 646 3597 927 3652; x_wconf 87' lang='lat' dir='ltr'><strong>mortuis?</strong></span> <span class='ocrx_word' id='word_1_487' title='bbox 964 3598 1246 3654; x_wconf 88' lang='lat' dir='ltr'><strong>Defecerat</strong></span> <span class='ocrx_word' id='word_1_488' title='bbox 1299 3598 1392 3655; x_wconf 90' lang='lat' dir='ltr'><strong>ille</strong></span> <span class='ocrx_word' id='word_1_489' title='bbox 1436 3599 1761 3673; x_wconf 90' lang='lat' dir='ltr'><strong>quicumque</strong></span> <span class='ocrx_word' id='word_1_490' title='bbox 1810 3610 1892 3656; x_wconf 87' lang='lat' dir='ltr'><strong>est</strong></span> 
     </span>
    </p>
   </div>
   <div class='ocr_carea' id='block_1_67' title="bbox 291 3681 1918 3759">
    <p class='ocr_par' dir='ltr' id='par_1_67' title="bbox 291 3681 1918 3759">
     <span class='ocr_line' id='line_1_67' title="bbox 291 3681 1918 3759; baseline 0.002 -21"><span class='ocrx_word' id='word_1_491' title='bbox 291 3682 492 3754; x_wconf 86' lang='lat' dir='ltr'><strong>origini</strong></span> <span class='ocrx_word' id='word_1_492' title='bbox 525 3681 698 3739; x_wconf 87' lang='lat' dir='ltr'><strong>fons?</strong></span> <span class='ocrx_word' id='word_1_493' title='bbox 743 3686 826 3738; x_wconf 84' lang='lat' dir='ltr'><strong>An</strong></span> <span class='ocrx_word' id='word_1_494' title='bbox 856 3685 1041 3741; x_wconf 59' lang='lat' dir='ltr'><strong>formas</strong></span> <span class='ocrx_word' id='word_1_495' title='bbox 1073 3686 1328 3758; x_wconf 75' lang='lat' dir='ltr'><strong>paenituit</strong></span> <span class='ocrx_word' id='word_1_496' title='bbox 1349 3687 1378 3741; x_wconf 85' lang='lat'><strong>?</strong></span> <span class='ocrx_word' id='word_1_497' title='bbox 1407 3693 1460 3741; x_wconf 90' lang='lat' dir='ltr'><strong>ct</strong></span> <span class='ocrx_word' id='word_1_498' title='bbox 1508 3689 1785 3759; x_wconf 91' lang='lat' dir='ltr'><strong>quomodo</strong></span> <span class='ocrx_word' id='word_1_499' title='bbox 1833 3687 1918 3742; x_wconf 87' lang='lat' dir='ltr'><strong>in-</strong></span> 
     </span>
    </p>
   </div>
   <div class='ocr_carea' id='block_1_68' title="bbox 294 3772 1896 3848">
    <p class='ocr_par' dir='ltr' id='par_1_68' title="bbox 294 3772 1896 3848">
     <span class='ocr_line' id='line_1_68' title="bbox 294 3772 1896 3848; baseline 0.004 -22"><span class='ocrx_word' id='word_1_500' title='bbox 294 3772 528 3830; x_wconf 87' lang='lat' dir='ltr'><strong>mortuis</strong></span> <span class='ocrx_word' id='word_1_501' title='bbox 565 3773 713 3830; x_wconf 88' lang='lat' dir='ltr'><strong>salva</strong></span> <span class='ocrx_word' id='word_1_502' title='bbox 757 3775 885 3830; x_wconf 87' lang='lat' dir='ltr'><strong>est?</strong></span> <span class='ocrx_word' id='word_1_503' title='bbox 929 3777 1049 3831; x_wconf 90' lang='lat' dir='ltr'><strong>Non</strong></span> <span class='ocrx_word' id='word_1_504' title='bbox 1091 3775 1220 3848; x_wconf 91' lang='lat' dir='ltr'><strong>quia</strong></span> <span class='ocrx_word' id='word_1_505' title='bbox 1258 3776 1328 3831; x_wconf 86' lang='lat' dir='ltr'><strong>ab</strong></span> <span class='ocrx_word' id='word_1_506' title='bbox 1375 3775 1529 3832; x_wconf 91' lang='lat' dir='ltr'><strong>initio</strong></span> <span class='ocrx_word' id='word_1_507' title='bbox 1577 3776 1781 3834; x_wconf 92' lang='lat' dir='ltr'><strong>mortui</strong></span> <span class='ocrx_word' id='word_1_508' title='bbox 1829 3793 1896 3833; x_wconf 88' lang='lat' dir='ltr'><strong>ex</strong></span> 
     </span>
    </p>
   </div>
   <div class='ocr_carea' id='block_1_69' title="bbox 2005 3144 3591 3225">
    <p class='ocr_par' dir='ltr' id='par_1_69' title="bbox 2005 3144 3591 3225">
     <span class='ocr_line' id='line_1_69' title="bbox 2005 3144 3591 3225; baseline 0.007 -27"><span class='ocrx_word' id='word_1_509' title='bbox 2005 3144 2166 3218; x_wconf 84' lang='lat' dir='ltr'><strong>dem;</strong></span> <span class='ocrx_word' id='word_1_510' title='bbox 2209 3163 2383 3217; x_wconf 91' lang='lat' dir='ltr'><strong>neque</strong></span> <span class='ocrx_word' id='word_1_511' title='bbox 2433 3148 2608 3218; x_wconf 90' lang='lat' dir='ltr'><strong>plures</strong></span> <span class='ocrx_word' id='word_1_512' title='bbox 2651 3156 2744 3202; x_wconf 85' lang='lat' dir='ltr'><strong>aut</strong></span> <span class='ocrx_word' id='word_1_513' title='bbox 2794 3149 3074 3217; x_wconf 89' lang='lat' dir='ltr'><strong>pauciores</strong></span> <span class='ocrx_word' id='word_1_514' title='bbox 3131 3151 3382 3218; x_wconf 80' lang='lat' dir='ltr'><strong>exissent,</strong></span> <span class='ocrx_word' id='word_1_515' title='bbox 3431 3170 3591 3225; x_wconf 87' lang='lat' dir='ltr'><strong>quam</strong></span> 
     </span>
    </p>
   </div>
   <div class='ocr_carea' id='block_1_70' title="bbox 1999 3234 3594 3310">
    <p class='ocr_par' dir='ltr' id='par_1_70' title="bbox 1999 3234 3594 3310">
     <span class='ocr_line' id='line_1_70' title="bbox 1999 3234 3594 3310; baseline 0.004 -22"><span class='ocrx_word' id='word_1_516' title='bbox 1999 3234 2231 3291; x_wconf 85' lang='lat' dir='ltr'><strong>redirent</strong></span> <span class='ocrx_word' id='word_1_517' title='bbox 2277 3235 2345 3289; x_wconf 77' lang='lat'><strong>58.</strong></span> <span class='ocrx_word' id='word_1_518' title='bbox 2391 3236 2696 3294; x_wconf 87' lang='lat' dir='ltr'><strong>Invenimus</strong></span> <span class='ocrx_word' id='word_1_519' title='bbox 2751 3246 2930 3292; x_wconf 89' lang='lat' dir='ltr'><strong>autem</strong></span> <span class='ocrx_word' id='word_1_520' title='bbox 2985 3241 3126 3310; x_wconf 91' lang='lat' dir='ltr'><strong>apud</strong></span> <span class='ocrx_word' id='word_1_521' title='bbox 3179 3242 3594 3297; x_wconf 86' lang='lat' dir='ltr'><strong>commentarios</strong></span> 
     </span>
    </p>
   </div>
   <div class='ocr_carea' id='block_1_71' title="bbox 1997 3324 3591 3397">
    <p class='ocr_par' dir='ltr' id='par_1_71' title="bbox 1997 3324 3591 3397">
     <span class='ocr_line' id='line_1_71' title="bbox 1997 3324 3591 3397; baseline 0.001 -14"><span class='ocrx_word' id='word_1_522' title='bbox 1997 3328 2156 3384; x_wconf 89' lang='lat' dir='ltr'><strong>etiam</strong></span> <span class='ocrx_word' id='word_1_523' title='bbox 2215 3327 2568 3380; x_wconf 90' lang='lat' dir='ltr'><strong>humanarum</strong></span> <span class='ocrx_word' id='word_1_524' title='bbox 2625 3324 3034 3396; x_wconf 89' lang='lat' dir='ltr'><strong>antiquitatum.</strong></span> <span class='ocrx_word' id='word_1_525' title='bbox 3087 3327 3343 3397; x_wconf 88' lang='lat' dir='ltr'><strong>paulatim</strong></span> <span class='ocrx_word' id='word_1_526' title='bbox 3395 3329 3591 3384; x_wconf 89' lang='lat' dir='ltr'><strong>huma-</strong></span> 
     </span>
    </p>
   </div>
   <div class='ocr_carea' id='block_1_72' title="bbox 1999 3410 3590 3488">
    <p class='ocr_par' dir='ltr' id='par_1_72' title="bbox 1999 3410 3590 3488">
     <span class='ocr_line' id='line_1_72' title="bbox 1999 3410 3590 3488; baseline 0 -18"><span class='ocrx_word' id='word_1_527' title='bbox 1999 3430 2128 3471; x_wconf 91' lang='lat' dir='ltr'><strong>num</strong></span> <span class='ocrx_word' id='word_1_528' title='bbox 2157 3429 2328 3485; x_wconf 88' lang='lat' dir='ltr'><strong>genus</strong></span> <span class='ocrx_word' id='word_1_529' title='bbox 2367 3411 2713 3480; x_wconf 89' lang='lat' dir='ltr'><strong>exuberasse,</strong></span> <span class='ocrx_word' id='word_1_530' title='bbox 2748 3413 2874 3466; x_wconf 92' lang='lat' dir='ltr'><strong>dum</strong></span> <span class='ocrx_word' id='word_1_531' title='bbox 2931 3410 3101 3468; x_wconf 76' lang='lat'><strong>700</strong></span> <span class='ocrx_word' id='word_1_532' title='bbox 3145 3414 3476 3488; x_wconf 84' lang='lat' dir='ltr'><strong>aborigiucs,</strong></span> <span class='ocrx_word' id='word_1_533' title='bbox 3509 3419 3590 3472; x_wconf 83' lang='lat' dir='ltr'><strong>vel</strong></span> 
     </span>
    </p>
   </div>
   <div class='ocr_carea' id='block_1_73' title="bbox 1999 3502 3596 3578">
    <p class='ocr_par' dir='ltr' id='par_1_73' title="bbox 1999 3502 3596 3578">
     <span class='ocr_line' id='line_1_73' title="bbox 1999 3502 3596 3578; baseline 0 -18"><span class='ocrx_word' id='word_1_534' title='bbox 1999 3505 2141 3578; x_wconf 79' lang='lat' dir='ltr'><strong>vagi,</strong></span> <span class='ocrx_word' id='word_1_535' title='bbox 2197 3503 2282 3558; x_wconf 89' lang='lat' dir='ltr'><strong>vel</strong></span> <span class='ocrx_word' id='word_1_536' title='bbox 2345 3510 2606 3567; x_wconf 81' lang='lat' dir='ltr'><strong>extorres,</strong></span> <span class='ocrx_word' id='word_1_537' title='bbox 2671 3502 2755 3557; x_wconf 88' lang='lat' dir='ltr'><strong>vel</strong></span> <span class='ocrx_word' id='word_1_538' title='bbox 2805 3502 3026 3572; x_wconf 80' lang='lat' dir='ltr'><strong>gloriosi</strong></span> <span class='ocrx_word' id='word_1_539' title='bbox 3082 3503 3285 3574; x_wconf 89' lang='lat' dir='ltr'><strong>quique</strong></span> <span class='ocrx_word' id='word_1_540' title='bbox 3330 3515 3596 3576; x_wconf 90' lang='lat' dir='ltr'><strong>occupant</strong></span> 
     </span>
    </p>
   </div>
   <div class='ocr_carea' id='block_1_74' title="bbox 1999 3591 3591 3664">
    <p class='ocr_par' dir='ltr' id='par_1_74' title="bbox 1999 3591 3591 3664">
     <span class='ocr_line' id='line_1_74' title="bbox 1999 3591 3591 3664; baseline 0.001 -16"><span class='ocrx_word' id='word_1_541' title='bbox 1999 3601 2172 3648; x_wconf 88' lang='lat' dir='ltr'><strong>terras</strong></span> <span class='ocrx_word' id='word_1_542' title='bbox 2201 3593 2318 3662; x_wconf 83' lang='lat'><strong>(93,</strong></span> <span class='ocrx_word' id='word_1_543' title='bbox 2369 3601 2426 3646; x_wconf 91' lang='lat' dir='ltr'><strong>ut</strong></span> <span class='ocrx_word' id='word_1_544' title='bbox 2477 3591 2691 3662; x_wconf 75' lang='lat' dir='ltr'><strong>Scytha:</strong></span> <span class='ocrx_word' id='word_1_545' title='bbox 2743 3591 3021 3648; x_wconf 87' lang='lat' dir='ltr'><strong>Parthicas</strong></span> <span class='ocrx_word' id='word_1_546' title='bbox 3070 3591 3141 3662; x_wconf 82' lang='lat'><strong>59,</strong></span> <span class='ocrx_word' id='word_1_547' title='bbox 3169 3601 3228 3646; x_wconf 90' lang='lat' dir='ltr'><strong>ut</strong></span> <span class='ocrx_word' id='word_1_548' title='bbox 3255 3594 3494 3664; x_wconf 69' lang='lat' dir='ltr'><strong>Amycla:</strong></span> <span class='ocrx_word' id='word_1_549' title='bbox 3521 3595 3591 3650; x_wconf 77' lang='grc' dir='ltr'><strong>σο.</strong></span> 
     </span>
    </p>
   </div>
   <div class='ocr_carea' id='block_1_75' title="bbox 1999 3679 3595 3755">
    <p class='ocr_par' dir='ltr' id='par_1_75' title="bbox 1999 3679 3595 3755">
     <span class='ocr_line' id='line_1_75' title="bbox 1999 3679 3595 3755; baseline 0.001 -18"><span class='ocrx_word' id='word_1_550' title='bbox 1999 3682 2412 3752; x_wconf 89' lang='lat' dir='ltr'><strong>Peloponesum,</strong></span> <span class='ocrx_word' id='word_1_551' title='bbox 2456 3687 2517 3736; x_wconf 91' lang='lat' dir='ltr'><strong>ut</strong></span> <span class='ocrx_word' id='word_1_552' title='bbox 2565 3679 2927 3740; x_wconf 81' lang='lat' dir='ltr'><strong>Athenienses</strong></span> <span class='ocrx_word' id='word_1_553' title='bbox 2974 3679 3180 3747; x_wconf 86' lang='lat' dir='ltr'><strong>Asiam,</strong></span> <span class='ocrx_word' id='word_1_554' title='bbox 3241 3690 3302 3738; x_wconf 90' lang='lat' dir='ltr'><strong>ut</strong></span> <span class='ocrx_word' id='word_1_555' title='bbox 3348 3683 3595 3755; x_wconf 81' lang='lat' dir='ltr'><strong>Phryges</strong></span> 
     </span>
    </p>
   </div>
   <div class='ocr_carea' id='block_1_76' title="bbox 2005 3773 3596 3844">
    <p class='ocr_par' dir='ltr' id='par_1_76' title="bbox 2005 3773 3596 3844">
     <span class='ocr_line' id='line_1_76' title="bbox 2005 3773 3596 3844; baseline 0.003 -13"><span class='ocrx_word' id='word_1_556' title='bbox 2005 3775 2230 3843; x_wconf 88' lang='lat' dir='ltr'><strong>Italiam,</strong></span> <span class='ocrx_word' id='word_1_557' title='bbox 2270 3783 2330 3831; x_wconf 89' lang='lat' dir='ltr'><strong>ut</strong></span> <span class='ocrx_word' id='word_1_558' title='bbox 2365 3773 2650 3832; x_wconf 59' lang='lat' dir='ltr'><strong>Phoenices</strong></span> <span class='ocrx_word' id='word_1_559' title='bbox 2687 3773 2947 3844; x_wconf 83' lang='lat' dir='ltr'><strong>Africam,</strong></span> <span class='ocrx_word' id='word_1_560' title='bbox 2981 3775 3112 3832; x_wconf 92' lang='lat' dir='ltr'><strong>dum</strong></span> <span class='ocrx_word' id='word_1_561' title='bbox 3144 3777 3398 3835; x_wconf 90' lang='lat' dir='ltr'><strong>solennes</strong></span> <span class='ocrx_word' id='word_1_562' title='bbox 3436 3779 3596 3836; x_wconf 87' lang='lat' dir='ltr'><strong>etiam</strong></span> 
     </span>
    </p>
   </div>
   <div class='ocr_carea' id='block_1_77' title="bbox 369 3891 3595 4038">
    <p class='ocr_par' dir='ltr' id='par_1_77' title="bbox 369 3891 3595 4038">
     <span class='ocr_line' id='line_1_77' title="bbox 369 3891 3595 4038; baseline 0.004 -14"><span class='ocrx_word' id='word_1_563' title='bbox 369 3967 416 4006; x_wconf 74' lang='lat'><strong>5&quot;</strong></span> <span class='ocrx_word' id='word_1_564' title='bbox 437 3968 614 4025; x_wconf 87' lang='lat' dir='ltr'><strong>Semel</strong></span> <span class='ocrx_word' id='word_1_565' title='bbox 631 3971 821 4028; x_wconf 77' lang='lat' dir='ltr'><strong>omitt.</strong></span> <span class='ocrx_word' id='word_1_566' title='bbox 851 3973 1012 4030; x_wconf 87' lang='lat' dir='ltr'><strong>Pam.</strong></span> <span class='ocrx_word' id='word_1_567' title='bbox 1043 3971 1092 4011; x_wconf 72' lang='grc'><strong>⁵³</strong></span> <span class='ocrx_word' id='word_1_568' title='bbox 1114 3969 1402 4030; x_wconf 81' lang='lat' dir='ltr'><strong>Redissent</strong></span> <span class='ocrx_word' id='word_1_569' title='bbox 1425 3971 1507 4028; x_wconf 85' lang='lat' dir='ltr'><strong>al.</strong></span> <span class='ocrx_word' id='word_1_570' title='bbox 1537 3971 1586 4012; x_wconf 82' lang='lat'><strong>59</strong></span> <span class='ocrx_word' id='word_1_571' title='bbox 1614 3891 2454 4032; x_wconf 38' lang='lat' dir='ltr'><strong>PXﬁtligmllelgotzllﬁeParthiam</strong></span> <span class='ocrx_word' id='word_1_572' title='bbox 2485 3974 2581 4032; x_wconf 82' lang='lat' dir='ltr'><strong>lib.</strong></span> <span class='ocrx_word' id='word_1_573' title='bbox 2615 3973 2820 4032; x_wconf 79' lang='lat' dir='ltr'><strong>Ursini.</strong></span> <span class='ocrx_word' id='word_1_574' title='bbox 2852 3973 2902 4014; x_wconf 74' lang='grc' dir='ltr'>⁵ο</span> <span class='ocrx_word' id='word_1_575' title='bbox 2924 3977 3148 4032; x_wconf 84' lang='lat' dir='ltr'><strong>Amadae</strong></span> <span class='ocrx_word' id='word_1_576' title='bbox 3187 3979 3388 4038; x_wconf 79' lang='lat' dir='ltr'><strong>Wouw.</strong></span> <span class='ocrx_word' id='word_1_577' title='bbox 3417 3994 3595 4037; x_wconf 89' lang='lat' dir='ltr'><strong>seme-</strong></span> 
     </span>
    </p>
   </div>
   <div class='ocr_carea' id='block_1_78' title="bbox 297 4038 604 4096">
    <p class='ocr_par' dir='ltr' id='par_1_78' title="bbox 297 4038 604 4096">
     <span class='ocr_line' id='line_1_78' title="bbox 297 4038 604 4096; baseline 0.007 -2"><span class='ocrx_word' id='word_1_578' title='bbox 297 4038 440 4095; x_wconf 78' lang='lat' dir='ltr'><strong>nidte</strong></span> <span class='ocrx_word' id='word_1_579' title='bbox 469 4041 604 4096; x_wconf 84' lang='lat' dir='ltr'><strong>Jun.</strong></span> 
     </span>
    </p>
   </div>
   <div class='ocr_carea' id='block_1_79' title="bbox 1699 4117 2195 4180">
    <p class='ocr_par' dir='ltr' id='par_1_79' title="bbox 1699 4117 2195 4180">
     <span class='ocr_line' id='line_1_79' title="bbox 1699 4117 2195 4180; baseline -0.006 -1"><span class='ocrx_word' id='word_1_580' title='bbox 1699 4117 2195 4180; x_wconf 85' lang='lat' dir='ltr'><strong>Commentarius.</strong></span> 
     </span>
    </p>
   </div>
   <div class='ocr_carea' id='block_1_80' title="bbox 377 4219 1887 4296">
    <p class='ocr_par' dir='ltr' id='par_1_80' title="bbox 377 4219 1887 4296">
     <span class='ocr_line' id='line_1_80' title="bbox 377 4219 1887 4296; baseline 0.001 -19"><span class='ocrx_word' id='word_1_581' title='bbox 377 4219 492 4290; x_wconf 78' lang='lat'><strong>(88)</strong></span> <span class='ocrx_word' id='word_1_582' title='bbox 519 4219 622 4296; x_wconf 74' lang='lat' dir='ltr'><strong>Sed</strong></span> <span class='ocrx_word' id='word_1_583' title='bbox 647 4223 910 4296; x_wconf 81' lang='lat' dir='ltr'><strong>clypeum</strong></span> <span class='ocrx_word' id='word_1_584' title='bbox 941 4224 1244 4296; x_wconf 78' lang='lat' dir='ltr'><strong>Euphorbi.</strong></span> <span class='ocrx_word' id='word_1_585' title='bbox 1275 4225 1472 4280; x_wconf 67' lang='lat' dir='ltr'><strong>Praeter</strong></span> <span class='ocrx_word' id='word_1_586' title='bbox 1507 4223 1806 4296; x_wconf 74' lang='lat' dir='ltr'><strong>Diogenem</strong></span> <span class='ocrx_word' id='word_1_587' title='bbox 1835 4233 1887 4278; x_wconf 90' lang='lat' dir='ltr'><strong>et</strong></span> 
     </span>
    </p>
   </div>
   <div class='ocr_carea' id='block_1_81' title="bbox 308 4289 1884 4364">
    <p class='ocr_par' dir='ltr' id='par_1_81' title="bbox 308 4289 1884 4364">
     <span class='ocr_line' id='line_1_81' title="bbox 308 4289 1884 4364; baseline 0.003 -19"><span class='ocrx_word' id='word_1_588' title='bbox 308 4289 656 4364; x_wconf 47' lang='lat' dir='ltr'><strong>bactantium,</strong></span> <span class='ocrx_word' id='word_1_589' title='bbox 693 4289 856 4364; x_wconf 79' lang='lat' dir='ltr'><strong>hujus</strong></span> <span class='ocrx_word' id='word_1_590' title='bbox 907 4289 1066 4351; x_wconf 80' lang='lat' dir='ltr'><strong>etiam</strong></span> <span class='ocrx_word' id='word_1_591' title='bbox 1123 4296 1420 4354; x_wconf 91' lang='lat' dir='ltr'><strong>meminere</strong></span> <span class='ocrx_word' id='word_1_592' title='bbox 1463 4289 1792 4350; x_wconf 73' lang='lat' dir='ltr'><strong>Jambfichus</strong></span> <span class='ocrx_word' id='word_1_593' title='bbox 1831 4303 1884 4349; x_wconf 89' lang='lat' dir='ltr'><strong>et</strong></span> 
     </span>
    </p>
   </div>
   <div class='ocr_carea' id='block_1_82' title="bbox 303 4349 1960 4438">
    <p class='ocr_par' dir='ltr' id='par_1_82' title="bbox 303 4349 1960 4438">
     <span class='ocr_line' id='line_1_82' title="bbox 303 4349 1960 4438; baseline 0.005 -22"><span class='ocrx_word' id='word_1_594' title='bbox 303 4349 679 4438; x_wconf 66' lang='lat' dir='ltr'><strong>Philostratus,</strong></span> <span class='ocrx_word' id='word_1_595' title='bbox 707 4349 782 4420; x_wconf 49' lang='lat' dir='ltr'><strong>et.</strong></span> <span class='ocrx_word' id='word_1_596' title='bbox 798 4349 1010 4423; x_wconf 49' lang='lat' dir='ltr'><strong>incidi”</strong></span> <span class='ocrx_word' id='word_1_597' title='bbox 1034 4349 1445 4438; x_wconf 45' lang='lat' dir='ltr'><strong>Eaeﬁéflhi,</strong></span> <span class='ocrx_word' id='word_1_598' title='bbox 1470 4349 1586 4421; x_wconf 80' lang='lat' dir='ltr'><strong>ubi</strong></span> <span class='ocrx_word' id='word_1_599' title='bbox 1643 4349 1757 4421; x_wconf 73' lang='lat' dir='ltr'><strong>hrec</strong></span> <span class='ocrx_word' id='word_1_600' title='bbox 1779 4349 1882 4420; x_wconf 83' lang='lat' dir='ltr'><strong>re-</strong></span> <span class='ocrx_word' id='word_1_601' title='bbox 1915 4349 1960 4425; x_wconf 76' lang='grc' dir='ltr'><strong>Β</strong></span> 
     </span>
    </p>
   </div>
   <div class='ocr_carea' id='block_1_83' title="bbox 297 4433 1889 4511">
    <p class='ocr_par' dir='ltr' id='par_1_83' title="bbox 297 4433 1889 4511">
     <span class='ocr_line' id='line_1_83' title="bbox 297 4433 1889 4511; baseline 0.003 -23"><span class='ocrx_word' id='word_1_602' title='bbox 297 4433 458 4511; x_wconf 62' lang='lat' dir='ltr'><strong>futat,</strong></span> <span class='ocrx_word' id='word_1_603' title='bbox 488 4443 689 4511; x_wconf 89' lang='lat' dir='ltr'><strong>et_cap.</strong></span> <span class='ocrx_word' id='word_1_604' title='bbox 723 4439 812 4511; x_wconf 58' lang='grc'><strong>34,</strong></span> <span class='ocrx_word' id='word_1_605' title='bbox 853 4455 972 4511; x_wconf 88' lang='lat' dir='ltr'><strong>cap.</strong></span> <span class='ocrx_word' id='word_1_606' title='bbox 1016 4444 1040 4494; x_wconf 89' lang='grc'><strong>1</strong></span> <span class='ocrx_word' id='word_1_607' title='bbox 1088 4433 1155 4497; x_wconf 81' lang='lat' dir='ltr'><strong>de</strong></span> <span class='ocrx_word' id='word_1_608' title='bbox 1189 4433 1426 4511; x_wconf 23' lang='lat' dir='ltr'><strong>&#39;Resurr.</strong></span> <span class='ocrx_word' id='word_1_609' title='bbox 1475 4438 1682 4511; x_wconf 73' lang='lat' dir='ltr'><strong>carnis.</strong></span> <span class='ocrx_word' id='word_1_610' title='bbox 1717 4439 1889 4493; x_wconf 89' lang='lat' dir='ltr'><strong>Pecu-</strong></span> 
     </span>
    </p>
   </div>
   <div class='ocr_carea' id='block_1_84' title="bbox 297 4505 1891 4582">
    <p class='ocr_par' dir='ltr' id='par_1_84' title="bbox 297 4505 1891 4582">
     <span class='ocr_line' id='line_1_84' title="bbox 297 4505 1891 4582; baseline 0.003 -24"><span class='ocrx_word' id='word_1_611' title='bbox 297 4505 681 4582; x_wconf 68' lang='lat' dir='ltr'><strong>liarius_hatjc</strong></span> <span class='ocrx_word' id='word_1_612' title='bbox 728 4505 965 4566; x_wconf 85' lang='lat' dir='ltr'><strong>fabulam</strong></span> <span class='ocrx_word' id='word_1_613' title='bbox 1019 4511 1304 4582; x_wconf 86' lang='lat' dir='ltr'><strong>descripsit</strong></span> <span class='ocrx_word' id='word_1_614' title='bbox 1353 4510 1489 4564; x_wconf 78' lang='lat' dir='ltr'><strong>Max.</strong></span> <span class='ocrx_word' id='word_1_615' title='bbox 1537 4509 1730 4582; x_wconf 85' lang='lat' dir='ltr'><strong>Tyrius</strong></span> <span class='ocrx_word' id='word_1_616' title='bbox 1774 4523 1891 4565; x_wconf 90' lang='lat' dir='ltr'><strong>ser-</strong></span> 
     </span>
    </p>
   </div>
   <div class='ocr_carea' id='block_1_85' title="bbox 297 4578 752 4639">
    <p class='ocr_par' dir='ltr' id='par_1_85' title="bbox 297 4578 752 4639">
     <span class='ocr_line' id='line_1_85' title="bbox 297 4578 752 4639; baseline 0.018 -8"><span class='ocrx_word' id='word_1_617' title='bbox 297 4591 466 4633; x_wconf 88' lang='lat' dir='ltr'><strong>mone</strong></span> <span class='ocrx_word' id='word_1_618' title='bbox 498 4578 587 4631; x_wconf 76' lang='lat'><strong>28.</strong></span> <span class='ocrx_word' id='word_1_619' title='bbox 621 4581 752 4639; x_wconf 68' lang='lat' dir='ltr'><strong>Lac.</strong></span> 
     </span>
    </p>
   </div>
   <div class='ocr_carea' id='block_1_86' title="bbox 371 4649 1890 4724">
    <p class='ocr_par' dir='ltr' id='par_1_86' title="bbox 371 4649 1890 4724">
     <span class='ocr_line' id='line_1_86' title="bbox 371 4649 1890 4724; baseline -0.003 -15"><span class='ocrx_word' id='word_1_620' title='bbox 371 4649 486 4724; x_wconf 66' lang='lat'><strong>(89)</strong></span> <span class='ocrx_word' id='word_1_621' title='bbox 510 4650 580 4724; x_wconf 56' lang='lat' dir='ltr'><strong>Et</strong></span> <span class='ocrx_word' id='word_1_622' title='bbox 593 4653 642 4706; x_wconf 77' lang='lat' dir='ltr'><strong>si</strong></span> <span class='ocrx_word' id='word_1_623' title='bbox 671 4654 826 4724; x_wconf 80' lang='lat' dir='ltr'><strong>capit</strong></span> <span class='ocrx_word' id='word_1_624' title='bbox 863 4653 1042 4712; x_wconf 82' lang='lat' dir='ltr'><strong>crede.</strong></span> <span class='ocrx_word' id='word_1_625' title='bbox 1089 4654 1204 4710; x_wconf 85' lang='lat' dir='ltr'><strong>Hoc</strong></span> <span class='ocrx_word' id='word_1_626' title='bbox 1230 4661 1314 4709; x_wconf 90' lang='lat' dir='ltr'><strong>est</strong></span> <span class='ocrx_word' id='word_1_627' title='bbox 1342 4671 1355 4707; x_wconf 90' lang='lat'><strong>:</strong></span> <span class='ocrx_word' id='word_1_628' title='bbox 1392 4651 1450 4708; x_wconf 93' lang='lat' dir='ltr'><strong>Si</strong></span> <span class='ocrx_word' id='word_1_629' title='bbox 1479 4652 1622 4724; x_wconf 83' lang='lat' dir='ltr'><strong>capit</strong></span> <span class='ocrx_word' id='word_1_630' title='bbox 1648 4649 1890 4724; x_wconf 73' lang='lat' dir='ltr'><strong>credere,</strong></span> 
     </span>
    </p>
   </div>
   <div class='ocr_carea' id='block_1_87' title="bbox 295 4719 1819 4794">
    <p class='ocr_par' dir='ltr' id='par_1_87' title="bbox 295 4719 1819 4794">
     <span class='ocr_line' id='line_1_87' title="bbox 295 4719 1819 4794; baseline -0.001 -16"><span class='ocrx_word' id='word_1_631' title='bbox 295 4719 486 4794; x_wconf 71' lang='lat' dir='ltr'><strong>crede.</strong></span> <span class='ocrx_word' id='word_1_632' title='bbox 511 4719 758 4794; x_wconf 72' lang='lat' dir='ltr'><strong>Eleganti</strong></span> <span class='ocrx_word' id='word_1_633' title='bbox 789 4725 1072 4781; x_wconf 88' lang='lat' dir='ltr'><strong>reticentia</strong></span> <span class='ocrx_word' id='word_1_634' title='bbox 1101 4726 1335 4782; x_wconf 88' lang='lat' dir='ltr'><strong>alterum</strong></span> <span class='ocrx_word' id='word_1_635' title='bbox 1371 4719 1651 4781; x_wconf 85' lang='lat' dir='ltr'><strong>subduxit.</strong></span> <span class='ocrx_word' id='word_1_636' title='bbox 1683 4723 1819 4794; x_wconf 77' lang='lat' dir='ltr'><strong>Btc.</strong></span> 
     </span>
    </p>
   </div>
   <div class='ocr_carea' id='block_1_88' title="bbox 369 4791 1897 4863">
    <p class='ocr_par' dir='ltr' id='par_1_88' title="bbox 369 4791 1897 4863">
     <span class='ocr_line' id='line_1_88' title="bbox 369 4791 1897 4863; baseline -0.009 -2"><span class='ocrx_word' id='word_1_637' title='bbox 369 4791 492 4863; x_wconf 75' lang='grc'><strong>(90)</strong></span> <span class='ocrx_word' id='word_1_638' title='bbox 538 4791 648 4849; x_wconf 71' lang='lat' dir='ltr'><strong>Per</strong></span> <span class='ocrx_word' id='word_1_639' title='bbox 706 4797 1062 4854; x_wconf 80' lang='lat' dir='ltr'><strong>Catabolz&#39;cos.</strong></span> <span class='ocrx_word' id='word_1_640' title='bbox 1117 4799 1314 4853; x_wconf 88' lang='lat' dir='ltr'><strong>Docuit</strong></span> <span class='ocrx_word' id='word_1_641' title='bbox 1359 4813 1448 4852; x_wconf 92' lang='lat' dir='ltr'><strong>me</strong></span> <span class='ocrx_word' id='word_1_642' title='bbox 1499 4793 1897 4852; x_wconf 89' lang='lat' dir='ltr'><strong>eruditissimus</strong></span> 
     </span>
    </p>
   </div>
   <div class='ocr_carea' id='block_1_89' title="bbox 291 4866 1897 4940">
    <p class='ocr_par' dir='ltr' id='par_1_89' title="bbox 291 4866 1897 4940">
     <span class='ocr_line' id='line_1_89' title="bbox 291 4866 1897 4940; baseline 0.001 -20"><span class='ocrx_word' id='word_1_643' title='bbox 291 4866 590 4940; x_wconf 86' lang='lat' dir='ltr'><strong>Turnebus</strong></span> <span class='ocrx_word' id='word_1_644' title='bbox 619 4866 674 4940; x_wconf 84' lang='lat' dir='ltr'><strong>in</strong></span> <span class='ocrx_word' id='word_1_645' title='bbox 695 4867 914 4924; x_wconf 83' lang='lat' dir='ltr'><strong>Advers.</strong></span> <span class='ocrx_word' id='word_1_646' title='bbox 942 4871 1280 4924; x_wconf 87' lang='lat' dir='ltr'><strong>Catabolicos</strong></span> <span class='ocrx_word' id='word_1_647' title='bbox 1307 4869 1674 4940; x_wconf 88' lang='lat' dir='ltr'><strong>inauspicatos</strong></span> <span class='ocrx_word' id='word_1_648' title='bbox 1707 4867 1897 4940; x_wconf 75' lang='lat' dir='ltr'><strong>genios</strong></span> 
     </span>
    </p>
   </div>
   <div class='ocr_carea' id='block_1_90' title="bbox 289 4937 1898 5012">
    <p class='ocr_par' dir='ltr' id='par_1_90' title="bbox 289 4937 1898 5012">
     <span class='ocr_line' id='line_1_90' title="bbox 289 4937 1898 5012; baseline -0.001 -20"><span class='ocrx_word' id='word_1_649' title='bbox 289 4952 426 4992; x_wconf 85' lang='lat' dir='ltr'><strong>esse</strong></span> <span class='ocrx_word' id='word_1_650' title='bbox 465 4952 520 4994; x_wconf 90' lang='lat' dir='ltr'><strong>et</strong></span> <span class='ocrx_word' id='word_1_651' title='bbox 556 4939 801 5012; x_wconf 85' lang='lat' dir='ltr'><strong>infames,</strong></span> <span class='ocrx_word' id='word_1_652' title='bbox 834 4940 926 5012; x_wconf 92' lang='lat' dir='ltr'><strong>qui</strong></span> <span class='ocrx_word' id='word_1_653' title='bbox 949 4941 1212 5012; x_wconf 79' lang='lat' dir='ltr'><strong>fanaticos</strong></span> <span class='ocrx_word' id='word_1_654' title='bbox 1247 4937 1598 5011; x_wconf 84' lang='lat' dir='ltr'><strong>prosternunt</strong></span> <span class='ocrx_word' id='word_1_655' title='bbox 1627 4937 1791 5011; x_wconf 74' lang='lat' dir='ltr'><strong>atque</strong></span> <span class='ocrx_word' id='word_1_656' title='bbox 1831 4937 1898 4992; x_wconf 90' lang='lat' dir='ltr'><strong>ad</strong></span> 
     </span>
    </p>
   </div>
   <div class='ocr_carea' id='block_1_91' title="bbox 291 5011 1058 5080">
    <p class='ocr_par' dir='ltr' id='par_1_91' title="bbox 291 5011 1058 5080">
     <span class='ocr_line' id='line_1_91' title="bbox 291 5011 1058 5080; baseline 0.003 -16"><span class='ocrx_word' id='word_1_657' title='bbox 291 5017 505 5080; x_wconf 79' lang='lat' dir='ltr'><strong>terram</strong></span> <span class='ocrx_word' id='word_1_658' title='bbox 539 5011 817 5080; x_wconf 71' lang='lat' dir='ltr'><strong>adﬂigunt.</strong></span> <span class='ocrx_word' id='word_1_659' title='bbox 849 5011 928 5066; x_wconf 73' lang='lat' dir='ltr'><strong>Ls</strong></span> <span class='ocrx_word' id='word_1_660' title='bbox 961 5011 1058 5066; x_wconf 79' lang='lat' dir='ltr'><strong>Pa.</strong></span> 
     </span>
    </p>
   </div>
   <div class='ocr_carea' id='block_1_92' title="bbox 369 5078 1898 5154">
    <p class='ocr_par' dir='ltr' id='par_1_92' title="bbox 369 5078 1898 5154">
     <span class='ocr_line' id='line_1_92' title="bbox 369 5078 1898 5154; baseline 0.002 -22"><span class='ocrx_word' id='word_1_661' title='bbox 369 5078 492 5152; x_wconf 86' lang='grc'>(91)</span> <span class='ocrx_word' id='word_1_662' title='bbox 533 5085 604 5138; x_wconf 85' lang='lat' dir='ltr'><strong>Et</strong></span> <span class='ocrx_word' id='word_1_663' title='bbox 629 5078 920 5139; x_wconf 49' lang='lat' dir='ltr'><strong>P&#39;aredros.</strong></span> <span class='ocrx_word' id='word_1_664' title='bbox 963 5085 1270 5152; x_wconf 68' lang='lat' dir='ltr'><strong>Daemones,</strong></span> <span class='ocrx_word' id='word_1_665' title='bbox 1299 5081 1392 5154; x_wconf 89' lang='lat' dir='ltr'><strong>qui</strong></span> <span class='ocrx_word' id='word_1_666' title='bbox 1433 5089 1694 5154; x_wconf 91' lang='lat' dir='ltr'><strong>perpetuo</strong></span> <span class='ocrx_word' id='word_1_667' title='bbox 1723 5080 1898 5137; x_wconf 91' lang='lat' dir='ltr'><strong>comi-</strong></span> 
     </span>
    </p>
   </div>
   <div class='ocr_carea' id='block_1_93' title="bbox 293 5153 1894 5225">
    <p class='ocr_par' dir='ltr' id='par_1_93' title="bbox 293 5153 1894 5225">
     <span class='ocr_line' id='line_1_93' title="bbox 293 5153 1894 5225; baseline 0.001 -20"><span class='ocrx_word' id='word_1_668' title='bbox 293 5159 490 5208; x_wconf 85' lang='lat' dir='ltr'><strong>tantur</strong></span> <span class='ocrx_word' id='word_1_669' title='bbox 517 5153 750 5225; x_wconf 88' lang='lat' dir='ltr'><strong>aliquos.</strong></span> <span class='ocrx_word' id='word_1_670' title='bbox 785 5154 968 5209; x_wconf 89' lang='lat' dir='ltr'><strong>Talem</strong></span> <span class='ocrx_word' id='word_1_671' title='bbox 999 5154 1186 5211; x_wconf 89' lang='lat' dir='ltr'><strong>habuit</strong></span> <span class='ocrx_word' id='word_1_672' title='bbox 1215 5153 1402 5210; x_wconf 84' lang='lat' dir='ltr'><strong>Simon</strong></span> <span class='ocrx_word' id='word_1_673' title='bbox 1434 5153 1642 5224; x_wconf 83' lang='lat' dir='ltr'><strong>Magus.</strong></span> <span class='ocrx_word' id='word_1_674' title='bbox 1677 5153 1752 5206; x_wconf 81' lang='lat' dir='ltr'><strong>LE</strong></span> <span class='ocrx_word' id='word_1_675' title='bbox 1797 5154 1894 5207; x_wconf 77' lang='lat' dir='ltr'><strong>Pa.</strong></span> 
     </span>
    </p>
   </div>
   <div class='ocr_carea' id='block_1_94' title="bbox 227 5225 1902 5299">
    <p class='ocr_par' dir='ltr' id='par_1_94' title="bbox 227 5225 1902 5299">
     <span class='ocr_line' id='line_1_94' title="bbox 227 5225 1902 5299; baseline 0.006 -21"><span class='ocrx_word' id='word_1_676' title='bbox 227 5285 236 5294; x_wconf 55' lang='grc'><em>,</em></span> <span class='ocrx_word' id='word_1_677' title='bbox 293 5253 360 5299; x_wconf 74' lang='lat'><strong>—_~</strong></span> <span class='ocrx_word' id='word_1_678' title='bbox 404 5227 474 5280; x_wconf 83' lang='lat' dir='ltr'><strong>Et</strong></span> <span class='ocrx_word' id='word_1_679' title='bbox 529 5226 889 5297; x_wconf 74' lang='lat' dir='ltr'><strong>Pytho-nicas.</strong></span> <span class='ocrx_word' id='word_1_680' title='bbox 935 5225 1204 5296; x_wconf 75' lang='lat' dir='ltr'><strong>Pythones</strong></span> <span class='ocrx_word' id='word_1_681' title='bbox 1250 5243 1346 5282; x_wconf 89' lang='lat' dir='ltr'><strong>seu</strong></span> <span class='ocrx_word' id='word_1_682' title='bbox 1393 5225 1821 5299; x_wconf 70' lang='grc' dir='ltr'><strong>ἐγγαστριμύθους,</strong></span> <span class='ocrx_word' id='word_1_683' title='bbox 1869 5241 1902 5280; x_wconf 79' lang='lat' dir='ltr'><strong>a</strong></span> 
     </span>
    </p>
   </div>
   <div class='ocr_carea' id='block_1_95' title="bbox 301 5294 1117 5367">
    <p class='ocr_par' dir='ltr' id='par_1_95' title="bbox 301 5294 1117 5367">
     <span class='ocr_line' id='line_1_95' title="bbox 301 5294 1117 5367; baseline 0.007 -19"><span class='ocrx_word' id='word_1_684' title='bbox 301 5294 557 5352; x_wconf 81' lang='lat' dir='ltr'><strong>daemone</strong></span> <span class='ocrx_word' id='word_1_685' title='bbox 580 5294 884 5367; x_wconf 81' lang='lat' dir='ltr'><strong>correptos.</strong></span> <span class='ocrx_word' id='word_1_686' title='bbox 919 5294 993 5352; x_wconf 66' lang='lat' dir='ltr'><strong>La</strong></span> <span class='ocrx_word' id='word_1_687' title='bbox 1021 5301 1117 5354; x_wconf 79' lang='lat' dir='ltr'><strong>Pa.</strong></span> 
     </span>
    </p>
   </div>
   <div class='ocr_carea' id='block_1_96' title="bbox 380 5367 1905 5440">
    <p class='ocr_par' dir='ltr' id='par_1_96' title="bbox 380 5367 1905 5440">
     <span class='ocr_line' id='line_1_96' title="bbox 380 5367 1905 5440; baseline -0.001 -17"><span class='ocrx_word' id='word_1_688' title='bbox 380 5369 490 5436; x_wconf 78' lang='lat'><strong>(92)</strong></span> <span class='ocrx_word' id='word_1_689' title='bbox 519 5370 759 5426; x_wconf 73' lang='lat' dir='ltr'><strong>Mor-tuos</strong></span> <span class='ocrx_word' id='word_1_690' title='bbox 775 5371 1002 5440; x_wconf 75' lang='lat' dir='ltr'><strong>quidem</strong></span> <span class='ocrx_word' id='word_1_691' title='bbox 1027 5389 1098 5428; x_wconf 78' lang='lat' dir='ltr'><strong>ex</strong></span> <span class='ocrx_word' id='word_1_692' title='bbox 1114 5371 1254 5425; x_wconf 77' lang='lat' dir='ltr'><strong>vivis</strong></span> <span class='ocrx_word' id='word_1_693' title='bbox 1276 5371 1427 5440; x_wconf 73' lang='lat' dir='ltr'><strong>eff-iet</strong></span> <span class='ocrx_word' id='word_1_694' title='bbox 1451 5371 1692 5440; x_wconf 70' lang='lat' dir='ltr'><strong>constat.</strong></span> <span class='ocrx_word' id='word_1_695' title='bbox 1723 5367 1778 5422; x_wconf 92' lang='lat' dir='ltr'><strong>ln</strong></span> <span class='ocrx_word' id='word_1_696' title='bbox 1799 5368 1905 5422; x_wconf 92' lang='lat' dir='ltr'><strong>hoc</strong></span> 
     </span>
    </p>
   </div>
   <div class='ocr_carea' id='block_1_97' title="bbox 299 5439 1900 5512">
    <p class='ocr_par' dir='ltr' id='par_1_97' title="bbox 299 5439 1900 5512">
     <span class='ocr_line' id='line_1_97' title="bbox 299 5439 1900 5512; baseline 0.001 -21"><span class='ocrx_word' id='word_1_697' title='bbox 299 5452 430 5512; x_wconf 86' lang='lat' dir='ltr'><strong>cap.</strong></span> <span class='ocrx_word' id='word_1_698' title='bbox 459 5439 868 5512; x_wconf 82' lang='lat' dir='ltr'><strong>argumentatur</strong></span> <span class='ocrx_word' id='word_1_699' title='bbox 904 5443 1168 5498; x_wconf 89' lang='lat' dir='ltr'><strong>adversus</strong></span> <span class='ocrx_word' id='word_1_700' title='bbox 1197 5439 1480 5497; x_wconf 88' lang='lat' dir='ltr'><strong>Platonem</strong></span> <span class='ocrx_word' id='word_1_701' title='bbox 1509 5441 1563 5494; x_wconf 90' lang='lat' dir='ltr'><strong>in</strong></span> <span class='ocrx_word' id='word_1_702' title='bbox 1607 5439 1900 5512; x_wconf 69' lang='lat' dir='ltr'><strong>Phaedone,</strong></span> 
     </span>
    </p>
   </div>
   <div class='ocr_carea' id='block_1_98' title="bbox 298 5511 1902 5583">
    <p class='ocr_par' dir='ltr' id='par_1_98' title="bbox 298 5511 1902 5583">
     <span class='ocr_line' id='line_1_98' title="bbox 298 5511 1902 5583; baseline 0.001 -18"><span class='ocrx_word' id='word_1_703' title='bbox 298 5511 470 5583; x_wconf 85' lang='lat' dir='ltr'><strong>cujus</strong></span> <span class='ocrx_word' id='word_1_704' title='bbox 498 5511 942 5583; x_wconf 80' lang='lat' dir='ltr'><strong>consequentiam</strong></span> <span class='ocrx_word' id='word_1_705' title='bbox 993 5515 1080 5569; x_wconf 91' lang='lat' dir='ltr'><strong>hic</strong></span> <span class='ocrx_word' id='word_1_706' title='bbox 1120 5521 1286 5583; x_wconf 82' lang='lat' dir='ltr'><strong>negat</strong></span> <span class='ocrx_word' id='word_1_707' title='bbox 1331 5512 1714 5568; x_wconf 87' lang='lat' dir='ltr'><strong>Tertullianus.</strong></span> <span class='ocrx_word' id='word_1_708' title='bbox 1745 5511 1902 5566; x_wconf 88' lang='lat' dir='ltr'><strong>Plato</strong></span> 
     </span>
    </p>
   </div>
   <div class='ocr_carea' id='block_1_99' title="bbox 297 5581 1904 5657">
    <p class='ocr_par' dir='ltr' id='par_1_99' title="bbox 297 5581 1904 5657">
     <span class='ocr_line' id='line_1_99' title="bbox 297 5581 1904 5657; baseline 0.001 -22"><span class='ocrx_word' id='word_1_709' title='bbox 297 5581 454 5637; x_wconf 87' lang='lat' dir='ltr'><strong>enim</strong></span> <span class='ocrx_word' id='word_1_710' title='bbox 497 5581 760 5657; x_wconf 78' lang='lat' dir='ltr'><strong>arguebat</strong></span> <span class='ocrx_word' id='word_1_711' title='bbox 809 5589 1058 5642; x_wconf 90' lang='lat' dir='ltr'><strong>mortuos</strong></span> <span class='ocrx_word' id='word_1_712' title='bbox 1095 5601 1162 5642; x_wconf 87' lang='lat' dir='ltr'><strong>ex</strong></span> <span class='ocrx_word' id='word_1_713' title='bbox 1204 5581 1351 5657; x_wconf 76' lang='lat' dir='ltr'><strong>vivis</strong></span> <span class='ocrx_word' id='word_1_714' title='bbox 1365 5583 1534 5657; x_wconf 83' lang='lat' dir='ltr'><strong>effici,</strong></span> <span class='ocrx_word' id='word_1_715' title='bbox 1575 5598 1708 5656; x_wconf 83' lang='lat' dir='ltr'><strong>ergo</strong></span> <span class='ocrx_word' id='word_1_716' title='bbox 1744 5591 1796 5637; x_wconf 91' lang='lat' dir='ltr'><strong>et</strong></span> <span class='ocrx_word' id='word_1_717' title='bbox 1840 5597 1904 5637; x_wconf 87' lang='lat' dir='ltr'><strong>ex</strong></span> 
     </span>
    </p>
   </div>
   <div class='ocr_carea' id='block_1_100' title="bbox 301 5653 1905 5731">
    <p class='ocr_par' dir='ltr' id='par_1_100' title="bbox 301 5653 1905 5731">
     <span class='ocr_line' id='line_1_100' title="bbox 301 5653 1905 5731; baseline 0.001 -23"><span class='ocrx_word' id='word_1_718' title='bbox 301 5653 544 5711; x_wconf 88' lang='lat' dir='ltr'><strong>mortuis</strong></span> <span class='ocrx_word' id='word_1_719' title='bbox 566 5653 740 5714; x_wconf 64' lang='lat' dir='ltr'><strong>&#39;vivos</strong></span> <span class='ocrx_word' id='word_1_720' title='bbox 781 5658 934 5727; x_wconf 85' lang='lat' dir='ltr'><strong>juxta</strong></span> <span class='ocrx_word' id='word_1_721' title='bbox 979 5657 1228 5731; x_wconf 77' lang='lat' dir='ltr'><strong>regulam</strong></span> <span class='ocrx_word' id='word_1_722' title='bbox 1264 5653 1716 5731; x_wconf 72' lang='lat' dir='ltr'><strong>philosOphortim</strong></span> <span class='ocrx_word' id='word_1_723' title='bbox 1767 5667 1905 5711; x_wconf 89' lang='lat' dir='ltr'><strong>con-</strong></span> 
     </span>
    </p>
   </div>
   <div class='ocr_carea' id='block_1_101' title="bbox 1995 4221 2836 4280">
    <p class='ocr_par' dir='ltr' id='par_1_101' title="bbox 1995 4221 2836 4280">
     <span class='ocr_line' id='line_1_101' title="bbox 1995 4221 2836 4280; baseline 0.005 -4"><span class='ocrx_word' id='word_1_724' title='bbox 1995 4221 2216 4276; x_wconf 89' lang='lat' dir='ltr'><strong>trarium</strong></span> <span class='ocrx_word' id='word_1_725' title='bbox 2265 4237 2331 4274; x_wconf 85' lang='lat' dir='ltr'><strong>ex</strong></span> <span class='ocrx_word' id='word_1_726' title='bbox 2377 4223 2648 4278; x_wconf 88' lang='lat' dir='ltr'><strong>contrario</strong></span> <span class='ocrx_word' id='word_1_727' title='bbox 2697 4223 2836 4280; x_wconf 84' lang='lat' dir='ltr'><strong>ﬁeri.</strong></span> 
     </span>
    </p>
   </div>
   <div class='ocr_carea' id='block_1_102' title="bbox 1997 4291 3455 4364">
    <p class='ocr_par' dir='ltr' id='par_1_102' title="bbox 1997 4291 3455 4364">
     <span class='ocr_line' id='line_1_102' title="bbox 1997 4291 3455 4364; baseline 0.005 -17"><span class='ocrx_word' id='word_1_728' title='bbox 1997 4301 2168 4364; x_wconf 86' lang='lat' dir='ltr'><strong>ptum,</strong></span> <span class='ocrx_word' id='word_1_729' title='bbox 2191 4291 2530 4364; x_wconf 83' lang='lat' dir='ltr'><strong>evidentibus</strong></span> <span class='ocrx_word' id='word_1_730' title='bbox 2555 4294 2822 4364; x_wconf 80' lang='lat' dir='ltr'><strong>exemplis</strong></span> <span class='ocrx_word' id='word_1_731' title='bbox 2853 4291 3046 4350; x_wconf 72' lang='lat' dir='ltr'><strong>refutat</strong></span> <span class='ocrx_word' id='word_1_732' title='bbox 3075 4305 3286 4352; x_wconf 87' lang='lat' dir='ltr'><strong>auctor.</strong></span> <span class='ocrx_word' id='word_1_733' title='bbox 3320 4297 3455 4357; x_wconf 80' lang='lat' dir='ltr'><strong>LAC.</strong></span> 
     </span>
    </p>
   </div>
   <div class='ocr_carea' id='block_1_103' title="bbox 2877 4223 3594 4294">
    <p class='ocr_par' dir='ltr' id='par_1_103' title="bbox 2877 4223 3594 4294">
     <span class='ocr_line' id='line_1_103' title="bbox 2877 4223 3594 4294; baseline 0.008 -14"><span class='ocrx_word' id='word_1_734' title='bbox 2877 4223 3036 4294; x_wconf 89' lang='lat' dir='ltr'><strong>Quod</strong></span> <span class='ocrx_word' id='word_1_735' title='bbox 3085 4225 3380 4283; x_wconf 88' lang='lat' dir='ltr'><strong>universim</strong></span> <span class='ocrx_word' id='word_1_736' title='bbox 3427 4243 3594 4286; x_wconf 90' lang='lat' dir='ltr'><strong>acce-</strong></span> 
     </span>
    </p>
   </div>
   <div class='ocr_carea' id='block_1_104' title="bbox 2066 4363 3598 4441">
    <p class='ocr_par' dir='ltr' id='par_1_104' title="bbox 2066 4363 3598 4441">
     <span class='ocr_line' id='line_1_104' title="bbox 2066 4363 3598 4441; baseline 0.007 -25"><span class='ocrx_word' id='word_1_737' title='bbox 2066 4363 2177 4441; x_wconf 62' lang='lat'><strong>(93)</strong></span> <span class='ocrx_word' id='word_1_738' title='bbox 2210 4365 2352 4441; x_wconf 69' lang='lat' dir='ltr'><strong>Dum</strong></span> <span class='ocrx_word' id='word_1_739' title='bbox 2381 4363 2813 4441; x_wconf 26' lang='lat' dir='ltr'><strong>aboriginesivel</strong></span> <span class='ocrx_word' id='word_1_740' title='bbox 2836 4368 2964 4441; x_wconf 56' lang='lat' dir='ltr'><strong>vagi</strong></span> <span class='ocrx_word' id='word_1_741' title='bbox 2984 4367 3069 4441; x_wconf 78' lang='lat' dir='ltr'><strong>uel</strong></span> <span class='ocrx_word' id='word_1_742' title='bbox 3089 4371 3349 4441; x_wconf 65' lang='lat' dir='ltr'><strong>extorres</strong></span> <span class='ocrx_word' id='word_1_743' title='bbox 3368 4370 3456 4426; x_wconf 87' lang='lat' dir='ltr'><strong>vel</strong></span> <span class='ocrx_word' id='word_1_744' title='bbox 3479 4369 3598 4441; x_wconf 87' lang='lat' dir='ltr'><strong>glo-</strong></span> 
     </span>
    </p>
   </div>
   <div class='ocr_carea' id='block_1_105' title="bbox 2001 4435 3595 4511">
    <p class='ocr_par' dir='ltr' id='par_1_105' title="bbox 2001 4435 3595 4511">
     <span class='ocr_line' id='line_1_105' title="bbox 2001 4435 3595 4511; baseline 0.002 -20"><span class='ocrx_word' id='word_1_745' title='bbox 2001 4435 2140 4511; x_wconf 65' lang='lat' dir='ltr'><strong>riosi</strong></span> <span class='ocrx_word' id='word_1_746' title='bbox 2167 4435 2375 4511; x_wconf 71' lang='lat' dir='ltr'><strong>quique</strong></span> <span class='ocrx_word' id='word_1_747' title='bbox 2397 4439 2694 4511; x_wconf 55' lang='lat' dir='ltr'><strong>occupant:</strong></span> <span class='ocrx_word' id='word_1_748' title='bbox 2700 4435 2920 4511; x_wconf 47' lang='lat' dir='ltr'><strong>terras;</strong></span> <span class='ocrx_word' id='word_1_749' title='bbox 2932 4437 3142 4492; x_wconf 89' lang='lat' dir='ltr'><strong>Scimus</strong></span> <span class='ocrx_word' id='word_1_750' title='bbox 3161 4435 3595 4511; x_wconf 67' lang='lat' dir='ltr'><strong>aborigines&#39;dici</strong></span> 
     </span>
    </p>
   </div>
   <div class='ocr_carea' id='block_1_106' title="bbox 2001 4503 3598 4579">
    <p class='ocr_par' dir='ltr' id='par_1_106' title="bbox 2001 4503 3598 4579">
     <span class='ocr_line' id='line_1_106' title="bbox 2001 4503 3598 4579; baseline 0.006 -20"><span class='ocrx_word' id='word_1_751' title='bbox 2001 4503 2317 4579; x_wconf 66' lang='grc' dir='ltr'><strong>αὐτόχσονᾳξ,</strong></span> <span class='ocrx_word' id='word_1_752' title='bbox 2357 4503 2638 4579; x_wconf 68' lang='grc' dir='ltr'><strong>ἐγχωρίους.</strong></span> <span class='ocrx_word' id='word_1_753' title='bbox 2661 4505 2872 4579; x_wconf 87' lang='lat' dir='ltr'><strong>Scimus</strong></span> <span class='ocrx_word' id='word_1_754' title='bbox 2891 4521 3107 4577; x_wconf 90' lang='lat' dir='ltr'><strong>quoque</strong></span> <span class='ocrx_word' id='word_1_755' title='bbox 3139 4524 3245 4563; x_wconf 91' lang='lat' dir='ltr'><strong>non</strong></span> <span class='ocrx_word' id='word_1_756' title='bbox 3267 4503 3387 4564; x_wconf 62' lang='lat' dir='ltr'><strong>raro</strong></span> <span class='ocrx_word' id='word_1_757' title='bbox 3419 4512 3472 4566; x_wconf 93' lang='lat' dir='ltr'><strong>in</strong></span> <span class='ocrx_word' id='word_1_758' title='bbox 3499 4527 3598 4568; x_wconf 87' lang='lat' dir='ltr'><strong>ve-</strong></span> 
     </span>
    </p>
   </div>
   <div class='ocr_carea' id='block_1_107' title="bbox 2003 4577 3595 4650">
    <p class='ocr_par' dir='ltr' id='par_1_107' title="bbox 2003 4577 3595 4650">
     <span class='ocr_line' id='line_1_107' title="bbox 2003 4577 3595 4650; baseline 0.003 -16"><span class='ocrx_word' id='word_1_759' title='bbox 2003 4577 2750 4650; x_wconf 48' lang='lat' dir='ltr'><strong>teribuslibrisstriptum,</strong></span> <span class='ocrx_word' id='word_1_760' title='bbox 2809 4577 2874 4630; x_wconf 84' lang='lat' dir='ltr'><strong>ab</strong></span> <span class='ocrx_word' id='word_1_761' title='bbox 2924 4579 3160 4650; x_wconf 80' lang='lat' dir='ltr'><strong>origine,</strong></span> <span class='ocrx_word' id='word_1_762' title='bbox 3221 4580 3313 4634; x_wconf 88' lang='lat' dir='ltr'><strong>ubi</strong></span> <span class='ocrx_word' id='word_1_763' title='bbox 3372 4583 3595 4638; x_wconf 90' lang='lat' dir='ltr'><strong>omnino</strong></span> 
     </span>
    </p>
   </div>
   <div class='ocr_carea' id='block_1_108' title="bbox 2003 4647 3596 4722">
    <p class='ocr_par' dir='ltr' id='par_1_108' title="bbox 2003 4647 3596 4722">
     <span class='ocr_line' id='line_1_108' title="bbox 2003 4647 3596 4722; baseline 0.003 -18"><span class='ocrx_word' id='word_1_764' title='bbox 2003 4649 2168 4722; x_wconf 77' lang='lat' dir='ltr'><strong>scribi</strong></span> <span class='ocrx_word' id='word_1_765' title='bbox 2207 4647 2414 4722; x_wconf 79' lang='lat' dir='ltr'><strong>debuit,</strong></span> <span class='ocrx_word' id='word_1_766' title='bbox 2462 4649 2797 4722; x_wconf 62' lang='lat' dir='ltr'><strong>elorigines,</strong></span> <span class='ocrx_word' id='word_1_767' title='bbox 2841 4647 3153 4722; x_wconf 75' lang='lat' dir='ltr'><strong>quomodo</strong></span> <span class='ocrx_word' id='word_1_768' title='bbox 3189 4651 3278 4706; x_wconf 90' lang='lat' dir='ltr'><strong>hic</strong></span> <span class='ocrx_word' id='word_1_769' title='bbox 3322 4653 3484 4707; x_wconf 86' lang='lat' dir='ltr'><strong>etiam</strong></span> <span class='ocrx_word' id='word_1_770' title='bbox 3533 4670 3596 4710; x_wconf 89' lang='lat' dir='ltr'><strong>ex</strong></span> 
     </span>
    </p>
   </div>
   <div class='ocr_carea' id='block_1_109' title="bbox 2005 4719 3597 4793">
    <p class='ocr_par' dir='ltr' id='par_1_109' title="bbox 2005 4719 3597 4793">
     <span class='ocr_line' id='line_1_109' title="bbox 2005 4719 3597 4793; baseline 0.003 -19"><span class='ocrx_word' id='word_1_771' title='bbox 2005 4721 2144 4775; x_wconf 90' lang='lat' dir='ltr'><strong>libro</strong></span> <span class='ocrx_word' id='word_1_772' title='bbox 2185 4719 2360 4793; x_wconf 82' lang='lat' dir='ltr'><strong>Ursini</strong></span> <span class='ocrx_word' id='word_1_773' title='bbox 2390 4719 2848 4793; x_wconf 60' lang='lat' dir='ltr'><strong>quidam&#39;legunt,</strong></span> <span class='ocrx_word' id='word_1_774' title='bbox 2881 4727 2935 4793; x_wconf 83' lang='lat' dir='ltr'><strong>et</strong></span> <span class='ocrx_word' id='word_1_775' title='bbox 2961 4720 3066 4792; x_wconf 80' lang='lat' dir='ltr'><strong>legi</strong></span> <span class='ocrx_word' id='word_1_776' title='bbox 3097 4736 3256 4790; x_wconf 85' lang='lat' dir='ltr'><strong>posse</strong></span> <span class='ocrx_word' id='word_1_777' title='bbox 3283 4737 3394 4776; x_wconf 89' lang='lat' dir='ltr'><strong>non</strong></span> <span class='ocrx_word' id='word_1_778' title='bbox 3427 4739 3597 4793; x_wconf 84' lang='lat' dir='ltr'><strong>nega-</strong></span> 
     </span>
    </p>
   </div>
   <div class='ocr_carea' id='block_1_110' title="bbox 2005 4791 3593 4861">
    <p class='ocr_par' dir='ltr' id='par_1_110' title="bbox 2005 4791 3593 4861">
     <span class='ocr_line' id='line_1_110' title="bbox 2005 4791 3593 4861; baseline 0.002 -16"><span class='ocrx_word' id='word_1_779' title='bbox 2005 4807 2146 4846; x_wconf 90' lang='lat' dir='ltr'><strong>mus.</strong></span> <span class='ocrx_word' id='word_1_780' title='bbox 2199 4791 2305 4846; x_wconf 86' lang='lat' dir='ltr'><strong>Sed</strong></span> <span class='ocrx_word' id='word_1_781' title='bbox 2343 4807 2464 4846; x_wconf 91' lang='lat' dir='ltr'><strong>cum</strong></span> <span class='ocrx_word' id='word_1_782' title='bbox 2519 4791 2648 4846; x_wconf 87' lang='lat' dir='ltr'><strong>ferri</strong></span> <span class='ocrx_word' id='word_1_783' title='bbox 2691 4791 2742 4846; x_wconf 87' lang='lat' dir='ltr'><strong>et</strong></span> <span class='ocrx_word' id='word_1_784' title='bbox 2786 4791 3040 4861; x_wconf 84' lang='lat' dir='ltr'><strong>explicari</strong></span> <span class='ocrx_word' id='word_1_785' title='bbox 3091 4793 3376 4848; x_wconf 89' lang='lat' dir='ltr'><strong>commode</strong></span> <span class='ocrx_word' id='word_1_786' title='bbox 3429 4791 3593 4859; x_wconf 78' lang='lat' dir='ltr'><strong>queat</strong></span> 
     </span>
    </p>
   </div>
   <div class='ocr_carea' id='block_1_111' title="bbox 2007 4861 3598 4934">
    <p class='ocr_par' dir='ltr' id='par_1_111' title="bbox 2007 4861 3598 4934">
     <span class='ocr_line' id='line_1_111' title="bbox 2007 4861 3598 4934; baseline 0.001 -16"><span class='ocrx_word' id='word_1_787' title='bbox 2007 4863 2152 4934; x_wconf 92' lang='lat' dir='ltr'><strong>quod</strong></span> <span class='ocrx_word' id='word_1_788' title='bbox 2211 4863 2266 4916; x_wconf 91' lang='lat' dir='ltr'><strong>in</strong></span> <span class='ocrx_word' id='word_1_789' title='bbox 2321 4863 2685 4918; x_wconf 88' lang='lat' dir='ltr'><strong>vetustissimo</strong></span> <span class='ocrx_word' id='word_1_790' title='bbox 2747 4861 2838 4917; x_wconf 88' lang='lat' dir='ltr'><strong>illo</strong></span> <span class='ocrx_word' id='word_1_791' title='bbox 2902 4863 3192 4934; x_wconf 81' lang='lat' dir='ltr'><strong>exemplari</strong></span> <span class='ocrx_word' id='word_1_792' title='bbox 3247 4864 3598 4934; x_wconf 75' lang='lat' dir='ltr'><strong>Agobardino</strong></span> 
     </span>
    </p>
   </div>
   <div class='ocr_carea' id='block_1_112' title="bbox 2007 4934 3598 5018">
    <p class='ocr_par' dir='ltr' id='par_1_112' title="bbox 2007 4934 3598 5018">
     <span class='ocr_line' id='line_1_112' title="bbox 2007 4934 3598 5018; baseline 0.001 -28"><span class='ocrx_word' id='word_1_793' title='bbox 2007 4935 2223 5018; x_wconf 78' lang='lat' dir='ltr'><strong>legitur,</strong></span> <span class='ocrx_word' id='word_1_794' title='bbox 2252 4934 2318 4990; x_wconf 85' lang='lat' dir='ltr'><strong>ab</strong></span> <span class='ocrx_word' id='word_1_795' title='bbox 2370 4935 2605 5005; x_wconf 79' lang='lat' dir='ltr'><strong>origine,</strong></span> <span class='ocrx_word' id='word_1_796' title='bbox 2641 4935 2756 5018; x_wconf 48' lang='lat' dir='ltr'><strong>‘hoc</strong></span> <span class='ocrx_word' id='word_1_797' title='bbox 2802 4941 2905 4998; x_wconf 87' lang='lat' dir='ltr'><strong>est,</strong></span> <span class='ocrx_word' id='word_1_798' title='bbox 2945 4934 3457 5018; x_wconf 43' lang='lat' dir='ltr'><strong>dno&#39;dpxiﬂtoyoviag,</strong></span> <span class='ocrx_word' id='word_1_799' title='bbox 3489 4951 3598 5018; x_wconf 80' lang='lat' dir='ltr'><strong>non</strong></span> 
     </span>
    </p>
   </div>
   <div class='ocr_carea' id='block_1_113' title="bbox 2008 5005 3593 5080">
    <p class='ocr_par' dir='ltr' id='par_1_113' title="bbox 2008 5005 3593 5080">
     <span class='ocr_line' id='line_1_113' title="bbox 2008 5005 3593 5080; baseline 0.002 -21"><span class='ocrx_word' id='word_1_800' title='bbox 2008 5005 2330 5080; x_wconf 71' lang='lat' dir='ltr'><strong>arbitramur</strong></span> <span class='ocrx_word' id='word_1_801' title='bbox 2402 5007 2743 5078; x_wconf 71' lang='lat' dir='ltr'><strong>qumrendam</strong></span> <span class='ocrx_word' id='word_1_802' title='bbox 2806 5019 2928 5060; x_wconf 90' lang='lat' dir='ltr'><strong>esse</strong></span> <span class='ocrx_word' id='word_1_803' title='bbox 2999 5005 3204 5080; x_wconf 84' lang='lat' dir='ltr'><strong>aliquid</strong></span> <span class='ocrx_word' id='word_1_804' title='bbox 3268 5005 3593 5064; x_wconf 84' lang='lat' dir='ltr'><strong>abstrusius.</strong></span> 
     </span>
    </p>
   </div>
   <div class='ocr_carea' id='block_1_114' title="bbox 2009 5078 2132 5132">
    <p class='ocr_par' dir='ltr' id='par_1_114' title="bbox 2009 5078 2132 5132">
     <span class='ocr_line' id='line_1_114' title="bbox 2009 5078 2132 5132; baseline -0.008 0"><span class='ocrx_word' id='word_1_805' title='bbox 2009 5078 2132 5132; x_wconf 74' lang='lat' dir='ltr'><strong>R16.</strong></span> 
     </span>
    </p>
   </div>
   <div class='ocr_carea' id='block_1_115' title="bbox 2081 5147 3593 5224">
    <p class='ocr_par' dir='ltr' id='par_1_115' title="bbox 2081 5147 3593 5224">
     <span class='ocr_line' id='line_1_115' title="bbox 2081 5147 3593 5224; baseline 0.001 -20"><span class='ocrx_word' id='word_1_806' title='bbox 2081 5179 2150 5190; x_wconf 93' lang='lat'><strong>——</strong></span> <span class='ocrx_word' id='word_1_807' title='bbox 2196 5147 2928 5224; x_wconf 73' lang='lat' dir='ltr'><strong>Dum_abqrig_ines._Vagis_</strong></span> <span class='ocrx_word' id='word_1_808' title='bbox 2968 5148 3194 5224; x_wconf 84' lang='lat' dir='ltr'><strong>opponit</strong></span> <span class='ocrx_word' id='word_1_809' title='bbox 3243 5151 3593 5224; x_wconf 83' lang='lat' dir='ltr'><strong>aborigines;</strong></span> 
     </span>
    </p>
   </div>
   <div class='ocr_carea' id='block_1_116' title="bbox 2009 5219 3598 5314">
    <p class='ocr_par' dir='ltr' id='par_1_116' title="bbox 2009 5219 3598 5314">
     <span class='ocr_line' id='line_1_116' title="bbox 2009 5219 3598 5314; baseline 0.002 -39"><span class='ocrx_word' id='word_1_810' title='bbox 2009 5237 2174 5314; x_wconf 75' lang='lat' dir='ltr'><strong>quare</strong></span> <span class='ocrx_word' id='word_1_811' title='bbox 2204 5236 2316 5314; x_wconf 90' lang='lat' dir='ltr'><strong>nonl</strong></span> <span class='ocrx_word' id='word_1_812' title='bbox 2343 5219 2609 5314; x_wconf 48' lang='lat' dir='ltr'><strong>intelligit</strong></span> <span class='ocrx_word' id='word_1_813' title='bbox 2625 5219 2883 5314; x_wconf 44' lang='lat' dir='ltr'><strong>antiquo}</strong></span> <span class='ocrx_word' id='word_1_814' title='bbox 2906 5219 3072 5314; x_wconf 68' lang='lat' dir='ltr'><strong>Italia:</strong></span> <span class='ocrx_word' id='word_1_815' title='bbox 3103 5223 3332 5314; x_wconf 73' lang='lat' dir='ltr'><strong>pepulos</strong></span> <span class='ocrx_word' id='word_1_816' title='bbox 3377 5219 3598 5306; x_wconf 78' lang='lat' dir='ltr'><strong>Latinos</strong></span> 
     </span>
    </p>
   </div>
   <div class='ocr_carea' id='block_1_117' title="bbox 2011 5292 3602 5368">
    <p class='ocr_par' dir='ltr' id='par_1_117' title="bbox 2011 5292 3602 5368">
     <span class='ocr_line' id='line_1_117' title="bbox 2011 5292 3602 5368; baseline 0 -20"><span class='ocrx_word' id='word_1_817' title='bbox 2011 5292 2184 5349; x_wconf 90' lang='lat' dir='ltr'><strong>dictos</strong></span> <span class='ocrx_word' id='word_1_818' title='bbox 2223 5293 2320 5346; x_wconf 88' lang='lat' dir='ltr'><strong>sed</strong></span> <span class='ocrx_word' id='word_1_819' title='bbox 2349 5293 2438 5368; x_wconf 87' lang='lat' dir='ltr'><strong>qui</strong></span> <span class='ocrx_word' id='word_1_820' title='bbox 2483 5292 2540 5368; x_wconf 78' lang='lat' dir='ltr'><strong>a</strong></span> <span class='ocrx_word' id='word_1_821' title='bbox 2569 5293 2777 5368; x_wconf 50' lang='lat' dir='ltr'><strong>Graecis</strong></span> <span class='ocrx_word' id='word_1_822' title='bbox 2834 5292 3435 5368; x_wconf 40' lang='grc' dir='ltr'><strong>όίοιιηιιιτςαῦτοχῶροι,</strong></span> <span class='ocrx_word' id='word_1_823' title='bbox 3487 5295 3602 5350; x_wconf 90' lang='lat' dir='ltr'><strong>sive</strong></span> 
     </span>
    </p>
   </div>
   <div class='ocr_carea' id='block_1_118' title="bbox 2009 5364 3603 5446">
    <p class='ocr_par' dir='ltr' id='par_1_118' title="bbox 2009 5364 3603 5446">
     <span class='ocr_line' id='line_1_118' title="bbox 2009 5364 3603 5446; baseline 0 -27"><span class='ocrx_word' id='word_1_824' title='bbox 2009 5365 2394 5446; x_wconf 57' lang='grc' dir='ltr'><strong>ῖτροξξρογενεῖς,</strong></span> <span class='ocrx_word' id='word_1_825' title='bbox 2454 5364 2569 5420; x_wconf 85' lang='lat' dir='ltr'><strong>sive</strong></span> <span class='ocrx_word' id='word_1_826' title='bbox 2636 5366 2888 5446; x_wconf 60' lang='grc' dir='ltr'><strong>ἐγχώριοξ,</strong></span> <span class='ocrx_word' id='word_1_827' title='bbox 2953 5373 3012 5418; x_wconf 89' lang='lat' dir='ltr'><strong>ut</strong></span> <span class='ocrx_word' id='word_1_828' title='bbox 3071 5367 3234 5446; x_wconf 78' lang='lat' dir='ltr'><strong>utitur</strong></span> <span class='ocrx_word' id='word_1_829' title='bbox 3265 5364 3603 5446; x_wconf 37' lang='lat' dir='ltr'><strong>diutbrosius</strong></span> 
     </span>
    </p>
   </div>
   <div class='ocr_carea' id='block_1_119' title="bbox 2013 5435 3600 5508">
    <p class='ocr_par' dir='ltr' id='par_1_119' title="bbox 2013 5435 3600 5508">
     <span class='ocr_line' id='line_1_119' title="bbox 2013 5435 3600 5508; baseline 0.001 -16"><span class='ocrx_word' id='word_1_830' title='bbox 2013 5435 2068 5493; x_wconf 87' lang='lat' dir='ltr'><strong>in</strong></span> <span class='ocrx_word' id='word_1_831' title='bbox 2109 5435 2433 5504; x_wconf 49' lang='lat' dir='ltr'><strong>[firmamen</strong></span> <span class='ocrx_word' id='word_1_832' title='bbox 2458 5435 2681 5508; x_wconf 82' lang='lat' dir='ltr'><strong>nempe</strong></span> <span class='ocrx_word' id='word_1_833' title='bbox 2706 5435 2867 5508; x_wconf 88' lang='lat' dir='ltr'><strong>primi</strong></span> <span class='ocrx_word' id='word_1_834' title='bbox 2902 5439 3383 5508; x_wconf 12' lang='lat' dir='ltr'><strong>progenitores,iet</strong></span> <span class='ocrx_word' id='word_1_835' title='bbox 3424 5437 3600 5493; x_wconf 90' lang='lat' dir='ltr'><strong>culto-</strong></span> 
     </span>
    </p>
   </div>
   <div class='ocr_carea' id='block_1_120' title="bbox 2014 5507 3598 5582">
    <p class='ocr_par' dir='ltr' id='par_1_120' title="bbox 2014 5507 3598 5582">
     <span class='ocr_line' id='line_1_120' title="bbox 2014 5507 3598 5582; baseline -0.002 -18"><span class='ocrx_word' id='word_1_836' title='bbox 2014 5525 2098 5582; x_wconf 89' lang='lat' dir='ltr'><strong>res</strong></span> <span class='ocrx_word' id='word_1_837' title='bbox 2126 5511 2343 5582; x_wconf 83' lang='lat' dir='ltr'><strong>urbium</strong></span> <span class='ocrx_word' id='word_1_838' title='bbox 2374 5515 2428 5582; x_wconf 59' lang='grc' dir='ltr'><strong>(ξι</strong></span> <span class='ocrx_word' id='word_1_839' title='bbox 2456 5507 2873 5582; x_wconf 73' lang='lat' dir='ltr'><strong>indigente,qui</strong></span> <span class='ocrx_word' id='word_1_840' title='bbox 2903 5507 3212 5582; x_wconf 62' lang='lat' dir='ltr'><strong>aborigines</strong></span> <span class='ocrx_word' id='word_1_841' title='bbox 3258 5507 3409 5582; x_wconf 78' lang='lat' dir='ltr'><strong>dicti,</strong></span> <span class='ocrx_word' id='word_1_842' title='bbox 3430 5511 3598 5582; x_wconf 69' lang='lat' dir='ltr'><strong>quasi</strong></span> 
     </span>
    </p>
   </div>
   <div class='ocr_carea' id='block_1_121' title="bbox 2013 5577 3600 5654">
    <p class='ocr_par' dir='ltr' id='par_1_121' title="bbox 2013 5577 3600 5654">
     <span class='ocr_line' id='line_1_121' title="bbox 2013 5577 3600 5654; baseline 0.001 -18"><span class='ocrx_word' id='word_1_843' title='bbox 2013 5581 2232 5654; x_wconf 15' lang='lat' dir='ltr'><strong>absque,</strong></span> <span class='ocrx_word' id='word_1_844' title='bbox 2264 5579 2472 5654; x_wconf 84' lang='lat' dir='ltr'><strong>origine</strong></span> <span class='ocrx_word' id='word_1_845' title='bbox 2507 5577 2696 5637; x_wconf 72' lang='lat' dir='ltr'><strong>alicna.</strong></span> <span class='ocrx_word' id='word_1_846' title='bbox 2721 5577 2832 5654; x_wconf 28' lang='lat' dir='ltr'><strong>_’_D&#39;e</strong></span> <span class='ocrx_word' id='word_1_847' title='bbox 2888 5577 3085 5654; x_wconf 82' lang='lat' dir='ltr'><strong>quibus</strong></span> <span class='ocrx_word' id='word_1_848' title='bbox 3126 5577 3369 5649; x_wconf 76' lang='lat' dir='ltr'><strong>Thucyd.</strong></span> <span class='ocrx_word' id='word_1_849' title='bbox 3429 5577 3524 5636; x_wconf 88' lang='lat' dir='ltr'><strong>lib.</strong></span> <span class='ocrx_word' id='word_1_850' title='bbox 3562 5597 3600 5650; x_wconf 83' lang='grc' dir='ltr'><strong>ι,</strong></span> 
     </span>
    </p>
   </div>
   <div class='ocr_carea' id='block_1_122' title="bbox 2011 5651 3062 5725">
    <p class='ocr_par' dir='ltr' id='par_1_122' title="bbox 2011 5651 3062 5725">
     <span class='ocr_line' id='line_1_122' title="bbox 2011 5651 3062 5725; baseline -0.003 -17"><span class='ocrx_word' id='word_1_851' title='bbox 2011 5651 2303 5725; x_wconf 75' lang='lat' dir='ltr'><strong>Dionysius</strong></span> <span class='ocrx_word' id='word_1_852' title='bbox 2334 5651 2685 5709; x_wconf 82' lang='lat' dir='ltr'><strong>Halicarnass.</strong></span> <span class='ocrx_word' id='word_1_853' title='bbox 2721 5651 2816 5708; x_wconf 92' lang='lat' dir='ltr'><strong>lib.</strong></span> <span class='ocrx_word' id='word_1_854' title='bbox 2857 5666 2896 5707; x_wconf 85' lang='grc' dir='ltr'><strong>ι.</strong></span> <span class='ocrx_word' id='word_1_855' title='bbox 2930 5653 3062 5707; x_wconf 68' lang='lat' dir='ltr'><strong>Lac.</strong></span> 
     </span>
    </p>
   </div>
  </div>
