3972 6190
452 260 557 320 743

1145 247 1590 312 TERTULLIANI
1630 244 1898 308 OPERUM
1937 244 2055 305 PAR

2171 245 2200 305 l.
2243 277 2313 292 —-
2350 246 2576 307 SERIES
2612 248 2653 306 l.
2696 247 3044 307 POLEMICA.

3637 249 3733 306 744

454 384 804 457 migrationcs
830 383 964 451 (95),
1014 396 1147 451 quas
1195 377 1417 436 ἀποικίας
1457 377 1504 414 δι
1554 373 1851 445 appellant,
1900 388 2037 429 con-
2072 364 2119 443 Α
2151 372 2391 447 singulas
2423 371 2586 429 70]
2608 372 2663 428 in
2693 372 2906 444 singula
2931 388 3161 446 corpora
3183 374 3377 431 reverti
3398 383 3735 445 oportuerat.

453 474 576 528 silio
617 470 974 527 exonerandm
1022 467 1406 539 papularitatis,
1438 465 1492 519 in
1543 463 1676 518 alios
1725 461 1859 517 lines
1903 479 2037 517 exa-

456 563 599 618 mina
656 562 831 635 gentis
877 566 1136 613 eructant.
1186 558 1320 612 Nam
1374 562 1426 608 et
1473 552 1781 623 aborigines
1822 552 1870 590 62
1900 569 2042 610 nunc

456 653 513 707 in
545 650 659 706 suis
706 648 926 705 sedibus
976 652 1306 716 permanent,
1336 652 1390 699 et
1435 642 1562 697 alibi
1599 641 1831 712 amplius
1859 642 2042 714 genti-

457 743 661 796 litatem
720 738 1134 793 fmneraverunt.
1185 734 1337 789 Certe
1381 733 1594 805 quidem
1642 730 1759 801 ipse
1805 731 1950 786 orbis
1988 732 2042 786 in

454 835 703 901 promptu
736 833 839 891 est,
871 824 1066 880 cultior
1108 825 1177 878 de
1208 822 1314 889 die,
1348 830 1402 877 et
1431 818 1743 876 instructior
1792 820 2039 891 pristino.

456 918 651 975 Omnia
675 917 786 985 jam
829 913 1029 984 pervia,
1082 911 1262 966 omnia
1309 921 1452 974 nota,
1503 908 1685 964 omnia
1723 909 2039 981 negotiosa;

457 1006 775 1063 solitudines
818 1003 1053 1058 famosas
1095 1011 1235 1057 retro
1284 999 1436 1055 fundi
1484 985 1833 1055 amoéziissimi
1893 998 2040 1054 obli-

454 1099 801 1162 teraverunt;
844 1093 1022 1163 sylvas
1070 1105 1193 1143 arva
1244 1088 1570 1143 domueruut
1604 1106 1619 1153 ;
1659 1086 1803 1142 feras
1851 1102 2046 1157 pecora

454 1182 823 1253 fugaverunt;
867 1194 1045 1233 aream
1094 1184 1362 1243 seruntur,
1410 1193 1540 1231 saxa
1587 1186 1915 1248 panguntur,
1945 1191 2045 1243 pa-

460 1270 616 1324 ludes
647 1269 986 1340 eliquantur;
1024 1273 1181 1321 tantm
1224 1265 1387 1321 urbes
1424 1265 1538 1334 jam
1583 1265 1652 1333 63,
1689 1273 1903 1337 quantm
1939 1279 2046 1320 non

458 1373 600 1413 casm
631 1357 923 1427 quondam.
956 1355 1073 1407 Jam
1106 1369 1205 1409 uec
1236 1352 1427 1408 insulm
1441 1354 1680 1419 horrent,
1712 1369 1812 1407 nec
1840 1351 2049 1423 scopuli

460 1454 697 1511 terrent;
750 1444 950 1513 ubique
1003 1442 1220 1508 domus,
1280 1441 1482 1513 ubique
1536 1441 1801 1512 populus,
1849 1441 2050 1513 ubique

459 1534 785 1606 respublica,
827 1533 1022 1603 ubique
1066 1533 1194 1586 vita.
1229 1530 1506 1585 Summum
1538 1528 1899 1586 testimonium
1931 1528 2047 1584 fre-

460 1623 692 1697 quentim
721 1624 987 1686 humanm,
1021 1622 1236 1676 onerosi
1268 1636 1463 1675 sumus
1490 1620 1708 1683 mundo,
1754 1619 1840 1674 vix
1888 1618 2048 1674 nobis

460 1716 731 1769 elementa
786 1709 1085 1773 sufﬁciunt,
1144 1715 1199 1762 et
1254 1706 1595 1763 necessitates
1650 1706 1926 1777 arctiores,
1994 1715 2049 1761 et

461 1801 692 1872 querelm
722 1798 863 1868 apud
895 1812 1102 1861 omnes,
1135 1797 1268 1851 dum
1300 1796 1414 1864 jam
1444 1812 1545 1852 nos
1574 1805 1765 1851 natura
1811 1811 1923 1851 non
1952 1813 2046 1850 su-

462 1892 645 1946 stinet.
678 1888 886 1943 Revera
918 1888 1055 1955 lues,
1087 1892 1140 1941 ct
1176 1883 1364 1951 fames,
1395 1895 1450 1941 et
1479 1886 1633 1952 bella,
1664 1896 1717 1941 et
1761 1886 2049 1958 voragines

462 1977 756 2043 civitatum,
779 1988 879 2045 pro
908 1973 1144 2028 remedio
1182 1974 1510 2045 deputanda,
1544 1983 1798 2047 tanquam
1831 1984 2049 2031 tonsura

461 2065 808 2122 inolescentis
848 2061 1064 2135 generis
1112 2063 1371 2134 humani;
1403 2073 1457 2118 et
1501 2074 1679 2118 tamen
1725 2080 1845 2119 cum
1901 2067 2048 2133 ejus-

465 2153 614 2209 modi
651 2169 866 2209 secures
913 2152 1200 2207 maximam
1241 2153 1548 2208 mortalium
1583 2153 1689 2208 vim
1730 2152 1894 2207 semel
1940 2168 2049 2206 cm-

463 2243 613 2307 dant,
654 2257 928 2313 nunquam
958 2241 1346 2296 restitutionem
1380 2241 1498 2311 ejus
1537 2240 1690 2296 vivos
1716 2255 1777 2294 ex
1827 2239 2052 2295 mortuis

464 2332 835 2398 reducentem,
876 2336 1003 2402 post
1058 2331 1206 2385 mille
1260 2344 1432 2385 annos
1479 2329 1619 2401 (95),
1677 2328 1846 2384 semel
1901 2327 2050 2383 orbis

463 2421 697 2491 eXpavit.
728 2421 797 2476 Et
842 2420 948 2475 hoc
996 2419 1141 2473 enim
1174 2418 1431 2473 sensibile
1487 2417 1703 2473 fecisset
1756 2434 1911 2489 mqua
1969 2419 2051 2472 vis

463 2507 772 2564 amissionis
800 2519 855 2565 et
892 2506 1263 2574 restitutionis,
1304 2506 1348 2562 si
1406 2505 1512 2561 vivi
1566 2522 1631 2561 ex
1678 2505 1904 2561 mortuis
1949 2505 2050 2561 ﬁe-

470 2604 611 2653 rent.
644 2597 756 2654 Cur
784 2605 962 2654 autem
992 2595 1133 2650 mille
1161 2594 1316 2650 annis
1344 2603 1488 2666 post,
1520 2600 1575 2649 et
1602 2609 1712 2648 non
1755 2593 1953 2659 statim,
1985 2610 2052 2650 ex

468 2688 693 2742 mortuis
724 2686 831 2743 vivi
874 2683 903 2738 Ἰ
932 2701 1056 2741 cum
1104 2684 1150 2738 si
1180 2698 1287 2738 non
1334 2683 1512 2737 statim
1554 2690 1875 2754 supparetur
1908 2684 2052 2754 quod

465 2782 719 2848 erOgatur
746 2775 814 2841 δίο,
847 2776 899 2830 in
958 2782 1126 2829 tomm
1183 2773 1392 2829 absumi
1451 2771 1805 2838 periclitetur,
1848 2788 2053 2842 prmve-

469 2867 648 2920 niente
678 2864 1070 2919 restitutionem
1110 2861 1435 2928 defectione,
1467 2863 1600 2934 quia
1645 2877 1746 2918 nec
1793 2860 2053 2932 pariasset

2151 463 2320 518 Porro
2350 462 2395 516 si
2423 470 2475 517 et
2504 461 2647 517 binm
2673 471 2726 519 et
2765 462 2917 517 trium
2946 470 2999 518 et
3025 463 3201 535 quinm
3232 480 3402 535 usque
3443 479 3552 518 uno
3581 474 3739 519 utero

2149 560 2518 619 rcsumuntur,
2551 567 2657 605 non
2705 560 2864 605 erunt
2909 569 2973 606 ex
3021 551 3252 608 mortuis
3298 552 3423 616 vivi,
3463 553 3594 624 quia
3635 568 3740 607 non

2151 639 2353 712 singuli
2385 655 2449 693 ex
2480 638 2728 711 singulis.
2761 640 2826 695 Et
2871 640 2973 695 hoc
3020 649 3199 696 autem
3246 641 3406 696 modo
3456 639 3743 710 primordii

2150 728 2326 782 fet-ma
2354 728 2657 800 singulatur
2687 728 2822 799 (96),
2854 742 2979 784 cum
3023 736 3077 782 et
3124 745 3267 782 nunc
3315 728 3501 799 plures
3547 730 3742 784 animm

2151 815 2218 868 de
2264 832 2375 871 una
2415 814 2785 887 proferuntur.
2835 818 2990 886 Item,
3023 833 3143 873 cum
3201 817 3345 871 varia
3384 824 3545 871 mtate
3585 817 3742 873 dece-
3820 820 3831 829 ’

2150 904 2279 957 dant
2302 903 2516 971 animm,
2544 920 2640 960 cur
2680 920 2788 959 una
2833 906 3209 960 revertuntur?
3255 921 3447 962 omnes
3481 905 3626 961 enim
3675 905 3742 959 ab

2154 991 2374 1046 infantia
2403 990 2734 1049 imbuuntur.
2777 990 2947 1060 Quale
2975 1001 3060 1048 est
3102 1001 3280 1048 autem
3330 1002 3387 1048 ut
3439 1009 3606 1049 senex
3638 993 3741 1048 de-

2154 1081 2390 1149 functus,
2445 1080 2622 1136 infans
2674 1089 2964 1137 revertatur
3007 1082 3057 1120 6⁵
3086 1083 3115 1137 ?
3170 1081 3228 1137 Si
3285 1081 3553 1138 decrescit
3608 1081 3747 1138 foris

2156 1168 2333 1224 anima
2362 1170 2673 1241 retrOgrada
2702 1178 2881 1237 mtate,
2917 1181 3119 1241 quanto
3148 1169 3323 1245 magis
3350 1177 3467 1226 erat
3514 1178 3575 1225 ut
3612 1186 3743 1240 pro-

2156 1260 2393 1329 gressior
2442 1266 2794 1313 reverteretur
2838 1258 2980 1313 mille
3029 1266 3151 1329 post
3205 1259 3408 1313 annis?
3457 1269 3608 1314 certe
3665 1260 3745 1313 vel

2157 1354 2428 1401 comtanea
2482 1362 2594 1400 sum
2652 1346 2864 1413 mortis,
2895 1356 2955 1402 ut
2999 1363 3176 1404 mvum
3222 1346 3368 1419 quod
3414 1346 3745 1418 reliquisset,

2158 1436 2349 1490 iterum
2390 1434 2698 1505 recepisset.
2752 1435 2860 1491 Sed
2902 1436 3002 1490 etsi
3042 1436 3248 1491 emdem
3299 1451 3519 1507 semper
3572 1437 3746 1492 revol-

2156 1533 2430 1587 Verentur,
2464 1523 2583 1578 licet
2622 1538 2733 1578 non
2781 1539 3069 1594 corporum
3108 1539 3321 1596 quoque.
3377 1523 3583 1579 formas
3631 1541 3748 1579 eas-

2154 1612 2298 1680 dem,
2333 1621 2507 1665 tamen
2536 1611 2618 1666 vel
2667 1614 3013 1684 ingeniorum
3061 1622 3115 1668 et
3143 1612 3443 1668 studiorum
3472 1623 3527 1668 et
3575 1610 3746 1669 affec-

2082 1668 2126 1745 B
2160 1701 2361 1755 tionum
2391 1698 2648 1771 pristinas
2693 1699 3048 1772 pr0prietates
3094 1716 3276 1756 secum
3330 1699 3533 1757 referre
3584 1700 3747 1758 debe-

2157 1786 2591 1860 rent;quoniam
2621 1796 2822 1843 temere
2871 1788 3075 1842 emdem
3108 1788 3459 1855 haberentur,
3506 1799 3752 1844 carentes

2158 1874 2223 1931 iis
2267 1891 2367 1948 per
2413 1891 2532 1947 qum
2582 1876 2789 1931 emdem
2829 1878 3209 1947 probarentur.
3259 1876 3415 1933 Unde
3457 1876 3625 1945 scias,
3666 1878 3749 1933 in-

2158 1964 2298 2034 quis,
2329 1980 2395 2018 an
2424 1964 2496 2019 ita
2544 1963 2759 2037 quidem
2806 1964 2899 2020 ﬁat
2944 1966 3166 2032 occulte,
3216 1966 3309 2021 sed
3352 1965 3595 2022 conditio
3628 1967 3751 2021 mil-

2160 2053 2296 2109 liarii
2360 2053 2460 2109 mvi
2515 2053 2787 2109 interimat
2844 2053 3159 2110 facultatem
3215 2056 3566 2122 recensendi,
3625 2057 3750 2128 quia

2160 2143 2357 2215 ignotae
2397 2143 2495 2197 tibi
2524 2143 2574 2182 66
2601 2150 2946 2200 revertuntur
2968 2145 2999 2199 εἰ
3027 2144 3230 2216 Atquin
3253 2145 3371 2201 scio
3399 2161 3506 2202 non
3528 2146 3606 2202 ita
3634 2144 3749 2202 ﬁeri

2159 2249 2279 2286 cum
2311 2231 2690 2305 Pythagoram,
2723 2233 3081 2305 Euphorbum
3128 2233 3258 2289 mihi
3306 2235 3562 2307 Opponis.
3617 2235 3753 2291 Ecce

2161 2329 2305 2383 enim
2357 2329 2712 2399 Euphorbum
2770 2331 3055 2387 militarem
3105 2336 3159 2386 et
3216 2330 3462 2387 bellicam
3517 2332 3752 2387 animam

2161 2418 2292 2471 satis
2338 2425 2547 2473 constat
2583 2417 2665 2473 vel
2711 2419 2776 2473 de
2826 2419 2946 2490 ipsa
2991 2420 3167 2491 gloria
3210 2421 3523 2492 clypeorum
3562 2437 3731 2477 cense

2159 2521 2465 2574 oratorum;
2518 2507 2876 2579 Pythagoram
2916 2523 3046 2563 vero
3096 2516 3201 2562 tam
3258 2510 3487 2565 residem
3544 2520 3600 2565 et
3650 2512 3751 2564 im-

2161 2596 2381 2667 bellem,
2431 2607 2489 2651 ut
2518 2597 2698 2667 praelia
2735 2606 2860 2652 tunc
2907 2597 3133 2653 Grmcim
3180 2598 3376 2665 vitans,
3425 2598 3596 2653 Italim
3642 2616 3762 2653 ma-

2162 2684 2320 2740 luerit
2348 2685 2604 2757 quietem,
2628 2684 2945 2758 geometriae
2973 2694 3024 2739 et
3074 2684 3383 2755 astrologiae
3429 2695 3484 2740 et
3532 2692 3758 2742 musicae

2162 2774 2405 2838 devotus,
2437 2772 2643 2828 alienus
2671 2773 2849 2827 studia
2892 2785 2944 2828 et
2973 2772 3170 2828 affectu
3217 2773 3517 2843 Euphorbi.
3561 2774 3673 2829 Sed
3706 2787 3759 2831 et

2164 2863 2394 2933 Pyrrhus
2421 2858 2511 2916 ille
2542 2864 2648 2934 (97)
2709 2861 2955 2916 fallendis
3004 2861 3242 2933 piscibus
3287 2863 3509 2932 agebat;
3553 2862 3762 2932 Pytha-

469 2962 803 3009 commeatus
831 2953 921 3008 hic
946 2951 1069 3008 vitm
1106 2952 1357 3008 milliario
1403 2951 1655 3023 tempori,
1701 2953 1862 3022 longe
1912 2949 2057 3005 scili-
2089 2947 2132 3024 ο
2164 2967 2326 3022 goras
2373 2959 2555 3007 contra
2607 2968 2706 3008 nec
2735 2950 2957 3006 edendis
3003 2950 3136 3022 (98),
3181 2962 3241 3007 ut
3295 2950 3617 3006 animalibus
3659 2952 3760 3005 ab-

468 3050 554 3099 cet
583 3043 818 3110 brevior,
848 3048 902 3096 et
931 3041 1129 3098 idcirco
1168 3040 1388 3097 facilior
1432 3048 1557 3096 ante
1604 3039 1844 3112 extingui
1893 3054 2055 3111 quam

467 3131 807 3188 rcdaccendi.
841 3131 1012 3202 Igitur
1056 3147 1177 3201 qum
1220 3130 1323 3186 hoc
1370 3133 1533 3185 modo
1579 3128 1959 3195 iutercidisset,
2011 3127 2059 3183 si

469 3219 574 3278 vivi
604 3238 670 3277 cx
698 3220 925 3276 mortuis
955 3219 1166 3288 ﬁerent,
1199 3220 1416 3291 quando
1469 3234 1578 3273 non
1605 3217 1894 3284 intercidit,
1944 3233 2055 3272 non

468 3310 574 3365 erit
601 3309 929 3366 credendum
952 3308 1102 3366 vivos
1132 3324 1197 3363 ex
1222 3308 1446 3364 mortuis
1473 3307 1611 3363 ﬁeri.

1029 3449 1254 3505 CAPUT
1283 3449 1492 3506 XXXI.

536 3576 655 3631 Jam
686 3590 816 3632 vero
859 3574 904 3629 si
948 3589 1011 3630 ex
1049 3573 1277 3631 mortuis
1324 3571 1451 3637 vivi,
1503 3571 1686 3642 utique
1744 3570 1951 3643 singuli
1992 3589 2057 3629 ex

468 3665 720 3737 singulis.
789 3663 1139 3738 Singulorum
1185 3678 1318 3734 ergo
1371 3675 1661 3732 corporum
1715 3661 1941 3726 animas,
1999 3669 2060 3717 ut

2166 3042 2393 3096 stinens.
2434 3040 2733 3096 Ethalides
2761 3039 2809 3077 67
2840 3048 3017 3095 autem
3060 3047 3114 3094 et
3166 3035 3333 3094 702
3388 3039 3767 3095 Hermotimus

2167 3130 2342 3186 fabam
2378 3146 2595 3203 quoque
2635 3130 2688 3184 in
2731 3128 2939 3199 pabulis
2968 3128 3085 3199 (99)
3133 3127 3511 3183 communibus
3548 3128 3767 3183 intrue-

2167 3230 2282 3286 rat;
2316 3219 2647 3290 Pythagoras
2681 3231 2809 3274 vero
2852 3233 2919 3273 ne
2958 3233 3056 3287 per
3100 3215 3299 3272 fabalia
3341 3216 3561 3287 quidem
3612 3226 3773 3272 tran-

2168 3309 2435 3363 seundum
2465 3308 2544 3378 (1)
2574 3307 2852 3378 discipulis
2893 3308 3008 3362 suis
3037 3305 3278 3360 tradidit.
3308 3306 3599 3377 Quomodo
3630 3321 3771 3377 ergo

2166 3396 2368 3453 emdem
2398 3395 2593 3451 animm
2624 3401 3025 3466 recuperantur,
3059 3410 3181 3467 qum
3229 3410 3330 3449 nec
3377 3394 3636 3466 ingeniis,
3669 3410 3774 3450 nec

2170 3485 2426 3542 institutis
2485 3486 2619 3556 jam,
2671 3498 2773 3539 nec
2820 3483 3045 3539 victibus
3091 3483 3297 3539 emdem
3354 3483 3778 3552 probabuntur?

2165 3577 2288 3630 Jam
2320 3590 2458 3631 nunc
2486 3574 2555 3628 de
2587 3580 2732 3629 tanto
2769 3572 2994 3629 Grmcim
3022 3587 3188 3629 censu
3218 3579 3451 3647 quatuor
3478 3571 3617 3627 solm
3647 3572 3776 3626 ani-—

2165 3679 2267 3718 mm
2298 3670 2659 3718 recensentur.
2692 3661 2799 3718 Sed
2827 3670 2879 3717 et
2907 3662 3035 3734 quid
3064 3664 3251 3732 utique
3281 3661 3348 3715 de
3374 3660 3491 3716 solo
3538 3660 3776 3717 Graeciaa

538 3832 585 3869 δι
618 3830 881 3889 Μιτοικίας
909 3832 1068 3885 Pam.
1101 3830 1274 3901 Rhea,
1298 3828 1358 3901 V53
1396 3827 1651 3901 Origines
1679 3749 2049 3886 Pam.‘ii;i2:i
2076 3755 2482 3889 Lgiiltziiinnggiitt.
2514 3832 2673 3886 Pam.
2716 3829 2891 3887 Rhea.
2923 3830 2972 3868 ⁵4
3000 3829 3474 3901 Ειοειιιιιῐημιξαηι.
3510 3828 3696 3901 Rhen.
3728 3828 3779 3865 ⁵⁵

468 3901 584 3969 Qua
622 3901 798 3955 infans
852 3908 1148 3956 revertatur
1199 3899 1329 3955 add.
1372 3899 1532 3956 Pam.
1562 3900 1739 3958 Rhea.
1775 3903 1895 3957 Lat.
1949 3902 2233 3960 revertitur
2265 3904 2397 3960 Jun.
2430 3907 2667 3959 mavult.
2697 3901 2748 3941 δδ
2775 3902 2892 3972 Qua
2919 3899 3172 3973 ignorata
3208 3909 3260 3956 et
3287 3899 3364 3955 ibi
3391 3902 3553 3957 Pam.
3588 3900 3775 3958 Rhea.

470 3975 519 4012 6⁷
542 3972 856 4044 Ephaclides
875 3974 1009 4028 Par.

1870 4044 2377 4109 Commentarius.

541 4125 657 4195 (9t)
689 4124 975 4181 Solemnes
1004 4122 1399 4195 migrationes.
1451 4122 1801 4179 Coloniarum
1850 4124 2060 4182 deduc-

470 4197 669 4262 tioues,
703 4197 798 4252 sed
843 4195 1130 4258 solemnes,
1165 4195 1267 4250 hoc
1296 4204 1380 4250 est
1440 4210 1565 4266 qum
1612 4212 1677 4251 ex
1727 4195 2062 4251 solemnitate

2169 4140 2274 4180 mae
2304 4124 2372 4179 de
2400 4141 2506 4180 una
2534 4123 2901 4196 proferuntur.
2935 4125 3060 4179 RIG.

2244 4196 2493 4269 (97)‘Sed
2520 4195 2576 4253 et
2603 4196 2853 4269 Pyrrhus
2900 4196 3020 4251 ille.
3057 4195 3177 4251 Fuit
3206 4195 3465 4269 Pyrrhus,
3495 4209 3667 4269 quem
3722 4208 3784 4248 se

473 4248 671 4339 agas:
698 4248 795 4323 at
824 4248 1565 4339 lata'legeipgiblicaisetivex
1599 4248 2063 4338 emansisse;
2094 4248 2139 4325 Β
2171 4248 3558 4339 etiaa'raisgeﬁ'paa‘cn"massas;metuebas,
3590 4248 3784 4337 pisca-

473 4338 688 4406 ratoris,
720 4355 828 4410 non
866 4345 1049 4410 autem
1077 4337 1317 4393 c010nias
1349 4355 1469 4408 qum
1517 4338 1760 4403 fortuito,
1794 4354 1860 4393 ex
1911 4337 2062 4410 casu,

472 4412 585 4466 sive
635 4409 924 4481 cupiditate
974 4409 1277 4482 victorum,
1330 4411 1533 4482 absque
1579 4410 1891 4466 auctoritate
1939 4409 2063 4477 alia,

470 4479 1052 4551 rituque‘necessario.
1085 4479 1164 4534 La
1195 4481 1295 4535 Pa.

543 4550 663 4621 (93)
702 4554 854 4610 Vives
883 4570 955 4609 ex
982 4553 1233 4608 mortuis
1263 4550 1622 4608 reducentem
1634 4553 1763 4623 post
1781 4552 1942 4608 mille
1963 4568 2068 4607 an-

471 4640 592 4681 nos.
625 4625 702 4680 Eo
732 4624 962 4694 respexit
996 4624 1263 4689 Manilius,
1298 4626 1516 4679 Astron.
1543 4639 1581 4688 i,
1623 4639 1743 4678 cum
1773 4624 1867 4689 ait,

600 4745 719 4797 Sive
749 4744 1052 4804 individuis,
1081 4743 1135 4793 in
1163 4744 1296 4793 idem
1327 4744 1549 4794 reditura
1567 4781 1579 4803 ,
1609 4743 1772 4793 soluta

598 4808 864 4871 Principiis
898 4815 1081 4857 natura
1113 4814 1283 4856 manet
1309 4814 1427 4870 post
1456 4805 1643 4856 smcula
1662 4808 1821 4855 mille.
1855 4805 1968 4855 Bia.

543 4936 614 4948 -—
646 4909 747 4962 Pes
789 4906 948 4960 mille
997 4922 1195 4961 annos.
1247 4906 1451 4961 Alludit
1497 4905 1564 4959 ad
1612 4905 1756 4961 mille
1804 4921 2067 4961 annorum

474 4979 593 5049 iter,
633 4978 778 5046 quod
825 4975 969 5049 Plato
1026 4987 1268 5049 recenset
1324 4988 1444 5047 post
1485 4977 1620 5033 hanc
1652 4978 1840 5049 vitam,
1870 4977 1996 5031 dial.
2030 4993 2069 5033 x

475 5050 543 5105 de
584 5046 789 5120 Περαίᾳ.
825 5057 878 5099 ct
906 5046 959 5099 iu
987 5046 1243 5114 Phardro,
1270 5046 1407 5119 quos
1436 5063 1559 5103 cum
1611 5048 1695 5104 hic
1720 5057 1967 5120 tanquam
2001 5048 2071 5102 fa-

480 5120 632 5176 bulas
664 5118 870 5191 rel'utat
912 5119 1132 5182 Auctor,
1195 5118 1389 5191 mirum
1436 5123 1519 5191 est
1565 5118 1844 5191 quomodo
1887 5129 2073 5190 postea

478 5194 533 5248 in
566 5189 990 5246 Millcnariorum
1017 5190 1327 5260 parailoxon
1365 5189 1633 5245 inciderit.
1668 5191 1807 5247 Pan.

549 5266 662 5334 (96)
694 5261 1001 5334 Primordij
1016 5260 1203 5330 forma
1231 5262 1579 5334 singulatur.
1614 5260 1703 5317 Sic
1721 5263 1877 5334 habet
1896 5277 2078 5334 exeru-

478 5332 597 5408 plar
626 5332 899 5408 Agebardi
934 5332 1112 5398 :Imo,
1166 5333 1358 5402 inquit,
1389 5348 1515 5386 vera
1545 5333 1762 5386 humani
1795 5332 2072 5408 primordii

478 5403 651 5465 forma
678 5403 1000 5478 singulatur,
1031 5419 1150 5458 cum
1183 5410 1237 5458 et
1266 5418 1415 5478 uun_c_
1455 5420 1516 5458 ex
1559 5418 1667 5478 uno
1716 5413 1775 5478 et_
1813 5403 2072 5478 singulari

477 5480 696 5557 homine
752 5473 933 5557 plures
956 5473 1331 5557 “generantur.
1373 5474 1490 5529 Hoc
1534 5475 1696 5529 modo
1732 5473 2077 5557 singularitas
2102 5537 2115 5541 _

479 5549 699 5609 humani
730 5546 1012 5622 primordii
1042 5553 1306 5617 servatur,
1339 5562 1461 5602 cum
1489 5556 1542 5604 et
1579 5560 1725 5604 nunc
1743 5547 1921 5620 plures
1948 5549 2074 5604 ani-

2174 4347 2259 4395 tor
2289 4338 2494 4394 Delius.
2527 4337 2660 4393 ιλιι.

2249 4410 2362 4482 (98)
2390 4411 2733 4482 Pythagoras
2763 4413 2963 4482 contra
3001 4424 3104 4464 nec
3134 4408 3387 4482 edendis.
3419 4407 3527 4462 Cur
3555 4409 3628 4462 ab
3662 4407 3785 4482 ani-

2176 4478 2408 4536 malibus
2435 4478 2734 4536 abstineret
2758 4481 3112 4551 Pythagoras,
3154 4479 3286 4551 alibi
3327 4494 3550 4551 causam
3599 4478 3787 4551 reddit

2174 4554 2390 4630 Auctor,
2420 4553 2723 4624 Apologet.,
2751 4549 2901 4630 οξ4εξ
2926 4549 2950 4606 Ξ
2980 4573 3002 4600 α
3040 4552 3123 4608 Ne
3162 4550 3303 4630 forte
3349 4549 3603 4630 bubulam
3655 4549 3785 4630 quis

2175 4626 2244 4679 de
2283 4620 2477 4694 aliquo"
2494 4620 2695 4694 proavo
2719 4637 2818 4678 suo
2847 4623 3098 4694 obsonet.
3142 4641 3166 4671 ι
3204 4622 3320 4677 Huc
3351 4620 3583 4694 pertinet
3612 4620 3782 4694 etiam

2173 4695 2301 4750 illud
2426 4692 2758 4774 Hieronymi,
2779 4693 2875 4774 lib.
2901 4709 2943 4774 ιι
2966 4693 3097 4749 adv.
3123 4694 3305 4749 Jovin.
3333 4713 3347 4774 ξ
3383 4714 3406 4742 α
3432 4692 3500 4746 Et
3531 4692 3784 4774 probabo

2175 4781 2284 4821 non
2323 4762 2665 4834 Empedoclis
2712 4773 2766 4820 et
2810 4765 3127 4837 Pythagorae
3171 4780 3272 4819 nos
3316 4765 3518 4837 dogma
3557 4762 3779 4825 sectari,

2175 4837 2286 4908 qui,
2320 4843 2541 4910 propter
2588 4837 2979 4910 μετεμψύχωσιν,
3032 4851 3192 4910 omne
3238 4837 3384 4910 quod
3432 4843 3784 4910 movetur__et

2175 4904 2610 4973 vivit—edendum
2640 4904 2763 4964 non
2792 4904 3002 4979 putant.
3044 4926 3066 4956 »
3101 4904 3271 4976 Quod'
3303 4907 3644 4970 Lactantius,
3682 4904 3777 4959 lib.

2178 4994 2260 5044 ιιι,
2283 4994 2331 5032 c.
2346 5049 2351 5051 Α
2367 4983 2387 5032 t
2402 4982 2453 5033 9.
2483 4979 2672 5051 mitius
2700 4981 3099 5051 interpretatur.
3122 4980 3274 5051 Pan.

2250 5049 2364 5121 (99)
2395 5049 2600 5106 Fabam
2628 5047 2854 5123 quoque
2870 5052 2934 5105 in
2958 5049 3203 5123 pabulis.
3235 5047 3378 5123 Quid
3408 5047 3594 5123 notius
3619 5064 3780 5123 quam

2182 5129 2506 5201 praeceptum
2540 5120 2865 5201 Pythagorm
2905 5120 3117 5201 saepe»
3147 5121 3426 5201 inﬁxo-ung
3459 5120 3605 5191 fabis
3645 5120 3779 5201 ab;-

2183 5188 2382 5248 tineto.
2441 5188 2770 5249 Jamblichﬁs
2816 5193 2866 5246 id
2916 5188 3107 5248 scribit
3156 5188 3488 5264 prohibitum
3542 5194 3782 5264 propter

2180 5263 2395 5319 multas
2413 5281 2609 5321 causas
2639 5268 2763 5321 tum
2783 5280 2992 5335 sacras,
3022 5267 3149 5318 tum
3160 5261 3557 5335 ἠαιυναιεδιεί
3568 5261 3780 5335 adﬁni-

2180 5351 2344 5390 mum
2378 5337 2753 5406 pertinentes,
2796 5332 2992 5406 quibus
3022 5345 3268 5391 auctores
3293 5344 3418 5388 sunt
3439 5333 3611 5406 pleni.
3646 5332 3772 5406 Lac.

2257 5403 2439 5479 (1)1Ve
2478 5422 2582 5478 per
2626 5403 2840 5478 fabrilia
2878 5407 3109 5479 quidem
3164 5403 3583 5463 transeundum
3636 5405 3767 5460 disc.

2183 5477 2358 5532 Etiam
2388 5477 2508 5533 cum
2537 5477 2848 5534 diserimene
2891 5477 3020 5548 ‘viim
3058 5480 3405 5534 observatum
3446 5485 3771 5548 prmceptum

2184 5549 2315 5605 illud
2361 5548 2686 5623 Pythagora:
2708 5550 2911 5624 κυάμων
2941 5547 3009 5623 μὴ
3056 5549 3318 5624 θιγγάνων,
3372 5562 3444 5607 ne
3479 5546 3646 5622 fabas
3685 5553 3773 5608 at-
