3972 6190
210 314 302 375 745

1580 308 1769 372 LIBER
1809 308 1894 370 DE
1932 268 2164 373 ᾸΝΙΜΑ.

3385 318 3491 388 746

207 457 380 506 censu,
411 449 466 495 ut
499 454 607 496 non
638 455 703 495 ex
731 441 879 496 omni
917 449 1100 513 gente,
1132 457 1199 496 ex
1229 439 1376 497 omni
1417 446 1576 496 aelate
1605 455 1667 494 ac
1695 439 1786 494 di-
1822 462 1868 540 Α
1901 439 2231 497 siccitatibus
2288 440 2523 518 gaudent
2578 439 2817 513 locustae,
2870 447 3199 520 papiunculi,
3250 455 3488 512 charum-

204 532 414 600 gnitate,
471 545 536 584 ex
601 532 749 585 omni
805 530 1036 601 denique
1089 547 1241 596 sexu,
1289 537 1342 585 et
1396 531 1791 601 μετεμψυχώσεις

207 624 661 692 μετενσωματώσεις
712 621 956 694 quotidie
1010 620 1266 690 existant,
1320 635 1416 675 cur
1472 619 1624 674 solus
1678 619 1787 689 Py-

210 711 454 779 thagoras
487 710 653 765 alium
691 720 852 784 atque
891 709 1052 764 alium
1091 726 1148 764 se
1187 715 1564 780 rec0gnoscat,
1595 721 1702 762 non
1734 713 1788 762 et

206 798 351 867 ego?
408 806 500 852 aut
550 798 597 852 si
653 798 997 869 privilegium
1067 797 1518 868 philosophorum
1576 802 1676 860 est,
1735 804 1789 848 et

205 885 386 954 utique
440 885 781 951 Graecorum,
831 887 984 957 quasi
1042 900 1150 940 non
1205 896 1259 940 et
1305 885 1621 956 Scythaeet
1668 881 1786 934 Indi

205 973 667 1045 philosOphentur,
709 991 804 1030 cur
843 974 1118 1030 neminem
1163 989 1223 1028 se
1273 973 1323 1010 68
1365 983 1507 1028 retro
1549 972 1788 1028 meminit

199 1063 472 1132 Epicurus,
507 1063 773 1118 neminem
815 1064 1172 1134 Chrysippus,
1214 1061 1482 1118 neminem
1522 1063 1687 1127 Zeno,
1718 1078 1786 1116 ne

202 1154 303 1218 ipse
336 1152 555 1222 quidem
593 1153 764 1217 Plato,
805 1168 960 1224 quem
1005 1151 1232 1206 forsitan
1274 1152 1561 1208 Nestorem
1603 1150 1785 1206 credi-

198 1241 482 1305 dissemus,
514 1241 584 1295 ob
613 1241 768 1296 mella
807 1239 1112 1296 facundim?

732 1381 961 1437 CAPUT
999 1382 1236 1436 XXXII.

260 1502 370 1557 Sed
403 1503 549 1557 enim
583 1503 958 1574 Empedocles,
983 1503 1107 1576 quia
1137 1519 1197 1559 se
1225 1503 1385 1559 deum
1409 1502 1663 1558 deliraret
1682 1502 1780 1574 (2),

193 1591 414 1660 idcirco,
445 1593 663 1662 opinor,
693 1592 1015 1664 dedignatus
1053 1592 1289 1663 aliquem
1330 1609 1387 1648 se
1423 1593 1651 1647 heroum
1692 1607 1780 1646 re-
1816 1623 1860 1700 Β

200 1681 398 1700 ,μμ-ε
426 1696 439 1700 ,
515 1681 786 1700 ,ΜΨ-,η
1064 1680 1135 1700 ,με
1162 1682 1265 1700 μη,
1345 1679 1394 1700 ,η
1563 1696 1651 1700 ---μ
1673 1695 1775 1700 om

191 1681 440 1735 cordari:
469 1701 491 1732 α
515 1681 790 1736 Thamnus
807 1689 861 1735 et
877 1680 1042 1752 piscis
1063 1680 1138 1736 fui
1158 1682 1268 1752 (3);
1297 1701 1320 1730 ι
1345 1679 1540 1752 inquit,
1557 1696 1652 1736 cur
1673 1695 1781 1737 non

192 1769 369 1843 magis
411 1778 463 1825 et
509 1783 670 1839 pepo,
712 1777 818 1823 tam
867 1769 1128 1834 insulsus,
1169 1780 1224 1825 et
1268 1769 1623 1832 chamaeleon,
1674 1776 1783 1822 tam

191 1856 414 1911 inﬂatus
451 1855 565 1927 tt)?
614 1857 781 1912 Plane
827 1867 885 1912 ut
936 1857 1126 1929 piscis,
1179 1873 1248 1913 ne
1292 1856 1472 1928 aliqua
1509 1855 1785 1927 sepultura

199 1943 502 2000 conditiora
543 1953 842 2015 putesceret
882 1945 952 2011 59,
994 1961 1176 2000 assum
1225 1960 1282 2000 se
1320 1944 1527 2010 maluit,
1567 1944 1623 1999 in
1666 1943 1784 1999 IEt-

189 2048 322 2086 nam
374 2033 774 2104 praecipitando.
826 2033 1003 2105 Atque
1041 2032 1236 2088 exinde
1284 2032 1338 2087 in
1380 2031 1474 2087 illo
1523 2031 1674 2086 ﬁnita
1715 2031 1788 2087 sit

184 2123 677 2190 metensomatosis,
709 2130 769 2177 ut
797 2122 982 2178 aestiva
1018 2137 1171 2178 coena
1197 2129 1321 2193 post
1349 2136 1550 2178 assum.
1593 2121 1786 2175 Perin-

180 2213 252 2267 de
304 2211 474 2283 igitur
515 2221 567 2267 et
614 2211 703 2267 hic
751 2211 1071 2268 dimicemus
1125 2226 1347 2267 necesse
1405 2218 1487 2265 est
1527 2209 1789 2266 adversus

179 2299 642 2374 portentosiorem
661 2300 1136 2373 praesumptionem
1147 2342 1160 2368 ,
1179 2301 1382 2356 bestias
1397 2316 1463 2356 ex
1479 2299 1790 2357 hominibus

178 2391 504 2448 ethomines
517 2407 583 2446 ex
604 2390 792 2446 bestiis
812 2391 1201 2448 revolventem.
1224 2388 1474 2445 Viderint
1492 2387 1697 2444 thamni
1715 2390 1785 2444 το.

183 2481 405 2538 Licebit
423 2490 477 2536 et
497 2479 692 2550 raptim
712 2480 789 2552 (5)
810 2495 877 2535 ne
901 2480 1022 2551 plus
1042 2480 1218 2535 ridere
1237 2495 1397 2550 quam
1417 2479 1613 2536 docere
1633 2494 1792 2550 coga-

175 2587 329 2626 mur.
362 2568 616 2624 Dicimus
661 2570 895 2624 animam
941 2566 1106 2625 703
1133 2569 1422 2624 humanam
1450 2567 1601 2624 nullo
1627 2567 1790 2624 modo

175 2660 232 2716 in
263 2659 482 2715 bestias
525 2672 691 2729 posse
742 2656 1044 2724 transferri,
1085 2656 1295 2712 etiamsi
1329 2656 1622 2712 secundum
1664 2657 1790 2727 phi-

172 2748 453 2817 losOphos
526 2762 590 2801 ex
665 2744 1010 2802 elementitiis
1077 2744 1391 2799 substantiis
1457 2751 1789 2800 censeretur.

173 2838 314 2894 Sive
371 2836 519 2890 enim
575 2834 715 2906 ignis
761 2834 958 2901 anima,
1004 2833 1117 2890 sive
1163 2848 1328 2904 aqua,
1375 2832 1490 2888 sive
1543 2833 1788 2905 sanguis,

175 2927 303 2980 sive
335 2923 582 2995 spiritus,
613 2923 724 2978 sive
750 2938 862 2992 aer,
897 2923 1011 2978 sive
1041 2921 1245 2989 lumen,
1279 2921 1580 2993 recogitare
1620 2923 1787 2977 debe-

1899 529 2124 585 leontes.
2168 531 2300 586 Item
2343 531 2614 587 contraria
2648 535 2920 608 sanguini,
2965 555 3082 608 quae
3131 552 3312 598 carent
3349 562 3483 614 pur-

1896 633 2029 688 pura
2083 621 2224 689 ejus,
2270 621 2539 688 cochleas,
2589 623 2914 678 vermiculos
2969 635 3024 680 et
3076 631 3338 698 majorem
3395 636 3486 704 pi-

1895 708 2068 762 scium
2096 724 2336 764 censum.
2370 708 2592 779 Spiritui
2636 725 2764 766 vero
2803 714 3092 784 contraria,
3121 734 3244 788 quae
3281 721 3488 789 spirare

1895 808 2003 848 non
2043 795 2310 860 videntur,
2343 797 2579 851 carentia
2616 797 2964 866 pulmonibus
3000 810 3053 856 et
3087 805 3317 875 arteriis,
3351 810 3488 864 culi-

1893 897 2000 948 ces,
2033 882 2307 950 formicas,
2344 886 2532 951 tineas,
2573 895 2625 940 et
2664 887 2764 942 hoc
2801 903 2974 958 genus
3018 890 3312 948 minutalia.
3352 897 3487 952 Item

1895 971 2006 1026 aeri
2044 975 2329 1044 contraria,
2361 991 2482 1044 quae
2521 990 2739 1045 semper
2777 978 3187 1035 subterraneum
3227 991 3282 1036 et
3319 985 3487 1040 suba-

1893 1079 2157 1132 quaneum
2196 1063 2447 1128 viventia,
2482 1072 2664 1120 carent
2711 1063 2904 1120 haustu
2956 1069 3096 1136 ejus.
3144 1070 3251 1125 Res
3291 1073 3483 1146 magis,

1893 1166 2054 1220 quam
2112 1151 2331 1206 nomina
2389 1152 2606 1207 noveris
2663 1151 2732 1206 ⁷2.
2781 1153 2914 1208 Item
2962 1159 3224 1212 contraria
3272 1161 3483 1231 lumini,

1892 1254 2013 1308 quae
2042 1253 2186 1294 caeca
2216 1239 2270 1294 in
2310 1247 2495 1306 totum,
2528 1241 2615 1297 vel
2654 1240 2785 1295 solis
2822 1244 3054 1298 tenebris
3099 1247 3300 1302 habent
3348 1267 3485 1307 ocu-

1892 1327 1996 1396 los,
2047 1327 2239 1398 talpas,
2281 1329 2670 1402 veSperugines
2708 1333 2804 1401 (6),
2846 1341 3086 1388 noctuas.
3134 1335 3280 1401 Haec,
3314 1349 3372 1393 ut
3420 1357 3484 1396 ex

1891 1417 2276 1486 apparentibus
2305 1425 2358 1471 et
2387 1417 2686 1472 manifestis
2727 1419 3045 1475 substantiis
3081 1422 3325 1479 doceam.
3355 1411 3484 1484 Can

1892 1510 2086 1574 terum,
2127 1504 2173 1558 si
2212 1512 2266 1559 et
2312 1513 2521 1560 atomos
2567 1505 2784 1576 Epicuri
2833 1514 3094 1574 tenerem,
3137 1519 3188 1565 et
3235 1529 3486 1572 numeros

1891 1590 2209 1662 Pythagorae
2255 1592 2515 1661 viderem,
2558 1601 2608 1648 et
2655 1594 2804 1648 ideas
2847 1594 3082 1651 Platonis
3129 1597 3485 1678 offenderem,

1892 1689 1947 1735 et
1975 1678 2304 1736 entelechias
2332 1681 2637 1737 Aristotelis
2667 1697 3014 1753 occuparem,
3050 1686 3342 1746 invenirem
3375 1692 3489 1748 fors

1891 1767 1977 1823 his
2022 1782 2240 1840 quoque
2286 1767 2570 1838 speciebus
2620 1769 2894 1839 animalia,
2927 1789 3046 1842 quae
3101 1778 3318 1833 nomine
3355 1795 3486 1837 con-

1891 1857 2178 1913 trarietatis
2214 1872 2568 1929 opponerem.
2607 1857 2888 1913 Contendo
2917 1862 3080 1930 enim,
3111 1878 3178 1918 ex
3220 1881 3486 1935 quacum-

1894 1960 1998 2016 que
2033 1943 2329 2000 substantia
2375 1944 2685 2016 supradicta
2721 1946 3051 2002 constitisset
3092 1950 3324 2008 humana
3365 1958 3488 2013 ani-

1893 2048 2004 2100 ma,
2043 2047 2152 2088 non
2196 2033 2434 2103 potuisse
2471 2048 2588 2088 eam
2646 2033 2700 2088 in
2741 2044 2848 2090 tam
2883 2038 3149 2094 contraria
3199 2042 3491 2117 unicuique

1894 2119 2207 2176 substantiae
2262 2121 2513 2176 animalia
2568 2120 2880 2192 reformari,
2921 2133 2975 2179 et
3032 2142 3254 2183 censum
3301 2133 3382 2186 eis
3421 2133 3489 2189 de

1893 2223 1992 2264 sua
2047 2209 2398 2265 translatione
2453 2210 2718 2276 conferre,
2758 2228 2788 2266 a
2825 2213 3019 2282 quibus
3054 2216 3261 2272 excludi
3300 2234 3362 2276 ac
3401 2237 3492 2276 re-

1894 2297 2019 2370 spui
2056 2297 2228 2370 magis
2273 2298 2512 2367 haberet,
2556 2314 2719 2370 quam
2759 2300 2966 2355 admitti
3008 2315 3060 2356 et
3097 2307 3233 2376 capi,
3273 2309 3497 2366 nomine

1894 2385 2061 2455 hujus
2112 2385 2303 2458 prima;
2354 2387 2763 2453 contrarietatis,
2803 2404 2923 2459 quae
2961 2391 3277 2451 substantivi
3324 2407 3496 2455 status

1897 2473 2261 2529 diversitatem
2298 2474 2601 2541 committit,
2647 2484 2774 2531 tunc
2812 2485 2864 2532 et
2901 2477 3127 2549 reliquie
3163 2497 3261 2551 per
3297 2499 3492 2541 cause-

1898 2571 2156 2635 quentem
2210 2563 2456 2620 Ordinem
2507 2565 2768 2636 cujusque
2825 2575 3049 2623 naturae.
3106 2570 3242 2626 Nam
3303 2581 3357 2628 et
3404 2591 3492 2631 se-

1899 2653 1996 2708 des
2042 2652 2172 2708 alias
2217 2653 2456 2708 humana
2501 2655 2680 2708 anima
2719 2655 2906 2710 sortita
2955 2665 3058 2722 est,
3106 2667 3159 2712 et
3205 2661 3396 2728 victus,
3441 2673 3496 2719 et

1899 2742 2213 2810 instructus,
2273 2752 2324 2797 et
2381 2756 2600 2808 sensus,
2660 2749 2714 2796 ct
2769 2741 2990 2799 affectus
3047 2754 3100 2800 et
3153 2751 3488 2816 concubitus,

1901 2837 1956 2885 et
1982 2828 2183 2895 fastus;
2213 2828 2342 2884 item
2394 2829 2609 2903 ingenia
2633 2839 2674 2898 ;'
2701 2837 2810 2883 tum
2852 2845 3038 2901 Opera,
3071 2835 3284 2905 gaudia,
3316 2839 3493 2906 taedia,

1901 2918 2049 2986 vitia,
2108 2917 2408 2988 cupidines,
2462 2917 2789 2990 voluptates,
2844 2919 3200 2988 valetudines,
3261 2926 3488 2983 medici-

176 3030 313 3071 mus
353 3012 620 3068 contraria
647 3027 876 3084 quaeque
907 3009 1135 3083 singulis
1174 3010 1450 3082 speciebus
1486 3009 1736 3065 animalia
1769 3029 1782 3066 :
1818 3006 1861 3084 ε
1891 3022 2027 3078 nas;
2087 3021 2216 3060 suos
2281 3016 2556 3078 postremo
2613 3019 2663 3064 et
2725 3009 2852 3063 vitae
2916 3010 3109 3066 modos
3133 3053 3150 3079 ,
3202 3020 3255 3068 et
3311 3015 3492 3072 exitus

177 3103 300 3178 igni
358 3101 575 3172 quidem
631 3115 697 3156 ea
741 3116 865 3172 quae
915 3099 1110 3172 rigent,
1165 3099 1442 3165 colubros,
1490 3097 1784 3166 stelliones,

176 3189 590 3259 salamandras;
623 3197 676 3244 et
694 3190 806 3259 jam
837 3203 1189 3260 quaecumque
1232 3188 1303 3242 de
1338 3187 1535 3242 aemulo
1579 3188 1789 3258 produ-

178 3287 390 3337 centur
428 3277 710 3346 elemento,
752 3277 820 3333 de
860 3293 1000 3349 aqua
1037 3276 1258 3343 scilicet,
1303 3275 1528 3348 perinde
1568 3285 1788 3333 contra-

179 3373 288 3440 ria,
321 3366 506 3438 utique
533 3365 581 3406 ’⁷1
608 3366 718 3436 illa,
751 3381 872 3439 quae
910 3365 1060 3421 arida
1088 3375 1144 3423 et
1183 3365 1470 3422 exsuccida
1499 3383 1513 3420 :
1545 3364 1783 3438 denique

1899 3095 2100 3152 mortis.
2159 3096 2445 3164 Quomodo
2500 3095 2668 3168 igitur
2719 3096 2810 3152 illa
2857 3100 2933 3168 ('7)
2980 3102 3158 3156 anima
3203 3120 3326 3173 quae
3375 3113 3492 3162 ter-

1898 3184 1972 3240 ris
2025 3183 2357 3251 inhaerebat,
2413 3183 2614 3240 nullius
2667 3183 3045 3252 sublimitatis,
3101 3189 3303 3245 nullius
3358 3209 3491 3263 pro-

1898 3271 2182 3330 funditatis
2211 3271 2494 3343 intrepida,
2523 3287 2752 3328 ascensu
2783 3274 2941 3328 etiam
2985 3277 3251 3332 scalarum
3293 3279 3492 3354 fatiga-

1891 3361 2042 3430 bilis,
2099 3361 2389 3418 submersu
2443 3359 2604 3417 etiam
2662 3361 2994 3433 piscinarum
3051 3367 3492 3438 strangulabilis,

1571 3492 1766 3556 Variae
1799 3492 2115 3554 lectiones.

253 3599 317 3674 δέ
338 3598 405 3656 Et
425 3598 603 3674 Seml.
637 3595 687 3636 ⁸9
712 3599 1017 3674 Patesceret
1053 3599 1318 3674 Wouwer.
1358 3593 2271 3674 conditio__reputesceretfama.
2305 3594 2504 3674 .Rhen.
2532 3591 2605 3674 ,⁷ο
2639 3593 2890 3674 lapathi
2906 3598 3068 3657 Pam.
3103 3599 3280 3658 Rhea.
3328 3602 3488 3658 Pam.

179 3672 324 3746 lapti
352 3673 537 3729 Paris.
569 3670 692 3728 licet
719 3671 803 3726 bis
829 3669 953 3726 elati
981 3671 1104 3727 Lat.
1137 3681 1191 3726 et
1227 3670 1402 3742 lappae
1431 3670 1564 3726 Jun.
1601 3667 1648 3706 ’τι
1679 3665 1848 3740 Aquae
1878 3669 2010 3726 Jun.
2042 3665 2090 3704 7?-
2122 3665 2373 3723 Noverim
2403 3667 2586 3723 Paris.
2626 3665 2818 3724 Gelen.
2855 3669 2988 3725 Jun.

1605 3793 2104 3858 Commentarius.

178 3902 535 3974 tingue-mtas
582 3916 716 3974 esse,
770 3901 956 3956 scribit
1002 3901 1638 3974 Jamblichus,rcap.t31,
1679 3901 1773 3956 ubi

427 3973 689 4054 quosdam
752 3971 1473 4054 Pythagoraandiscipulos;
1507 3971 1775 4054 fugientes

179 4047 389 4101 milites
433 4043 677 4116 Dionysii
731 4043 1250 4116 tyranni’ttincidisse
1293 4059 1431 4116 casu,
1459 4044 1513 4098 in
1560 4043 1772 4116 fabalis,

183 4119 282 4187 qni
316 4118 518 4172 decreti
551 4113 838 4187 memores,
871 4125 925 4170 et
948 4113 1084 4187 illud
1118 4117 1319 4187 violare
1348 4115 1611 4187 nolentes,
1642 4115 1776 4187 sub-

181 4183 403 4255 stitere,
434 4186 650 4241 minime
687 4187 804 4241 ausi
838 4185 1200 4256 transireper
1226 4183 1439 4250 fabalis,
1469 4186 1568 4239 sed
1598 4186 1777 4254 potius

178 4261 476 4336 elegerunt
499 4256 755 4336 trucidari
785 4263 838 4312 et
863 4258 1040 4314 obrui.
1073 4255 1236 4336 Solus
1263 4256 1470 4336 lltyllias
1483 4261 1700 4336 captus,
1725 4261 1778 4310 et

179 4329 259 4382 ad
291 4327 589 4400 tyrannum
628 4330 844 4396 ductus,
875 4344 983 4384 non
1020 4327 1243 4400 minoris
1280 4327 1776 4400 fortitudinis__8pe-

179 4395 370 4471 cimeh
401 4401 547 4454 dedit
576 4416 590 4452 :
622 4415 747 4453 nam
777 4395 995 4471 rogatus
1020 4414 1052 4452 a
1081 4397 1364 4468 Dionysio,
1389 4414 1484 4453 cur
1513 4395 1781 4471 sociima-

179 4470 394 4526 luerint
439 4473 597 4536 mori,
641 4486 804 4541 quam
845 4469 1006 4525 fabas
1051 4471 1387 4541 conculcare,
1438 4469 1712 4536 respondit
1761 4485 1775 4520 :

187 4562 211 4592 ε
260 4542 351 4596 Illi
388 4541 619 4632 quidem
642 4539 1012 4632 substiterunt,
1053 4555 1120 4595 ne
1165 4539 1327 4632 fabas.
1358 4541 1766 4632 copculcarent;
1803 4555 1849 4632 ο

180 4629 294 4686 ego
327 4610 508 4684 potius
535 4620 761 4686 mortem
790 4613 1026 4686 elegero,
1051 4627 1209 4683 quam
1240 4612 1402 4686 hujus
1429 4610 1771 4686 tibicausam

179 4681 480 4752 exponam,
509 4699 669 4754 quam
689 4685 760 4739 ob
792 4681 904 4738 reni
936 4681 1085 4738 fabas
1109 4685 1422 4740 conculcare
1454 4681 1710 4754 nolimus.
1746 4699 1770 4732 ι»

178 4754 373 4826 Ipsum
405 4753 626 4828 quoque
655 4757 1028 4828 Pythagoram,
1061 4764 1118 4809 ut
1143 4755 1327 4811 scribit
1364 4754 1524 4810 etiam
1563 4753 1774 4828 Suidas,

178 4840 306 4881 cum
340 4830 559 4882 incensa
588 4827 752 4897 domo
786 4826 1234 4897 persequerentur
1269 4843 1394 4880 eum
1433 4829 1643 4897 hostes,
1684 4826 1781 4882 ubi

179 4900 249 4970 ad
302 4913 562 4968 campum
613 4895 750 4953 fabis
789 4895 1074 4952 consitum
1130 4897 1387 4970 venisset,
1437 4895 1672 4953 constitit
1724 4906 1778 4953 et

173 4968 466 5041 iugulatus
494 4972 592 5041 est.
625 4970 757 5023 Lac.

250 5039 337 5111 (2)
369 5040 746 5112 Empedocles,
770 5042 900 5112 quia
928 5056 985 5098 se
1014 5039 1180 5096 deum
1200 5039 1780 5102 deliraret..Delirium

183 5118 236 5182 et
294 5112 534 5167 hominis
586 5113 954 5180 stupiditatem
1009 5128 1132 5166 cum
1187 5112 1454 5168 historicis
1510 5112 1784 5182 demiror,

185 5178 545 5255 Empedoclis
584 5178 730 5239 enim
760 5183 848 5240 hic
875 5183 1104 5240 refertur
1141 5199 1332 5240 versus
1373 5204 1387 5242 :

257 5297 476 5371 Χαιρετ’·
512 5296 608 5371 ἐγὼ
638 5297 692 5351 δὲ
721 5297 832 5370 ὓμῖν
861 5299 980 5359 Οεὺς
1011 5298 1278 5370 ἄμϐροτος,
1304 5295 1392 5352 οὒκ
1419 5298 1492 5352 ἔτι
1521 5300 1698 5369 θνητός,

187 5395 293 5450 hoc
321 5407 407 5451 est
438 5414 450 5450 :
485 5398 724 5462 Salvete,
759 5396 906 5453 vobis
932 5399 1086 5454 enim
1115 5397 1247 5452 deus
1277 5413 1395 5452 sum
1426 5400 1788 5464 immortalis,

193 5482 295 5524 uec
325 5471 578 5540 amplius
612 5469 791 5527 homo.
826 5471 899 5523 La
939 5470 1034 5524 Pa.

262 5541 344 5612 (3)
388 5539 669 5622 Taamnus
699 5545 756 5598 et
771 5541 954 5622 piscis.
978 5542 1082 5622 fui.
1115 5539 1238 5622 Ipse
1266 5539 1430 5622 igitur
1455 5541 1601 5615 apud
1630 5541 1797 5599 Athe-

203 5621 400 5685 nasum,
434 5611 528 5668 lib.
570 5625 694 5678 vui,
725 5611 788 5670 et'
814 5611 1385 5685 apud'Laertium'ait
1424 5630 1442 5670 :

336 5721 592 5779 ΡΑτιιοι..
653 5719 722 5780 II.

2023 3900 2161 3978 Ἤδη
2188 3899 2290 3978 γάρ,
2311 3899 2424 3978 π9τ’
2447 3896 2550 3978 ,ἐγὼ
2577 3901 2790 3978 revisit?
2817 3905 2976 3978 φύρῃ,
2995 3923 3046 3958 τε
3073 3906 3219 3978 κόρος
3257 3927 3328 3974 τε.

2028 3969 2222 4046 Batavos
2248 3969 2290 4024 ’ξ’
2322 3969 2497 4046 ᾳίωνόζ
2517 3969 2706 4046 τεέ-καῖ
2733 3971 2797 4025 εἰν
2827 3969 2920 4026 ἁλῖ
2939 3969 3146 4039 ’ἑλλοποξ
3176 3969 3325 4046 ἰχθύς-ξ

1884 4041 2154 4122 (1118ζοὶᾤῂ
2195 4044 2544 4122 versionem,
2604 4041 2864 4122 hactenus
2935 4045 3081 4122 foede
3144 4041 3487 4122 corruptam,

1884 4113 2097 4169 restitui
2124 4113 2323 4168 debere
2353 4111 2674 4167 arbitramur
2705 4114 2759 4168 in
2789 4115 2929 4170 hunc
2958 4119 3179 4174 modum
3215 4137 3228 4173 :

1978 4199 2204 4271 Namque
2237 4213 2324 4261 ego
2353 4197 2651 4271 jamdudum
2671 4199 2789 4271 ‘vixi
2812 4215 2939 4271 pu_er
2967 4213 3014 4253 et
3043 4207 3212 4271 solida
3234 4208 3403 4271 arbos,

1980 4260 2196 4329 Alesfet
2224 4260 2286 4309 ex
2321 4260 2470 4309 undis
2501 4260 2707 4318 animal,
2740 4260 2844 4329 ιιιὰώ
2877 4264 3040 4329 lactea
3068 4267 3232 4329 virgo.

1887 4325 1946 4380 In
1992 4323 2297 4395 posteriore
2339 4334 2513 4378 autem
2559 4337 2720 4384 versu
2768 4325 3022 4395 Cyrillns,
3076 4323 3173 4384 lib:
3235 4347 3328 4388 vm
3376 4335 3487 4391 ad-

1887 4392 2082 4523 peritis
2111 4395 2250 4460 Jul.,
2282 4392 2482 4467 legisse
2521 4397 2727 4453 \idetur
2759 4392 2841 4447 xat‘t
2868 4395 2936 4448 εἰν
2969 4397 3048 4450 ἁλὶ
3078 4401 3302 4473 φαίδιμος
3334 4403 3485 4478 ἰχθὺς,

1932 4481 1966 4521 ε
2037 4483 2092 4521 ιι.

1932 4481 1966 4521 Ε
1996 4481 2092 4521 l’R.

1953 4539 2026 4609 (4)
2050 4538 2129 4593 Et
2156 4526 2502 4612 chamaeleofz
2523 4543 2644 4595 tam
2671 4541 2928 4612 inﬂatus.
2959 4541 3306 4612 Empedoclis
3337 4562 3490 4604 arro-

1884 4612 2119 4735 gantialm
2176 4618 2229 4734 tit
2283 4610 2514 4681 τραγικὸν
2569 4609 3011 4682 τῦφονριθτὶᾳιιθ
3048 4609 3294 4670 veterum
3339 4629 3492 4676 nota-

1886 4697 2026 4735 vere.
2103 4695 2138 4734 Β
2219 4696 2274 4735 ιι.

1886 4697 2026 4738 vere.
2061 4695 2138 4735 LE
2179 4695 2274 4735 ιλιι,

1963 4754 2038 4833 (ὅ)
2077 4752 2302 4833 Licebit-
2342 4756 2397 4833 et
2435 4756 2668 4833 raptim.
2710 4753 2982 4833 Hocuest:
3039 4751 3276 4812 Sufﬁciet
3321 4758 3495 4833 obiter

1893 4823 2295 4898 perstrinxisse.
2349 4823 2558 4898 Etenim
2606 4835 2710 4880 tam
2757 4823 2981 4898 ridicula
3008 4835 3165 4898 sunt,
3210 4838 3267 4883 ut
3304 4831 3386 4885 vel
3437 4831 3492 4886 in

1889 4895 2200 4976 iranscursu
2229 4903 2436 4976 tantum
2463 4896 2702 4976 indicata
2725 4896 2858 4976 satis
2888 4895 3221 4976 refellantur:
3245 4900 3346 4976 Sic
3364 4902 3488 4976 igi-

1883 4990 1974 5037 ιιιτ
1999 4967 2398 5048 emendavimus
2442 4967 2586 5048 quod
2605 4967 2780 5048 vulgo
2800 5039 2810 5048 _
2832 4967 3111 5048 legebatur
3142 4983 3154 5022 :
3185 4967 3431 5048 licebit'
3444 4979 3500 5031 et

1895 5041 2132 5167 lqptll‘tht'.
2166 5039 2225 5092 In
2261 5039 2444 5094 codice
2464 5039 2759 5111 ’Agobardi
2799 5039 3016 5111 legitur,
3049 5042 3256 5098 Licebit
3286 5049 3342 5101 et
3372 5045 3499 5119 lap-

1896 5127 1960 5167 te.
2040 5127 2116 5167 IG.
3082 5141 3093 5150 .

1921 5121 1960 5174 ἰ.
1991 5121 2116 5168 the.
3082 5141 3093 5150 -

1896 5127 2521 5260 ﬂlglml’esperygines.
2582 5182 2695 5260 ᾘοο
2751 5189 2833 5260 θὲί
2877 5184 3320 5260 Χθδρθῗίί¹ί⁰⁰θ³’
3369 5189 3496 5260 quia

1895 5253 2141 5320 Lucifero
2173 5269 2268 5308 seu
2299 5253 2666 5324 Vesperugine
2695 5253 2848 5308 stella
2877 5253 3107 5310 Veneris
3150 5273 3348 5313 nomen
3387 5253 3497 5314 ha-

1898 5332 2152 5393 buerunt,
2177 5323 2438 5402 _eo_quod
2485 5323 2660 5379 caveis
2699 5327 2814 5402 suis
2851 5341 2981 5402 non_
3002 5328 3264 5384 excedere
3313 5331 3496 5402 prius-

1900 5416 2063 5480 quam
2093 5396 2243 5480 stella
2271 5396 2362 5480 ill‘a
2389 5397 2837 5480 appareatj'ulgo
2862 5398 3170 5480 credantur:
3203 5403 3292 5480 ιβ
3313 5396 3421 5480 Ῥιι..

1973 5471 2052 5548 (7)
2088 5468 2592 5548 ραοτηοζίονὶρὶειιν
2642 5468 2890 5548 illm-etc.
2928 5469 3009 5522 Ex
3048 5470 3305 5548 varietate
3343 5473 3496 5526 cibo-

1905 5539 2040 5605 rum
2072 5543 2416 5606 demonstrat,
2451 5540 2928 5596 transmutationes
2974 5539 3272 5596 animarum
3302 5550 3356 5597 et
3385 5557 3500 5597 me-

1908 5612 2313 5691 tempsychoses
2339 5608 2458 5666 fieri
2483 5625 2593 5666 non
2622 5625 2804 5681 posse.
2835 5611 2913 5664 Ls
2945 5609 3040 5664 Pa.

3293 5715 3362 5778 24
