3972 6190
512 323 613 384 747

1201 308 1641 372 TERTULLIANI
1680 303 1940 366 OPERUM
1986 272 2151 363 PARS
2190 302 2257 363 Il.
2296 331 2369 346 --
2413 302 2643 363 SERIES
2682 302 2723 371 1,
2769 301 3104 365 POLEMICA.
3697 301 3787 359 748

512 448 625 504 aeri
678 452 868 518 postea
933 436 1101 498 704
1158 410 1435 494 insultabit
1482 435 1538 489 in
1583 432 1782 505 aquila,
1831 439 1920 486 aut
1976 428 2108 485 mari
2144 445 2191 522 Α
2224 436 2277 483 et
2326 426 2472 489 ferri,
2533 436 2725 485 natura
2781 427 3093 483 substantiae
3145 434 3240 482 est.
3301 426 3507 481 Duritia
3559 442 3790 482 commu-

514 544 700 608 postea
738 529 1027 589 desultabit
1058 529 1112 583 in
1142 526 1410 600 anguilla?
1453 521 1737 591 Quomodo
1772 519 1899 578 item
1937 518 2108 589 pabu-

518 628 586 682 lis
616 623 934 680 liberalibus
965 626 1020 675 et
1060 618 1301 674 delicatis
1342 622 1502 686 atque
1546 613 1595 651 73
1632 610 1831 667 curatis
1869 609 2114 675 educata,

517 731 625 770 non
658 713 778 770 dico
818 710 1019 782 paleas,
1054 707 1151 764 sed
1191 705 1401 775 spinas,
1432 713 1484 759 et
1513 708 1754 774 agrestes
1791 696 2111 752 amaritudi—

519 819 614 858 nes
662 799 956 865 frondium,
995 805 1049 850 et
1096 795 1297 850 bestias
1343 790 1827 862 sterquiliniorum,
1856 786 2116 843 vermium

519 891 676 946 etiam
708 901 909 944 venena
940 882 1233 939 ruminabit
1266 881 1365 950 (8),
1400 879 1445 933 si
1475 878 1530 931 in
1560 893 1780 948 capram
1824 873 2114 937 transierit,

518 979 604 1036 vel
640 978 692 1031 in
737 973 1097 1041 coturnicem;
1131 972 1236 1026 imo
1274 978 1327 1023 et
1364 966 1754 1029 cadaverinam,
1791 966 1897 1018 imo
1927 970 1978 1016 et
2014 962 2117 1016 hu-

520 1080 753 1133 manam,
786 1061 868 1117 sui
897 1059 1082 1131 utique
1118 1071 1331 1111 memor
1361 1055 1417 1109 in
1457 1068 1585 1107 urso
1622 1061 1677 1107 et
1720 1050 1915 1107 leone?
1946 1049 2035 1105 Sic
2065 1055 2121 1103 et

521 1161 713 1210 caetera
760 1151 826 1206 ad
876 1144 1345 1219 incongruentiam
1401 1141 1619 1213 rediges
1658 1141 1727 1210 Ἧι,
1775 1154 1842 1193 ne
1882 1136 2120 1208 singulis

522 1240 836 1315 perorandis
911 1239 1279 1291 immoremur.
1358 1231 1532 1303 Ipsius
1604 1228 1794 1283 animae
1869 1228 2120 1315 humanae

523 1312 766 1402 quisquis
811 1328 1045 1395 modus,
1082 1336 1436 1395 quaecumque
1488 1332 1757 1382 mensura,
1797 1312 2123 1402 quidifaciet

530 1401 583 1474 in
622 1401 980 1488 amplioribus
1017 1412 1179 1484 longe
1218 1410 1302 1465 vel
1337 1405 1718 1463 minutioribus
1759 1401 2123 1459 animalibus?

527 1507 757 1561 Necesse
787 1510 868 1559 est
908 1500 1056 1556 enim
1083 1506 1136 1554 et
1163 1512 1368 1568 corpus
1420 1510 1582 1551 omne
1628 1493 1806 1547 anima
1845 1489 2122 1562 compleri,

527 1603 582 1652 et
608 1593 839 1648 animam
876 1604 1093 1646 omnem
1121 1600 1348 1657 corpore
1386 1581 1608 1640 obduci.
1656 1578 1942 1648 Quomodo
1992 1592 2126 1650 ergo

527 1684 704 1740 anima
731 1678 964 1737 hominis
1002 1674 1291 1746 complebit
1328 1672 1674 1744 elephantum
1704 1667 1823 1740 (9)?
1852 1667 2127 1740 quomodo

529 1776 656 1831 item
715 1770 1013 1827 obducetur
1060 1767 1116 1820 in
1163 1763 1380 1820 culice?
1428 1760 1487 1817 Si
1544 1767 1747 1815 tantum
1808 1759 2130 1815 extendetur

534 1870 625 1918 aut
662 1858 1007 1918 contrahetur
1039 1855 1121 1917 '15,
1160 1851 1403 1923 profecto
1448 1847 1863 1920 periclitabitur.
1902 1848 1970 1903 Et
2008 1846 2130 1903 ideo

546 1948 764 2017 adjicio,
797 1945 842 2000 si
872 1944 1017 1999 nulla
1051 1942 1259 1998 ratione
1298 1954 1465 2009 capax
1496 1948 1579 1993 est
1604 1935 1914 2007 hujusmodi
1953 1943 2131 1992 trans-

535 2035 753 2093 lationis
801 2034 853 2087 in
912 2030 1179 2097 animalia,
1226 2043 1327 2084 nec
1380 2025 1614 2082 modulis
1663 2039 1968 2095 corporum,
2018 2038 2124 2080 nec
2158 2044 2204 2121 Β

535 2124 740 2182 caeteris
798 2131 1001 2178 naturae
1048 2135 1161 2176 suae
1207 2117 1421 2191 legibus
1468 2113 1823 2186 adaequantia,
1868 2112 2129 2185 numquid

542 2228 675 2287 ergo
702 2209 1061 2268 demutabitur
1106 2207 1398 2263 secundum
1440 2204 1722 2276 qualitates
1764 2217 2044 2274 generum,
2076 2210 2131 2257 et

535 2303 693 2359 vitam
725 2315 915 2356 eorum
947 2296 1267 2354 contrariam
1308 2296 1557 2349 humanae
1589 2293 1730 2357 vitae,
1764 2291 1905 2346 facta
1932 2297 1984 2346 et
2012 2289 2131 2359 ipsa

535 2388 800 2448 contraria
858 2388 1107 2441 humanae
1162 2399 1261 2455 per
1314 2376 1787 2437 demutationem?
1836 2378 2128 2434 Enimvero

538 2478 584 2534 si
606 2474 1027 2534 demutationem
1068 2471 1212 2542 capit
1248 2470 1500 2526 amittens
1538 2467 1687 2539 quod
1734 2465 1849 2532 fuit,
1880 2481 1991 2522 non
2029 2466 2132 2522 erit

538 2582 659 2639 quae
689 2564 821 2636 fuit;
854 2570 908 2619 et
937 2562 983 2617 si
1018 2575 1139 2634 quae
1169 2558 1288 2629 fuit,
1319 2572 1429 2613 non
1458 2555 1580 2625 erit,
1610 2554 1782 2611 soluta
1812 2560 1896 2610 est
1923 2560 2133 2611 meten-

539 2653 850 2723 somatosis,
882 2666 992 2708 non
1032 2646 1388 2704 adscribenda
1418 2643 1623 2701 scilicet
1667 2643 1719 2699 ei
1762 2641 1975 2709 animae,
2009 2657 2132 2715 quae

539 2745 584 2799 si
614 2740 999 2807 demutabitur,
1030 2752 1137 2795 non
1162 2735 1284 2793 erit.
1333 2733 1480 2789 Illius
1524 2732 1667 2788 enim
1715 2739 2133 2787 metensomato-

539 2835 614 2891 sis
659 2832 890 2899 dicetur,
933 2839 1287 2901 quacumque
1322 2838 1442 2879 eam
1485 2822 1539 2876 in
1585 2836 1683 2877 suo
1731 2828 1875 2877 statu
1922 2834 2134 2891 perma-

536 2921 718 2977 nendo
744 2927 1034 2990 pateretur.
1065 2914 1236 2987 Igitur
1266 2912 1313 2968 si
1342 2926 1441 2969 nec
1468 2911 1661 2967 mutari
1701 2915 1897 2982 potest,
1930 2924 2000 2964 ne
2026 2924 2134 2965 non

540 3011 611 3065 sit
663 3008 800 3080 ipsa,
852 3021 953 3063 nec
1005 3016 1322 3076 permanere
1375 3000 1430 3055 in
1484 3007 1645 3068 statu,
1693 2999 1820 3071 quia
1872 2998 2137 3055 contraria

540 3114 649 3155 non
693 3096 857 3168 capit,
904 3109 1087 3166 quaero
1135 3091 1309 3147 adhuc
1355 3105 1575 3147 causam
1623 3088 1860 3161 aliquam
1908 3088 2011 3143 ﬁde
2048 3088 2135 3142 di-

541 3203 703 3260 gnam
759 3182 1069 3257 hujusmodi
1125 3178 1513 3237 translationis.
1571 3178 1712 3233 Nam
1766 3175 1868 3232 etsi
1915 3176 2135 3246 quidam

541 3274 788 3331 homines
863 3271 1053 3328 bestiis
1133 3270 1529 3341 adsequantur,
1616 3281 1716 3337 pro
1792 3264 2140 3336 qualitatibus

543 3380 780 3434 morum,
811 3372 866 3418 et
895 3359 1255 3432 ingeniorum,
1279 3364 1334 3412 et
1360 3356 1692 3423 adfectuum,
1717 3353 1845 3425 quia
1873 3360 1926 3410 et
1952 3355 2099 3410 Deus
2124 3371 2137 3408 :

540 3454 907 3511 Assimilatus
924 3454 1026 3521 est,
1040 3446 1231 3519 inquit,
1245 3448 1403 3503 homo
1420 3442 2140 3514 irrationabilibusjumen-

542 3546 615 3599 tis
647 3541 790 3614 (10);
821 3555 930 3596 non
959 3538 1083 3595 ideo
1121 3537 1275 3592 milvi
1304 3551 1371 3591 ex
1398 3533 1683 3606 rapacibus
1713 3530 1862 3602 ﬁent,
1896 3540 1949 3588 et
1976 3546 2138 3588 canes

541 3649 608 3687 ex
655 3630 889 3702 spurcis,
939 3636 994 3683 et
1039 3625 1317 3698 pantheras
1367 3638 1434 3678 ex
1479 3622 1704 3688 acerbis,
1756 3629 1848 3677 aut
1895 3636 2026 3679 oves
2071 3636 2137 3676 ex

541 3719 745 3791 probis,
790 3726 844 3772 et
892 3715 1211 3771 hirundines
1256 3729 1322 3769 ex
1367 3710 1619 3784 garrulis,
1663 3718 1717 3765 et
1761 3709 2024 3765 columbae
2072 3726 2139 3767 ex

540 3806 785 3878 pudicis;
812 3804 965 3876 quasi
994 3804 1183 3859 eadem
1221 3800 1525 3857 substantia
1563 3801 1754 3854 animae
1786 3800 1900 3871 (ll)
1938 3799 2140 3871 ubique

541 3904 786 3951 naturam
838 3908 987 3948 suam
1018 3894 1074 3945 in
1104 3890 1412 3945 animalium
1458 3888 1875 3959 prOprietatibus
1912 3897 2135 3959 repetat.

541 3982 706 4040 Aliud
736 3992 816 4038 est
845 3988 1027 4036 autem
1057 3977 1376 4044 substantia,
1407 3976 1549 4032 aliud
1579 3984 1767 4032 natura
1804 3978 2136 4035 substantiae.

544 4069 822 4141 Siquidem
868 4066 1162 4122 substantia
1209 4064 1429 4138 propria
1473 4073 1556 4121 est
1600 4065 1679 4122 rei
1721 4064 2000 4137 cujusque,
2033 4080 2138 4120 na-

544 4170 661 4217 tura
688 4173 816 4219 vero
846 4164 1025 4230 potest
1050 4171 1170 4213 esse
1200 4156 1518 4212 communis.
1552 4153 1777 4228 Suscipe
1812 4159 2141 4226 exemplum.

543 4247 855 4305 Substantia
892 4256 975 4304 est
1017 4245 1063 4304 7
1069 4243 1184 4305 05
1227 4245 1387 4317 lapis,
1421 4244 1625 4302 ferrum
1657 4262 1671 4301 :
1705 4245 1903 4303 duritia
1949 4246 2143 4317 lapidis

2224 516 2385 588 nicat,
2437 516 2735 572 substantia
2781 515 3072 571 discordat.
3124 514 3349 570 Mollitia
3394 515 3552 583 lanae,
3590 515 3795 572 mollitia

2223 606 2441 676 plumae,
2480 606 2696 676 pariant
2737 604 3005 661 naturalia
3048 618 3271 671 earum;
3322 603 3660 661 substantiva
3701 617 3797 657 non

2226 694 2453 764 pariant.
2485 695 2574 751 Sic
2603 706 2653 751 et
2682 693 2728 749 si
2758 709 2903 751 saeva
2930 692 3100 749 bestia
3126 693 3214 749 vel
3253 694 3424 764 proba
3449 700 3681 749 vocetur
3704 692 3798 747 bo-

2225 798 2335 848 mo,
2379 784 2474 838 sed
2523 798 2631 838 non
2678 783 2862 838 eadem
2912 783 3109 836 anima.
3148 781 3288 835 Nam
3336 789 3390 836 et
3428 789 3553 837 tunc
3608 789 3802 836 natura:

2226 872 2519 927 similitudo
2584 878 2829 942 notatur,
2884 888 3005 926 cum
3069 869 3376 925 substantiae
3436 869 3805 928 dissimilitudo

2225 961 2574 1030 conspicitur.
2625 962 2810 1031 Ipsum
2856 959 3029 1025 enim,
3067 959 3212 1032 quod
3258 959 3531 1015 hominem
3579 959 3808 1017 similem

2228 1050 2415 1105 bestiae
2451 1050 2681 1119 judicas,
2715 1048 2986 1105 conﬁteris
3030 1049 3263 1104 animam
3309 1065 3417 1106 non
3464 1048 3710 1105 eamdem
3745 1049 3807 1116 τε,

2228 1138 2451 1194 similem
2484 1139 2735 1208 dicendo,
2765 1154 2874 1197 non
2922 1140 3113 1208 ipsam.
3145 1138 3234 1194 Sic
3262 1145 3319 1194 et
3360 1138 3543 1194 divina
3573 1154 3808 1211 pronun-

2232 1228 2379 1283 tiatio
2421 1228 2578 1298 sapit,
2611 1228 2912 1298 pecudibus
2955 1230 3247 1300 adaequans
3287 1228 3566 1283 hominem
3604 1238 3814 1295 natura,

2231 1331 2340 1371 non
2387 1313 2704 1372 substantia.
2753 1318 3041 1387 Caeterum,
3072 1332 3173 1373 nec
3220 1312 3365 1372 Deus
3404 1317 3678 1372 hominem
3722 1320 3818 1373 hoc

2231 1404 2395 1461 modo
2424 1413 2680 1472 notasset,
2713 1407 2759 1462 si
2793 1405 3057 1478 pecudem
3087 1407 3153 1461 de
3181 1405 3479 1461 substantia
3510 1414 3719 1463 nosset.

2767 1546 2996 1603 CAPUT
3038 1545 3293 1603 XXXIII.

2308 1668 2482 1725 Etiam
2528 1683 2648 1725 cum
2704 1668 2894 1739 judicii
2946 1671 3167 1725 nomine
3212 1670 3329 1741 (12)
3376 1668 3688 1727 vindicatur
3732 1673 3828 1730 hoc

2237 1758 2455 1830 dogma,
2504 1758 2646 1830 quod
2685 1757 2878 1812 animae
2920 1757 3173 1814 humanae
3221 1774 3319 1829 pro
3364 1759 3471 1815 vita
3518 1768 3578 1814 et
3628 1762 3828 1818 meritis

2240 1861 2440 1921 genera
2474 1846 2791 1901 animalium
2822 1846 3136 1915 sortiantur,
3166 1846 3478 1919 jugulandae
3517 1864 3758 1921 qumque
3781 1850 3828 1905 in

2243 1933 2535 2006 occisoriis,
2566 1944 2618 1991 et
2653 1935 2974 2007 subigendae
3005 1950 3237 2009 quaeque
3276 1935 3332 1991 in
3372 1935 3758 2008 famulatoriis,
3788 1950 3835 1995 et

2236 2023 2527 2095 fatigandm
2556 2023 2611 2079 in
2640 2023 2924 2095 operariis,
2942 2032 2996 2079 et
3015 2022 3283 2081 foedandae
3304 2026 3359 2080 in
3388 2024 3712 2093 immundis,
3731 2044 3837 2099 per-

2237 2115 2363 2171 inde
2410 2113 2763 2181 honorandae,
2792 2120 2845 2168 et
2890 2112 3202 2186 diligendae,
3232 2122 3284 2169 et
3329 2114 3606 2185 curandae,
3641 2125 3699 2173 et
3737 2119 3834 2171 ad-

2241 2202 2485 2274 petendae
2516 2200 2570 2257 in
2598 2201 3025 2272 speciosissimis,
3056 2211 3109 2258 et
3140 2203 3495 2274 probissimis,
3526 2212 3585 2260 et
3615 2206 3837 2261 utilissi-

2239 2291 2340 2347 mis
2366 2298 2420 2346 et
2460 2290 2873 2346 delicatissimis.
2922 2291 2988 2346 Et
3027 2291 3115 2348 hic
3157 2291 3332 2347 dicam
3373 2310 3387 2347 :
3432 2293 3490 2348 Si
3539 2303 3839 2359 mutantur,

2238 2394 2345 2434 non
2366 2379 2501 2449 ipsae
2518 2379 2915 2452 dispungentur
2933 2394 3052 2451 quae
3072 2382 3456 2448 merebuntur;
3481 2384 3844 2439 evacuabitur

2241 2469 2379 2525 ratio
2404 2467 2620 2536 judicii,
2653 2467 2700 2523 si
2730 2468 3046 2525 meritorum
3075 2469 3250 2526 deerit
3276 2487 3499 2538 sensus;
3531 2471 3720 2527 deerit
3748 2488 3845 2527 au-

2242 2566 2345 2612 tem
2374 2572 2563 2612 sensus
2592 2556 2929 2625 meritorum,
2960 2558 3006 2613 si
3037 2566 3206 2614 status
3244 2560 3466 2616 verterit
3500 2560 3848 2631 animarum;

2243 2645 2398 2702 vertit
2425 2652 2604 2700 autem
2635 2653 2804 2701 status
2835 2646 3159 2714 animarum,
3194 2648 3239 2703 si
3269 2663 3376 2704 non
3404 2649 3612 2704 eaedem
3636 2666 3848 2721 perse-

2240 2733 2549 2789 veraverint
2582 2750 2594 2788 :
2635 2748 2792 2804 teque
2822 2735 2866 2789 si
2896 2735 2941 2772 πῖ
2974 2737 3434 2807 perseveraverint
3464 2737 3518 2792 in
3549 2738 3848 2808 judicium,

2240 2823 2387 2893 quod
2419 2829 2472 2877 et
2500 2823 2793 2878 Mercurius
2829 2824 3114 2898 Egyptius
3157 2825 3325 2891 novit,
3360 2825 3547 2882 dicens
3585 2827 3851 2889 animam,

2243 2911 2544 2982 digressam
2574 2927 2606 2966 a
2646 2926 2899 2985 corpore,
2930 2913 3291 2969 nonvrefundi
3330 2931 3384 2968 in
3426 2914 3669 2970 animam
3725 2918 3852 2972 uni-

2244 3000 2407 3068 versi,
2474 3000 2572 3056 sed
2635 3016 2852 3057 manere
2922 3001 3349 3071 determinatam,
3418 3003 3498 3059 uti
3575 3004 3851 3060 rationem

2247 3088 2468 3161 (inquit)
2499 3088 2643 3145 Patri
2671 3090 2860 3145 reddat
2906 3105 3090 3146 eorum
3129 3107 3253 3166 quas
3294 3093 3348 3146 in
3379 3106 3609 3163 corpore
3650 3109 3850 3164 gesse-

2247 3176 2334 3233 rit.
2386 3176 2523 3234 Volo
2565 3177 2756 3247 iudicii
2813 3178 3001 3249 utique
3056 3179 3221 3235 divini
3265 3180 3549 3249 justitiam,
3598 3183 3849 3252 gravita-

2249 3274 2389 3334 tem,
2446 3269 2813 3338 majestatem,
2871 3268 3183 3339 dignitatem
3248 3285 3569 3343 recensere;
3634 3272 3688 3327 si
3746 3286 3849 3327 non

2248 3356 2563 3413 sublimiore
2601 3356 2816 3431 fastigio
2863 3358 3115 3429 praesidet
3160 3359 3393 3415 humana
3440 3374 3695 3428 censura,
3732 3362 3847 3433 ple—

2248 3446 2367 3500 nior
2410 3445 2689 3516 utriusque
2729 3447 3005 3501 sententiae
3053 3447 3279 3516 honore,
3310 3463 3595 3519 poenarum
3632 3459 3693 3505 et
3724 3466 3850 3522 gra-

2247 3536 2467 3601 tiarum,
2501 3535 2739 3591 severior
2777 3536 2832 3589 in
2868 3535 3200 3605 ulciscendo,
3232 3546 3286 3593 et
3328 3538 3598 3594 liberalior
3640 3539 3702 3594 in
3742 3541 3851 3595 lar-

2244 3624 2463 3695 giendo.
2523 3623 2664 3693 Quid
2722 3634 2878 3696 putas
2934 3624 3168 3681 futuram
3224 3627 3457 3682 animam
3512 3628 3854 3684 homicidae?

2246 3711 2499 3784 Aliquod,
2552 3710 2725 3769 706
2779 3714 2959 3782 credo,
3012 3731 3175 3787 pecus
3227 3716 3454 3771 lanienae
3508 3726 3564 3772 et
3623 3717 3855 3773 macello

2247 3798 2595 3867 destinatum,
2636 3811 2693 3858 ut
2739 3803 2959 3873 perinde
3001 3804 3299 3876 juguletur,
3335 3805 3457 3877 quia
3502 3814 3559 3859 et
3596 3805 3724 3876 ipsa
3761 3806 3855 3872 ju-

2245 3890 2508 3959 gulaverit
2550 3907 2564 3944 :
2609 3891 2832 3962 perinde
2871 3892 3200 3959 decorietur,
3245 3895 3369 3965 quia
3404 3901 3459 3949 et
3487 3893 3611 3966 ipsa
3644 3897 3855 3965 despo-

2249 3978 2488 4049 liaverit;
2542 3980 2765 4051 perinde
2804 3982 2858 4035 in
2909 3983 3165 4054 pabulum
3213 3992 3568 4054 proponatur,
3624 3986 3761 4058 quia
3811 3996 3861 4039 et

2248 4067 2367 4139 ipsa
2408 4067 2596 4125 bestiis
2644 4070 2902 4140 objecerit
2945 4085 3040 4127 eos
3071 4071 3119 4109 78
3159 4087 3300 4144 quos
3344 4071 3401 4126 in
3444 4072 3598 4129 silvis
3635 4082 3695 4129 et
3723 4074 3861 4129 aviis

2252 4154 2595 4213 trucidaverit
2626 4160 2760 4230 (13).
2807 4158 2863 4214 Si
2893 4158 2969 4215 ita
3001 4159 3350 4231 judicabitur,
3383 4176 3563 4218 nonne
3590 4160 3695 4218 illa
3735 4163 3858 4217 ani-

2251 4260 2339 4302 ma
2386 4247 2510 4318 plus
2555 4247 2731 4304 solatii
2771 4264 2935 4321 quam
2981 4249 3230 4322 supplicii
3272 4252 3513 4308 relatura
3539 4254 3679 4308 est?
3709 4252 3857 4327 quod

1922 4362 2115 4427 Varim
2147 4367 2459 4428 lectiones.

617 4470 667 4511 '3
696 4473 868 4544 Aquae
898 4466 1164 4544 Frang._7"_
1195 4468 1402 4541 Redige
1427 4469 1616 4544 Phan.
1668 4471 1835 4544 Seml.
1894 4470 2113 4544 Oberili.
2148 4468 2196 4544 '{5
2242 4470 2636 4544 Extenderetur
2690 4479 2786 4528 aut
2822 4475 3231 4532 contraheretur
3259 4477 3418 4531 Pam.
3462 4477 3651 4535 Rhen.
3682 4476 3735 4515 ’τε
3776 4477 3857 4533 Si-

545 4543 731 4601 milem
760 4540 962 4602 rursus
982 4540 1113 4599 add.
1144 4542 1306 4599 Pam.
1342 4540 1397 4576 π
1424 4540 1547 4599 Νοὴ
1575 4544 1734 4600 inser
1774 4540 2057 4612 Woqu8
2081 4542 2335 4598 Infecerit
2372 4558 2434 4599 os
2479 4545 2640 4602 Pam.
2669 4545 2846 4603 Rhen.

1935 4640 2438 4707 Conimentarius.

618 4752 697 4823 (8)
719 4752 908 4808 Etiam
928 4764 1141 4807 venena
1162 4746 1502 4823 ruminabit.
1528 4747 1654 4823 Ideo
1676 4746 1833 4819 forte,
1857 4749 1982 4820 quia
2002 4748 2138 4823 scri-

541 4819 877 4890 bit'Plinius,
910 4823 999 4876 lib.
1031 4836 1088 4891 χ,
1112 4835 1163 4877 c.
1198 4823 1265 4875 23
1299 4834 1312 4875 :
1345 4819 1659 4877 Coturnices
1687 4819 1895 4877 veneno
1921 4820 2134 4877 nutriri.

540 4897 619 4951 La
660 4896 758 4950 Pa.

614 4966 693 5037 (9)
730 4963 1008 5037 Quomodo
1036 4979 1163 5033 ergo
1200 4964 1398 5021 anima
1430 4964 1671 5020 hominis
1708 4964 2006 5037 complebit
2037 4964 2141 5023 ele-

538 5033 827 5111 phantum
842 5033 1264 5111 ?__Ditticultatem
1294 5044 1815 5111 metensomatoseos
1828 5033 1927 5111 'ex.
1940 5052 2138 5107 corpo-

543 5106 617 5165 ris
658 5107 1024 5181 inaequalitate
1052 5114 1117 5181 et_
1144 5106 1604 5181 disconvenientia
1647 5107 1844 5181 arguit.
1892 5106 2137 5181 Quomof

535 5182 611 5307 ldo
656 5178 802 5305 1enim
848 5177 944 5250 qui
981 5177 1299 5248 elephantus
1352 5178 1455 5235 fuit
1511 5180 1664 5236 culex
1713 5177 1842 5235 csse
1898 5178 2139 5251 poterit?

580 5268 615 5307 ε
698 5267 756 5306 a.

580 5268 615 5308 Β
657 5267 756 5306 ΓΒ.

608 5324 723 5397 (10)
754 5320 1114 5397 Assimilatw
1144 5325 1246 5397 est,
1283 5321 1471 5397 inquit,
1500 5322 1668 5397 homo
1707 5322 2137 5397 irrationalibus

527 5393 834 5469 jumentis.
868 5393 1056 5469 Graece
1113 5405 1193 5447 est
1222 5395 1466 5469 ᾡμοιὼθη.
1498 5394 1695 5469 Noster
1720 5404 1909 5469 autem
1965 5394 2135 5469 inter-

539 5464 661 5539 pres
715 5467 782 5521 ad
846 5466 1071 5539 verbum
1138 5464 1652 5539 p_otius__transtulit
1692 5465 2134 5539 insipientibus,

534 5535 696 5610 uuam
734 5538 951 5610 Auctor,
1008 5536 1443 5593 irrationalibus
1474 5556 1493 5593 :
1531 5551 1653 5591 nam
1682 5535 1873 5593 Graece
1923 5548 2006 5595 est
2042 5535 2138 5601 τοῖς

536 5609 775 5675 ἀνοήτοις.
808 5609 944 5664 ΡΔΜ.

2318 4749 2432 4819 (ll)
2464 4749 2637 4817 Quasi
2665 4750 2871 4829 eadem,
2890 4751 3210 4829 substantia
3231 4756 3459 4829 ani-mw.
3484 4755 3685 4812 Utrum
3706 4756 3841 4812 Plato

2250 4823 2746 4894 meteusomatosim
2793 4823 3198 4880 substantialem
3241 4828 3502 4894 statuerit,
3541 4846 3609 4883 an
3648 4838 3839 4883 tantum

2246 4892 2529 4957 moralem,
2560 4893 2623 4947 lis
2652 4903 2752 4948 est.
2782 4896 3098 4951 Defundunt
3133 4899 3287 4953 illum
3330 4892 3574 4970 plerique
3604 4899 3838 4956 Platoni-

2248 4979 2457 5044 corum,
2502 4970 2560 5044 ut
2607 4973 2809 5044 tantum
2858 4969 3518 5044 moralemintelligeret;
3568 4976 3665 5027 sed
3717 4985 3840 5027 con-

2246 5036 2468 5113 trarium
2507 5036 2749 5113 pluribus
2794 5045 3020 5113 conatur
3067 5042 3314 5113 evincere
3330 5036 3592 5113 Crispus,
3623 5044 3849 5098 distrib.

2247 5111 2304 5177 3,
2332 5107 2427 5183 lib.
2476 5123 2515 5177 1,
2549 5110 2783 5183 omnino
2811 5110 3072 5167 videndus
3104 5129 3117 5168 :
3151 5112 3242 5183 qui
3288 5107 3482 5183 tamen,
3514 5107 3644 5170 licet
3696 5118 3855 5170 dam-

2246 5184 2339 5255 net
2365 5180 2659 5255 Platonem,
2693 5181 2936 5237 defendit
2967 5180 3349 5255 Pythagoram.
3380 5180 3510 5241 Lm.

2319 5253 2431 5331 (l2)
2468 5254 2605 5308 Cum
2624 5253 3117 5332 judiciinomiiie.
3145 5253 3419 5332 'Carpitur
3460 5258 3618 5332 Plato
3652 5261 3854 5332 saepius

2243 5319 2515 5377 affirmans
2544 5319 2642 5393 pro
2684 5326 2886 5381 meritis
2933 5327 3092 5382 bonis
3137 5335 3229 5381 aut
3270 5319 3432 5383 'malis
3472 5330 3697 5386 detrudi
3735 5319 3854 5386 aur-

2245 5409 2361 5449 mas
2389 5396 2442 5449 in
2473 5410 2699 5466 corpora
2726 5397 3053 5465 animalium,
3074 5400 3127 5452 in
3168 5402 3386 5458 Timazo.
3419 5400 3552 5455 Lac.

2316 5466 2430 5545 (13)
2460 5467 2597 5545 Quia
2626 5472 2680 5545 ei
2710 5471 2839 5545 ipsa
2860 5468 3051 5526 bestiis
3080 5470 3343 5545 opjccerit
3372 5487 3465 5528 eos
3494 5490 3641 5545 quos
3674 5478 3732 5531 in
3750 5475 3852 5530 sil-

2244 5539 2415 5620 vianet
2464 5541 2607 5620 auiis
2653 5539 3044 5620 trucidaverit1
3089 5539 3248 5620 Quod
3288 5547 3461 5620 vulgo
3501 5539 3845 5620 legebatur:

2250 5632 2277 5664 α
2317 5612 2453 5681 Quia
2482 5618 2535 5668 et
2573 5616 2688 5686 ipsa
2737 5615 2922 5671 bestiis
2960 5614 3203 5674 infecerit
3249 5612 3497 5689 obliquas
3529 5612 3595 5674 in-
3614 5621 3770 5677 silvis
3797 5633 3847 5676 et
