4016 6188
191 300 295 366 753

1546 302 1742 367 LIBER
1782 303 1867 369 DE
1888 250 2132 374 .ANIMA.

3378 327 3483 391 754

187 445 303 529 rum
334 445 400 488 ex
426 425 826 529 illisnangel‘icis
855 428 1240 529 potestatibus;
1275 431 1476 529 quibus
1500 430 1776 529 fallendis,
1812 446 1859 528 Α
1891 452 2014 495 cum
2051 438 2159 500 illis
2196 443 2500 502 conversari
2547 460 2657 504 non
2703 444 2904 506 liceret.
2938 448 3073 508 Huic
3115 468 3246 529 ergo
3277 452 3480 514 bonum

187 530 238 580 et
266 521 385 594 ipse
429 517 802 591 conﬁguratus
849 534 1020 591 aeque,
1051 530 1106 577 et
1143 521 1457 579 hominibus
1503 523 1780 581 hominem

185 609 516 675 ementitus,
567 608 625 662 in
673 607 862 664 Judaea
909 609 1129 680 quidem
1186 609 1394 682 ﬁlium,
1440 610 1494 666 in
1541 612 1780 670 Samaria

183 718 314 760 vero
363 708 576 773 patrem
616 698 865 772 gesserit.
911 699 954 752 Ο
1003 699 1256 756 Helenam
1304 701 1446 756 inter
1493 711 1678 774 poetas
1724 710 1780 758 et
1826 711 1830 716 '

182 791 468 848 haereticos
510 789 872 844 laborantem!
910 799 1036 845 tunc
1083 790 1373 863 adulterio,
1411 808 1556 849 nunc
1590 800 1778 863 stupro

179 878 478 938 infamem!
525 879 628 934 nisi
675 877 820 949 quod
869 878 936 933 de
983 879 1149 949 Troja
1210 880 1499 951 gloriosius
1554 883 1774 950 eruitur,

181 986 347 1045 quam
405 969 474 1025 de
523 967 818 1039 lupanari:
879 966 1025 1024 mille
1081 969 1306 1026 navibus
1358 971 1424 1027 de
1456 971 1643 1042 Troja,
1677 988 1776 1029 nec

179 1060 328 1116 mille
377 1057 612 1117 denariis
656 1055 882 1113 forsitan
919 1057 987 1112 de
1035 1057 1299 1130 lupanari.
1333 1061 1612 1118 Erubesce
1636 1101 1652 1129 ,
1681 1061 1772 1116 Si-

176 1163 324 1214 mon,
359 1147 563 1204 tardior
618 1145 674 1200 in
729 1144 1082 1217 requirendo,
1124 1147 1516 1205 inconstantior
1570 1151 1623 1204 in
1682 1165 1773 1205 re-

176 1235 464 1292 trahendo.
498 1235 570 1290 At
610 1233 886 1290 Menelaus
922 1234 1100 1291 statim
1147 1235 1446 1309 insequitur
1483 1237 1731 1293 amissam
1754 1279 1769 1309 ,

174 1325 356 1382 statim
404 1323 602 1395 repetit
645 1331 918 1394 ereptam,
963 1323 1190 1380 decenni
1237 1324 1424 1397 praelio
1459 1334 1771 1400 extorquet,

174 1430 286 1470 non
337 1414 530 1480 latens,
562 1427 672 1468 non
704 1411 914 1480 fallens,
947 1428 1055 1468 non
1103 1413 1525 1471 cavillabundus.
1567 1416 1771 1472 Vereor

170 1520 240 1560 ne
270 1503 363 1559 ille
392 1502 567 1576 magis
602 1508 757 1573 pater
787 1499 964 1571 fuerit,
997 1503 1087 1574 qui
1125 1503 1269 1559 circa
1295 1504 1512 1560 Helenae
1539 1520 1768 1578 recupe-

168 1592 444 1648 rationem
490 1599 546 1648 et
582 1589 897 1667 vigilantius
933 1599 987 1647 et
1029 1590 1315 1649 audentius
1357 1599 1411 1650 et
1439 1592 1643 1650 diutius
1690 1594 1772 1649 la-
1805 1627 1849 1705 Β

171 1683 466 1739 boraverit.

716 1811 945 1868 CAPUT
984 1813 1223 1869 XXXV.

249 1941 359 1997 Sed
406 1956 512 1997 non
555 1941 647 1996 tibi
685 1941 782 1998 soli
825 1943 1307 2015 metempsychosis
1346 1943 1483 1999 hanc
1529 1943 1765 2001 fabulam

165 2029 453 2086 instruxit.
507 2030 633 2086 Inde
694 2030 855 2086 etiam
920 2030 1274 2104 Carpocrates
1337 2032 1504 2087 utitur
1568 2031 1768 2102 pariter

166 2135 364 2190 magus
408 2120 543 2191 (32),
584 2118 759 2176 710
808 2118 1005 2190 pariter
1051 2118 1390 2186 fornicarius,
1420 2120 1521 2178 etsi
1568 2121 1768 2177 Helena

165 2208 351 2262 minus
395 2207 532 2278 (33),
563 2208 803 2278 quidni?
833 2224 956 2264 cum
997 2216 1223 2281 propter
1267 2209 1631 2266 omnimodam
1675 2209 1766 2265 di-

163 2295 312 2354 vinas
346 2304 400 2352 et
437 2297 688 2352 humanae
718 2297 1019 2368 disciplinae
1049 2297 1391 2356 eversionem
1429 2299 1766 2356 constituen-

162 2384 295 2441 dam
322 2430 336 2453 ,
406 2386 745 2457 recorporari
817 2387 1025 2442 animas
1079 2387 1473 2446 adseveraverit
1540 2406 1554 2442 :
1634 2388 1766 2445 nulli

161 2474 315 2532 enim
373 2476 532 2531 vitam
591 2475 751 2531 istam
806 2485 924 2532 rato
980 2475 1117 2545 ﬁeri,
1166 2477 1272 2532 nisi
1327 2477 1609 2546 universis,
1647 2493 1766 2550 quas

160 2574 410 2636 arguunt
436 2580 578 2635 eam,
609 2566 916 2637 expunctis,
947 2565 1073 2638 quia
1109 2581 1218 2622 non
1247 2576 1434 2622 natura
1474 2567 1604 2638 quid
1645 2583 1764 2622 ma-

159 2651 280 2706 lum
332 2651 611 2719 habeatur,
640 2651 736 2708 sed
786 2650 1062 2722 opinione,
1095 2653 1278 2724 itaque
1329 2655 1763 2725 metempsycho-

155 2737 241 2793 sin
286 2740 600 2796 necessarie
647 2738 946 2804 imminere,
978 2741 1024 2796 si
1070 2755 1178 2795 non
1231 2741 1286 2795 in
1331 2741 1506 2811 primo
1548 2758 1764 2814 quoque

154 2827 288 2884 vita:
340 2829 506 2897 hujus
556 2834 862 2883 commeatu
917 2827 1172 2885 omnibus
1225 2827 1445 2886 inlicitis
1481 2831 1703 2887 satisfiat
1744 2849 1758 2885 :

153 2915 374 2972 scilicet
413 2915 649 2972 facinora
688 2916 887 2971 tributa
923 2927 1048 2971 sunt
1076 2916 1200 2972 vita).
1229 2937 1242 2973 :
1276 2925 1527 2974 caeterum
1569 2921 1760 2976 totiens

1887 528 2056 586 animi
2110 541 2339 604 praestes
2372 533 2529 604 jubet
2573 538 2724 607 (Luc.
2765 537 2843 608 vr)
2877 557 2888 593 :
2941 528 3478 613 Ditigiteﬂinimicos

1886 623 2117 690 vestros,
2149 622 2343 696 inquit,
2375 627 2430 680 et
2459 630 2614 684 orate
2649 643 2749 698 pro
2778 628 3241 689 maledicentibus
3267 650 3378 703 vos,
3412 652 3481 694 ne

1886 706 2070 779 aliquo
2118 711 2443 769 commercio
2486 715 2832 784 negotiorum
2889 715 3086 786 injuria
3130 733 3475 790 provocatus,

1887 797 2158 854 abstrahat
2188 805 2238 857 te
2266 800 2332 855 ad
2379 817 2539 857 suum
2566 801 2828 873 judicem,
2861 811 2916 860 et
2943 805 2998 861 in
3042 809 3345 867 custodiam
3375 812 3474 868 de-

1885 883 2100 958 legatus
2122 887 2190 941 ad
2227 888 2620 946 exsolutionem
2659 891 2827 948 totius
2858 891 3026 949 debiti
3066 896 3304 952 arcteris.
3339 899 3475 957 Tum

1884 971 1930 1027 si
1983 973 2040 1029 in
2093 974 2368 1033 diabolum
2427 979 2744 1034 transfertur
2804 981 3097 1039 adversarii
3152 987 3353 1042 mentio
3411 1003 3476 1047 ex

1882 1064 2256 1124 observatione
2309 1067 2621 1136 comitante,
2666 1085 2790 1125 cum
2844 1071 2937 1128 illo
2985 1088 3201 1146 quoque
3245 1075 3480 1134 moneris

1881 1165 1996 1209 eam
2034 1153 2172 1211 inire
2202 1157 2563 1222 concordiam,
2595 1173 2716 1230 quae
2759 1158 3049 1229 deputetur
3076 1179 3142 1218 ex
3183 1161 3309 1220 fidei
3336 1179 3472 1222 con-

1880 1243 2126 1300 ventione
2154 1261 2169 1300 :
2194 1253 2383 1315 pactus
2410 1261 2471 1302 es
2489 1245 2632 1301 enim
2661 1247 2976 1305 renuntiare
3005 1249 3132 1321 ipsi,
3156 1259 3212 1307 et
3240 1267 3479 1326 pompae,

1877 1338 1932 1386 et
1985 1331 2192 1407 angelis
2245 1333 2383 1404 ejus.
2415 1334 2680 1392 Convenit
2725 1335 2866 1392 inter
2917 1353 3016 1394 vos
3072 1339 3140 1396 de
3191 1339 3316 1398 isto.
3351 1342 3477 1400 Haec

1879 1420 1981 1476 erit
2025 1420 2262 1479 amicitia
2306 1423 2681 1481 observatione
2725 1423 2776 1463 95
2825 1426 3173 1495 sponsionis,
3225 1444 3295 1485 ne
3343 1431 3475 1502 quid

1879 1509 2000 1579 ejus
2038 1519 2231 1583 postea
2278 1527 2518 1568 resumas
2558 1527 2624 1569 ex
2670 1511 2753 1569 his
2799 1529 2922 1586 quae
2969 1515 3204 1585 ejerasti,
3239 1534 3362 1589 quae
3399 1519 3474 1574 illi

1878 1596 2179 1667 reddidisti,
2209 1613 2276 1654 ne
2314 1609 2365 1654 te
2394 1607 2452 1655 ut
2485 1600 2871 1668 fraudatorem,
2902 1609 2962 1658 ut
2989 1604 3130 1675 pacti
3172 1613 3476 1680 transgres-

1877 1701 2057 1742 sorem
2100 1685 2268 1758 judici
2298 1689 2413 1743 Deo
2460 1688 2706 1758 objiciet,
2737 1689 2877 1746 sicut
2905 1707 3029 1747 eum
3075 1693 3306 1765 legimus
3343 1695 3470 1752 alibi

1877 1773 2065 1846 (Apoc.
2128 1791 2244 1844 xu,
2297 1776 2386 1847 10)
2444 1785 2754 1834 sanctorum
2817 1778 3256 1846 criminatorem,
3306 1793 3360 1839 et
3404 1784 3472 1841 de

1875 1864 1994 1937 ipso
2050 1865 2210 1922 etiam
2258 1866 2480 1923 nomine
2525 1867 2725 1922 diaboli
2757 1867 2810 1907 95
2863 1867 3182 1939 delatorem,
3215 1877 3270 1927 et
3303 1873 3472 1942 jndex

1875 1963 1927 2011 te
1967 1954 2142 2013 tradat
2168 1955 2362 2031 angelo
2390 1955 2768 2022 exsecutionis,
2800 1964 2855 2012 et
2894 1956 2982 2013 ille
3016 1965 3066 2013 te
3119 1959 3174 2014 in
3203 1975 3473 2016 carcerem

1875 2045 2090 2101 mandet
2119 2043 2410 2112 infernum,
2444 2045 2588 2101 unde
2634 2061 2742 2100 non
2768 2044 3072 2114 dimitteris,
3107 2048 3209 2104 nisi
3254 2048 3467 2108 modico

1874 2147 2095 2204 quoque
2165 2132 2362 2188 delicto
2439 2147 2593 2189 mora
2662 2132 2709 2190 7
2721 2133 2811 2189 ιι
2881 2135 3298 2194 resurrectionis
3371 2153 3474 2194 ex-
3558 2135 3563 2147 ’

1875 2237 2043 2292 penso
2100 2223 2236 2292 (34).
2284 2219 2425 2290 Quid
2484 2221 2567 2276 his
2623 2223 2878 2278 sensibus
2931 2223 3155 2295 aptius?
3204 2225 3333 2297 quid
3388 2227 3475 2283 his

1875 2309 2412 2383 interpretationibus
2462 2309 2682 2366 verius?
2720 2309 3007 2378 Caeterum,
3057 2313 3199 2383 apud
3263 2315 3469 2386 Carpo-

1873 2405 2102 2463 cratem,
2133 2398 2180 2455 si
2229 2397 2471 2453 omnium
2517 2396 2816 2453 facinorum
2863 2397 3097 2454 debitrix
3133 2400 3316 2457 anima
3361 2411 3468 2468 est,

1875 2487 1996 2559 quis
2023 2487 2124 2543 erit
2150 2486 2406 2542 inimicus
2435 2495 2488 2542 et
2511 2486 2862 2544 adversarius
2889 2488 3013 2558 ejus
3040 2488 3424 2561 intelligendus
3442 2493 3472 2551 ?

1872 2571 2066 2641 Credo,
2099 2587 2253 2627 mens
2287 2571 2501 2636 melior,
2534 2587 2656 2644 qua
2707 2571 2852 2626 illam
2875 2571 2930 2626 in
2979 2573 3182 2646 aliquid
3211 2574 3472 2632 innocen-

1871 2662 1959 2718 tiae
1986 2660 2295 2736 impegerit,
2325 2660 2651 2731 adigendam
2703 2675 2894 2716 rursus
2920 2677 2985 2718 ac
3029 2679 3220 2720 rursus
3248 2664 3303 2719 in
3349 2680 3473 2722 cor-

1869 2767 1989 2821 pus,
2025 2749 2197 2806 donec
2241 2748 2296 2804 in
2340 2749 2487 2806 nullo
2519 2765 2610 2804 rea
2656 2749 3086 2819 deprehendatur
3127 2751 3287 2808 bonae
3322 2753 3467 2811 vitae.

1871 2840 1986 2895 Hoc
2038 2846 2122 2893 est
2177 2854 2243 2894 ex
2302 2836 2457 2892 malis
2511 2835 2778 2892 fructibus
2815 2837 3012 2893 bonam
3066 2838 3323 2894 arborem
3378 2839 3467 2894 in-

1871 2925 2038 3000 telligi
2069 2925 2202 2997 (35),
2236 2924 2288 2979 id
2324 2932 2426 2993 est,
2450 2940 2517 2980 ex
2561 2924 2812 2995 pessimis
2853 2926 3143 2998 praeceptis
3171 2927 3471 2984 doctrinam

152 3006 408 3062 animam
446 3004 681 3060 revocari
728 3005 949 3071 habere.
982 3005 1230 3078 QUOlienS
1267 3006 1446 3062 minus
1492 3007 1623 3079 quid
1667 3008 1756 3062 ίο-
1791 3007 1836 3086 C
1865 3015 2100 3073 veritatis
2129 3013 2369 3088 agnosci.
2403 3012 2577 3086 Spero
2625 3015 2946 3084 hujusmodi
2989 3011 3276 3073 haereticos
3303 3017 3469 3072 Helia

155 3093 376 3162 tulerit,
413 3093 802 3165 reliquatricem
832 3095 1174 3162 delictorum,
1197 3095 1374 3152 donec
1400 3098 1638 3153 exsolvat
1667 3113 1766 3154 no-

151 3183 444 3243 vissimum
472 3183 826 3255 quadrantem
860 3184 1082 3253 (Matth.
1112 3184 1194 3256 v),
1225 3183 1440 3240 detrusa
1467 3184 1761 3242 identidem

153 3275 208 3330 in
257 3289 537 3330 carcerem
577 3273 842 3345 corporis.
888 3275 1042 3329 Hunc
1086 3273 1231 3330 enim
1275 3281 1540 3344 temperat
1586 3284 1760 3332 totam

155 3362 317 3417 illam
357 3360 672 3432 allegoriam
721 3360 973 3429 Domini,
1015 3361 1179 3416 certis
1226 3361 1760 3431 interpretationibus

153 3454 489 3509 relucentem
535 3469 549 3506 :
610 3457 661 3505 et
707 3449 881 3519 primo
937 3451 1151 3521 quidem
1204 3451 1519 3520 simpliciter
1553 3452 1759 3508 intelli-

151 3541 426 3613 gendam;
456 3554 582 3593 nam
618 3546 672 3593 et
707 3538 964 3596 ethnicus
1001 3541 1163 3595 homo
1199 3539 1539 3596 adversarius
1576 3550 1760 3598 noster

151 3638 252 3693 est,
288 3627 552 3683 incedens
600 3626 846 3681 eamdem
874 3629 1017 3684 viam
1045 3625 1175 3682 vitae
1213 3627 1534 3684 communis.
1577 3629 1756 3686 Caete-

151 3735 299 3783 rum,
336 3717 618 3788 oportebat
663 3732 764 3772 nos
809 3717 877 3772 de
923 3716 1126 3772 mundo
1170 3717 1319 3773 exire
1357 3721 1407 3786 (I
1444 3721 1568 3780 Cor.
1600 3721 1680 3791 v),
1712 3721 1760 3776 si

1874 3118 2092 3177 quoque
2148 3101 2400 3158 invadere
2455 3102 2801 3172 exemplum,
2833 3108 3094 3174 tanquam
3151 3104 3207 3159 in
3258 3105 3468 3162 Joanne

1871 3194 1948 3250 sic
1991 3191 2042 3231 9"
2089 3189 2476 3262 repraesentati,
2509 3196 2571 3245 ut
2605 3191 3055 3261 metempsychosi
3103 3193 3470 3262 patrocinatur

1866 3279 2231 3355 pronuntiatio
2251 3279 2302 3317 98
2321 3277 2535 3333 Domini
2554 3278 2774 3349 (Matth.
2787 3280 2928 3349 xvu)
2947 3297 2960 3334 :
2979 3281 3132 3337 Elia:
3143 3283 3270 3354 jam
3288 3287 3465 3354 venit,

1865 3378 1922 3430 et
1951 3389 2066 3429 non
2086 3373 2468 3442 cognoverunt
2493 3385 2642 3425 eum.
2663 3369 2730 3422 Et
2760 3368 2886 3423 alibi
2915 3369 3137 3439 (Matth.
3174 3370 3299 3441 x1):
3329 3375 3468 3429 Etsi

1866 3461 2040 3517 vultis
2070 3457 2290 3525 audire,
2323 3455 2413 3512 hic
2439 3459 2525 3513 est
2555 3456 2710 3512 Elius
2739 3457 2838 3528 qui
2864 3461 3140 3513 venturus
3177 3461 3279 3515 est.
3303 3458 3468 3514 Num-

1865 3545 1993 3618 quid
2023 3558 2155 3618 ergo
2183 3550 2234 3599 et
2255 3542 2426 3598 Judaei
2452 3557 2520 3598 ex
2549 3542 2805 3614 opinione
2833 3543 3187 3617 Pythagorica
3215 3545 3463 3602 consule-

1865 3635 1994 3689 bant
2035 3632 2298 3688 Joannem
2343 3628 2529 3700 (Joan.
2559 3629 2603 3701 ι)
2636 3645 2651 3686 :
2709 3632 2786 3688 Tu
2832 3647 2889 3688 es
2928 3631 3128 3688 Elius?
3155 3637 3211 3688 et
3253 3647 3364 3688 non
3397 3649 3465 3690 ex

1867 3720 2246 3793 prmdicatione
2282 3717 2470 3775 divina
2505 3719 2768 3790 (Malach.
2801 3719 2884 3791 IV)
2910 3739 2930 3776 ι
2967 3723 3035 3777 Et
3063 3737 3188 3780 ecce
3230 3725 3465 3780 mittam

225 3895 281 3935 95
307 3893 631 3973 _Ob§ervat_io
655 3896 816 3951 Pam.
859 3895 1035 3953 Rhea.
1086 3894 1137 3933 9°
1182 3895 1398 3954 Diaboli
1427 3818 2174 3973 omi‘tftafnlfig.le$’tel:.ngls§ic
2202 3898 2390 3956 omitt.
2434 3897 2552 3969 Rig.
2614 3896 2744 3956 Ven.
2792 3895 2844 3936 93
2873 3897 3279 3955 Patrocinentur
3323 3915 3462 3971 prae-

154 3965 358 4022 nnntio
388 3966 506 4038 Rig.
541 3967 664 4022 Ven.

1563 4039 2063 4106 Commentarius.

225 4118 341 4187 (32)
378 4117 603 4188 Pariter
630 4133 847 4188 magus.
880 4117 1001 4173 Uno
1048 4117 1377 4188 verbodixit
1417 4118 1562 4188 quod
1593 4120 1756 4176 latius

154 4188 404 4260 lrenaags
447 4187 529 4260 de
564 4187 883 4260 Carp0crate
929 4198 984 4244 et
1025 4188 1144 4260 ejus
1178 4187 1480 4259 discipulis,
1529 4205 1592 4246 ac
1633 4199 1756 4260 post

153 4274 291 4332 eum
339 4257 600 4332 Eusebius
643 4259 783 4332 (His.
815 4260 1022 4332 Eccles.
1054 4257 1098 4314 Ῑ.
1130 4274 1208 4332 1v,
1241 4275 1293 4314 ο.
1322 4257 1380 4330 Ἷ)
1408 4268 1463 4314 et
1508 4257 1751 4332 Epipha-

150 4328 288 4403 nius
325 4344 339 4383 :
375 4348 400 4377 α
427 4330 585 4403 Artes
626 4328 1012 4403 ehim_,inquit,
1044 4329 1283 4400 magicas
1330 4328 1753 4403 cperanturiipsi

151 4409 209 4455 et
271 4399 689 4474 incantationes,
727 4399 925 4470 philtra
944 4399 1200 4474 _quoque
1254 4399 1534 4474 χαρὸτῄσια
1573 4401 1648 4474 [id
1671 4399 1760 4458 est

150 4471 456 4543 amatoria,
502 4479 557 4526 ut
591 4470 908 4543 interpretes
943 4470 1163 4527 Eusebii
1210 4470 1460 4543 vertunt],
1489 4481 1561 4543 et
1575 4470 1754 4543 "pare-

150 4473 456 4534 amatoria,
502 4479 557 4526 ut
591 4473 908 4541 interpretes
943 4473 1163 4527 Eusebii
1210 4480 1460 4537 vertunt,
1509 4473 1753 4543 et’pare-

148 4543 291 4616 dros
345 4538 479 4611 [sive
523 4541 867 4616 assessores],
900 4550 954 4596 et
997 4543 1388 4616 on_ir0pompos
1425 4473 1567 4616 {sive
1604 4561 1753 4616 some

147 4613 247 4694 nia
279 4612 599 4694 mittentes],
621 4621 688 4694 _et
713 4612 946 4694 reliquas
970 4612 1409 4694 (malignaliones,
1436 4612 1561 4694 seu,
1595 4615 1754 4694 sicuti

149 4685 435 4753 interpres
479 4684 785 4756 Epiphanii,
819 4684 1138 4756 praestigias.
1174 4706 1196 4735 ι
1241 4687 1464 4743 Pariter
1500 4689 1754 4756 fornica-

149 4703 435 4753 interpres
479 4703 577 4753 npi
622 4703 785 4752 nann,
819 4703 1138 4756 prmsugias.
1174 4706 1196 4735 ι
1241 4703 1464 4743 Pariter
1500 4703 1752 4756 [ormca-

149 4757 303 4810 rius.
342 4756 473 4827 “Hoc
519 4703 672 4808 adglit
717 4755 940 4820 Auctor,
969 4756 1245 4826 quoniam,
1274 4759 1424 4827 juxta
1471 4757 1752 4825 Irenaeum,

147 4824 490 4898 Marcelline,
530 4841 652 4898 quae
705 4827 928 4898 Romam
983 4824 1087 4898 sub
1143 4824 1369 4898 Anicato,
1421 4829 1584 4898 venit,
1633 4845 1754 4885 cum

147 4905 302 4968 esset
373 4896 555 4968 hujus
591 4896 868 4968 doctrinae,
917 4896 1118 4954 multos
1156 4896 1755 4968 exterminavit.'Quod

147 4966 342 5036 ipsum
391 4964 584 5038 repetit
623 4964 978 5038 Epiphanius,
1007 4969 1216 5025 addens
1263 4985 1356 5026 eos
1383 4969 1440 5025 in
1485 4964 1755 5026 luxu'de-

145 5054 302 5112 gere,
341 5045 396 5092 et
425 5037 733 5112 omniaad
756 5037 1374 5112 corporis_voluptatem
1410 5041 1620 5112 operari
1665 5057 1757 5098 so-

147 5107 297 5182 lere,
352 5108 709 5182 usque~adeo
747 5118 822 5182 fut
850 5107 1141 5182 Eusebius
1175 5107 1359 5182 'istius
1414 5107 1756 5182 potissimum

145 5178 790 5255 discipulis__Gnosticis
846 5179 1096 5255 imp_utet_
1136 5178 1503 5251 suspicionem
1571 5184 1752 5255 illam,

142 5265 327 5323 quam
363 5249 430 5306 de
452 5251 774 5323 Christianis
802 5249 1054 5307 omnibus
1083 5249 1324 5323 ipsorum
1353 5266 1516 5308 causa
1551 5249 1754 5311 conca;

147 5321 365 5402 perant
393 5321 609 5402 ethnici,
642 5322 710 5378 de
738 5323 940 5402 stupris
970 5321 1317 5402 promiscuis,
1346 5331 1398 5402 et
1424 5325 1758 5402 exsecrando

150 5390 541 5469 infanticidio;
590 5390 622 5448 a
669 5390 878 5469 quibus
920 5390 1546 5469 criminibuslatissime
1601 5411 1763 5469 supra

150 5465 205 5518 in
237 5465 285 5535 Α
291 5464 601 5535 potoqetico
629 5464 752 5521 sese
780 5465 1019 5521 defendit
1045 5465 1428 5522 Tertullianus.
1461 5467 1599 5521 Plut.

224 5534 359 5604 (33)
387 5534 610 5592 Pariter
636 5537 1006 5606 fornicarius,
1032 5540 1138 5595 etsi
1161 5539 1372 5597 Helena
1420 5539 1629 5596 minus.
1653 5538 1769 5594 Etsi

155 5603 426 5662 Helenam
457 5621 566 5662 non
589 5603 835 5664 haberet.
860 5608 986 5664 me.

1936 4121 2060 4177 Etsi
2087 4118 2294 4174 Helena
2321 4120 2535 4176 minus.
2567 4117 2826 4186 Quamvis
2856 4116 3203 4184 fornicarius,
3232 4136 3340 4178 non
3379 4130 3457 4179 ta-

1864 4207 1986 4246 men
2032 4188 2262 4260 mquavit
2304 4189 2586 4260 Helenam;
2618 4205 2741 4260 quas
2779 4189 2974 4243 excidii
3025 4191 3249 4258 Trojani
3297 4207 3458 4248 causa

1862 4261 1984 4327 fuit,
2015 4257 2263 4330 obivitaa
2313 4257 2724 4330 turpitudinem,
2751 4268 2805 4314 et
2859 4257 3226 4314 calamitatum
3284 4261 3454 4330 pluri-

1861 4348 2071 4388 marum
2101 4328 2275 4383 funus.
2311 4329 2384 4383 LE
2413 4328 2510 4385 Pa.

1931 4404 2047 4475 (34)
2072 4401 2191 4457 Nisi
2208 4400 2422 4475 modico
2439 4399 2875 4475 quoqueaelicto
2901 4417 3062 4454 mora
3084 4403 3454 4458 resurrectio-

1861 4469 1951 4530 nis
1981 4469 2246 4543 empenso.
2281 4470 2339 4543 Id
2379 4469 2483 4543 est,
2515 4469 2724 4543 interim
2752 4471 2833 4526 vel
2872 4478 3153 4543 antequam
3194 4489 3454 4542 resurga-

1862 4561 2002 4609 mus,
2034 4540 2144 4598 non
2185 4542 2331 4613 quod
2384 4541 2501 4611 ipsa
2544 4540 2724 4613 dilatio
2773 4541 3182 4613 resurrectionis
3229 4540 3455 4598 sola—sit

1861 4615 2115 4689 expiatio,
2148 4610 2220 4669 εἴ
2233 4610 2482 4689 purgatio
2519 4611 2812 4689 venialium
2832 4610 3146 4689 culparum;
3177 4613 3274 4667 sed
3305 4615 3456 4689 quod

1862 4681 1946 4742 in'
1974 4681 2313 4756 purgatorio,
2344 4681 2638 4758 purgamur
2685 4681 2847 4736 variis
2892 4681 3080 4758 pinnis
3131 4690 3253 4758 post
3311 4681 3454 4740 hanc

1862 4751 2026 4815 vitam
2056 4751 2109 4811 et
2144 4751 2431 4825 antequam
2451 4751 2850 4825 'resurgamus.
2885 4751 3151 4807 Caeterum
3181 4754 3453 4825 interpre-

1863 4830 2122 4904 tationem
2153 4821 2307 4881 istam
2334 4821 2763 4904 fertullianicam
2802 4821 2978 4904 facere
3010 4840 3108 4904 pro
3139 4821 3454 4904 purgatione

1861 4899 2160 4954 animarum
2207 4905 2330 4966 post
2370 4897 2508 4951 hanc
2555 4894 2718 4949 vitam
2765 4909 2796 4948 a
2828 4893 3075 4966 modicis
3103 4893 3454 4966 quibuscum-

1860 4986 1968 5042 que
2011 4965 2262 5042 delictis,
2275 4974 2452 5042 atque
2494 4966 2617 5042 ideo
2660 4980 2759 5035 pro
2801 4965 3150 5042 purgatorio,
3183 4965 3456 5042 adnotavit

1864 5036 2149 5110 Pamelius,
2198 5036 2468 5108 adjunctis
2523 5037 2644 5092 aliis
2696 5036 3014 5094 testimoniis
3071 5036 3128 5092 S.
3177 5037 3450 5109 Cypriani.

1863 5115 1994 5171 Lac.

1934 5181 2049 5253 (35)
2080 5180 2186 5237 Hoc
2225 5186 2306 5238 est
2335 5196 2405 5237 ex
2434 5180 2598 5236 malis
2635 5178 2920 5253 fructibus
2957 5179 3158 5253 bonam
3200 5179 3455 5253 arborem

1866 5250 2140 5336 intelligi.
2171 5253 2349 5336 Ironia
2375 5259 2475 5319 est,
2507 5250 2780 5336 qusi-idet
2807 5250 3300 5323 interpretationem
3331 5252 3457 5333 Har-

1867 5322 2132 5401 pocratis;
2166 5331 2221 5401 et
2267 5323 2450 5401 etiam_
2470 5322 2730 5401 accipitur
2759 5336 2860 5380 vox
2899 5322 3080 5394 spero,
3109 5337 3231 5401 quae
3268 5323 3456 5390 sequi-

1869 5394 1982 5474 tur,
2011 5394 2128 5469 pro'
2170 5396 2372 5463 timeo;
2408 5394 2564 5452 sicuti
2589 5394 2781 5474 'supra
2817 5408 2923 5449 non
2979 5394 3179 5474 semel,
3203 5403 3454 5456 tanquam

1873 5472 1917 5526 si
1942 5466 2158 5525 timeret
2200 5483 2268 5525 ne
2298 5477 2482 5540 posset
2516 5466 2848 5540 respondere
2877 5466 3212 5540 argumentis
3249 5477 3454 5534 prepo-

1874 5541 2010 5600 sitis.
2043 5541 2182 5596 Pu.
