3972 6190
507 308 612 368 755

1201 300 1642 363 TERTULLIANI
1679 299 1944 364 OPERUM
1980 298 2152 361 PARS
2188 298 2258 361 II.
2296 330 2368 345 -
2404 301 2635 364 SERIES
2670 301 2712 373 I,
2754 300 3097 363 POLEMICA.

3686 288 3794 351 756

509 434 656 493 vobis
704 431 889 488 Elia-m
944 428 1275 487 Thesbiten?
1318 430 1571 486 Sedenim
1622 427 2104 501 metempsychosis
2135 443 2183 521 Α
2212 428 2512 485 substantia
2541 436 2807 486 teneatur.
2834 428 2891 486 Si
2919 427 3057 485 enim
3091 426 3146 483 in
3191 422 3493 484 seminibus
3515 418 3796 491 utriusque

507 522 763 587 illorum,
821 518 1091 576 revocatio
1147 526 1229 576 est
1292 518 1487 575 animae
1546 520 1865 590 jampridem
1929 525 2102 574 morte

508 610 726 677 functae,
753 616 806 666 et
853 609 904 662 in
936 607 1086 665 aliud
1117 623 1314 679 corpus
1351 609 1574 666 iteratae.
1606 609 1750 663 Elias
1776 616 1955 663 autem
1992 622 2102 664 non

512 716 577 756 ex
605 696 920 755 decessione
951 695 1066 769 (36)
1106 695 1251 763 vitae,
1285 697 1380 752 sed
1421 714 1485 752 ex
1532 696 1877 753 translatione
1916 703 2103 753 ventu-

510 803 605 843 rus
641 798 759 854 est;
800 801 903 841 nec
940 783 1157 855 corpori
1195 784 1580 850 restituendus,
1623 784 1691 840 de
1728 800 1834 855 quo
1874 800 1983 841 non
2022 792 2105 840 est

511 884 793 947 exemptus
839 875 939 948 (IV
971 878 1097 947 Reg.
1140 875 1242 945 11);
1284 874 1378 929 sed
1424 874 1628 929 mundo
1675 874 1995 944 reddendus,
2035 874 2104 929 de

514 982 620 1037 quo
648 973 729 1021 est
754 964 1074 1033 translatus;
1108 980 1213 1020 non
1257 979 1321 1019 ex
1369 963 1701 1034 postliminio
1730 965 1871 1031 vitae,
1905 965 2001 1020 sed
2039 979 2104 1020 ex

516 1056 892 1127 supplemento
937 1052 1274 1126 prophetiae;
1317 1053 1463 1110 idem
1510 1062 1565 1109 et
1610 1054 1746 1125 ipse,
1784 1061 1838 1107 et
1884 1053 1967 1107 sui
2003 1066 2103 1107 no-

512 1144 671 1200 minis
717 1152 770 1199 et
816 1144 897 1199 sui
943 1142 1200 1198 hominis.
1250 1142 1362 1199 Sed
1417 1144 1695 1215 quomodo
1749 1143 1892 1198 Elias
1937 1143 2102 1198 Joan-

512 1251 614 1290 nes
654 1234 812 1306 (37)?
850 1233 1026 1288 Habes
1066 1232 1243 1304 angeli
1286 1247 1479 1291 vocem
1526 1234 1682 1301 (Luc.
1716 1232 1759 1302 ι)
1795 1249 1807 1289 :
1848 1234 1921 1287 Et
1961 1233 2099 1304 ipse,

517 1322 714 1393 inquit,
734 1323 1017 1395 prcecedet
1040 1338 1233 1378 coram
1252 1324 1456 1394 populo
1487 1324 1550 1377 in
1578 1323 1791 1379 virtute
1817 1325 1870 1378 et
1891 1322 2104 1393 spiritu

518 1413 689 1479 Elite,
729 1425 840 1466 non
880 1411 936 1465 in
981 1412 1157 1465 anima
1204 1412 1344 1480 ejus,
1376 1426 1477 1467 nec
1512 1410 1568 1465 in
1616 1425 1796 1467 carne.
1828 1411 1921 1465 l-Ize
1959 1408 2103 1465 enim

518 1500 834 1556 substantia;
862 1500 949 1556 sui
978 1500 1238 1571 cujusque
1274 1508 1400 1556 sunt
1427 1499 1682 1555 hominis.
1716 1499 1945 1568 Spiritus
1972 1514 2105 1555 vero

516 1597 570 1645 et
632 1589 801 1644 virtus
861 1588 1201 1644 extrinsecus
1255 1590 1612 1645 conferuuttrr
1656 1605 1722 1642 ex
1775 1586 1877 1642 Dei
1904 1587 2100 1659 gratia.

518 1677 682 1735 712
711 1679 790 1733 Ita
828 1684 882 1732 et
919 1677 1197 1733 transferri
1244 1678 1298 1732 in
1348 1678 1578 1734 alterum
1625 1684 1854 1746 possunt
1898 1692 1965 1731 ex
2011 1674 2109 1731 Dei

514 1767 811 1833 voluntate,
845 1772 902 1821 ut
930 1764 1130 1821 factum
1161 1772 1241 1821 est
1269 1774 1413 1821 retro
1445 1765 1512 1820 de
1541 1764 1742 1836 Moysis
1768 1763 1983 1835 Spiritu.

1044 1898 1271 1955 CAPUT
1318 1897 1579 1953 XXXVI.

590 2035 652 2089 In
688 2032 786 2088 bas
826 2032 1157 2104 quaestiones
1193 2033 1339 2099 inde,
1373 2032 1587 2104 opinor,
1617 2031 1966 2099 excessimus,
1997 2046 2109 2104 quo

516 2136 662 2178 nunc
706 2121 1089 2178 revertendum
1138 2129 1237 2177 est.
1272 2122 1750 2179 Constitueramus
1787 2120 2020 2176 animam
2060 2122 2113 2176 in

516 2210 657 2282 ipso,
690 2217 745 2266 et
781 2211 901 2282 ipso
932 2211 1047 2283 (38)
1077 2211 1182 2267 seri
1208 2212 1444 2277 homine,
1474 2219 1528 2267 et
1567 2227 1732 2267 unum
1770 2224 1889 2266 esse
1924 2226 1957 2264 a
1994 2209 2113 2282 pri-

516 2297 729 2356 mordio
780 2315 998 2366 semen,
1029 2302 1169 2357 sicut
1221 2308 1273 2355 et
1326 2299 1504 2356 carnis
1540 2299 1597 2354 in
1661 2306 1829 2356 totum
1896 2298 2112 2371 generis

519 2405 767 2457 examen,
801 2397 1018 2461 pr0pter
1047 2390 1271 2445 aemulas
1318 2390 1519 2446 scilicet
1546 2388 1829 2460 opiniones
1857 2388 2109 2460 philoso-

518 2480 753 2550 phorum
798 2488 854 2534 et
897 2477 1274 2534 haereticorum
1318 2478 1457 2548 (39).
1505 2484 1560 2533 et
1604 2476 1759 2533 illum
1801 2491 2107 2533 sermonem

518 2568 760 2624 Platonis
804 2573 1148 2627 veternosum
1194 2566 1331 2639 (40).
1372 2568 1530 2623 Nunc
1572 2566 1819 2624 ordinem
1866 2580 2108 2637 sequen-

515 2658 652 2713 tium
702 2655 899 2713 exinde
939 2662 1265 2713 tractatuum
1306 2656 1557 2711 teximus.
1603 2653 1801 2708 Anima
1850 2652 1908 2707 in
1952 2659 2107 2708 utero

518 2745 784 2803 seminata
817 2745 1023 2818 pariter
1061 2760 1184 2801 cum
1230 2759 1409 2815 carne,
1438 2743 1641 2815 pariter
1676 2759 1797 2799 cum
1842 2742 1959 2812 ipsa
1982 2755 2105 2796 sor-

523 2835 653 2892 titur
698 2844 755 2893 et
790 2850 998 2904 sexum,
1050 2835 1124 2892 ita
1167 2834 1362 2906 pariter
1406 2834 1463 2890 in
1510 2847 1672 2889 causa
1717 2848 1879 2889 sexus
1916 2836 2107 2887 neutra

2211 517 2523 597 substantiae
2582 518 2816 590 aliquam
2853 515 3312 588 intercapedinem
3366 529 3556 570 eorum
3607 525 3801 568 conce-

2212 615 2334 679 ptus
2364 609 2687 678 admitteret,
2716 617 2773 663 ut
2818 616 2908 663 aut
2943 623 3087 672 caro,
3120 614 3211 662 aut
3254 606 3430 660 anima
3463 603 3617 675 prior
3642 601 3801 656 semi-

2212 708 2470 765 naretur,
2534 706 2677 753 esset
2750 697 2913 753 etiam
2978 712 3140 750 sexus
3205 693 3588 765 proprietatem
3653 690 3803 745 alteri

2212 788 2523 843 substantiae
2578 787 2881 844 adscribere
2937 802 3034 857 per
3091 784 3435 855 temporalem
3492 781 3803 851 intercape-

2212 876 2395 932 dinem
2447 878 2747 943 seminum;
2798 884 2857 932 ut
2913 884 3004 951 aut
3042 890 3166 933 caro
3222 874 3435 938 animae,
3475 879 3570 927 aut
3627 870 3807 927 anima

2210 966 2355 1021 carni
2394 966 2723 1036 insculperet
2767 982 2952 1023 sexum
2983 982 2996 1019 :
3034 965 3286 1036 quoniam
3313 971 3367 1018 et
3414 962 3667 1029 Apelles,
3697 976 3805 1014 non

2210 1056 2405 1126 pictor,
2438 1057 2533 1111 sed
2563 1057 2845 1113 haereticus
2874 1058 3005 1129 (41),
3036 1062 3159 1110 ante
3187 1068 3419 1125 corpora
3463 1052 3809 1110 constituens

2211 1143 2415 1200 animas
2476 1146 2664 1202 viriles
2715 1162 2776 1201 ac
2825 1145 3138 1214 muliebres,
3169 1143 3309 1200 sicut
3363 1143 3433 1198 ab
3486 1141 3812 1197 Philumena

2211 1232 2414 1303 didicit,
2462 1234 2646 1305 utique
2701 1249 2933 1299 carnem,
2979 1241 3039 1289 ut
3092 1233 3472 1304 posteriorem,
3518 1231 3584 1286 ab
3620 1229 3815 1284 anima

2211 1321 2335 1379 facit
2363 1322 2607 1394 accipere
2656 1339 2861 1381 sexum.
2888 1322 2955 1379 Et
2999 1323 3091 1395 qui
3127 1323 3360 1377 animam
3414 1327 3538 1391 post
3588 1326 3813 1391 partum

2211 1412 2357 1468 carni
2411 1414 2818 1485 superducunt,
2866 1414 3048 1485 utique
3098 1420 3221 1469 ante
3271 1411 3557 1476 formatae,
3598 1424 3815 1464 marem

2212 1511 2303 1557 aut
2359 1501 2607 1559 feminam
2657 1503 2724 1558 de
2752 1518 2912 1558 carne
2968 1519 3155 1558 sexum
3195 1500 3549 1572 praeiudicant
3585 1497 3813 1552 animae.

2215 1590 2504 1663 Utriusque
2559 1600 2738 1648 autem
2791 1592 3107 1648 substantia;
3149 1590 3436 1647 indiscreta
3491 1586 3729 1651 semina,
3762 1592 3819 1640 et

2218 1678 2367 1735 unita
2412 1679 2641 1736 suffusio
2690 1696 2899 1749 eorum,
2930 1696 3266 1737 communem
3316 1679 3553 1734 subeunt
3598 1675 3820 1749 generis

2218 1776 2490 1835 eventum,
2528 1785 2633 1840 qua
2686 1769 2856 1825 lineas
2884 1768 3096 1826 duxerit
3149 1768 3286 1838 (42),
3315 1779 3682 1839 quaecumque
3727 1764 3818 1820 illa

2217 1863 2297 1911 est
2354 1856 2487 1911 ratio
2543 1863 2768 1912 naturae.
2829 1857 2980 1913 Certe
3035 1866 3091 1912 et
3125 1857 3213 1912 hic
3266 1872 3324 1911 se
3382 1853 3815 1926 primordiorum

2219 1943 2391 1997 forma
2439 1950 2689 2009 testatur,
2723 1959 2849 1999 cum
2893 1944 3160 2001 masculus
3206 1944 3545 2014 temporibus
3596 1940 3818 2010 efﬁngi-

2222 2037 2330 2087 tur.
2381 2032 2535 2087 Prior
2578 2030 2722 2087 enim
2767 2031 2976 2100 Adam;
3025 2031 3228 2087 femina
3263 2031 3539 2100 aliquanto
3575 2028 3763 2085 serius
3803 2044 3816 2081 :

2222 2119 2486 2191 posterior
2512 2120 2651 2175 enim
2670 2120 2801 2177 Eva.
2836 2120 2883 2177 7
2896 2120 3005 2178 I3
3032 2121 3110 2176 Ita
3134 2120 3227 2176 diu
3262 2134 3389 2177 caro
3417 2117 3675 2175 informis
3713 2126 3813 2182 est,

2221 2208 2395 2279 qualis
2443 2223 2508 2265 ex
2550 2208 2683 2265 Adae
2730 2209 2893 2265 latere
2947 2211 3205 2280 decerpta
3234 2218 3347 2279 est;
3393 2206 3597 2263 animal
3638 2214 3816 2261 tamen

2219 2304 2274 2354 et
2300 2297 2419 2368 ipsa
2453 2301 2584 2369 jam,
2616 2297 2740 2369 quia
2770 2306 2824 2353 et
2850 2298 2997 2354 illam
3039 2307 3170 2355 tunc
3197 2298 3327 2353 Adae
3354 2296 3666 2369 portionem
3694 2296 3815 2351 ani-

2216 2395 2417 2441 matam
2444 2386 2494 2426 99
2522 2393 2842 2458 agnoscant.
2864 2387 3154 2451 Caeterum,
3175 2396 3230 2443 et
3249 2386 3418 2457 ipsam
3446 2384 3551 2440 Dei
3579 2384 3816 2439 adﬂatus

2216 2475 2502 2531 animasset
2544 2475 2681 2546 (43),
2714 2475 2761 2531 si
2814 2490 2923 2532 non
2962 2484 3021 2531 ut
3075 2475 3269 2542 carnis,
3303 2475 3376 2532 ita
3412 2480 3469 2531 et
3523 2473 3725 2529 anima:
3751 2488 3815 2529 ex

2216 2561 2392 2618 Adam
2420 2562 2612 2619 tradux
2640 2562 2828 2620 fuisset
2855 2564 2910 2619 in
2939 2564 3160 2620 femina.

2738 2696 2967 2755 CAPUT
3000 2696 3289 2754 XXXVII.

2282 2826 2512 2890 Omnem
2554 2835 2736 2886 autem
2776 2828 3017 2887 hominis
3056 2829 3112 2886 in
3139 2836 3294 2887 utero
3330 2827 3571 2894 serendi,
3599 2834 3808 2884 struen-

1891 2929 2085 2993 Variaa
2127 2930 2441 2994 lectiones.

594 3014 649 3055 99
684 3011 898 3070 Animal
926 3014 1086 3071 Pam.
1134 3011 1309 3071 Rhen.
1341 3010 1577 3069 animam
1606 3012 1727 3071 cod.
1766 3010 2034 3085 Agobard.

1909 3082 2405 3146 Commentarius.

599 3187 713 3261 (36)
744 3190 898 3246 Elius
928 3194 1268 3261 autemnon
1298 3206 1370 3247 ea:
1398 3190 1726 3254 decessione,
1750 3198 1852 3247 etc.
1884 3189 2121 3245 ιτθηεειιε

526 3260 627 3317 lib.
670 3277 706 3316 v
730 3301 744 3327 ,
783 3276 904 3331 cap.
942 3264 975 3315 7
1002 3302 1015 3327 ,
1055 3260 1144 3314 ubi
1195 3260 1263 3317 de
1300 3262 1547 3331 paradiso
1585 3262 1641 3315 in
1688 3261 1832 3316 Eden
1861 3303 1874 3327 ,
1913 3262 2015 3315 hoc
2052 3263 2119 3317 de

527 3332 647 3389 Elia
698 3330 865 3387 refert
924 3339 1205 3403 acceptum
1261 3330 1313 3385 a7
1352 3331 1678 3403 presbyteris
1733 3331 2119 3403 Apostolorum

530 3403 830 3473 discipulis,
860 3402 1172 3458 translatum
1221 3402 1435 3457 essein
1478 3402 1789 3473 paradisum
1831 3402 1992 3472 justis
2019 3404 2122 3458 ho-

529 3473 765 3530 minibus
811 3482 1189 3544 praeparatum,
1224 3474 1277 3528 in
1324 3489 1483 3545 quem
1512 3481 1569 3545 et
1610 3473 1823 3545 Paulus
1849 3473 2125 3543 apostolus

529 3546 872 3617 adsportatus
910 3545 1116 3603 audivit
1172 3544 1450 3617 sermones
1480 3544 1914 3617 inenarrabiles,
1956 3561 2127 3615 quan-

530 3615 648 3698 tum
695 3616 764 3671 ad
799 3630 901 3672 nos
943 3617 995 3697 in
1042 3615 1434 3698 praesenti;“et
1597 3631 1910 3670 mansurum
1954 3630 2125 3698 usque

531 3688 599 3742 ad
629 3685 1153 3744 consummationem
1199 3685 1379 3744 saeculi
1413 3704 1428 3742 :
1458 3686 1662 3742 interea
1688 3686 1996 3744 conservari
2034 3685 2121 3742 in-

531 3767 872 3826 corruptum.
902 3758 1027 3813 RIG.

605 3828 700 3896 (37
704 3838 722 3895 )
747 3828 849 3885 Sed
878 3828 1144 3899 quomodo
1186 3829 1341 3899 Elias
1371 3829 1609 3885 Ioannes
1633 3830 1656 3882 ?
1684 3826 1941 3883 Similiter
1969 3842 2127 3899 pror-

536 3914 633 3972 sus
660 3898 940 3972 locospbos
966 3898 1763 3972 Scripturae‘interpretatur7B.
1793 3898 2128 3972 Augustinus

540 3970 641 4040 (tr.
672 3984 774 4040 xiv
802 3970 866 4040 in
907 3970 1069 4025 Joan.
1101 3984 1148 4040 c.
1174 3984 1221 4040 _r,
1254 3978 1306 4040 et
1339 3969 1380 4040 li.
1411 3986 1456 4040 vi
1491 3971 1555 4025 de
1608 3969 1908 4035 Trinitate,‘
1933 3984 1983 4024 c.
2013 3969 2125 4040 14),

537 4037 643 4110 Qui
672 4038 884 4112 interim
914 4038 1145 4112 neutribi
1173 4038 1306 4112 legit
1332 4039 1487 4108 illud,
1510 4042 1956 4112 corampopulo,
1982 4037 2129 4112 quod

538 4109 765 4167 Auctori
809 4109 1035 4179 proinde
1084 4110 1351 4181 peculiare
1382 4118 1478 4165 est.
1512 4109 1812 4167 Posteriori'
1846 4127 1973 4168 vero
2003 4109 2129 4169 loco

538 4184 701 4255 etiam
746 4181 1133 4255 interpretatur
1183 4183 1453 4255 spiritum
1498 4184 1656 4249 Elim,
1707 4197 1806 4252 pro
1859 4186 2130 4255 spiritum

541 4254 721 4321 Mosei,
756 4252 907 4308 sicut
941 4253 1032 4308 hic
1072 4252 1304 4325 Auctor,
1335 4252 1429 4325 qui
1466 4269 1573 4308 una
1608 4268 1741 4310 voce
1780 4252 2132 4325 translatum

540 4325 814 4397 spiritum
845 4325 1006 4397 Mosei
1032 4324 1178 4397 dicit,
1211 4340 1275 4380 eo
1304 4324 1448 4395 quod
1477 4325 1669 4382 dicitur
1696 4324 1897 4382 auferri
1927 4342 1960 4380 a
1984 4326 2133 4383 Mose

541 4394 597 4450 εἰ
622 4395 739 4449 dari
766 4396 836 4449 '70
865 4394 1187 4451 senioribus.
1218 4397 1361 4452 Pan.

616 4465 1250 4547 (38)"Constitueramus
1278 4467 1535 4547 animam
1651 4466 1771 4547 ipso
1774 4470 1855 4547 _et
1886 4468 2131 4547 Aeqﬂipso,

543 4543 648 4593 etc.
720 4537 833 4593 Hoc
906 4554 1066 4592 suum
1136 4538 1463 4607 paradoxum
1526 4537 1713 4593 statuit
1774 4537 2132 4593 Tertullianus

542 4624 667 4677 cap.
712 4611 804 4675 25,
850 4609 939 4675 26,
970 4611 1061 4677 27,
1110 4608 1205 4663 ubi
1249 4609 1478 4664 asseruit
1523 4609 1760 4663 animam
1803 4607 1962 4663 simul
2008 4625 2131 4663 eum

544 4694 701 4735 carne
753 4679 813 4733 in
854 4687 1009 4734 utero
1061 4679 1432 4748 proseminari,
1472 4685 1527 4734 et
1562 4694 1630 4733 ex
1666 4679 1883 4734 traduce
1938 4679 2132 4734 Adami

546 4765 737 4822 omnes
784 4748 1016 4822 derivari
1054 4750 1259 4805 animas
1294 4767 1388 4821 per
1432 4765 1641 4819 semen,
1674 4750 1819 4822 quod
1858 4766 2043 4805 rursus
2081 4752 2135 4805 in

546 4821 652 4877 hoc
680 4821 854 4892 capite
882 4820 1130 4875 inculcat.
1163 4822 1294 4877 Lac.

620 4892 732 4966 (39)
749 4891 997 4966 ’Prother
1013 4894 1250 4948 aemulas
1277 4893 1488 4948 scilicet
1507 4893 1796 4964 opiniones
1822 4891 2134 4966 philosoph.

550 4964 606 5017 et
651 4961 847 5034 haeret.
880 4961 1013 5034 Cap.
1046 4966 1135 5030 23,
1180 4970 1478 5034 antequam
1514 4961 1665 5034 suam
1708 4961 2137 5019 sent—entiam'de

551 5032 1009 5105 proseminatione
1055 5032 1353 5105 animarum
1400 5032 1660 5099 effutiret,
1695 5038 1967 5105 recensuit
2011 5036 2137 5105 opi-

550 5100 742 5175 niones
788 5101 1163 5175 haereticorum
1214 5104 1389 5175 varias
1441 5105 1583 5175 circa
1627 5104 1895 5175 originem
1948 5100 2139 5162 animae

553 5172 922 5248 aemulantium
942 5213 958 5235 ,
986 5173 1361 5248 philosophica
1401 5172 1598 5248 placita
1619 5216 1633 5240 ,
1674 5172 1907 5248 maxime
1954 5178 2136 5248 plato-

552 5243 694 5309 nica,
726 5243 1075 5299 concedentia
1105 5244 1385 5299 animabus
1403 5243 1683 5314 'originem
1714 5243 2012 5313 ccelestem,
2043 5248 2135 5304 ubi

554 5314 789 5389 ostendit
854 5314 1240 5389 Valentinum,
1297 5316 1670 5389 Saturninum,
1706 5316 2134 5389 _Carpocratem,

554 5386 801 5458 Apellem
832 5386 1075 5454 aemulos,
1110 5393 1163 5444 et
1189 5386 1481 5456 discipulos
1517 5384 1750 5458 Platonis
1789 5384 1975 5444 fuisse.
2004 5384 2134 5447 Lac;

628 5457 742 5529 (40)
772 5458 941 5514 Illum
969 5473 1283 5515 sermonem
1328 5457 1584 5512 Platonis
1613 5461 1984 5517 veternosum.
2015 5462 2135 5518 Non

554 5538 709 5585 vocat
751 5545 1051 5587 sermonem
1088 5529 1321 5585 Platonis
1364 5536 1729 5600 veternosum,
1761 5531 1906 5600 quod
1948 5532 2141 5589 dixerit

554 5600 844 5657 discentias
882 5600 1305 5659 reminiscentias
1327 5641 1343 5667 ,
1399 5597 1565 5656 veluti
1606 5597 1874 5671 profectas
1922 5619 1988 5661 ex
2042 5620 2138 5663 ve-

2231 3196 2384 3244 terno
2420 3202 2640 3257 somno,
2690 3188 2786 3245 sed
2825 3187 3069 3245 alludens
3112 3187 3180 3243 ad
3225 3194 3461 3242 veterem
3508 3201 3807 3243 sermonem

2228 3259 2371 3331 apud
2425 3261 2699 3316 Platonem
2752 3261 2818 3316 de
2860 3261 3138 3331 reciproco
3185 3259 3486 3315 animarum
3542 3259 3807 3331 discursu,

2229 3330 2297 3385 de
2324 3346 2582 3403 quopcap.
2614 3335 2678 3387 28
2713 3353 2725 3389 :
2766 3354 2787 3382 α
2821 3331 2953 3401 Quis
2976 3329 3077 3385 ille
3107 3346 3249 3387 nunc
3274 3339 3643 3403 vetussermo
3674 3329 3809 3403 apud

2229 3400 2541 3458 memoriam
2596 3402 2851 3471 Platonis,
2887 3422 2913 3454 »
2962 3410 3065 3458 etc.
3097 3403 3219 3457 Non
3277 3401 3394 3456 sine
3441 3401 3630 3470 lepore
3682 3400 3810 3455 ludit

2228 3473 2512 3543 vocabulo,
2532 3483 2593 3530 ut
2619 3474 2866 3530 ostendat
2894 3488 3201 3529 sermonem
3228 3471 3379 3528 illum
3407 3482 3649 3530 veterem
3676 3486 3813 3525 mere

2231 3543 2520 3612 somnium,
2554 3553 2607 3600 et
2634 3545 2752 3601 sine
2799 3544 2910 3600 ullo
2938 3545 3159 3600 cerebro
3188 3559 3328 3610 esse,
3370 3551 3427 3599 et
3462 3558 3623 3612 aeque
3648 3550 3815 3600 veter-

2231 3629 2427 3670 nosum
2480 3632 2601 3672 esse
2652 3632 2714 3673 ac
2769 3624 3026 3672 veterem.
3073 3615 3346 3672 Arnobius
3397 3630 3616 3686 quoque
3652 3620 3813 3671 veter-

2233 3700 2425 3741 nosum
2455 3687 2588 3742 dixit
2617 3701 2716 3756 pro
2742 3694 2949 3751 vetere,
2979 3687 3073 3741 lib.
3103 3702 3141 3740 ι.
3172 3686 3303 3744 Lac.

2308 3757 2435 3831 (At)
2453 3753 2671 3831 Apelles
2700 3775 2818 3831 non
2842 3760 3050 3831 pictor,
3067 3756 3161 3831 sed
3186 3757 3507 3831 haereticus.
3550 3753 3812 3831 Ἀῖεεᾎλῆςν

2232 3826 2392 3883 latine
2408 3826 2625 3899 Apelles
2653 3835 2707 3884 et
2732 3826 2948 3899 Apella.
2972 3829 3339 3884 Horatius.....
3365 3828 3565 3899 Credat
3596 3827 3814 3899 ludatis

2233 3894 2535 3975 Apellaﬁls
2570 3915 2697 3955 vero
2733 3894 2941 3975 fortean
2983 3899 3265 3975 recutitus,
3294 3899 3423 3975 quia
3443 3898 3699 3975 indecus,
3729 3894 3815 3975 sed

2234 3968 2425 4037 Apella
2480 3972 2733 4027 Graecum
2779 3979 2861 4027 est
2896 3971 3160 4039 Ἀπελλῆς,
3190 3985 3288 4042 nec
3314 3968 3587 4042 signiﬁcat
3625 3968 3816 4042 recuti-

2235 4048 2353 4096 tum
2398 4049 2495 4113 aut
2548 4058 2796 4113 verpum.
2844 4042 3067 4113 Apelles
3116 4048 3170 4096 et
3223 4039 3432 4110 Apella,
3471 4039 3815 4113 quemang-

2236 4113 2364 4167 dum
2395 4112 2582 4182 Pyctes
2630 4112 2683 4167 et
2720 4114 2890 4178 Picta,
2914 4112 3210 4182 Pr0phetes
3240 4121 3294 4168 et
3334 4112 3625 4183 Propheta,
3658 4112 3813 4165 Ever-

2240 4190 2391 4259 getes
2418 4184 2781 4259 etAEvergeta,
2814 4192 2916 4259 etc.
2953 4184 3078 4259 Bis.

2309 4255 2420 4323 (42)
2458 4255 2577 4322 Qua
2597 4252 2773 4312 lineas
2803 4254 3061 4312 duxerit.
3079 4252 3218 4321 Quia
3244 4252 3468 4324 pictoris
3487 4252 3814 4324 mentionem

2240 4325 2400 4451 paulo
2438 4325 2590 4408 prius
2636 4326 2779 4391 fecit,
2811 4326 2970 4409 etiam
3013 4327 3153 4382 hanc
3197 4322 3589 4396 proverbialem
3621 4323 3813 4379 formu-

2261 4410 2346 4450 am
2376 4396 2442 4450 ab
2473 4396 2578 4451 lIIIS
2603 4397 2924 4451 desumnsrt.
2956 4397 3097 4451 PAM.

2261 4410 2346 4450 am
2376 4395 2578 4451 abillis
2603 4397 2924 4467 desumpsit.
2956 4397 3097 4453 Pam.

2314 4466 2403 4537 (43
2415 4466 2752 4542 laetarum,
2768 4463 2826 4525 et
2837 4471 3019 4542 ipsam
3031 4468 3130 4524 Dei
3141 4468 3388 4542 afﬂatus
3397 4468 3499 4522 ani
3504 4469 3734 4542 mussat.
3749 4463 3816 4542 Ad

2242 4536 2383 4613 hunc
2416 4536 2611 4595 locum
2663 4536 3252 4613 videturArespondere
3308 4537 3538 4609 August.
3570 4537 3667 4591 lib.
3703 4552 3723 4592 1

2242 4610 2459 4675 anima,
2490 4626 2613 4682 cum
2652 4611 2725 4668 ait
2764 4629 2778 4670 :
2815 4632 2837 4661 «
2873 4609 2994 4682 Qui,
3018 4608 3379 4682 prOpaginem
3408 4608 3680 4682 asserunt
3717 4608 3819 4663 ani-

2244 4696 2471 4747 marum,
2506 4681 2631 4736 hinc
2660 4698 2719 4738 se
2765 4680 2954 4750 putant
2981 4680 3229 4737 invictius
3271 4695 3427 4735 suam
3454 4680 3673 4734 munire
3720 4693 3823 4733 sen-

2245 4750 2484 4818 tentiam,
2506 4753 2642 4823 quia
2695 4768 2821 4807 cum
2872 4752 3134 4823 scriptum
3189 4750 3603 4823 situdetraxisse
3662 4751 3820 4823 Deum

2240 4830 2444 4876 costam
2483 4819 2551 4877 de
2594 4824 2756 4880 latere
2782 4824 2904 4892 viri,
2936 4819 3162 4895 eamque
3190 4819 3503 4895 aedificasse
3532 4821 3588 4875 iu
3633 4820 3821 4895 mulie-

2245 4908 2378 4966 rem,
2413 4908 2519 4966 non
2558 4902 2649 4966 est
2676 4890 2940 4960 additum,
2970 4890 3199 4966 quodin
3242 4891 3358 4966 ejus
3405 4891 3600 4966 faciem
3636 4890 3825 4966 suilla-

2246 4964 2403 5035 veriti
2440 4964 2685 5035 spiritum
2742 4966 2884 5032 vitae,
2935 4962 3076 5032 ideo,
3124 4963 3393 5035 inquiunt,
3432 4962 3561 5032 quia
3616 4963 3687 5019 de
3722 4962 3826 5035 viro

2244 5036 2351 5103 jam
2382 5034 2555 5092 fuerat
2599 5038 2852 5092 animata.
2898 5056 2923 5089 ιο
2965 5035 3070 5092 Pro
3098 5051 3206 5108 quo
3247 5034 3378 5108 dixit
3425 5042 3618 5108 auctor
3658 5051 3673 5087 :
3709 5034 3829 5108 Ani-

2247 5108 2365 5161 mal
2385 5108 2511 5177 jam
2557 5111 2613 5163 et
2644 5110 2786 5180 ipsa.
2816 5109 3016 5164 Verum
3064 5104 3382 5180 respondet,
3400 5104 3533 5180 nihil
3581 5121 3684 5180 per
3737 5106 3826 5179 hoc

2250 5192 2437 5250 eorum
2488 5176 2811 5235 sententiam
2865 5180 3105 5250 adjuvari
3154 5195 3169 5233 :
3246 5195 3270 5229 α
3329 5176 3386 5231 Si
3442 5176 3613 5243 cnim,
3644 5176 3822 5245 inquit.

2251 5248 2504 5316 scriptum
2534 5258 2692 5314 esset,
2727 5248 3051 5321 Insuf/lavit
3098 5250 3301 5319 ﬂatum
3338 5250 3473 5305 vitae
3518 5250 3582 5303 in
3632 5250 3827 5317 famem

2244 5322 2524 5392 mulieris,
2556 5337 2656 5377 nec
2682 5322 2761 5377 sic
2792 5332 2934 5378 esset
2958 5328 3407 5392 consequens,_ut
3432 5334 3540 5392 non
3569 5333 3829 5392 propaga-

2246 5401 2393 5463 retur
2438 5390 2519 5449 ex'
2551 5394 2865 5463 parentibus
2900 5393 3095 5461 anima,
3123 5390 3227 5446 nisi
3274 5390 3433 5463 etiam
3463 5391 3532 5446 de
3574 5391 3691 5445 ﬁlio
3737 5392 3832 5441 hoc

2246 5462 2503 5533 scriptum
2555 5462 2897 5534 reperiretur.
2926 5464 3065 5533 Quia
3118 5476 3247 5519 vero
3296 5462 3521 5519 tacitum
3577 5468 3695 5525 est,
3726 5474 3834 5515 non

2245 5544 2499 5608 negatum
2527 5552 2702 5608 neque
2729 5535 3084 5592 adfirmatum.
3124 5552 3149 5587 ι
3184 5534 3321 5590 Pu.
