3972 6190
421 262 526 323 759

1114 255 1550 320 TERTULLIANI
1600 254 1867 319 OPERUM
1901 254 2065 317 PARS
2101 252 2170 315 II.
2210 283 2281 298 —
2320 251 2549 314 SERIES
2586 251 2631 322 l,
2672 248 3012 313 POLEMICA.

3604 244 3711 306 760

421 396 530 445 tein
573 383 749 442 carnis
794 392 956 456 atque
999 383 1191 440 animai
1235 383 1554 456 jamdudum
1602 380 2008 441 commendavi-
2043 398 2089 476 Α
2121 381 2313 437 anima:
2345 395 2531 446 censu,
2563 379 2655 436 sed
2686 374 2955 476 paulatim.
2986 390 3080 446 per
3107 372 3278 476 aetatis
3316 367 3491 446 spatia
3517 385 3710 476 prece.

424 493 545 532 mus
591 493 622 530 a
668 476 1015 533 concretione
1050 476 1075 515 3
1121 474 1390 530 seminum
1436 474 1675 542 ipsorum
1722 488 1896 544 usque
1942 471 2008 525 ad

422 564 668 636 ﬁgmenti
692 563 1101 635 perfectionem.
1126 563 1355 619 Perinde
1375 579 1537 630 nunc,
1555 571 1607 618 et
1631 578 1661 616 a
1699 560 1969 615 nativitate
1988 560 2012 597 9

422 655 779 719 defendimus,
839 655 1106 726 imprimis
1162 654 1307 725 quod
1365 652 1523 708 simul
1578 660 1869 718 crescunt,
1917 650 2013 705 sed

421 744 633 800 diversa
690 745 737 781 10
794 743 1000 797 ratione
1050 757 1147 813 pro
1198 758 1455 816 generum
1504 739 1851 807 conditione;
1888 752 2013 795 caro

422 832 665 900 modulo,
714 833 896 886 anima
942 832 1183 904 ingenio,
1216 845 1339 885 caro
1370 829 1574 899 habitu,
1605 828 1782 883 anima
1828 844 2011 882 sensu.

424 921 687 975 Caeterum
730 964 745 990 ,
822 919 1049 975 animam
1130 920 1429 974 substantia
1483 933 1721 973 crescere
1804 932 2013 990 negan-

421 1009 550 1064 dum
605 1016 707 1075 est,
770 1026 838 1063 ne
886 1009 1047 1063 etiam
1102 1009 1413 1063 decrescere
1464 1005 1760 1062 substantia
1789 1006 2012 1071 dicatur,

423 1106 583 1167 atque
612 1098 684 1152 ita
713 1105 766 1152 et
795 1097 1066 1153 defectura
1112 1097 1360 1152 credatur
1407 1095 1539 1167 (54).
1587 1096 1694 1149 Sed
1742 1094 1825 1151 vis
1872 1095 2010 1163 ejus,

423 1186 481 1240 in
528 1203 635 1257 qua
677 1185 939 1240 naturalia
983 1184 1197 1256 peculia
1244 1183 1454 1240 consita
1500 1183 1817 1248 retinentur,
1868 1182 2015 1237 salvo

424 1274 743 1330 substantiae
795 1274 1015 1329 modulo
1070 1290 1176 1345 quo
1232 1290 1262 1327 a
1319 1272 1617 1345 primordio
1681 1271 1866 1325 inﬂata
1911 1279 2014 1342 est,

422 1363 677 1433 paulatim
724 1378 849 1418 cum
897 1379 1056 1418 carne
1094 1360 1426 1430 producitur.
1482 1360 1762 1416 Constitue
1811 1365 2014 1415 certum

423 1452 639 1522 pondus
668 1451 785 1506 auri
812 1452 897 1506 vel
925 1451 1139 1522 argenti
1166 1451 1302 1521 (55),
1336 1451 1521 1504 rudem
1545 1449 1723 1505 adhuc
1743 1464 1975 1502 massam
2000 1470 2013 1517 ;

422 1539 682 1595 collectus
709 1540 922 1595 habitus
972 1549 1054 1595 est
1098 1539 1197 1604 illi,
1247 1546 1300 1593 et
1347 1538 1524 1594 futuro
1563 1537 1776 1593 interim
1813 1536 2011 1601 minor,
2048 1571 2091 1647 Β

422 1637 597 1647 ‘_,--_,-
660 1628 788 1647 __,_-,'
812 1644 917 1647 μᾼᾉγ
978 1628 1104 1647 ἑαιη-
1160 1628 1349 1647 12,A_A‘-
1398 1625 1600 1647 _._-J__l!
1646 1632 1812 1647 ι-ι.-.....
1874 1625 2011 1647 ηαλμὶ

422 1637 607 1683 tamen
649 1628 930 1684 continens
976 1628 1113 1683 intra
1160 1628 1351 1681 lineam
1396 1625 1601 1681 moduli
1646 1632 1815 1679 totum
1870 1625 2014 1694 quod

422 1726 618 1773 natura
651 1727 731 1774 est
777 1719 893 1773 auri
948 1719 1025 1772 vel
1072 1717 1317 1788 argenti;
1370 1717 1587 1783 dehinc,
1618 1732 1738 1770 cum
1778 1716 1833 1769 in
1862 1714 2021 1769 lami-

422 1822 550 1862 nam
597 1823 777 1862 massa
823 1807 1047 1870 laxatur,
1082 1806 1254 1874 major
1299 1804 1528 1860 efﬁcitur
1572 1804 1723 1859 initio
1764 1820 1885 1871 suo,
1928 1820 2023 1873 per

424 1894 798 1949 dilatationem
849 1892 1104 1964 ponderis
1149 1892 1297 1959 certi,
1332 1908 1440 1947 non
1471 1909 1567 1965 per
1613 1892 2019 1963 adjectiouem;

424 1986 552 2037 dum
582 1981 905 2047 extenditur,
940 1996 1048 2034 non
1102 1980 1228 2035 dum
1273 1991 1519 2052 augetur.
1551 1982 1667 2035 Etsi
1698 1982 1775 2035 sic
1805 1995 2022 2051 quoque

424 2079 670 2142 augetur,
719 2069 851 2124 dum
896 2070 1241 2136 extenditur;
1276 2068 1400 2123 licet
1426 2070 1567 2123 enim
1598 2070 1783 2123 habitu
1813 2067 2018 2141 augeri,

423 2172 544 2212 cum
578 2164 719 2212 statu
760 2173 867 2213 non
910 2158 1055 2213 licet.
1093 2158 1243 2213 Tunc
1291 2169 1344 2213 et
1373 2158 1629 2228 splendor
1658 2157 1848 2226 11ipse
1890 2172 2021 2226 pro-

423 2245 635 2302 vehitur
665 2245 712 2283 12
741 2247 857 2301 auri
890 2246 973 2302 vel
1001 2247 1230 2317 argenti,
1280 2246 1374 2318 qui
1418 2246 1596 2303 fuerat
1636 2246 1855 2317 quidem
1888 2254 1940 2300 et
1968 2244 2024 2299 in

425 2351 624 2401 massa,
670 2335 766 2391 sed
813 2336 1114 2401 obscurior,
1173 2352 1279 2391 non
1330 2344 1509 2391 tamen
1555 2336 1754 2405 nullus,
1802 2342 1926 2390 tunc
1972 2341 2026 2390 et

426 2424 515 2478 alii
562 2432 720 2494 atque
757 2424 845 2478 alii
893 2424 1106 2478 habitus
1152 2424 1412 2479 accedunt
1461 2439 1560 2495 pro
1609 2424 1860 2479 facilitate
1906 2439 2025 2477 ma-

431 2513 579 2568 teriae
607 2528 715 2583 qua
742 2512 957 2567 duxerit
1005 2528 1121 2567 eam
1169 2514 1259 2583 qui
1293 2512 1404 2584 agit
1450 2511 1518 2579 1³,
1559 2512 1694 2567 nihil
1741 2511 2026 2567 conferens

424 2601 647 2656 modulo
680 2600 783 2656 nisi
832 2600 1088 2672 effigiem.
1124 2602 1204 2655 Ita
1252 2610 1304 2657 et
1333 2602 1529 2657 animm
1557 2614 1831 2657 crementa
1857 2616 2025 2670 repu—

428 2689 610 2757 tanda,
635 2704 745 2745 non
762 2690 1112 2758 substantiva,
1140 2690 1236 2747 sed
1268 2692 1574 2761 provectiva
1604 2690 1669 2745 14.

827 2822 1000 2879 716
1050 2821 1279 2880 CAPUT
1322 2822 1635 2879 XXXVIII.

2120 471 2265 537 dere,
2299 480 2351 526 et
2379 469 2524 529 varie
2563 485 2659 541 per
2696 465 2991 524 accidentia
3040 462 3287 529 evadere,
3335 477 3432 533 pro
3483 462 3707 525 artibus,

2119 576 2218 632 pro
2278 558 2552 627 institutis,
2594 573 2690 630 pro
2720 558 2872 623 locis,
2906 570 3002 626 pro
3033 552 3479 609 dominatricibus
3525 561 3709 621 potes-

2119 649 2354 706 tatibus:
2410 650 2554 720 quod
2612 656 2790 703 tamen
2848 643 3005 701 faciat
3058 642 3128 698 ad
3179 640 3353 698 carnis
3411 640 3715 711 animaeque

2120 739 2448 808 propositam
2496 752 2638 791 nunc
2695 734 3044 801 societatem,
3110 730 3444 797 pubertatem
3498 743 3713 798 quoque

2124 826 2406 883 animalem
2450 842 2573 880 cum
2615 823 2814 879 carnali
2860 820 3088 876 dicimus
3138 816 3444 883 convenire,
3485 816 3715 885 pariter-

2120 932 2224 987 que
2267 926 2321 971 et
2368 915 2511 971 illam
2558 924 2819 988 suggestu
2869 925 3146 977 sensuum,
3178 914 3234 963 et
3263 907 3418 960 istam
3460 920 3714 976 processu

2124 1005 2483 1060 membrorum
2530 1018 2836 1077 exsurgere,
2893 1016 2924 1054 a
2973 1005 3164 1076 quarto
3220 994 3426 1050 decimo
3484 992 3595 1048 fere
3633 1008 3721 1046 an-

2122 1109 2220 1149 no:
2266 1108 2373 1149 non
2411 1092 2534 1163 quia
2582 1089 2934 1160 Asclepiades
2976 1087 3101 1141 inde
3149 1082 3472 1153 sapientiam
3503 1098 3716 1152 suppu-

2122 1189 2216 1250 tat,
2248 1198 2343 1237 nec
2368 1182 2492 1252 quia
2519 1182 2639 1252 jura
2669 1179 2842 1237 civilia
2873 1177 2987 1250 (5'7)
3025 1178 3094 1231 ab
3132 1175 3259 1229 hinc
3305 1170 3529 1247 agendis
3558 1172 3718 1226 rebus

2123 1270 2532 1340 adtemperant;
2594 1269 2688 1323 sed
2743 1267 2997 1341 quoniam
3046 1272 3098 1320 et
3146 1263 3264 1317 haec
3310 1263 3379 1317 de
3424 1261 3715 1331 primordio

2124 1359 2258 1413 ratio
2297 1366 2397 1415 est.
2445 1358 2501 1413 Si
2546 1357 2688 1412 enim
2735 1357 2911 1412 Adam
2957 1364 3010 1410 et
3057 1354 3167 1409 Eva
3192 1368 3256 1407 ex
3287 1349 3563 1422 agnitione
3592 1349 3720 1403 boni

2126 1455 2180 1501 et
2209 1447 2337 1501 mali
2376 1448 2630 1516 pudenda
2668 1455 2857 1517 tegere
2904 1450 3209 1508 senserunt,
3242 1457 3308 1496 ex
3352 1453 3460 1509 quo
3487 1436 3722 1509 idipsum

2123 1538 2405 1605 sentimus,
2452 1536 2783 1607 agnitionem
2812 1533 2938 1591 boni
2968 1541 3021 1589 et
3051 1531 3175 1588 mali
3221 1527 3540 1599 profitemur
3563 1566 3577 1580 .
3645 1528 3727 1580 Ab

2131 1627 2216 1681 his
2262 1634 2439 1682 autem
2488 1628 2641 1681 anuis
2682 1634 2735 1683 et
2784 1622 3043 1680 sutfusior
3071 1627 3126 1675 et
3162 1614 3401 1674 vestitior
3431 1627 3597 1668 sexus
3626 1617 3723 1672 est,

2128 1724 2181 1771 et
2218 1713 2653 1783 concupiscentia
2695 1712 2866 1768 oculis
2908 1709 3123 1766 arbitris
3167 1707 3352 1770 utitur,
3394 1710 3450 1759 et
3486 1715 3727 1757 commu-

2129 1804 2272 1858 nicat
2316 1802 2566 1873 placitum
2615 1803 2746 1870 (58),
2794 1810 2848 1856 et
2893 1797 3146 1867 intelligit
3201 1810 3322 1866 quas
3366 1792 3471 1846 sint
3499 1791 3637 1859 (59),
3678 1796 3731 1842 et

2128 1890 2262 1946 fines
2308 1907 2434 1946 suos
2481 1891 2546 1944 ad
2593 1890 2763 1945 instar
2808 1888 3057 1944 ﬁculneae
3105 1881 3443 1954 contagionis
3490 1878 3729 1951 prurigi-

2129 1996 2197 2036 ne
2226 1982 2349 2049 (60)-
2366 1979 2612 2049 accingit,
2647 1987 2699 2035 et
2727 1979 3003 2034 hominem
3045 1977 3112 2031 de
3159 1972 3408 2044 paradiso
3442 1968 3728 2039 integrita-

2130 2070 2200 2124 tis
2228 2069 2426 2134 educit,
2464 2069 2658 2123 exinde
2703 2068 2923 2123 scabida
2968 2067 3134 2120 etiam
3176 2063 3231 2117 iu
3268 2068 3489 2116 caeteras
3517 2059 3729 2128 culpas,

2130 2164 2185 2212 et
2231 2155 2575 2229 delinquendi
2627 2156 2673 2193 15
2714 2171 2822 2210 non
2872 2153 3164 2217 naturales,
3199 2166 3324 2207 cum
3368 2149 3482 2219 jam
3515 2161 3623 2201 non
3668 2159 3732 2199 ex

2128 2245 2372 2300 instituto
2423 2252 2655 2311 natura},
2702 2244 2798 2300 sed
2844 2261 2910 2300 ex
2956 2242 3107 2299 vitio.
3162 2241 3458 2301 Caeterum,
3512 2235 3728 2305 prOprie

2130 2335 2386 2390 naturalis
2450 2333 2883 2405 concupiscentia
2950 2332 3109 2388 unica
3173 2340 3295 2395 est,
3354 2326 3730 2382 alimentorum

2131 2424 2488 2488 solummodo,
2533 2438 2687 2494 quam
2738 2422 2883 2478 Deus
2928 2432 2982 2476 et
3020 2421 3075 2475 in
3124 2414 3422 2490 primordio
3462 2412 3730 2470 contulit:

2132 2515 2218 2568 Ea:
2247 2513 2403 2567 omni
2433 2512 2602 2583 ligno,
2633 2510 2804 2580 inquit
2833 2510 2990 2581 (Gen.
3023 2511 3129 2580 III),
3160 2508 3337 2564 edetis
3359 2525 3378 2573 ;
3400 2511 3453 2560 et
3480 2499 3733 2557 secundae

2135 2610 2255 2672 post
2284 2601 2543 2655 diluvium
2578 2600 2841 2672 geniturae
2887 2612 3274 2670 supermensus
3321 2604 3401 2649 est
3432 2593 3595 2661 (Gen.
3624 2591 3726 2657 Ii):

2134 2694 2271 2747 Ecce
2298 2690 2425 2746 dedi
2456 2689 2601 2745 vobis
2630 2691 2821 2744 omnia
2836 2692 2900 2745 in
2929 2704 3132 2754 escam,
3166 2690 3448 2757 tanquam
3466 2682 3624 2739 olera
3639 2682 3735 2749 fce-

2135 2779 2231 2845 ni;
2267 2793 2615 2849 prOSpectans
2653 2777 2699 2815 ιδ
2732 2792 2838 2832 non
2870 2789 2974 2830 tam
3004 2775 3196 2830 animae
3225 2788 3386 2843 quam
3433 2767 3602 2831 carni,
3634 2766 3734 2821 etsi

2134 2872 2356 2936 prOpter
2401 2866 2654 2919 animam.
2703 2864 3012 2919 Auferenda
3056 2872 3137 2918 est
3191 2861 3336 2916 enim
3384 2866 3732 2929 argumenta—

499 2956 838 3026 Quamquam
886 2967 1064 3010 autem
1113 2965 1165 3010 et
1212 2964 1352 3011 retro
1384 2957 1875 3028 praestruxerimus,
1903 2970 2024 3010 om-
2056 2948 2100 3026 ο
2130 2955 2262 3009 toris
2309 2954 2545 3017 occasio,
2596 2953 2686 3024 qui
2733 2955 2876 3025 quod
2924 2954 3104 3007 anima
3149 2950 3457 3006 desiderare
3484 2945 3733 3001 videatur

426 3044 516 3099 nia
541 3045 802 3098 naturalia
831 3045 1023 3099 animai
1058 3046 1170 3115 (56)
1200 3043 1309 3114 ipsi
1337 3044 1651 3099 substantiae
1685 3044 1862 3096 inesse
1895 3058 2025 3111 per-

429 3134 652 3189 tinentia
694 3134 765 3189 ad
810 3150 1026 3190 sensum
1083 3141 1137 3190 et
1180 3133 1527 3203 intellectum,
1580 3141 1632 3189 et
1676 3149 1742 3190 ex
1783 3132 2023 3205 ingenito

2133 3043 2400 3106 alimenta,
2447 3040 2606 3098 7I7
2656 3042 2782 3097 hinc
2825 3056 3042 3112 quoque
3088 3038 3376 3095 mortalem
3409 3051 3533 3092 eam
3569 3032 3731 3087 intel-

2132 3132 2225 3205 ligi
2252 3131 2420 3202 cupit,
2464 3146 2586 3201 quae
2616 3130 2752 3186 cibis
2798 3132 3145 3197 sustineatur,
3193 3126 3431 3197 denique
3460 3123 3745 3197 derOgatis

1816 3261 2008 3323 Variae
2048 3262 2359 3321 lectiones.

498 3371 523 3403 ⁸
552 3368 984 3441 Congregatione
1031 3368 1150 3424 cod.
1195 3368 1461 3439 Agobard.
1508 3367 1533 3404 9
1580 3368 1655 3441 Et
1679 3368 2005 3441 nativitatem
2067 3366 2188 3441 cod.
2230 3365 2486 3441 Agob._lo
2532 3363 2719 3441 Divisa
2785 3365 2911 3433 Ilig.
2948 3364 3084 3441 γαπ.
3116 3361 3159 3400 ¹¹
3222 3360 3560 3441 Exsplendor

444 3442 572 3497 Ven.
610 3434 1005 3495 12‘Perhibetur
1033 3443 1139 3496 alii
1167 3434 1359 3495 minus
1391 3442 1544 3495 bene.
1578 3438 1627 3475 33
1676 3442 1819 3505 Aget
1870 3440 2002 3494 Par.
2034 3438 2138 3493 alii
2167 3434 2329 3508 auget
2384 3437 2516 3491 Jun.
2578 3434 2625 3472 ¹⁴
2685 3434 3030 3489 Provocativa
3074 3451 3266 3492 omnes
3338 3437 3555 3506 praeter
3599 3434 3730 3488 Jun.

433 3512 481 3550 15
519 3512 868 3584 Delinquenti
895 3514 1028 3567 Jun.
1064 3512 1112 3549 15
1141 3512 1487 3581 PrOSpectum
1518 3512 1678 3565 Pam.
1712 3510 1885 3584 Rhen.

1815 3578 2322 3643 Commentarius.

506 3704 622 3773 (54)
660 3706 923 3760 Animam
957 3704 1275 3760 substantia
1296 3719 1542 3760 crescere
1570 3702 1891 3773 negandum
1922 3707 2026 3769 est,

434 3790 505 3830 ne
526 3778 701 3830 etiam
721 3775 1033 3831 decrescere
1052 3776 1373 3832 substantia
1385 3775 1630 3837 dicatur,
1646 3776 1817 3843 atque
1837 3776 1922 3828 ita
1942 3774 2029 3828 de-

435 3847 663 3915 fectura
699 3845 983 3900 credatur.
1035 3844 1399 3912 Augustinus:
1434 3866 1462 3915 tt
1511 3842 1727 3897 Timuit
1756 3844 2024 3906 videlicet,

438 3913 509 3969 ne
556 3913 811 3969 deﬁceret
857 3914 1013 3969 etiam
1058 3914 1350 3968 minuendo
1399 3914 1445 3969 si
1487 3921 1777 3980 cresceret,
1822 3922 1873 3967 et
1920 3930 2024 3967 non

438 3984 613 4040 timuit
640 3997 699 4038 ut
728 3984 981 4038 deﬁceret
1010 3985 1327 4040 rarescendo
1374 4001 1497 4041 cum
1535 3994 1815 4040 cresceret.
1854 4004 1877 4035 α
1921 3983 2027 4039 Sed

439 4071 563 4111 cum
592 4057 819 4110 animam
864 4056 1157 4123 Septimius
1194 4054 1391 4110 dixerit
1436 4055 1735 4109 substantia
1766 4069 1873 4110 non
1900 4071 2026 4111 cre-

438 4142 615 4190 scere,
644 4135 800 4195 atque
844 4126 920 4180 ita
966 4143 1065 4182 nec
1110 4126 1418 4181 decrescere
1468 4141 1563 4181 nec
1599 4125 1847 4192 deficere,
1898 4126 2028 4180 satis

439 4196 645 4253 cavisse
690 4197 900 4251 videtur
948 4214 1017 4251 ne
1065 4197 1385 4252 rarescendo
1431 4195 1701 4266 deficeret,
1734 4213 1852 4251 eum
1892 4198 2026 4251 sub-

440 4268 637 4322 stantia
678 4283 784 4322 non
831 4275 1079 4333 rarescat,
1134 4269 1585 4337 quemadmodum
1629 4284 1726 4323 nec
1773 4267 2025 4323 substan-

443 4338 515 4393 tia
545 4340 842 4407 decrescat,
874 4340 968 4393 sed
1016 4354 1113 4407 pro
1160 4340 1399 4410 modulo,
1425 4339 1672 4410 corporis
1710 4339 1855 4394 vires
1901 4354 2028 4410 suas

441 4420 673 4474 exserat,
716 4417 769 4465 et
815 4410 1026 4478 peculia
1070 4409 1326 4479 proferat.
1377 4408 1624 4480 Denique
1672 4425 1871 4479 corpus
1919 4408 2021 4480 aui-

442 4496 546 4534 mae
575 4480 778 4555 tribuit.
828 4481 923 4555 sed
969 4496 1166 4555 corpus
1194 4482 1277 4536 sui
1323 4479 1560 4555 generis,
1610 4481 1712 4535 hoc
1741 4487 1843 4555 est,
1875 4479 2030 4550 quale

443 4551 727 4606 conveniat
766 4551 976 4615 animas,
1036 4552 1147 4621 cui,
1208 4551 1352 4606 cum—
1384 4551 1453 4605 sit
1508 4552 1875 4621 immortalis,
1923 4564 2028 4605 non

442 4621 724 4675 conveniat
753 4621 1056 4677 substantia
1094 4619 1338 4678 crescere
1370 4628 1462 4674 aut
1518 4619 1776 4675 deﬁcere.
1834 4620 2040 4676 Verum.

443 4691 622 4746 dehis
653 4693 933 4763 hactenus,
972 4708 1199 4760 quorum
1248 4708 1355 4746 non
1397 4692 1516 4746 dies
1550 4708 1656 4746 una
1697 4691 1857 4748 faciet
1884 4707 2031 4747 com-

445 4771 596 4834 potes
625 4771 679 4816 et
703 4772 899 4827 certos,
928 4780 1049 4833 quae
1078 4765 1196 4818 Deo
1233 4764 1383 4817 sistet
1420 4763 1770 4820 immortales.
1799 4764 1922 4819 RIG.

514 4834 626 4906 (55)
652 4834 939 4906 Constitue
967 4839 1184 4889 certum
1212 4835 1432 4906 pondus
1442 4835 1577 4906 auri
1596 4834 1681 4891 vel
1701 4836 1937 4906 argenti.
1956 4833 2032 4887 De

443 4905 547 4957 hoc
596 4904 714 4974 loco
765 4905 843 4957 sic
890 4904 1267 4974 Augustinus:
1323 4924 1349 4955 ‹‹
1402 4904 1537 4973 Quis
1593 4907 1736 4960 hunc
1769 4904 2034 4960 'crederet

444 4987 566 5026 cum
611 4973 714 5047 isto
744 4975 907 5028 corde
952 4973 1065 5047 tam
1112 4975 1370 5047 disertum
1419 4991 1541 5029 esse
1590 4976 1880 5047 potuisse?
1926 4976 2032 5030 Sed

445 5044 721 5097 tremenda
767 5054 891 5099 sunt
948 5045 1069 5112 ista,
1120 5062 1228 5101 non
1290 5046 1551 5114 ridenda;
1590 5044 1674 5100 'ad
1732 5049 1834 5102 hoc
1887 5047 2031 5101 enim

442 5130 715 5188 nunquam
746 5127 1049 5184 cogeretur,
1095 5118 1139 5171 si
1186 5117 1385 5188 aliquid
1433 5119 1673 5187 cogitare
1712 5120 2030 5187 potuissent,

441 5185 588 5253 quod
616 5186 707 5251 sit,
740 5195 792 5239 et
815 5202 1008 5255 corpus
1038 5204 1144 5242 non
1177 5185 1287 5243 sit.’
1314 5187 1456 5255 Quid
1503 5185 1681 5244 autem
1715 5185 2030 5254 absurdius,

441 5272 603 5326 quam
637 5264 824 5327 putare
871 5274 1105 5313 massam
1145 5260 1447 5327 cuiuspiam
1496 5259 1699 5314 metalli
1749 5277 1813 5314 ex
1853 5259 2033 5327 aliqua

440 5338 591 5396 parte
619 5344 859 5383 crescere
894 5344 1076 5397 posse,
1124 5329 1251 5383 dum
1299 5331 1562 5394 tunditur,
1614 5330 1714 5383 nisi
1760 5332 2033 5384 decrescat

441 5415 507 5452 ex
544 5398 706 5455 altera
740 5401 934 5465 parte?
978 5400 1060 5454 vel
1107 5399 1294 5471 augeri
1342 5399 1638 5467 latitudine,
1690 5400 1793 5454 nisi
1838 5400 2032 5454 crassi-

443 5471 625 5524 tudine
672 5471 986 5525 minuatur?
1030 5478 1121 5525 aut
1167 5472 1334 5525 ullum
1381 5486 1504 5525 esse
1547 5484 1741 5538 corpus
1783 5481 2032 5525 manente

442 5549 645 5596 natura:
694 5558 807 5598 sure
862 5542 1178 5614 quantitate,
1216 5545 1359 5615 quod
1396 5542 1635 5614 undique
1656 5541 2029 5614 creSCat,.nisi

2134 3700 2414 3756 rarescat?
2446 3719 2469 3750 ι
2500 3705 2602 3755 etc.
2626 3698 2766 3769 (Lib.
2791 3714 2832 3753 x
2851 3698 2918 3757 de
2944 3700 3076 3756 Gen.
3101 3698 3174 3755 ad
3200 3698 3315 3755 litt.
3338 3715 3388 3755 c.
3413 3700 3569 3768 ult.).
3595 3700 3733 3755 Plut.

2134 3842 2179 3898 Β
2208 3771 2314 3841 (56)
2354 3772 2658 3828 Naturalia
2687 3773 2914 3828 animae.
2948 3769 3158 3827 Peculia
3187 3770 3415 3840 scilicet,
3449 3779 3510 3826 ut
3545 3787 3731 3839 supra.

2185 3858 2267 3897 ια.

2185 3858 2267 3897 IG.

2207 3915 2334 3993 (5⁸7).
2355 3913 2461 3969 Nec
2488 3914 2620 3993 quia
2639 3914 2778 3993 jura
2805 3912 3018 3993 civilia,
3053 3912 3261 3993 Rerum.
3298 3925 3518 3993 suarum
3557 3910 3736 3965 admi-

2134 3982 2511 4039 nistrationem
2545 3982 2760 4056 legibus
2803 3984 3049 4038 civilibus
3098 3982 3596 4056 impubes_hahere
3628 3996 3738 4036 non

2136 4062 2364 4126 poterat.
2413 4070 2585 4126 neque
2607 4053 3011 4126 testamentum
3053 4057 3312 4108 condere.
3357 4053 3598 4126 Tempus
3640 4070 3736 4107 au-

2137 4124 2241 4181 tem
2290 4124 2585 4196 pubertatis
2620 4125 2872 4198 definitur
2910 4126 2947 4179 1.
2982 4140 3021 4193 ι,
3052 4142 3089 4180 a
3116 4140 3227 4195 qua
3257 4127 3425 4179 (etate
3454 4128 3503 4177 1.
3536 4124 3603 4178 D.
3642 4126 3741 4198 qui

2139 4195 2367 4252 testam.
2392 4199 2503 4267 fac.
2531 4213 2675 4267 poss.
2709 4195 2784 4251 LE
2806 4196 2905 4250 Pa.

2207 4268 2321 4337 (58)
2347 4264 2734 4323 communicat
2762 4268 3064 4337 placitum.
3112 4267 3228 4321 Jam
3268 4264 3540 4322 communi
3585 4281 3739 4321 com—-

2138 4338 2291 4408 plexu
2315 4349 2368 4392 et
2386 4338 2770 4393 commistionis
2797 4337 3071 4405 cupidine.
3104 4338 3228 4392 Rm.

2207 4409 2326 4481 (59)
2359 4412 2426 4464 Et
2455 4410 2728 4481 intelligit
2746 4426 2868 4481 quae
2887 4410 3026 4463 sint.
3057 4409 3174 4462 lam
3205 4415 3429 4481 uterque
3458 4422 3625 4481 sexus
3646 4406 3738 4461 in—

2140 4480 2328 4551 telligit
2374 4495 2495 4550 qua:
2542 4479 2635 4534 illa
2680 4478 3107 4551 sitit_agere_et
3156 4480 3266 4551 pati
3313 4488 3462 4551 nata.
3525 4478 3737 4551 Desunt

2140 4548 2418 4620 utriusque
2463 4566 2627 4605 sexus
2669 4548 2954 4607 vocabula.
2979 4549 3073 4620 _Et
3112 4548 3379 4605 cOnsimili
3423 4548 3734 4617 aposiopesi

2137 4628 2292 4690 turpe
2321 4618 2537 4675 verbum
2570 4621 2796 4677 involvit
2823 4623 2924 4675 sub
2966 4618 3129 4674 ﬁnem
3161 4620 3282 4675 libri
3309 4620 3585 4676 adversus
3629 4621 3734 4674 Va—

2141 4693 2506 4749 lentinianos.
2541 4691 2667 4745 RtG.

2209 4765 2316 4831 (60)
2355 4764 2515 4819 Fines
2561 4777 2689 4817 suos
2743 4761 2815 4816 ad
2862 4762 3045 4817 instar
3088 4762 3348 4829 ﬁculnea:
3388 4764 3741 4832 contagionis

2137 4835 2428 4905 prurigine
2468 4833 2734 4902 accingit.
2783 4832 3060 4905 Significat
3098 4835 3307 4905 pubem,
3341 4841 3412 4905 _et
3449 4842 3651 4905 caetera
3689 4833 3741 4885 in

2137 4901 2366 4972 corpore
2402 4901 2646 4957 humano
2672 4901 3119 4973 spatia'contecta
3167 4903 3423 4958 velamine
3469 4901 3739 4958 ﬁculneo-

2139 4990 2256 5029 rum
2308 4972 2898 5045 περιζωμάτωνμρυειεὶ
2959 4974 3115 5045 primi
3171 4983 3443 5044 parentes,
3496 4977 3745 5029 Adamus

2138 5055 2190 5098 et
2219 5047 2349 5108 Eva,
2385 5062 2591 5115 ungues
2620 5061 2791 5115 usque
2838 5046 2904 5098 ad
2952 5056 3218 5100 extremos
3251 5046 3742 5115 perpruriscereut,

2140 5132 2263 5170 cum
2294 5134 2353 5171 ex
2389 5116 2659 5187 ﬁcufolia
2704 5132 2975 5187 carpsere,
3020 5126 3180 5185 atque
3211 5118 3338 5171 inde
3367 5126 3539 5171 totam
3573 5119 3743 5187 arbo-

2142 5204 2249 5240 rem
2308 5189 2452 5241 virus
2504 5186 2766 5252 infecerit,
2798 5186 2969 5242 succi
3001 5187 3267 5256 videlicet,
3326 5188 3441 5241 sive
3492 5186 3747 5243 humoris

2141 5258 2282 5313 illius
2309 5258 2565 5327 exalhidi,
2625 5274 2781 5327 quem
2839 5260 2904 5312 de
2960 5257 3126 5312 fracta
3176 5259 3275 5312 licu
3324 5258 3528 5313 stillare
3566 5264 3749 5314 cerni-

2140 5345 2277 5384 mus.
2332 5329 2419 5384 Sic
2467 5329 2562 5383 lib.
2613 5334 2678 5382 de
2726 5329 3013 5385 Pudicitia
3040 5350 3057 5385 :
3094 5351 3118 5379 ‹‹
3152 5330 3331 5400 Facile
3363 5331 3491 5400 quid
3524 5331 3746 5399 specio-

2138 5417 2254 5454 sum
2302 5401 2505 5455 viderat
2563 5400 2979 5471 concupiscens,
3031 5409 3084 5456 et
3133 5401 3201 5454 ad
3257 5399 3508 5455 inferiora
3566 5403 3743 5471 respi-

2135 5472 2304 5598 ﬁiens,
2352 5481 2408 5527 et
2463 5472 2529 5526 de
2557 5469 2805 5526 ﬁculneis
2849 5470 2989 5526 foliis
3034 5472 3364 5545 pruriginem
3408 5469 3676 5528 retinens;
3713 5492 3731 5521 ι

2190 5558 2265 5598 ια.

2190 5558 2265 5598 ια.
