4016 6188
247 293 349 356 761

1601 291 1795 356 LIBER
1833 291 1919 354 DE
1957 291 2186 357 ANIMA.

3435 293 3546 363 76‘2

247 423 326 483 eis
355 421 652 496 evigescat,
685 427 962 494 postremo
991 417 1312 478 substractis
1331 417 1642 478 intercidat.
1673 420 1846 479 Porro
1875 437 1922 516 Α
1950 419 2227 490 invitatus,
2263 419 2428 481 "8
2451 429 2558 481 tota
2577 419 2669 479 illa
2688 421 2957 496 puerperii
2977 424 3358 498 superstitione
3407 425 3542 496 (6t).

248 529 360 570 non
390 513 566 569 solum
611 511 1024 583 proponendum
1057 521 1141 567 est
1167 511 1416 583 quisnam
1462 527 1526 567 ea
1555 511 1843 576 desideret,

248 604 343 660 sed
375 609 429 659 et
465 603 583 669 cui;
615 608 671 656 et
724 601 770 658 si
800 596 1031 674 propter
1059 616 1140 666 se,
1176 601 1274 656 sed
1301 610 1354 657 et
1381 616 1497 667 cur,
1529 610 1583 657 et
1609 601 1844 675 quando,

249 702 304 748 et
339 707 577 763 quonam
604 706 815 764 usque;
847 699 960 745 tum
1008 689 1159 761 quod
1205 689 1350 746 aliud
1394 697 1580 746 natura
1625 691 1846 747 deside-

249 792 333 838 ret
366 780 433 848 ιτ,
466 779 609 835 aliud
651 778 989 845 necessitate,
1022 778 1164 834 aliud
1194 779 1488 835 secundum
1536 781 1845 852 proprieta-

249 881 382 937 tem,
416 867 559 924 aliud
593 865 647 922 in
698 883 938 924 causam.
972 867 1306 922 Desiderabit
1351 867 1515 941 igitur
1543 868 1694 924 cibos
1723 868 1844 924 ani-

248 976 354 1026 ma,
391 957 496 1015 sibi
548 957 765 1030 quidem
813 974 878 1012 ex
907 972 1072 1012 causa
1114 956 1466 1022 necessitatis,
1514 957 1659 1013 carni
1716 974 1846 1015 vero

249 1065 316 1105 ex
347 1055 544 1104 natura
591 1046 958 1120 pr0prietatis.
1003 1046 1163 1103 Certe
1226 1047 1368 1102 enim
1417 1046 1611 1102 domus
1653 1048 1846 1102 animae

247 1150 376 1192 caro
421 1141 526 1203 est,
590 1142 644 1189 et
696 1133 989 1204 inquilinus
1046 1133 1220 1190 carnis
1256 1134 1453 1191 anima.
1510 1134 1848 1191 Desiderabit

247 1225 433 1294 itaque
492 1220 814 1296 inquilinus,
873 1238 942 1278 ex
995 1236 1153 1278 causa
1200 1230 1256 1279 et
1309 1221 1626 1280 necessitate
1679 1224 1847 1294 hujus

249 1309 509 1376 nominis,
569 1307 848 1380 profutura
909 1309 1113 1380 domui,
1166 1317 1279 1366 toto
1345 1312 1697 1383 inquilinatus
1761 1312 1846 1369 sui

247 1409 522 1471 tempore;
560 1415 666 1456 non
715 1402 776 1454 ut
825 1399 941 1471 ipse
988 1400 1402 1467 substruendus,
1454 1417 1556 1456 nec
1621 1409 1678 1457 ut
1729 1401 1847 1473 ipse

246 1487 561 1545 loricandus
590 1489 658 1557 18,
686 1504 791 1545 nec
844 1495 900 1543 ut
929 1487 1047 1559 ipse
1089 1488 1477 1559 tibicinandus;
1519 1491 1613 1546 sed
1643 1497 1846 1546 tantum

247 1578 414 1634 modo
461 1577 823 1635 continendus
856 1595 869 1635 :
904 1579 1032 1650 quia
1083 1595 1190 1635 non
1227 1580 1380 1636 aliter
1416 1581 1682 1638 contineri
1711 1595 1845 1650 pos-
1878 1612 1921 1689 Β

251 1667 311 1689 ,ε.
379 1684 526 1689 μημ-
576 1669 730 1689 μμ,
1777 1669 1816 1689 .-

247 1667 335 1734 sit,
369 1684 533 1740 quam
570 1669 735 1724 domo
782 1667 934 1724 fulta.
979 1669 1237 1742 Alioquin
1283 1670 1463 1728 licebit
1518 1673 1731 1737 animae,
1765 1669 1848 1726 di-

248 1755 402 1827 lapsa
449 1757 634 1828 domo,
681 1773 747 1813 ex
777 1757 1132 1815 destitutione
1177 1759 1518 1832 prOpriorum
1568 1761 1844 1818 subsidio-

254 1862 379 1902 rum
433 1845 685 1902 incolumi
741 1846 910 1913 abire,
961 1848 1172 1903 habenti
1224 1864 1321 1904 sua
1369 1847 1724 1916 ﬁrmamenta,
1794 1859 1846 1905 et

257 1935 496 2005 propria;
551 1936 868 1992 conditionis
917 1935 1196 2006 alimenta,
1227 1937 1646 2006 immortalitem,
1679 1937 1844 1994 ratio-

248 2023 548 2089 nalitatem,
602 2024 1022 2094 sensualitatem,
1064 2026 1602 2098 intellectualitatem,
1635 2027 1846 2084 arbitrii

245 2110 576 2169 libertatem.

781 2247 1004 2305 CAPUT
1044 2249 1314 2307 XXXIX.

313 2376 448 2446 Quae
475 2379 655 2436 omnia
682 2380 936 2437 nativitus
992 2381 1188 2438 animae
1218 2383 1452 2453 conlata,
1482 2381 1630 2438 idem
1661 2380 1756 2453 qui
1791 2382 1843 2436 in

247 2467 548 2538 primordio
607 2469 818 2536 invidit,
850 2487 996 2526 nunc
1048 2487 1266 2544 quoque
1327 2473 1615 2528 obumbrat
1678 2479 1843 2543 atque

249 2555 527 2624 depravat,
598 2559 891 2629 quominus
942 2568 1034 2614 aut
1089 2561 1229 2616 ultro
1290 2560 1708 2634 prospiciantur,
1753 2566 1843 2614 aut

246 2660 352 2716 qua
417 2653 634 2716 oportet
699 2647 1166 2703 administrentur.
1207 2647 1308 2704 Cui
1373 2648 1514 2704 enim
1555 2647 1840 2704 hominum

247 2748 353 2787 non
435 2735 740 2791 adhaerebit
797 2736 1020 2808 spiritus
1074 2753 1326 2810 nequam,
1378 2737 1446 2792 ab
1507 2738 1624 2808 ipsa
1679 2737 1840 2792 etiam

241 2823 410 2892 janua
437 2824 737 2882 nativitatis
789 2825 998 2882 animas
1029 2827 1076 2866 19
1121 2827 1572 2898 aucupabundus,
1603 2826 1688 2883 vel
1729 2843 1839 2899 qua

1955 511 2035 568 Ita
2093 528 2283 571 omnes
2344 512 2653 571 idololatria
2705 512 2991 570 obstetrice
3046 525 3358 588 nascuntur,
3416 517 3542 572 dum

1953 600 2080 672 ipsi,
2114 603 2290 659 adhuc
2336 604 2473 660 uteri
2504 603 2690 660 infulis
2735 602 2876 675 apud
2903 602 3048 659 idola
3095 605 3350 660 confectis
3401 607 3544 662 redi-

1952 689 2094 755 miti,
2135 692 2405 764 genimina
2452 709 2549 748 sua
2595 693 2982 748 daemoniorum
3029 694 3312 749 candidata
3376 695 3545 766 profi-

1956 787 2164 849 tentur;
2198 780 2327 836 dum
2371 781 2426 836 in
2460 790 2618 854 partu
2664 782 2880 837 Lucinae
2909 781 3019 852 (62)
3055 791 3107 836 et
3162 782 3342 837 Dianae
3369 785 3546 853 ejula-

1954 875 2070 934 tur;
2100 869 2232 924 dum
2261 887 2360 942 per
2384 877 2547 925 totam
2579 869 2970 926 hebdomadam
2988 871 3186 925 Junoni
3220 887 3401 926 mensa
3431 872 3546 943 (63)

1953 959 2298 1026 preponitur;
2332 959 2462 1012 dum
2511 958 2700 1014 ultima
2731 958 2817 1014 die
2861 958 3000 1014 facta
3029 960 3320 1016 scribunda
3377 959 3546 1016 advo-

1951 1052 2144 1102 cantur
2172 1046 2248 1111 ²⁰;
2281 1046 2411 1102 dum
2443 1047 2617 1120 prima
2663 1048 2824 1103 etiam
2872 1047 3181 1104 constitutio
3230 1048 3276 1087 ²ι
3324 1046 3548 1104 infantis

1953 1149 2114 1204 super
2143 1142 2338 1190 terram
2395 1135 2616 1192 Statinre
2659 1137 2774 1192 deae
2819 1153 3029 1192 sacrum
3087 1143 3170 1192 est
3226 1137 3359 1210 (64).
3409 1139 3546 1209 Quis

1952 1237 2062 1278 non
2104 1223 2296 1280 exinde
2327 1231 2418 1280 aut
2465 1233 2636 1282 totum
2668 1225 2764 1280 ﬁlii
2792 1233 2950 1294 caput
2997 1226 3168 1283 reatui
3197 1235 3357 1283 vovet
3402 1227 3544 1299 (65),

1951 1321 2046 1366 aut
2099 1312 2333 1384 aliquem
2379 1314 2576 1385 excipit
2604 1317 2806 1371 crinem
2852 1314 2986 1386 (66),
3017 1323 3109 1371 aut
3155 1323 3268 1372 tota
3303 1317 3352 1354 ²²
3381 1331 3546 1372 nova-

1953 1401 2072 1457 cula
2099 1412 2370 1474 prosecat,
2422 1414 2516 1460 aut
2543 1403 2806 1460 sacriﬁcio
2849 1405 3071 1479 obligat,
3105 1415 3195 1462 aut
3257 1422 3410 1463 sacro
3439 1407 3542 1462 ob-

1955 1489 2149 1561 signat,
2184 1508 2284 1562 pro
2313 1494 2553 1565 gentica,
2583 1509 2684 1565 pro
2713 1493 2874 1557 avita,
2910 1509 3011 1565 pro
3037 1494 3254 1564 publica
3305 1505 3396 1550 aut
3425 1497 3542 1564 pri-

1953 1587 2079 1634 vata
2105 1579 2391 1635 devotione
2419 1581 2574 1651 (67)?
2604 1582 2693 1636 Sic
2722 1581 2888 1653 igitur
2927 1591 2980 1637 et
3010 1582 3285 1639 Socratem
3317 1599 3542 1653 puerum

1953 1665 2132 1724 adhuc
2177 1667 2406 1740 spiritus
2435 1667 2767 1724 daemonicas
2813 1669 3036 1724 invenit.
3069 1670 3160 1726 Sic
3203 1681 3254 1726 et
3295 1672 3547 1727 omnibus

1953 1755 2097 1826 genii
2126 1754 2479 1828 deputantur,
2507 1756 2652 1829 quod
2683 1757 2988 1813 daemonum
3035 1774 3234 1814 nomen
3261 1767 3360 1815 est.
3393 1761 3546 1816 Adeo

1955 1844 2099 1899 nulla
2146 1844 2318 1901 ferme
2367 1845 2619 1902 nativitas
2672 1845 2872 1900 munda
2909 1853 3007 1911 est,
3050 1846 3240 1916 utique
3295 1847 3546 1904 ethnico-

1953 1949 2093 1989 rum.
2125 1935 2262 1990 Hinc
2315 1933 2458 1990 enim
2509 1939 2565 1992 et
2607 1935 2884 2003 Apostolis
2921 1949 2988 1990 ex
3031 1935 3366 1992 sanctiﬁcata
3418 1937 3548 1993 alte-

1955 2031 2106 2080 rutro
2154 2041 2284 2080 sexu
2323 2035 2540 2080 sanctos
2605 2024 2874 2094 procreari
2920 2025 3014 2096 ait,
3049 2032 3154 2080 tam
3211 2041 3278 2082 ex
3315 2025 3547 2081 seminis

1951 2113 2312 2185 praerogativa
2358 2114 2427 2180 33,
2481 2102 2650 2185 quarti
2699 2127 2766 2168 ex
2812 2112 3168 2170 institutionis
3215 2111 3542 2183 disciplina:

1961 2202 2260 2272 Caeterum,
2294 2201 2470 2274 inquit
2501 2203 2546 2272 (l
2579 2202 2702 2259 Cor.
2734 2217 2832 2266 vn,
2869 2204 2978 2272 14),
3009 2201 3299 2259 immundi
3343 2218 3546 2259 nasce-
3591 2201 3596 2204 ’

1953 2295 2192 2358 rentur;
2249 2291 2401 2362 quasi
2428 2291 2746 2363 designatos
2794 2300 2971 2348 tamen
3009 2290 3300 2356 sanctitati,
3333 2308 3397 2349 ac
3453 2307 3548 2362 per

1953 2378 2056 2434 hoc
2085 2379 2242 2435 etiam
2276 2379 2450 2446 saluti,
2483 2378 2715 2453 intelligi
2743 2379 2933 2436 volens
2954 2379 3193 2436 fidelium
3221 2379 3366 2436 ﬁlios
3393 2381 3540 2452 (68);

1951 2475 2012 2522 ut
2039 2468 2200 2539 hujus
2229 2467 2344 2541 spei
2376 2468 2603 2540 pignore
2626 2470 2675 2506 24
2705 2469 3080 2536 matrimoniis,
3111 2485 3233 2540 quae
3263 2469 3546 2524 retinenda

1949 2564 2247 2622 censuerat,
2304 2555 2732 2627 patrocinaretur
2779 2556 2849 2611 2⁵.
2909 2555 3166 2626 Alioquin
3226 2558 3546 2612 meminerat

1947 2645 2244 2702 Dominicis
2281 2644 2614 2701 definitionis
2643 2647 2830 2715 (Joan.
2871 2647 2952 2713 ιιι)
2986 2665 3000 2702 :
3033 2645 3154 2702 Nisi
3199 2647 3326 2719 quis
3349 2663 3544 2703 nasce-

1949 2739 2050 2790 tur
2079 2753 2152 2792 eat
2171 2753 2318 2807 aqua
2347 2739 2403 2792 et
2435 2737 2668 2807 spiritu,
2703 2751 2816 2792 non
2845 2735 2946 2791 ibit
2980 2737 3043 2792 in
3064 2752 3305 2808 regnum
3342 2737 3464 2804 Dei,
3489 2735 3543 2792 id

1945 2831 2048 2893 est,
2079 2841 2188 2879 non
2217 2824 2318 2879 erit
2357 2829 2579 2879 sanctus
2610 2823 2743 2892 (69).

322 2998 381 3076 νζ
423 2999 578 3076 Aliud
611 3011 706 3076 est
758 3013 946 3059 natura
972 3003 1281 3076 oesiderari
1328 3008 1497 3061 Fran.
1555 2925 1838 3076 Gayrirlﬁ
1867 2927 2226 3076 133353136;
2263 2999 2774 3076 FranLWLAnimae.
2809 3001 2953 3076 tua.
2983 3001 3042 3076 2_0_
3079 3000 3378 3076 Scribundo
3406 3001 3538 3056 Jun.

246 3071 291 3144 2}
341 3070 730 3144 constitutione
787 3077 918 3133 Jun.
967 3074 1018 3113 ²²
1070 3076 1260 3134 Totum
1305 3078 1440 3133 Jun.
1473 3077 1522 3115 ³³
1566 3070 1909 3133 Procreativa
1941 3074 2034 3130 lib.
2096 3073 2363 3144 Agobard.
2412 3072 2461 3110 24
2518 3071 2748 3140 Pignora
2805 3073 3047 3128 Seml.25
3078 3073 3542 3128 Patrocinarentur

243 3140 416 3197 Seml.

1644 3218 2144 3282 Commentarius.

269 3389 281 3400 ,
315 3320 432 3389 (61)
473 3322 605 3400 Tgta
630 3323 734 3378 illa
760 3326 1055 3400 puerperii
1083 3326 1512 3400 superstitione.
1561 3324 1833 3400 Supersti-

248 3393 445 3465 tionem
504 3393 645 3446 illam
697 3393 775 3450 et'
807 3393 1087 3465 gen—tilium
1133 3393 1523 3451 absurditatem
1578 3393 1833 3452 describit

241 3459 566 3538 S._Aug_ust.
599 3479 718 3538 cap.
769 3459 855 3528 2i,
900 3467 999 3538 lib.
1044 3483 1124 3530 iv,
1166 3469 1232 3523 de
1274 3468 1384 3538 Civ.
1420 3466 1481 3520 In
1540 3467 1831 3538 puerperio

239 3531 387 3588 enim
419 3531 549 3608 deos
605 3531 1301 3608 ad‘vocabantiinnumeros
1343 3531 1623 3608 deasque:
1664 3531 1830 3594 Luci-

235 3618 387 3674 nam,
441 3603 635 3674 Opem,
699 3608 864 3661 deum
920 3607 1272 3674 Vagicanum,
1333 3603 1508 3663 deam_
1544 3609 1828 3674 Cuninam,

233 3673 548 3746 ﬁuminam,
614 3678 906 3742 Adeonam,
972 3673 1271 3741 Abeonam.
1322 3679 1480 3734 deum
1544 3679 1826 3746 Statilium,

233 3745 592 3824 .Vplumnum,
639 3748 793 3802 deam
838 3750 1178 3824 Yolumnam,
1220 3751 1461 3822 aliosque
1507 3751 1576 3806 de
1632 3745 1828 3823 quibus

234 3814 329 3870 hic
357 3817 519 3872 silere
548 3833 701 3872 mens
731 3826 832 3874 est.
866 3821 941 3875 Le
971 3821 1070 3876 Pa.

310 3888 412 3956 (62)
445 3890 588 3943 Dum
617 3890 681 3945 in
723 3895 900 3960 partu
930 3894 1177 3949 Lucinae.
1221 3891 1423 3947 Lucina
1451 3892 1524 3946 ita
1554 3894 1715 3960 dicta,
1750 3893 1827 3948 uti

233 3972 399 4026 supra
429 3974 550 4034 cap.
597 3962 666 4014 37
696 3961 849 4034 dixit
895 3963 1116 4034 Auctor,
1161 3963 1305 4034 quod
1350 3963 1606 4032 producat
1651 3964 1706 4018 in
1747 3963 1829 4034 lu-

235 4043 378 4108 cem.
430 4030 804 4108 l‘lucpertinet
845 4033 990 4108 quod
1020 4030 1192 4108 habet
1225 4036 1292 4108 ρ.
1340 4030 1678 4108 Augustinus
1722 4033 1825 4108 lib.

235 4113 294 4178 iv
323 4099 391 4156 de
425 4099 589 4178 civit;
620 4104 730 4168 Dei,
750 4099 878 4172 cap:
902 4107 1067 4178 43:1
1109 4103 1309 4178 Lucina
1334 4099 1502 4178 quies
1533 4105 1829 4178 parturien-

239 4169 385 4243 tibus
444 4171 758 4243 invocetur;
817 4169 846 4223 Ξ)
904 4182 957 4228 et
1013 4174 1143 4229 illud
1201 4169 1434 4229 Terentii
1475 4169 1547 4228 in'
1581 4175 1823 4229 Andria:

245 4258 273 4288 α
313 4239 451 4314 Juno
503 4244 723 4309 Lucina,
749 4239 856 4299 'fer
887 4261 1066 4314 opem.
1109 4264 1136 4295 n
1172 4246 1364 4300 Cicero
1429 4245 1591 4311 enim,
1625 4246 1667 4299 si
1711 4245 1825 4299 Vivi

241 4310 494 4380 creditur,
543 4323 597 4368 et
635 4310 1000 4370 Junonem'et
1064 4317 1291 4371 Dianam
1340 4316 1504 4372 fuisse
1570 4316 1828 4372 Lucinam

234 4384 560 4458 appellatam
607 4386 792 4458 scribit
835 4386 1053 4451 alicubi,
1088 4402 1185 4458 pro
1212 4401 1324 4458 quo
1365 4385 1492 4442 facit
1518 4387 1827 4456 conjuncdo

235 4456 317 4514 et,
348 4452 437 4507 hic
465 4455 802 4510 intermedia.
835 4458 972 4512 PAM.

309 4524 427 4589 (63)
447 4527 589 4580 Dum
616 4543 719 4598 per
750 4531 927 4582 totam
963 4529 1362 4585 hebdomadam
1409 4531 1618 4586 Iunoni
1663 4543 1828 4584 men-

229 4608 316 4660 sa,
341 4604 447 4650 etc.
477 4597 720 4652 Tibullus
747 4599 814 4653 de
842 4600 1006 4653 natali
1034 4602 1061 4654 ,Ι
1071 4617 1247 4656 unone
1283 4618 1295 4654 :

452 4709 645 4758 Natalis
663 4710 812 4772 Juno,
830 4719 1033 4764 sanctos
1058 4728 1177 4776 cape
1204 4714 1366 4764 thuris
1386 4728 1610 4765 acervos.

230 4803 466 4885 Videtur
487 4806 686 4892 itaque,
720 4809 875 4892 sicuti
892 4810 1102 4892 genius,
1137 4811 1387 4892 ita_etiam
1414 4814 1609 4892 Junoni
1632 4831 1826 4892 mensa

222 4881 470 4958 proponi
506 4881 702 4958 solere.
749 4881 916 4958 Sicuti
949 4881 1114 4958 enim,
1153 4883 1231 4937 uti
1275 4901 1399 4958 mox
1424 4887 1668 4958 adjungit
1716 4890 1824 4940 Au-

219 4956 368 5009 ctor,
402 4949 656 5006 omnibus
683 4953 832 5021 genii
859 4953 1306 5023 deputabuntur,
1341 4955 1414 5010 ita
1467 4949 1625 5010 e'tiarii
1655 4958 1823 5013 Juno-

219 5031 364 5096 nes;
397 5025 797 5096 controhquam
841 5024 1080 5078 sentiunt
1109 5026 1350 5094 quidam,
1403 5027 1493 5096 qui
1550 5029 1676 5082 viris
1725 5046 1825 5096 ge-

217 5089 367 5154 nios,
403 5089 726 5146 mulieribus
765 5094 1002 5148 Junones
1031 5089 1244 5150 attribui
1293 5089 1500 5152 volunt.
1539 5099 1638 5153 Pro
1671 5089 1824 5154 nobis

217 5169 376 5240 certe
403 5159 532 5239 facit
568 5161 700 5240 illud
733 5163 891 5240 Plinii
922 5165 1019 5240 lib1
1056 5181 1094 5240 ις
1129 5186 1141 5219 :
1180 5186 1206 5217 α
1246 5167 1382 5222 Cum
1411 5169 1611 5240 singuli
1641 5185 1706 5223 ex
1738 5187 1826 5224 se-

217 5229 499 5321 ngetipsisj
535 5232 760 5321 totidem
813 5236 1210 5321 deosnfaciant,
1254 5240 1448 5321 genios
1483 5229 1826 5321 jiinonesque

216 5299 540 5379 adoptando
581 5305 714 5374 sibi;
761 5327 786 5379 ξ
822 5315 875 5359 et
923 5305 1056 5361 illud
1086 5299 1306 5363 Seneca}
1353 5299 1545 5363 alicu'bi
1579 5329 1592 5365 :
1632 5331 1656 5361 α
1698 5299 1823 5367 Sin-

218 5371 544 5448 gulisenim
577 5384 627 5429 et
666 5371 885 5448 genium
914 5387 967 5432 et
1005 5379 1270 5433 lunonem
1302 5381 1581 5436 dederunt.
1630 5402 1655 5432 ιο
1687 5385 1822 5438 Pan.

300 5441 420 5519 (65)
458 5441 705 5519 statim}:
726 5448 851 5519 ideae
885 5465 1116 5506 sacrum
1146 5454 1249 5506 est.
1284 5451 1422 5519 Ejus
1462 5453 1702 5508 meminit
1730 5455 1823 5510 lib.

213 5513 298 5568 ad
331 5515 464 5571 Nat.
513 5517 558 5571 Il
593 5535 607 5571 :
644 5540 670 5566 ι
715 5518 994 5575 Statuendi
1041 5521 1257 5576 infantis
1299 5513 1533 5578 S'tatina.
1565 5543 1592 5574 η
1646 5525 1826 5580 Habe-

215 5583 358 5639 bant
416 5595 476 5642 et
525 5597 728 5645 stantes
773 5589 938 5646 deum
993 5592 1321 5663 Statilinum,
1377 5595 1532 5665 cujus
1584 5595 1828 5652 meminit

1936 3319 2278 3402 Augustinus
2305 3319 2442 3374 libro
2471 3335 2526 3374 tv
2553 3319 2621 3376 de
2653 3321 2891 3402 civitate
2912 3322 3182 3402 DeiLAcap.
3217 3323 3306 3402 2_i.
3342 3322 3538 3402 Statili:

1940 3392 2065 3447 num
2113 3402 2164 3447 et
2213 3393 2490 3447 Statanum
2541 3393 2799 3463 praesides
2855 3392 3174 3461 puerilitatis
3228 3392 3363 3447 deos
3393 3394 3534 3463 apud

1939 3463 2174 3518 Nonium
2203 3479 2268 3516 ex
2301 3463 2540 3517 Varrone
2573 3462 2816 3532 legimus.
2852 3465 2975 3518 Βία.

2009 3534 2127 3605 (65)
2156 3536 2266 3589 Aut
2297 3538 2480 3591 totum
2505 3533 2616 3602 ﬁlii
2644 3539 2815 3605 caput
2851 3533 3041 3590 reatui
3083 3537 3259 3590 vovet.
3292 3532 3407 3589 Hoc
3432 3539 3535 3599 est,

1937 3605 2279 3662 idololatriae.
2313 3605 2438 3660 Rm.

2010 3677 2126 3747 (66)
2146 3676 2344 3748 (Caput
2371 3675 2564 3730 reatui
2582 3680 2758 3748 vovet,
2781 3679 2886 3730 aut
2915 3675 3172 3748 aliquem
3185 3675 3399 3748 excipit
3425 3690 3536 3748 cri-

1936 3745 2086 3805 nem.
2138 3745 2335 3803 Votum
2385 3754 2468 3800 est
2522 3747 2665 3816 quod
2712 3745 2765 3799 in
2811 3745 3087 3814 Apaturiis
3144 3745 3275 3816 fieri
3309 3745 3532 3800 solebat.

1937 3819 2142 3872 Triduo
2183 3817 2441 3887 Apaturia
2484 3816 2753 3871 durabant
2798 3833 2811 3872 :
2856 3817 3036 3887 primo
3083 3816 3170 3887 die
3215 3815 3528 3871 adornaba-

1937 3897 2024 3943 tur
2061 3886 2401 3953 convivium;
2457 3887 2694 3944 secundo
2748 3886 2980 3957 peractis
3036 3886 3224 3953 sacris,
3280 3903 3412 3957 puer
3467 3889 3534 3942 ad

1937 3975 2086 4014 aram
2118 3960 2440 4025 ducebatur;
2475 3957 2631 4013 tertio
2665 3959 2970 4014 referebant
3021 3958 3074 4012 in
3106 3960 3284 4013 album
3316 3958 3533 4014 civium.

1937 4031 2124 4086 Adisis
2143 4031 2475 4084 Herodotum
2491 4029 2544 4082 in
2581 4029 2698 4084 Vita
2727 4030 2976 4094 Homeri;
3011 4030 3097 4085 hic
3125 4032 3343 4088 crinem
3373 4032 3536 4087 exei-

1933 4104 2039 4172 pit,
2075 4101 2385 4174 nihilaliud
2408 4100 2951 4174 innuitquam_ritum
2981 4112 3227 4156 veterum
3257 4117 3365 4172 quo
3393 4117 3532 4174 pue-

1937 4171 2118 4226 rorum
2149 4171 2328 4225 crines
2356 4171 2740 4225 detondebant.
2771 4172 2847 4225 Le
2883 4173 2977 4226 PR.

2009 4244 2121 4310 (67)
2155 4244 2263 4295 Pro
2291 4242 2515 4312 gentica
2536 4241 2842 4312 devotione.
2876 4240 3155 4296 Genticam
3183 4241 3530 4295 devotionem

1936 4311 2065 4366 dicit
2113 4313 2566 4383 quemadmodum
2616 4311 2833 4366 Tacitus
2859 4327 3065 4367 morem
3104 4313 3404 4383 genticum,
3432 4312 3528 4366 lib.

1939 4399 1993 4438 vr
2022 4383 2228 4439 Annal.
2264 4382 2386 4437 ille.

2013 4457 2124 4523 (68)
2158 4454 2327 4520 Quasi
2348 4453 2672 4524 designatos,
2689 4456 2884 4524 tamen
2904 4453 3207 4507 sanctitati
3227 4468 3293 4524 ac
3311 4469 3414 4523 per
3433 4456 3532 4512 hoc

1941 4527 2116 4580 etiam
2126 4526 2307 4579 saluti
2329 4523 2574 4595 intelligi
2585 4523 2776 4595 volens
2788 4523 3047 4595 ﬁdelium
3061 4523 3223 4589 ﬁlios.
3240 4523 3351 4576 lloc
3362 4542 3534 4595 genus

1941 4597 2192 4665 parvulos
2213 4594 2433 4664 intelligi
2463 4593 2634 4665 voluit
2653 4592 2792 4646 libro
2814 4593 2880 4648 de
2910 4595 3215 4664 Baptismo,
3238 4592 3533 4665 cum'bap-

1943 4664 2084 4722 tismi
2116 4666 2515 4722 cunctationem
2546 4664 2813 4719 utiliorem
2864 4678 2984 4718 esse
3013 4666 3106 4732 ait,
3144 4666 3416 4732 praecipue
3447 4664 3526 4719 ta-

1863 4723 1907 4800 Ι]
1942 4755 2068 4793 men
2097 4739 2242 4793 circa
2276 4737 2549 4806 parvulos.
2599 4733 2814 4806 Etenim
2844 4735 3063 4806 subjicit
3095 4723 3107 4786 Ξ
3145 4723 3174 4784 ξι
3215 4723 3356 4801 Quid
3386 4733 3533 4790 festi-

1938 4819 2029 4863 nat
2084 4804 2343 4863 innocens
2392 4816 2521 4861 tetas
2565 4807 2633 4857 ad
2665 4804 3042 4860 remissionem
3082 4805 3462 4876 peccatorum?
3504 4828 3527 4855 ι)

1935 4882 2060 4935 Rm.
2094 4909 2164 4921 —
2194 4879 2399 4933 lsthinc
2427 4877 2722 4947 sumpsisse
2745 4876 2962 4932 videtur
2990 4876 3356 4947 Hieronymus
3383 4877 3528 4945 quod

1934 4967 1997 5005 ex
2031 4951 2183 5005 libris
2211 4951 2277 5006 de
2309 4945 2652 5019 Monogumia
2681 4947 2875 5019 citavit,
2892 4947 3066 5017 Epist.
3101 4949 3164 5000 ad
3201 4945 3480 5001 Paulinum
3514 4965 3527 5001 :

1933 5022 2024 5076 ubi
2075 5030 2251 5075 tamen
2284 5037 2379 5090 pro
2408 5018 2734 5090 designatis,
2777 5018 2905 5090 dicit
2934 5019 3264 5076 candidatos
3296 5019 3442 5081 lidei,
3479 5030 3530 5073 et

1933 5092 2092 5147 nullis
2121 5089 2442 5146 idololatriae
2473 5089 2731 5144 sordibus
2762 5089 3015 5156 pollutos.
3049 5091 3176 5146 Bia.

2006 5165 2119 5230 (69)
2150 5163 2270 5220 Non
2300 5164 2409 5217 erit
2456 5166 2705 5217 sanctus.
2753 5161 2812 5214 ld
2862 5167 2964 5223 est,
2994 5161 3344 5217 Christianus.
3393 5161 3525 5215 Ete-

1934 5235 2042 5288 nim
2072 5233 2359 5288 Christiani
2398 5232 2611 5294 fratres,
2645 5230 2850 5295 ﬁdcles,
2893 5232 3082 5286 sancti.
3117 5234 3347 5287 Sanctos
3374 5234 3525 5302 Apo-

1934 5305 2103 5361 stolus
2160 5312 2319 5360 vocat
2379 5319 2494 5368 eos,
2526 5302 2623 5374 qui
2663 5317 2768 5356 non
2828 5312 2958 5374 sunt
3013 5303 3164 5368 foris,
3195 5304 3308 5359 sive
3376 5312 3527 5374 extra

1935 5376 2255 5433 Ecclesium.
2352 5371 2583 5447 Sanctus
2638 5371 2865 5447 Opponit
2918 5375 3212 5447 gentibus,_
3271 5372 3525 5447 ethnicis.

1936 5390 2255 5433 Ecclesium.
2352 5390 2583 5431 sanctos
2638 5390 2865 5500 (ἓψοωι
2918 5390 3193 5498 geminus,
3271 5390 3525 5452 etnnicis.

1933 5448 2201 5526 Georgius
2233 5447 2463 5503 Baeticus
2683 5462 2713 5502 e
2748 5446 2915 5526 ﬁdeue
2936 5447 3128 5526 "Dea:
3161 5445 3358 5523 placita
3381 5458 3526 5526 con-

1932 5516 2258 5583 versatione,
2310 5527 2472 5590 atque
2510 5516 2683 5588 ipsius
2726 5516 2894 5570 sancti
2935 5516 3170 5586 Spiritus
3220 5516 3528 5583 signatione

1933 5599 2221 5648 venerunt.
2253 5591 2385 5646 me.
