  <div class='ocr_page' id='page_1' title='image "/cluster/home/n/w/nwhite01/storage/ocr_20150623/2/hvd.32044096580329/387.png"; bbox 0 0 3972 6190; ppageno 0'>
   <div class='ocr_carea' id='block_1_1' title="bbox 417 270 522 336">
    <p class='ocr_par' dir='ltr' id='par_1_1' title="bbox 417 270 522 336">
     <span class='ocr_line' id='line_1_1' title="bbox 417 270 522 336; baseline 0.019 -3"><span class='ocrx_word' id='word_1_1' title='bbox 417 270 522 336; x_wconf 89' lang='lat'>763</span> 
     </span>
    </p>
   </div>
   <div class='ocr_carea' id='block_1_2' title="bbox 489 484 2004 566">
    <p class='ocr_par' dir='ltr' id='par_1_2' title="bbox 489 484 2004 566">
     <span class='ocr_line' id='line_1_2' title="bbox 489 484 2004 566; baseline 0.005 -25"><span class='ocrx_word' id='word_1_2' title='bbox 489 485 567 542; x_wconf 88' lang='lat' dir='ltr'>Ita</span> <span class='ocrx_word' id='word_1_3' title='bbox 631 484 807 545; x_wconf 88' lang='lat' dir='ltr'>omnis</span> <span class='ocrx_word' id='word_1_4' title='bbox 872 488 1051 546; x_wconf 88' lang='lat' dir='ltr'>anima</span> <span class='ocrx_word' id='word_1_5' title='bbox 1114 507 1181 550; x_wconf 88' lang='lat' dir='ltr'>eo</span> <span class='ocrx_word' id='word_1_6' title='bbox 1218 508 1396 566; x_wconf 90' lang='lat' dir='ltr'>usque</span> <span class='ocrx_word' id='word_1_7' title='bbox 1449 493 1505 549; x_wconf 91' lang='lat' dir='ltr'>in</span> <span class='ocrx_word' id='word_1_8' title='bbox 1542 492 1720 550; x_wconf 82' lang='lat' dir='ltr'>Adam</span> <span class='ocrx_word' id='word_1_9' title='bbox 1756 500 2004 553; x_wconf 81' lang='lat' dir='ltr'>censetur</span> 
     </span>
    </p>
   </div>
   <div class='ocr_carea' id='block_1_3' title="bbox 418 576 2004 651">
    <p class='ocr_par' dir='ltr' id='par_1_3' title="bbox 418 576 2004 651">
     <span class='ocr_line' id='line_1_3' title="bbox 418 576 2004 651; baseline 0.004 -18"><span class='ocrx_word' id='word_1_10' title='bbox 418 576 599 645; x_wconf 86' lang='lat' dir='ltr'>(Rom.</span> <span class='ocrx_word' id='word_1_11' title='bbox 648 579 732 649; x_wconf 92' lang='lat' dir='ltr'>v),</span> <span class='ocrx_word' id='word_1_12' title='bbox 783 578 954 637; x_wconf 91' lang='lat' dir='ltr'>donec</span> <span class='ocrx_word' id='word_1_13' title='bbox 1003 579 1320 638; x_wconf 86' lang='lat' dir='ltr'>in.Christo</span> <span class='ocrx_word' id='word_1_14' title='bbox 1369 592 1752 651; x_wconf 90' lang='lat' dir='ltr'>recenseatur;</span> <span class='ocrx_word' id='word_1_15' title='bbox 1801 583 2004 639; x_wconf 80' lang='lat' dir='ltr'>tamdiu</span> 
     </span>
    </p>
   </div>
   <div class='ocr_carea' id='block_1_4' title="bbox 416 665 2001 745">
    <p class='ocr_par' dir='ltr' id='par_1_4' title="bbox 416 665 2001 745">
     <span class='ocr_line' id='line_1_4' title="bbox 416 665 2001 745; baseline 0.005 -26"><span class='ocrx_word' id='word_1_16' title='bbox 416 665 716 739; x_wconf 87' lang='lat' dir='ltr'>immunda,</span> <span class='ocrx_word' id='word_1_17' title='bbox 768 670 1026 743; x_wconf 87' lang='lat' dir='ltr'>quamdiu</span> <span class='ocrx_word' id='word_1_18' title='bbox 1074 682 1420 729; x_wconf 88' lang='lat' dir='ltr'>recenseatur</span> <span class='ocrx_word' id='word_1_19' title='bbox 1461 691 1473 728; x_wconf 94' lang='lat'>:</span> <span class='ocrx_word' id='word_1_20' title='bbox 1506 674 1777 745; x_wconf 81' lang='lat' dir='ltr'>peccatrix</span> <span class='ocrx_word' id='word_1_21' title='bbox 1805 682 2001 739; x_wconf 90' lang='lat' dir='ltr'>autem,</span> 
     </span>
    </p>
   </div>
   <div class='ocr_carea' id='block_1_5' title="bbox 415 754 2007 835">
    <p class='ocr_par' dir='ltr' id='par_1_5' title="bbox 415 754 2007 835">
     <span class='ocr_line' id='line_1_5' title="bbox 415 754 2007 835; baseline 0.004 -26"><span class='ocrx_word' id='word_1_22' title='bbox 415 754 540 824; x_wconf 87' lang='lat' dir='ltr'>quia</span> <span class='ocrx_word' id='word_1_23' title='bbox 598 757 895 829; x_wconf 91' lang='lat' dir='ltr'>immunda,</span> <span class='ocrx_word' id='word_1_24' title='bbox 963 760 1234 831; x_wconf 82' lang='lat' dir='ltr'>recipiens</span> <span class='ocrx_word' id='word_1_25' title='bbox 1291 762 1643 835; x_wconf 80' lang='lat' dir='ltr'>ignominiam</span> <span class='ocrx_word' id='word_1_26' title='bbox 1708 779 1774 817; x_wconf 91' lang='lat' dir='ltr'>ex</span> <span class='ocrx_word' id='word_1_27' title='bbox 1828 763 2007 818; x_wconf 90' lang='lat' dir='ltr'>carnis</span> 
     </span>
    </p>
   </div>
   <div class='ocr_carea' id='block_1_6' title="bbox 415 845 2006 924">
    <p class='ocr_par' dir='ltr' id='par_1_6' title="bbox 415 845 2006 924">
     <span class='ocr_line' id='line_1_6' title="bbox 415 845 2006 924; baseline 0.004 -25"><span class='ocrx_word' id='word_1_28' title='bbox 415 845 676 903; x_wconf 79' lang='lat' dir='ltr'>societate</span> <span class='ocrx_word' id='word_1_29' title='bbox 705 848 842 919; x_wconf 88' lang='grc'>(70).</span> <span class='ocrx_word' id='word_1_30' title='bbox 869 850 1008 905; x_wconf 90' lang='lat' dir='ltr'>Nam</span> <span class='ocrx_word' id='word_1_31' title='bbox 1038 849 1141 906; x_wconf 91' lang='lat' dir='ltr'>etsi</span> <span class='ocrx_word' id='word_1_32' title='bbox 1204 866 1330 907; x_wconf 90' lang='lat' dir='ltr'>caro</span> <span class='ocrx_word' id='word_1_33' title='bbox 1381 852 1674 924; x_wconf 90' lang='lat' dir='ltr'>peccatrix,</span> <span class='ocrx_word' id='word_1_34' title='bbox 1708 853 2006 908; x_wconf 90' lang='lat' dir='ltr'>secundum</span> 
     </span>
    </p>
   </div>
   <div class='ocr_carea' id='block_1_7' title="bbox 418 935 2009 1011">
    <p class='ocr_par' dir='ltr' id='par_1_7' title="bbox 418 935 2009 1011">
     <span class='ocr_line' id='line_1_7' title="bbox 418 935 2009 1011; baseline 0.004 -23"><span class='ocrx_word' id='word_1_35' title='bbox 418 950 580 1005; x_wconf 87' lang='lat' dir='ltr'>quam</span> <span class='ocrx_word' id='word_1_36' title='bbox 608 935 856 993; x_wconf 87' lang='lat' dir='ltr'>incedere</span> <span class='ocrx_word' id='word_1_37' title='bbox 882 938 1255 1010; x_wconf 84' lang='lat' dir='ltr'>prohibemur,</span> <span class='ocrx_word' id='word_1_38' title='bbox 1285 941 1445 1010; x_wconf 87' lang='lat' dir='ltr'>cujus</span> <span class='ocrx_word' id='word_1_39' title='bbox 1491 956 1656 1011; x_wconf 85' lang='lat' dir='ltr'>Opera</span> <span class='ocrx_word' id='word_1_40' title='bbox 1687 941 2009 996; x_wconf 86' lang='lat' dir='ltr'>damnantur</span> 
     </span>
    </p>
   </div>
   <div class='ocr_carea' id='block_1_8' title="bbox 415 1026 2003 1103">
    <p class='ocr_par' dir='ltr' id='par_1_8' title="bbox 415 1026 2003 1103">
     <span class='ocr_line' id='line_1_8' title="bbox 415 1026 2003 1103; baseline 0.003 -22"><span class='ocrx_word' id='word_1_41' title='bbox 415 1026 851 1098; x_wconf 88' lang='lat' dir='ltr'>concupiscentis</span> <span class='ocrx_word' id='word_1_42' title='bbox 877 1029 1132 1085; x_wconf 88' lang='lat' dir='ltr'>adversus</span> <span class='ocrx_word' id='word_1_43' title='bbox 1178 1029 1447 1101; x_wconf 86' lang='lat' dir='ltr'>spiritum,</span> <span class='ocrx_word' id='word_1_44' title='bbox 1490 1032 1561 1088; x_wconf 90' lang='lat' dir='ltr'>ob</span> <span class='ocrx_word' id='word_1_45' title='bbox 1589 1048 1752 1103; x_wconf 87' lang='lat' dir='ltr'>quam</span> <span class='ocrx_word' id='word_1_46' title='bbox 1809 1048 2003 1088; x_wconf 85' lang='lat' dir='ltr'>carna-</span> 
     </span>
    </p>
   </div>
   <div class='ocr_carea' id='block_1_9' title="bbox 416 1117 2005 1190">
    <p class='ocr_par' dir='ltr' id='par_1_9' title="bbox 416 1117 2005 1190">
     <span class='ocr_line' id='line_1_9' title="bbox 416 1117 2005 1190; baseline 0.004 -19"><span class='ocrx_word' id='word_1_47' title='bbox 416 1117 495 1173; x_wconf 88' lang='lat' dir='ltr'>les</span> <span class='ocrx_word' id='word_1_48' title='bbox 525 1127 778 1174; x_wconf 88' lang='lat' dir='ltr'>notantur</span> <span class='ocrx_word' id='word_1_49' title='bbox 824 1118 895 1190; x_wconf 76' lang='lat'>25,</span> <span class='ocrx_word' id='word_1_50' title='bbox 928 1136 1034 1176; x_wconf 92' lang='lat' dir='ltr'>non</span> <span class='ocrx_word' id='word_1_51' title='bbox 1065 1129 1241 1177; x_wconf 87' lang='lat' dir='ltr'>tamen</span> <span class='ocrx_word' id='word_1_52' title='bbox 1294 1137 1393 1179; x_wconf 89' lang='lat' dir='ltr'>suo</span> <span class='ocrx_word' id='word_1_53' title='bbox 1425 1123 1645 1179; x_wconf 88' lang='lat' dir='ltr'>nomine</span> <span class='ocrx_word' id='word_1_54' title='bbox 1687 1138 1812 1179; x_wconf 89' lang='lat' dir='ltr'>caro</span> <span class='ocrx_word' id='word_1_55' title='bbox 1869 1122 2005 1177; x_wconf 86' lang='lat' dir='ltr'>infa-</span> 
     </span>
    </p>
   </div>
   <div class='ocr_carea' id='block_1_10' title="bbox 420 1206 2010 1284">
    <p class='ocr_par' dir='ltr' id='par_1_10' title="bbox 420 1206 2010 1284">
     <span class='ocr_line' id='line_1_10' title="bbox 420 1206 2010 1284; baseline 0.002 -23"><span class='ocrx_word' id='word_1_56' title='bbox 420 1206 543 1262; x_wconf 91' lang='lat' dir='ltr'>mis.</span> <span class='ocrx_word' id='word_1_57' title='bbox 576 1209 763 1279; x_wconf 85' lang='lat' dir='ltr'>Neque</span> <span class='ocrx_word' id='word_1_58' title='bbox 792 1208 936 1264; x_wconf 89' lang='lat' dir='ltr'>enim</span> <span class='ocrx_word' id='word_1_59' title='bbox 983 1209 1048 1265; x_wconf 92' lang='lat' dir='ltr'>de</span> <span class='ocrx_word' id='word_1_60' title='bbox 1076 1209 1295 1282; x_wconf 89' lang='lat' dir='ltr'>proprio</span> <span class='ocrx_word' id='word_1_61' title='bbox 1323 1211 1462 1282; x_wconf 87' lang='lat' dir='ltr'>sapit</span> <span class='ocrx_word' id='word_1_62' title='bbox 1506 1212 1657 1284; x_wconf 87' lang='lat' dir='ltr'>quid,</span> <span class='ocrx_word' id='word_1_63' title='bbox 1690 1220 1781 1269; x_wconf 90' lang='lat' dir='ltr'>aut</span> <span class='ocrx_word' id='word_1_64' title='bbox 1825 1211 2010 1277; x_wconf 77' lang='lat' dir='ltr'>sentit,</span> 
     </span>
    </p>
   </div>
   <div class='ocr_carea' id='block_1_11' title="bbox 418 1296 2010 1371">
    <p class='ocr_par' dir='ltr' id='par_1_11' title="bbox 418 1296 2010 1371">
     <span class='ocr_line' id='line_1_11' title="bbox 418 1296 2010 1371; baseline 0.003 -21"><span class='ocrx_word' id='word_1_65' title='bbox 418 1296 485 1350; x_wconf 90' lang='lat' dir='ltr'>ad</span> <span class='ocrx_word' id='word_1_66' title='bbox 514 1296 841 1353; x_wconf 90' lang='lat' dir='ltr'>suadendam</span> <span class='ocrx_word' id='word_1_67' title='bbox 870 1297 955 1356; x_wconf 85' lang='lat' dir='ltr'>vel</span> <span class='ocrx_word' id='word_1_68' title='bbox 982 1298 1353 1370; x_wconf 89' lang='lat' dir='ltr'>imperandam</span> <span class='ocrx_word' id='word_1_69' title='bbox 1402 1300 1748 1371; x_wconf 89' lang='lat' dir='ltr'>peccatelam.</span> <span class='ocrx_word' id='word_1_70' title='bbox 1790 1300 2010 1371; x_wconf 87' lang='lat' dir='ltr'>Quidni,</span> 
     </span>
    </p>
   </div>
   <div class='ocr_carea' id='block_1_12' title="bbox 418 1386 2012 1463">
    <p class='ocr_par' dir='ltr' id='par_1_12' title="bbox 418 1386 2012 1463">
     <span class='ocr_line' id='line_1_12' title="bbox 418 1386 2012 1463; baseline 0.003 -23"><span class='ocrx_word' id='word_1_71' title='bbox 418 1402 541 1457; x_wconf 70' lang='lat' dir='ltr'>qua:</span> <span class='ocrx_word' id='word_1_72' title='bbox 587 1386 942 1443; x_wconf 87' lang='lat' dir='ltr'>ministerium</span> <span class='ocrx_word' id='word_1_73' title='bbox 989 1390 1110 1445; x_wconf 83' lang='lat' dir='ltr'>est?</span> <span class='ocrx_word' id='word_1_74' title='bbox 1159 1399 1214 1446; x_wconf 92' lang='lat' dir='ltr'>et</span> <span class='ocrx_word' id='word_1_75' title='bbox 1267 1389 1649 1457; x_wconf 85' lang='lat' dir='ltr'>ministerium,</span> <span class='ocrx_word' id='word_1_76' title='bbox 1690 1406 1799 1447; x_wconf 91' lang='lat' dir='ltr'>non</span> <span class='ocrx_word' id='word_1_77' title='bbox 1856 1390 2012 1463; x_wconf 89' lang='lat' dir='ltr'>quale</span> 
     </span>
    </p>
   </div>
   <div class='ocr_carea' id='block_1_13' title="bbox 419 1478 2012 1549">
    <p class='ocr_par' dir='ltr' id='par_1_13' title="bbox 419 1478 2012 1549">
     <span class='ocr_line' id='line_1_13' title="bbox 419 1478 2012 1549; baseline 0.003 -19"><span class='ocrx_word' id='word_1_78' title='bbox 419 1491 626 1547; x_wconf 89' lang='lat' dir='ltr'>servus,</span> <span class='ocrx_word' id='word_1_79' title='bbox 658 1478 743 1532; x_wconf 85' lang='lat' dir='ltr'>vel</span> <span class='ocrx_word' id='word_1_80' title='bbox 772 1478 948 1534; x_wconf 91' lang='lat' dir='ltr'>minor</span> <span class='ocrx_word' id='word_1_81' title='bbox 977 1478 1179 1534; x_wconf 91' lang='lat' dir='ltr'>amicus</span> <span class='ocrx_word' id='word_1_82' title='bbox 1218 1478 1347 1549; x_wconf 86' lang='grc'>(71),</span> <span class='ocrx_word' id='word_1_83' title='bbox 1377 1480 1634 1535; x_wconf 86' lang='lat' dir='ltr'>animalia</span> <span class='ocrx_word' id='word_1_84' title='bbox 1692 1480 1913 1536; x_wconf 91' lang='lat' dir='ltr'>nomina</span> <span class='ocrx_word' id='word_1_85' title='bbox 1942 1480 2012 1545; x_wconf 74' lang='grc'>2⁷,</span> 
     </span>
    </p>
   </div>
   <div class='ocr_carea' id='block_1_14' title="bbox 418 1566 2012 1642">
    <p class='ocr_par' dir='ltr' id='par_1_14' title="bbox 418 1566 2012 1642">
     <span class='ocr_line' id='line_1_14' title="bbox 418 1566 2012 1642; baseline 0.003 -22"><span class='ocrx_word' id='word_1_86' title='bbox 418 1566 510 1620; x_wconf 91' lang='lat' dir='ltr'>sed</span> <span class='ocrx_word' id='word_1_87' title='bbox 541 1566 701 1637; x_wconf 87' lang='lat' dir='ltr'>quale</span> <span class='ocrx_word' id='word_1_88' title='bbox 730 1567 886 1635; x_wconf 85' lang='lat' dir='ltr'>calix,</span> <span class='ocrx_word' id='word_1_89' title='bbox 908 1568 993 1625; x_wconf 86' lang='lat' dir='ltr'>vel</span> <span class='ocrx_word' id='word_1_90' title='bbox 1022 1568 1151 1640; x_wconf 85' lang='lat' dir='ltr'>quid</span> <span class='ocrx_word' id='word_1_91' title='bbox 1180 1568 1324 1623; x_wconf 85' lang='lat' dir='ltr'>aliud</span> <span class='ocrx_word' id='word_1_92' title='bbox 1348 1569 1615 1638; x_wconf 89' lang='lat' dir='ltr'>ejusmodi</span> <span class='ocrx_word' id='word_1_93' title='bbox 1649 1584 1869 1642; x_wconf 87' lang='lat' dir='ltr'>corpus,</span> <span class='ocrx_word' id='word_1_94' title='bbox 1902 1584 2012 1625; x_wconf 92' lang='lat' dir='ltr'>non</span> 
     </span>
    </p>
   </div>
   <div class='ocr_carea' id='block_1_15' title="bbox 421 1654 2014 1725">
    <p class='ocr_par' dir='ltr' id='par_1_15' title="bbox 421 1654 2014 1725">
     <span class='ocr_line' id='line_1_15' title="bbox 421 1654 2014 1725; baseline 0.003 -15"><span class='ocrx_word' id='word_1_95' title='bbox 421 1654 615 1711; x_wconf 86' lang='lat' dir='ltr'>anima.</span> <span class='ocrx_word' id='word_1_96' title='bbox 648 1658 785 1712; x_wconf 92' lang='lat' dir='ltr'>Nam</span> <span class='ocrx_word' id='word_1_97' title='bbox 814 1666 868 1714; x_wconf 88' lang='lat' dir='ltr'>et</span> <span class='ocrx_word' id='word_1_98' title='bbox 908 1658 1044 1713; x_wconf 89' lang='lat' dir='ltr'>calix</span> <span class='ocrx_word' id='word_1_99' title='bbox 1069 1658 1424 1716; x_wconf 89' lang='lat' dir='ltr'>ministerium</span> <span class='ocrx_word' id='word_1_100' title='bbox 1470 1656 1702 1715; x_wconf 86' lang='lat' dir='ltr'>sitientis</span> <span class='ocrx_word' id='word_1_101' title='bbox 1730 1666 1851 1725; x_wconf 89' lang='lat' dir='ltr'>est;</span> <span class='ocrx_word' id='word_1_102' title='bbox 1910 1659 2014 1714; x_wconf 88' lang='lat' dir='ltr'>nisi</span> 
     </span>
    </p>
   </div>
   <div class='ocr_carea' id='block_1_16' title="bbox 426 1709 2091 1818">
    <p class='ocr_par' dir='ltr' id='par_1_16' title="bbox 426 1709 2091 1818">
     <span class='ocr_line' id='line_1_16' title="bbox 426 1709 2091 1818; baseline 0.003 -18"><span class='ocrx_word' id='word_1_103' title='bbox 426 1754 601 1801; x_wconf 91' lang='lat' dir='ltr'>tamen</span> <span class='ocrx_word' id='word_1_104' title='bbox 635 1747 727 1818; x_wconf 91' lang='lat' dir='ltr'>qui</span> <span class='ocrx_word' id='word_1_105' title='bbox 756 1746 883 1812; x_wconf 87' lang='lat' dir='ltr'>sitit,</span> <span class='ocrx_word' id='word_1_106' title='bbox 918 1747 1143 1804; x_wconf 88' lang='lat' dir='ltr'>calicem</span> <span class='ocrx_word' id='word_1_107' title='bbox 1174 1747 1275 1803; x_wconf 91' lang='lat' dir='ltr'>sibi</span> <span class='ocrx_word' id='word_1_108' title='bbox 1297 1747 1734 1818; x_wconf 87' lang='lat' dir='ltr'>accomtnodarit,</span> <span class='ocrx_word' id='word_1_109' title='bbox 1767 1747 1899 1805; x_wconf 90' lang='lat' dir='ltr'>nihil</span> <span class='ocrx_word' id='word_1_110' title='bbox 1927 1764 2017 1805; x_wconf 87' lang='lat' dir='ltr'>ca-</span> <span class='ocrx_word' id='word_1_111' title='bbox 2048 1709 2091 1785; x_wconf 76' lang='grc' dir='ltr'><strong>Β</strong></span> 
     </span>
    </p>
   </div>
   <div class='ocr_carea' id='block_1_17' title="bbox 423 1831 2018 1907">
    <p class='ocr_par' dir='ltr' id='par_1_17' title="bbox 423 1831 2018 1907">
     <span class='ocr_line' id='line_1_17' title="bbox 423 1831 2018 1907; baseline 0.004 -20"><span class='ocrx_word' id='word_1_112' title='bbox 423 1831 497 1887; x_wconf 89' lang='lat' dir='ltr'>lix</span> <span class='ocrx_word' id='word_1_113' title='bbox 524 1832 868 1891; x_wconf 88' lang='lat' dir='ltr'>ministrabit.</span> <span class='ocrx_word' id='word_1_114' title='bbox 917 1835 1066 1892; x_wconf 83' lang='lat' dir='ltr'>Adeo</span> <span class='ocrx_word' id='word_1_115' title='bbox 1116 1835 1264 1890; x_wconf 88' lang='lat' dir='ltr'>nulla</span> <span class='ocrx_word' id='word_1_116' title='bbox 1315 1834 1618 1907; x_wconf 84' lang='lat' dir='ltr'>proprietas</span> <span class='ocrx_word' id='word_1_117' title='bbox 1666 1837 1904 1895; x_wconf 88' lang='lat' dir='ltr'>hominis</span> <span class='ocrx_word' id='word_1_118' title='bbox 1965 1840 2018 1893; x_wconf 92' lang='lat' dir='ltr'>in</span> 
     </span>
    </p>
   </div>
   <div class='ocr_carea' id='block_1_18' title="bbox 422 1921 2021 1995">
    <p class='ocr_par' dir='ltr' id='par_1_18' title="bbox 422 1921 2021 1995">
     <span class='ocr_line' id='line_1_18' title="bbox 422 1921 2021 1995; baseline 0.004 -19"><span class='ocrx_word' id='word_1_119' title='bbox 422 1921 640 1987; x_wconf 83' lang='lat' dir='ltr'>choico;</span> <span class='ocrx_word' id='word_1_120' title='bbox 673 1938 772 1979; x_wconf 92' lang='lat' dir='ltr'>nec</span> <span class='ocrx_word' id='word_1_121' title='bbox 791 1924 863 1978; x_wconf 83' lang='lat' dir='ltr'>ita</span> <span class='ocrx_word' id='word_1_122' title='bbox 891 1938 1017 1980; x_wconf 90' lang='lat' dir='ltr'>caro</span> <span class='ocrx_word' id='word_1_123' title='bbox 1034 1924 1194 1982; x_wconf 91' lang='lat' dir='ltr'>homo</span> <span class='ocrx_word' id='word_1_124' title='bbox 1216 1930 1474 1995; x_wconf 83' lang='lat' dir='ltr'>tanquam</span> <span class='ocrx_word' id='word_1_125' title='bbox 1495 1924 1602 1980; x_wconf 90' lang='lat' dir='ltr'>alia</span> <span class='ocrx_word' id='word_1_126' title='bbox 1622 1925 1704 1981; x_wconf 89' lang='lat' dir='ltr'>vis</span> <span class='ocrx_word' id='word_1_127' title='bbox 1725 1926 1943 1995; x_wconf 61' lang='lat' dir='ltr'>animae,</span> <span class='ocrx_word' id='word_1_128' title='bbox 1964 1935 2021 1982; x_wconf 89' lang='lat' dir='ltr'>et</span> 
     </span>
    </p>
   </div>
   <div class='ocr_carea' id='block_1_19' title="bbox 425 2006 2021 2083">
    <p class='ocr_par' dir='ltr' id='par_1_19' title="bbox 425 2006 2021 2083">
     <span class='ocr_line' id='line_1_19' title="bbox 425 2006 2021 2083; baseline 0.005 -20"><span class='ocrx_word' id='word_1_129' title='bbox 425 2006 525 2064; x_wconf 87' lang='lat' dir='ltr'>alia</span> <span class='ocrx_word' id='word_1_130' title='bbox 555 2025 815 2081; x_wconf 88' lang='lat' dir='ltr'>persona;</span> <span class='ocrx_word' id='word_1_131' title='bbox 847 2014 943 2067; x_wconf 89' lang='lat' dir='ltr'>sed</span> <span class='ocrx_word' id='word_1_132' title='bbox 973 2029 1060 2068; x_wconf 90' lang='lat' dir='ltr'>res</span> <span class='ocrx_word' id='word_1_133' title='bbox 1099 2019 1153 2068; x_wconf 91' lang='lat' dir='ltr'>et</span> <span class='ocrx_word' id='word_1_134' title='bbox 1183 2011 1398 2069; x_wconf 89' lang='lat' dir='ltr'>alterius</span> <span class='ocrx_word' id='word_1_135' title='bbox 1428 2012 1588 2083; x_wconf 90' lang='lat' dir='ltr'>plane</span> <span class='ocrx_word' id='word_1_136' title='bbox 1617 2015 1936 2071; x_wconf 56' lang='lat' dir='ltr'>substantia</span> <span class='ocrx_word' id='word_1_137' title='bbox 1967 2024 2021 2073; x_wconf 90' lang='lat' dir='ltr'>et</span> 
     </span>
    </p>
   </div>
   <div class='ocr_carea' id='block_1_20' title="bbox 424 2097 2018 2170">
    <p class='ocr_par' dir='ltr' id='par_1_20' title="bbox 424 2097 2018 2170">
     <span class='ocr_line' id='line_1_20' title="bbox 424 2097 2018 2170; baseline 0.004 -18"><span class='ocrx_word' id='word_1_138' title='bbox 424 2097 648 2155; x_wconf 88' lang='lat' dir='ltr'>alterius</span> <span class='ocrx_word' id='word_1_139' title='bbox 694 2101 1038 2170; x_wconf 90' lang='lat' dir='ltr'>conditionis,</span> <span class='ocrx_word' id='word_1_140' title='bbox 1094 2099 1313 2157; x_wconf 89' lang='lat' dir='ltr'>addicta</span> <span class='ocrx_word' id='word_1_141' title='bbox 1361 2110 1541 2157; x_wconf 90' lang='lat' dir='ltr'>tamen</span> <span class='ocrx_word' id='word_1_142' title='bbox 1589 2100 1799 2169; x_wconf 87' lang='lat' dir='ltr'>animae,</span> <span class='ocrx_word' id='word_1_143' title='bbox 1836 2110 1895 2159; x_wconf 90' lang='lat' dir='ltr'>ut</span> <span class='ocrx_word' id='word_1_144' title='bbox 1924 2118 2018 2158; x_wconf 92' lang='lat' dir='ltr'>su-</span> 
     </span>
    </p>
   </div>
   <div class='ocr_carea' id='block_1_21' title="bbox 425 2187 2022 2265">
    <p class='ocr_par' dir='ltr' id='par_1_21' title="bbox 425 2187 2022 2265">
     <span class='ocr_line' id='line_1_21' title="bbox 425 2187 2022 2265; baseline 0.004 -24"><span class='ocrx_word' id='word_1_145' title='bbox 425 2187 622 2260; x_wconf 88' lang='lat' dir='ltr'>pellex,</span> <span class='ocrx_word' id='word_1_146' title='bbox 646 2197 705 2246; x_wconf 88' lang='lat' dir='ltr'>nt</span> <span class='ocrx_word' id='word_1_147' title='bbox 731 2191 1153 2248; x_wconf 87' lang='lat' dir='ltr'>instrumentum</span> <span class='ocrx_word' id='word_1_148' title='bbox 1172 2190 1228 2246; x_wconf 89' lang='lat' dir='ltr'>in</span> <span class='ocrx_word' id='word_1_149' title='bbox 1258 2190 1437 2247; x_wconf 85' lang='lat' dir='ltr'>officia</span> <span class='ocrx_word' id='word_1_150' title='bbox 1455 2192 1505 2229; x_wconf 76' lang='grc'>28</span> <span class='ocrx_word' id='word_1_151' title='bbox 1530 2191 1673 2248; x_wconf 86' lang='lat' dir='ltr'>vitae.</span> <span class='ocrx_word' id='word_1_152' title='bbox 1698 2191 1835 2248; x_wconf 91' lang='lat' dir='ltr'>Caro</span> <span class='ocrx_word' id='word_1_153' title='bbox 1856 2192 2022 2265; x_wconf 83' lang='lat' dir='ltr'>igitur</span> 
     </span>
    </p>
   </div>
   <div class='ocr_carea' id='block_1_22' title="bbox 428 2279 2023 2354">
    <p class='ocr_par' dir='ltr' id='par_1_22' title="bbox 428 2279 2023 2354">
     <span class='ocr_line' id='line_1_22' title="bbox 428 2279 2023 2354; baseline 0.004 -21"><span class='ocrx_word' id='word_1_154' title='bbox 428 2279 735 2350; x_wconf 83' lang='lat' dir='ltr'>increpatur</span> <span class='ocrx_word' id='word_1_155' title='bbox 760 2281 813 2338; x_wconf 89' lang='lat' dir='ltr'>in</span> <span class='ocrx_word' id='word_1_156' title='bbox 843 2282 1160 2351; x_wconf 90' lang='lat' dir='ltr'>Scripturis,</span> <span class='ocrx_word' id='word_1_157' title='bbox 1190 2281 1317 2354; x_wconf 90' lang='lat' dir='ltr'>quia</span> <span class='ocrx_word' id='word_1_158' title='bbox 1348 2281 1479 2336; x_wconf 91' lang='lat' dir='ltr'>nihil</span> <span class='ocrx_word' id='word_1_159' title='bbox 1503 2281 1684 2338; x_wconf 88' lang='lat' dir='ltr'>anima</span> <span class='ocrx_word' id='word_1_160' title='bbox 1713 2283 1831 2339; x_wconf 88' lang='lat' dir='ltr'>sine</span> <span class='ocrx_word' id='word_1_161' title='bbox 1862 2298 2023 2339; x_wconf 91' lang='lat' dir='ltr'>carne</span> 
     </span>
    </p>
   </div>
   <div class='ocr_carea' id='block_1_23' title="bbox 427 2367 2018 2444">
    <p class='ocr_par' dir='ltr' id='par_1_23' title="bbox 427 2367 2018 2444">
     <span class='ocr_line' id='line_1_23' title="bbox 427 2367 2018 2444; baseline 0.004 -23"><span class='ocrx_word' id='word_1_162' title='bbox 427 2367 481 2421; x_wconf 92' lang='lat' dir='ltr'>in</span> <span class='ocrx_word' id='word_1_163' title='bbox 510 2371 824 2441; x_wconf 82' lang='lat' dir='ltr'>Operatione</span> <span class='ocrx_word' id='word_1_164' title='bbox 873 2371 1141 2439; x_wconf 88' lang='lat' dir='ltr'>libidinis,</span> <span class='ocrx_word' id='word_1_165' title='bbox 1188 2371 1351 2444; x_wconf 83' lang='lat' dir='ltr'>gulae,</span> <span class='ocrx_word' id='word_1_166' title='bbox 1397 2370 1724 2441; x_wconf 83' lang='lat' dir='ltr'>vinolentiae,</span> <span class='ocrx_word' id='word_1_167' title='bbox 1777 2370 2018 2439; x_wconf 84' lang='lat' dir='ltr'>saevitiae,</span> 
     </span>
    </p>
   </div>
   <div class='ocr_carea' id='block_1_24' title="bbox 430 2457 2022 2532">
    <p class='ocr_par' dir='ltr' id='par_1_24' title="bbox 430 2457 2022 2532">
     <span class='ocr_line' id='line_1_24' title="bbox 430 2457 2022 2532; baseline 0.003 -21"><span class='ocrx_word' id='word_1_168' title='bbox 430 2457 767 2527; x_wconf 62' lang='lat' dir='ltr'>idololatriae,</span> <span class='ocrx_word' id='word_1_169' title='bbox 834 2460 1160 2532; x_wconf 84' lang='lat' dir='ltr'>caeterisque</span> <span class='ocrx_word' id='word_1_170' title='bbox 1205 2459 1535 2526; x_wconf 89' lang='lat' dir='ltr'>carnalibus,</span> <span class='ocrx_word' id='word_1_171' title='bbox 1583 2475 1694 2515; x_wconf 92' lang='lat' dir='ltr'>non</span> <span class='ocrx_word' id='word_1_172' title='bbox 1748 2460 2022 2530; x_wconf 89' lang='lat' dir='ltr'>sensibus,</span> 
     </span>
    </p>
   </div>
   <div class='ocr_carea' id='block_1_25' title="bbox 441 2546 2023 2620">
    <p class='ocr_par' dir='ltr' id='par_1_25' title="bbox 441 2546 2023 2620">
     <span class='ocr_line' id='line_1_25' title="bbox 441 2546 2023 2620; baseline 0.003 -20"><span class='ocrx_word' id='word_1_173' title='bbox 441 2546 538 2600; x_wconf 91' lang='lat' dir='ltr'>sed</span> <span class='ocrx_word' id='word_1_174' title='bbox 605 2547 901 2604; x_wconf 82' lang='lat' dir='ltr'>effectibus.</span> <span class='ocrx_word' id='word_1_175' title='bbox 948 2549 1192 2620; x_wconf 89' lang='lat' dir='ltr'>Denique</span> <span class='ocrx_word' id='word_1_176' title='bbox 1238 2564 1450 2613; x_wconf 90' lang='lat' dir='ltr'>sensus,</span> <span class='ocrx_word' id='word_1_177' title='bbox 1510 2546 1827 2604; x_wconf 88' lang='lat' dir='ltr'>delictorum</span> <span class='ocrx_word' id='word_1_178' title='bbox 1887 2550 2023 2620; x_wconf 84' lang='lat'>(&#39;72),</span> 
     </span>
    </p>
   </div>
   <div class='ocr_carea' id='block_1_26' title="bbox 427 2635 2027 2707">
    <p class='ocr_par' dir='ltr' id='par_1_26' title="bbox 427 2635 2027 2707">
     <span class='ocr_line' id='line_1_26' title="bbox 427 2635 2027 2707; baseline 0.004 -20"><span class='ocrx_word' id='word_1_179' title='bbox 427 2635 588 2689; x_wconf 91' lang='lat' dir='ltr'>etiam</span> <span class='ocrx_word' id='word_1_180' title='bbox 620 2636 738 2691; x_wconf 89' lang='lat' dir='ltr'>sine</span> <span class='ocrx_word' id='word_1_181' title='bbox 780 2636 1081 2704; x_wconf 85' lang='lat' dir='ltr'>effectibus,</span> <span class='ocrx_word' id='word_1_182' title='bbox 1116 2636 1370 2707; x_wconf 86' lang='lat' dir='ltr'>imputari</span> <span class='ocrx_word' id='word_1_183' title='bbox 1436 2636 1614 2693; x_wconf 86' lang='lat' dir='ltr'>solent</span> <span class='ocrx_word' id='word_1_184' title='bbox 1667 2638 1883 2693; x_wconf 77' lang='lat' dir='ltr'>animae.</span> <span class='ocrx_word' id='word_1_185' title='bbox 1923 2639 2027 2707; x_wconf 83' lang='lat' dir='ltr'>Qui</span> 
     </span>
    </p>
   </div>
   <div class='ocr_carea' id='block_1_27' title="bbox 426 2723 2028 2796">
    <p class='ocr_par' dir='ltr' id='par_1_27' title="bbox 426 2723 2028 2796">
     <span class='ocr_line' id='line_1_27' title="bbox 426 2723 2028 2796; baseline 0.001 -19"><span class='ocrx_word' id='word_1_186' title='bbox 426 2724 629 2780; x_wconf 83' lang='lat' dir='ltr'>viderit</span> <span class='ocrx_word' id='word_1_187' title='bbox 650 2726 951 2781; x_wconf 80' lang='lat' dir='ltr'>mulierem</span> <span class='ocrx_word' id='word_1_188' title='bbox 969 2724 1018 2763; x_wconf 74' lang='grc'>29</span> <span class='ocrx_word' id='word_1_189' title='bbox 1046 2726 1118 2782; x_wconf 89' lang='lat' dir='ltr'>ad</span> <span class='ocrx_word' id='word_1_190' title='bbox 1141 2725 1681 2796; x_wconf 79' lang='lat' dir='ltr'>concupiscentiam,</span> <span class='ocrx_word' id='word_1_191' title='bbox 1703 2725 1814 2794; x_wconf 90' lang='lat' dir='ltr'>jam</span> <span class='ocrx_word' id='word_1_192' title='bbox 1828 2723 2028 2779; x_wconf 89' lang='lat' dir='ltr'>adulte-</span> 
     </span>
    </p>
   </div>
   <div class='ocr_carea' id='block_1_28' title="bbox 426 2812 2022 2882">
    <p class='ocr_par' dir='ltr' id='par_1_28' title="bbox 426 2812 2022 2882">
     <span class='ocr_line' id='line_1_28' title="bbox 426 2812 2022 2882; baseline 0.001 -18"><span class='ocrx_word' id='word_1_193' title='bbox 426 2812 563 2868; x_wconf 91' lang='lat' dir='ltr'>ravit</span> <span class='ocrx_word' id='word_1_194' title='bbox 618 2813 673 2867; x_wconf 91' lang='lat' dir='ltr'>in</span> <span class='ocrx_word' id='word_1_195' title='bbox 721 2814 905 2869; x_wconf 91' lang='lat' dir='ltr'>corde.</span> <span class='ocrx_word' id='word_1_196' title='bbox 972 2814 1257 2879; x_wconf 66' lang='lat' dir='ltr'>Caeterum,</span> <span class='ocrx_word' id='word_1_197' title='bbox 1319 2813 1450 2882; x_wconf 90' lang='lat' dir='ltr'>quid</span> <span class='ocrx_word' id='word_1_198' title='bbox 1496 2827 1621 2869; x_wconf 90' lang='lat' dir='ltr'>caro</span> <span class='ocrx_word' id='word_1_199' title='bbox 1665 2812 1781 2867; x_wconf 90' lang='lat' dir='ltr'>sine</span> <span class='ocrx_word' id='word_1_200' title='bbox 1820 2813 2022 2878; x_wconf 89' lang='lat' dir='ltr'>anima,</span> 
     </span>
    </p>
   </div>
   <div class='ocr_carea' id='block_1_29' title="bbox 426 2900 2023 2971">
    <p class='ocr_par' dir='ltr' id='par_1_29' title="bbox 426 2900 2023 2971">
     <span class='ocr_line' id='line_1_29' title="bbox 426 2900 2023 2971; baseline 0.001 -17"><span class='ocrx_word' id='word_1_201' title='bbox 426 2900 656 2971; x_wconf 91' lang='lat' dir='ltr'>perinde</span> <span class='ocrx_word' id='word_1_202' title='bbox 688 2902 739 2955; x_wconf 90' lang='lat' dir='ltr'>in</span> <span class='ocrx_word' id='word_1_203' title='bbox 761 2901 1075 2970; x_wconf 85' lang='lat' dir='ltr'>Operatione</span> <span class='ocrx_word' id='word_1_204' title='bbox 1107 2900 1413 2970; x_wconf 76' lang='lat' dir='ltr'>probitatis,</span> <span class='ocrx_word' id='word_1_205' title='bbox 1434 2901 1677 2971; x_wconf 74' lang='lat' dir='ltr'>justitite,</span> <span class='ocrx_word' id='word_1_206' title='bbox 1701 2900 2023 2966; x_wconf 66' lang='lat' dir='ltr'>tolerantize,</span> 
     </span>
    </p>
   </div>
   <div class='ocr_carea' id='block_1_30' title="bbox 428 2988 2027 3060">
    <p class='ocr_par' dir='ltr' id='par_1_30' title="bbox 428 2988 2027 3060">
     <span class='ocr_line' id='line_1_30' title="bbox 428 2988 2027 3060; baseline 0.002 -19"><span class='ocrx_word' id='word_1_207' title='bbox 428 2988 739 3056; x_wconf 63' lang='lat' dir='ltr'>pudicitiae?</span> <span class='ocrx_word' id='word_1_208' title='bbox 769 2991 938 3044; x_wconf 88' lang='lat' dir='ltr'>Porro</span> <span class='ocrx_word' id='word_1_209' title='bbox 985 2989 1144 3060; x_wconf 91' lang='lat' dir='ltr'>quale</span> <span class='ocrx_word' id='word_1_210' title='bbox 1194 2995 1295 3054; x_wconf 90' lang='lat' dir='ltr'>est,</span> <span class='ocrx_word' id='word_1_211' title='bbox 1328 2998 1388 3043; x_wconf 88' lang='lat' dir='ltr'>ut</span> <span class='ocrx_word' id='word_1_212' title='bbox 1432 2988 1519 3043; x_wconf 91' lang='lat' dir='ltr'>cui</span> <span class='ocrx_word' id='word_1_213' title='bbox 1548 3005 1649 3044; x_wconf 90' lang='lat' dir='ltr'>nec</span> <span class='ocrx_word' id='word_1_214' title='bbox 1688 2989 1831 3043; x_wconf 90' lang='lat' dir='ltr'>bona</span> <span class='ocrx_word' id='word_1_215' title='bbox 1860 2990 2027 3044; x_wconf 89' lang='lat' dir='ltr'>docu-</span> 
     </span>
    </p>
   </div>
   <div class='ocr_carea' id='block_1_31' title="bbox 428 3075 2029 3148">
    <p class='ocr_par' dir='ltr' id='par_1_31' title="bbox 428 3075 2029 3148">
     <span class='ocr_line' id='line_1_31' title="bbox 428 3075 2029 3148; baseline 0.002 -19"><span class='ocrx_word' id='word_1_216' title='bbox 428 3084 608 3130; x_wconf 85' lang='lat' dir='ltr'>menta</span> <span class='ocrx_word' id='word_1_217' title='bbox 667 3075 890 3147; x_wconf 85' lang='lat' dir='ltr'>prOpria</span> <span class='ocrx_word' id='word_1_218' title='bbox 935 3075 1268 3139; x_wconf 87' lang='lat' dir='ltr'>subscribas,</span> <span class='ocrx_word' id='word_1_219' title='bbox 1329 3075 1381 3131; x_wconf 91' lang='lat' dir='ltr'>ei</span> <span class='ocrx_word' id='word_1_220' title='bbox 1436 3075 1662 3130; x_wconf 89' lang='lat' dir='ltr'>erimina</span> <span class='ocrx_word' id='word_1_221' title='bbox 1726 3076 2029 3148; x_wconf 79' lang='lat' dir='ltr'>adpingas?</span> 
     </span>
    </p>
   </div>
   <div class='ocr_carea' id='block_1_32' title="bbox 428 3164 2029 3237">
    <p class='ocr_par' dir='ltr' id='par_1_32' title="bbox 428 3164 2029 3237">
     <span class='ocr_line' id='line_1_32' title="bbox 428 3164 2029 3237; baseline 0.002 -19"><span class='ocrx_word' id='word_1_222' title='bbox 428 3164 531 3219; x_wconf 90' lang='lat' dir='ltr'>Sed</span> <span class='ocrx_word' id='word_1_223' title='bbox 564 3181 625 3219; x_wconf 89' lang='lat' dir='ltr'>ea</span> <span class='ocrx_word' id='word_1_224' title='bbox 675 3181 775 3235; x_wconf 88' lang='lat' dir='ltr'>per</span> <span class='ocrx_word' id='word_1_225' title='bbox 803 3182 967 3236; x_wconf 82' lang='lat' dir='ltr'>quam</span> <span class='ocrx_word' id='word_1_226' title='bbox 1014 3165 1370 3237; x_wconf 79' lang='lat' dir='ltr'>delinquitur,</span> <span class='ocrx_word' id='word_1_227' title='bbox 1401 3166 1745 3235; x_wconf 80' lang='lat' dir='ltr'>convenitur,</span> <span class='ocrx_word' id='word_1_228' title='bbox 1795 3175 1852 3221; x_wconf 92' lang='lat' dir='ltr'>ut</span> <span class='ocrx_word' id='word_1_229' title='bbox 1881 3166 1969 3222; x_wconf 89' lang='lat' dir='ltr'>illa</span> <span class='ocrx_word' id='word_1_230' title='bbox 1997 3182 2029 3221; x_wconf 90' lang='lat' dir='ltr'>a</span> 
     </span>
    </p>
   </div>
   <div class='ocr_carea' id='block_1_33' title="bbox 429 3254 2027 3327">
    <p class='ocr_par' dir='ltr' id='par_1_33' title="bbox 429 3254 2027 3327">
     <span class='ocr_line' id='line_1_33' title="bbox 429 3254 2027 3327; baseline 0.003 -19"><span class='ocrx_word' id='word_1_231' title='bbox 429 3271 536 3326; x_wconf 91' lang='lat' dir='ltr'>qua</span> <span class='ocrx_word' id='word_1_232' title='bbox 600 3255 952 3327; x_wconf 88' lang='lat' dir='ltr'>delinquitur,</span> <span class='ocrx_word' id='word_1_233' title='bbox 992 3264 1266 3320; x_wconf 88' lang='lat' dir='ltr'>oneretur,</span> <span class='ocrx_word' id='word_1_234' title='bbox 1309 3254 1467 3310; x_wconf 86' lang='lat' dir='ltr'>etiam</span> <span class='ocrx_word' id='word_1_235' title='bbox 1517 3254 1572 3309; x_wconf 93' lang='lat' dir='ltr'>in</span> <span class='ocrx_word' id='word_1_236' title='bbox 1613 3254 1894 3311; x_wconf 88' lang='lat' dir='ltr'>ministerii</span> <span class='ocrx_word' id='word_1_237' title='bbox 1932 3273 2027 3312; x_wconf 89' lang='lat' dir='ltr'>ac-</span> 
     </span>
    </p>
   </div>
   <div class='ocr_carea' id='block_1_34' title="bbox 427 3341 2025 3411">
    <p class='ocr_par' dir='ltr' id='par_1_34' title="bbox 427 3341 2025 3411">
     <span class='ocr_line' id='line_1_34' title="bbox 427 3341 2025 3411; baseline -0.001 -13"><span class='ocrx_word' id='word_1_238' title='bbox 427 3343 758 3399; x_wconf 89' lang='lat' dir='ltr'>cusationem</span> <span class='ocrx_word' id='word_1_239' title='bbox 819 3344 887 3398; x_wconf 80' lang='lat'>30.</span> <span class='ocrx_word' id='word_1_240' title='bbox 947 3343 1175 3400; x_wconf 87' lang='lat' dir='ltr'>Gravior</span> <span class='ocrx_word' id='word_1_241' title='bbox 1223 3341 1422 3397; x_wconf 90' lang='lat' dir='ltr'>invidia</span> <span class='ocrx_word' id='word_1_242' title='bbox 1472 3350 1555 3397; x_wconf 87' lang='lat' dir='ltr'>est</span> <span class='ocrx_word' id='word_1_243' title='bbox 1619 3342 1674 3394; x_wconf 93' lang='lat' dir='ltr'>in</span> <span class='ocrx_word' id='word_1_244' title='bbox 1714 3342 2025 3411; x_wconf 67' lang='lat' dir='ltr'>praesidem,</span> 
     </span>
    </p>
   </div>
   <div class='ocr_carea' id='block_1_35' title="bbox 436 3429 2026 3504">
    <p class='ocr_par' dir='ltr' id='par_1_35' title="bbox 436 3429 2026 3504">
     <span class='ocr_line' id='line_1_35' title="bbox 436 3429 2026 3504; baseline 0 -16"><span class='ocrx_word' id='word_1_245' title='bbox 436 3429 612 3489; x_wconf 73' lang='lat'>720</span> <span class='ocrx_word' id='word_1_246' title='bbox 630 3450 757 3489; x_wconf 91' lang='lat' dir='ltr'>cum</span> <span class='ocrx_word' id='word_1_247' title='bbox 812 3432 991 3490; x_wconf 84' lang='lat' dir='ltr'>ofﬁcia</span> <span class='ocrx_word' id='word_1_248' title='bbox 1020 3432 1304 3504; x_wconf 83' lang='lat' dir='ltr'>pulsantur</span> <span class='ocrx_word' id='word_1_249' title='bbox 1330 3430 1466 3503; x_wconf 89' lang='grc'>(73).</span> <span class='ocrx_word' id='word_1_250' title='bbox 1527 3431 1652 3485; x_wconf 89' lang='lat' dir='ltr'>Plus</span> <span class='ocrx_word' id='word_1_251' title='bbox 1678 3430 1907 3486; x_wconf 70' lang='lat' dir='ltr'>caeditur</span> <span class='ocrx_word' id='word_1_252' title='bbox 1934 3431 2026 3503; x_wconf 86' lang='lat' dir='ltr'>qui</span> 
     </span>
    </p>
   </div>
   <div class='ocr_carea' id='block_1_36' title="bbox 426 3518 1827 3594">
    <p class='ocr_par' dir='ltr' id='par_1_36' title="bbox 426 3518 1827 3594">
     <span class='ocr_line' id='line_1_36' title="bbox 426 3518 1827 3594; baseline -0.001 -19"><span class='ocrx_word' id='word_1_253' title='bbox 426 3518 599 3589; x_wconf 88' lang='lat' dir='ltr'>jubet,</span> <span class='ocrx_word' id='word_1_254' title='bbox 636 3521 856 3593; x_wconf 90' lang='lat' dir='ltr'>quando</span> <span class='ocrx_word' id='word_1_255' title='bbox 895 3537 995 3579; x_wconf 89' lang='lat' dir='ltr'>nec</span> <span class='ocrx_word' id='word_1_256' title='bbox 1021 3520 1113 3594; x_wconf 90' lang='lat' dir='ltr'>qui</span> <span class='ocrx_word' id='word_1_257' title='bbox 1145 3519 1486 3592; x_wconf 83' lang='lat' dir='ltr'>obsequitur,</span> <span class='ocrx_word' id='word_1_258' title='bbox 1516 3526 1827 3576; x_wconf 85' lang='lat' dir='ltr'>excusatur.</span> 
     </span>
    </p>
   </div>
   <div class='ocr_carea' id='block_1_37' title="bbox 1107 272 3006 351">
    <p class='ocr_par' dir='ltr' id='par_1_37' title="bbox 1107 272 3006 351">
     <span class='ocr_line' id='line_1_37' title="bbox 1107 272 3006 351; baseline 0.003 -16"><span class='ocrx_word' id='word_1_259' title='bbox 1107 272 1549 338; x_wconf 80' lang='lat' dir='ltr'>TERTULLIANI</span> <span class='ocrx_word' id='word_1_260' title='bbox 1577 276 1851 341; x_wconf 79' lang='lat' dir='ltr'>OPERUM</span> <span class='ocrx_word' id='word_1_261' title='bbox 1887 277 2057 343; x_wconf 79' lang='lat' dir='ltr'>PARS</span> <span class='ocrx_word' id='word_1_262' title='bbox 2094 277 2162 341; x_wconf 81' lang='grc' dir='ltr'>ιι.</span> <span class='ocrx_word' id='word_1_263' title='bbox 2202 311 2273 325; x_wconf 91' lang='lat'>-—</span> <span class='ocrx_word' id='word_1_264' title='bbox 2312 278 2542 341; x_wconf 81' lang='lat' dir='ltr'>SBRIES</span> <span class='ocrx_word' id='word_1_265' title='bbox 2582 279 2625 351; x_wconf 89' lang='grc' dir='ltr'>Ι,</span> <span class='ocrx_word' id='word_1_266' title='bbox 2658 279 3006 342; x_wconf 82' lang='lat' dir='ltr'>POLEMIGA.</span> 
     </span>
    </p>
   </div>
   <div class='ocr_carea' id='block_1_38' title="bbox 921 391 2082 503">
    <p class='ocr_par' dir='ltr' id='par_1_38' title="bbox 921 391 2082 503">
     <span class='ocr_line' id='line_1_38' title="bbox 921 391 2082 503; baseline 0.005 -48"><span class='ocrx_word' id='word_1_267' title='bbox 921 391 1080 500; x_wconf 45' lang='lat'>7.“,</span> <span class='ocrx_word' id='word_1_268' title='bbox 1116 399 1339 462; x_wconf 83' lang='lat' dir='ltr'>CAPUT</span> <span class='ocrx_word' id='word_1_269' title='bbox 1385 402 1505 503; x_wconf 43' lang='lat' dir='ltr'>XI...</span> <span class='ocrx_word' id='word_1_270' title='bbox 1558 492 1572 503; x_wconf 40' lang='lat'><em>‘</em></span> <span class='ocrx_word' id='word_1_271' title='bbox 1610 492 1624 503; x_wconf 42' lang='lat'><em>.</em></span> <span class='ocrx_word' id='word_1_272' title='bbox 2034 421 2082 503; x_wconf 72' lang='grc' dir='ltr'>Α</span> 
     </span>
    </p>
   </div>
   <div class='ocr_carea' id='block_1_39' title="bbox 3596 280 3703 343">
    <p class='ocr_par' dir='ltr' id='par_1_39' title="bbox 3596 280 3703 343">
     <span class='ocr_line' id='line_1_39' title="bbox 3596 280 3703 343; baseline -0.009 0"><span class='ocrx_word' id='word_1_273' title='bbox 3596 280 3703 343; x_wconf 69' lang='grc'>764</span> 
     </span>
    </p>
   </div>
   <div class='ocr_carea' id='block_1_40' title="bbox 2710 403 3106 464">
    <p class='ocr_par' dir='ltr' id='par_1_40' title="bbox 2710 403 3106 464">
     <span class='ocr_line' id='line_1_40' title="bbox 2710 403 3106 464; baseline 0 -1"><span class='ocrx_word' id='word_1_274' title='bbox 2710 405 2934 464; x_wconf 83' lang='lat' dir='ltr'>CAPUT</span> <span class='ocrx_word' id='word_1_275' title='bbox 2965 403 3106 463; x_wconf 88' lang='lat' dir='ltr'>XLI.</span> 
     </span>
    </p>
   </div>
   <div class='ocr_carea' id='block_1_41' title="bbox 2182 494 3707 569">
    <p class='ocr_par' dir='ltr' id='par_1_41' title="bbox 2182 494 3707 569">
     <span class='ocr_line' id='line_1_41' title="bbox 2182 494 3707 569; baseline 0.003 -19"><span class='ocrx_word' id='word_1_276' title='bbox 2182 495 2378 553; x_wconf 89' lang='lat' dir='ltr'>Malum</span> <span class='ocrx_word' id='word_1_277' title='bbox 2432 496 2597 569; x_wconf 84' lang='lat' dir='ltr'>igitur</span> <span class='ocrx_word' id='word_1_278' title='bbox 2646 496 2861 565; x_wconf 87' lang='lat' dir='ltr'>animae,</span> <span class='ocrx_word' id='word_1_279' title='bbox 2902 505 3101 568; x_wconf 71' lang='lat' dir='ltr'>praeter</span> <span class='ocrx_word' id='word_1_280' title='bbox 3164 495 3309 569; x_wconf 91' lang='lat' dir='ltr'>quod</span> <span class='ocrx_word' id='word_1_281' title='bbox 3350 512 3417 553; x_wconf 84' lang='lat' dir='ltr'>ex</span> <span class='ocrx_word' id='word_1_282' title='bbox 3466 494 3707 554; x_wconf 82' lang='lat' dir='ltr'>obventu</span> 
     </span>
    </p>
   </div>
   <div class='ocr_carea' id='block_1_42' title="bbox 2112 582 3703 660">
    <p class='ocr_par' dir='ltr' id='par_1_42' title="bbox 2112 582 3703 660">
     <span class='ocr_line' id='line_1_42' title="bbox 2112 582 3703 660; baseline 0.001 -19"><span class='ocrx_word' id='word_1_283' title='bbox 2112 585 2333 658; x_wconf 89' lang='lat' dir='ltr'>spiritus</span> <span class='ocrx_word' id='word_1_284' title='bbox 2384 602 2614 659; x_wconf 88' lang='lat' dir='ltr'>nequam</span> <span class='ocrx_word' id='word_1_285' title='bbox 2666 586 3074 657; x_wconf 86' lang='lat' dir='ltr'>superstruitur,</span> <span class='ocrx_word' id='word_1_286' title='bbox 3142 601 3208 643; x_wconf 83' lang='lat' dir='ltr'>ex</span> <span class='ocrx_word' id='word_1_287' title='bbox 3272 582 3505 660; x_wconf 80' lang='lat' dir='ltr'>originis</span> <span class='ocrx_word' id='word_1_288' title='bbox 3574 586 3703 643; x_wconf 87' lang='lat' dir='ltr'>vilio</span> 
     </span>
    </p>
   </div>
   <div class='ocr_carea' id='block_1_43' title="bbox 2113 674 3711 747">
    <p class='ocr_par' dir='ltr' id='par_1_43' title="bbox 2113 674 3711 747">
     <span class='ocr_line' id='line_1_43' title="bbox 2113 674 3711 747; baseline 0.001 -17"><span class='ocrx_word' id='word_1_289' title='bbox 2113 674 2398 741; x_wconf 89' lang='lat' dir='ltr'>antecedit,</span> <span class='ocrx_word' id='word_1_290' title='bbox 2475 674 2718 731; x_wconf 87' lang='lat' dir='ltr'>naturale</span> <span class='ocrx_word' id='word_1_291' title='bbox 2795 676 3192 747; x_wconf 88' lang='lat' dir='ltr'>quodammodo</span> <span class='ocrx_word' id='word_1_292' title='bbox 3264 675 3397 747; x_wconf 72' lang='grc'>(74).</span> <span class='ocrx_word' id='word_1_293' title='bbox 3468 677 3611 732; x_wconf 80' lang='lat' dir='ltr'>Nam</span> <span class='ocrx_word' id='word_1_294' title='bbox 3651 685 3711 732; x_wconf 89' lang='lat' dir='ltr'>ut</span> 
     </span>
    </p>
   </div>
   <div class='ocr_carea' id='block_1_44' title="bbox 2112 764 3712 838">
    <p class='ocr_par' dir='ltr' id='par_1_44' title="bbox 2112 764 3712 838">
     <span class='ocr_line' id='line_1_44' title="bbox 2112 764 3712 838; baseline 0.001 -19"><span class='ocrx_word' id='word_1_295' title='bbox 2112 764 2361 837; x_wconf 84' lang='lat' dir='ltr'>diximus,</span> <span class='ocrx_word' id='word_1_296' title='bbox 2408 772 2612 821; x_wconf 79' lang='lat' dir='ltr'>naturae</span> <span class='ocrx_word' id='word_1_297' title='bbox 2654 765 2927 838; x_wconf 90' lang='lat' dir='ltr'>corruptio</span> <span class='ocrx_word' id='word_1_298' title='bbox 2970 765 3074 819; x_wconf 89' lang='lat' dir='ltr'>alia</span> <span class='ocrx_word' id='word_1_299' title='bbox 3112 774 3302 820; x_wconf 89' lang='lat' dir='ltr'>natura</span> <span class='ocrx_word' id='word_1_300' title='bbox 3355 772 3461 832; x_wconf 90' lang='lat' dir='ltr'>est,</span> <span class='ocrx_word' id='word_1_301' title='bbox 3500 765 3712 821; x_wconf 77' lang='lat' dir='ltr'>habens</span> 
     </span>
    </p>
   </div>
   <div class='ocr_carea' id='block_1_45' title="bbox 2114 853 3713 926">
    <p class='ocr_par' dir='ltr' id='par_1_45' title="bbox 2114 853 3713 926">
     <span class='ocr_line' id='line_1_45' title="bbox 2114 853 3713 926; baseline 0.001 -18"><span class='ocrx_word' id='word_1_302' title='bbox 2114 868 2272 909; x_wconf 90' lang='lat' dir='ltr'>suum</span> <span class='ocrx_word' id='word_1_303' title='bbox 2315 854 2474 910; x_wconf 84' lang='lat' dir='ltr'>deum</span> <span class='ocrx_word' id='word_1_304' title='bbox 2518 862 2573 910; x_wconf 91' lang='lat' dir='ltr'>et</span> <span class='ocrx_word' id='word_1_305' title='bbox 2600 862 2828 926; x_wconf 90' lang='lat' dir='ltr'>patrem,</span> <span class='ocrx_word' id='word_1_306' title='bbox 2869 855 3046 926; x_wconf 91' lang='lat' dir='ltr'>ipsum</span> <span class='ocrx_word' id='word_1_307' title='bbox 3092 853 3298 910; x_wconf 88' lang='lat' dir='ltr'>scilicet</span> <span class='ocrx_word' id='word_1_308' title='bbox 3344 853 3713 925; x_wconf 88' lang='lat' dir='ltr'>corruptionis</span> 
     </span>
    </p>
   </div>
   <div class='ocr_carea' id='block_1_46' title="bbox 2114 942 3711 1012">
    <p class='ocr_par' dir='ltr' id='par_1_46' title="bbox 2114 942 3711 1012">
     <span class='ocr_line' id='line_1_46' title="bbox 2114 942 3711 1012; baseline 0.001 -14"><span class='ocrx_word' id='word_1_309' title='bbox 2114 951 2417 1012; x_wconf 89' lang='lat' dir='ltr'>auctorem;</span> <span class='ocrx_word' id='word_1_310' title='bbox 2465 952 2525 999; x_wconf 92' lang='lat' dir='ltr'>ut</span> <span class='ocrx_word' id='word_1_311' title='bbox 2566 952 2745 1001; x_wconf 90' lang='lat' dir='ltr'>tamen</span> <span class='ocrx_word' id='word_1_312' title='bbox 2790 945 2914 998; x_wconf 89' lang='lat' dir='ltr'>insit</span> <span class='ocrx_word' id='word_1_313' title='bbox 2958 954 3013 999; x_wconf 92' lang='lat' dir='ltr'>et</span> <span class='ocrx_word' id='word_1_314' title='bbox 3054 944 3257 1001; x_wconf 89' lang='lat' dir='ltr'>bonum</span> <span class='ocrx_word' id='word_1_315' title='bbox 3298 943 3515 1008; x_wconf 72' lang='lat' dir='ltr'>animae,</span> <span class='ocrx_word' id='word_1_316' title='bbox 3575 942 3711 998; x_wconf 87' lang='lat' dir='ltr'>illud</span> 
     </span>
    </p>
   </div>
   <div class='ocr_carea' id='block_1_47' title="bbox 2114 1030 3709 1103">
    <p class='ocr_par' dir='ltr' id='par_1_47' title="bbox 2114 1030 3709 1103">
     <span class='ocr_line' id='line_1_47' title="bbox 2114 1030 3709 1103; baseline 0 -17"><span class='ocrx_word' id='word_1_317' title='bbox 2114 1030 2427 1102; x_wconf 89' lang='lat' dir='ltr'>principale,</span> <span class='ocrx_word' id='word_1_318' title='bbox 2459 1031 2589 1087; x_wconf 89' lang='lat' dir='ltr'>illud</span> <span class='ocrx_word' id='word_1_319' title='bbox 2621 1031 2861 1089; x_wconf 79' lang='lat' dir='ltr'>divinum</span> <span class='ocrx_word' id='word_1_320' title='bbox 2900 1042 3059 1103; x_wconf 89' lang='lat' dir='ltr'>atque</span> <span class='ocrx_word' id='word_1_321' title='bbox 3097 1046 3438 1102; x_wconf 72' lang='lat' dir='ltr'>germanum,</span> <span class='ocrx_word' id='word_1_322' title='bbox 3478 1040 3536 1086; x_wconf 89' lang='lat' dir='ltr'>et</span> <span class='ocrx_word' id='word_1_323' title='bbox 3573 1045 3709 1101; x_wconf 88' lang='lat' dir='ltr'>pro-</span> 
     </span>
    </p>
   </div>
   <div class='ocr_carea' id='block_1_48' title="bbox 2116 1120 3711 1192">
    <p class='ocr_par' dir='ltr' id='par_1_48' title="bbox 2116 1120 3711 1192">
     <span class='ocr_line' id='line_1_48' title="bbox 2116 1120 3711 1192; baseline 0 -18"><span class='ocrx_word' id='word_1_324' title='bbox 2116 1120 2233 1191; x_wconf 89' lang='lat' dir='ltr'>prie</span> <span class='ocrx_word' id='word_1_325' title='bbox 2263 1121 2525 1177; x_wconf 81' lang='lat' dir='ltr'>naturale.</span> <span class='ocrx_word' id='word_1_326' title='bbox 2576 1120 2733 1192; x_wconf 90' lang='lat' dir='ltr'>Quod</span> <span class='ocrx_word' id='word_1_327' title='bbox 2779 1121 2924 1177; x_wconf 89' lang='lat' dir='ltr'>enim</span> <span class='ocrx_word' id='word_1_328' title='bbox 2948 1136 2981 1175; x_wconf 91' lang='lat' dir='ltr'>a</span> <span class='ocrx_word' id='word_1_329' title='bbox 3023 1122 3139 1176; x_wconf 90' lang='lat' dir='ltr'>Deo</span> <span class='ocrx_word' id='word_1_330' title='bbox 3178 1130 3282 1186; x_wconf 90' lang='lat' dir='ltr'>est,</span> <span class='ocrx_word' id='word_1_331' title='bbox 3312 1135 3426 1176; x_wconf 92' lang='lat' dir='ltr'>non</span> <span class='ocrx_word' id='word_1_332' title='bbox 3474 1129 3583 1175; x_wconf 83' lang='lat' dir='ltr'>tam</span> <span class='ocrx_word' id='word_1_333' title='bbox 3614 1137 3711 1177; x_wconf 84' lang='lat' dir='ltr'>ex-</span> 
     </span>
    </p>
   </div>
   <div class='ocr_carea' id='block_1_49' title="bbox 2119 1209 3716 1285">
    <p class='ocr_par' dir='ltr' id='par_1_49' title="bbox 2119 1209 3716 1285">
     <span class='ocr_line' id='line_1_49' title="bbox 2119 1209 3716 1285; baseline -0.002 -20"><span class='ocrx_word' id='word_1_334' title='bbox 2119 1209 2412 1285; x_wconf 70' lang='lat' dir='ltr'>stinguitur</span> <span class='ocrx_word' id='word_1_335' title='bbox 2475 1212 2611 1282; x_wconf 85' lang='grc'>(75),</span> <span class='ocrx_word' id='word_1_336' title='bbox 2681 1227 2844 1283; x_wconf 88' lang='lat' dir='ltr'>quam</span> <span class='ocrx_word' id='word_1_337' title='bbox 2911 1211 3287 1267; x_wconf 88' lang='lat' dir='ltr'>obumbratur.</span> <span class='ocrx_word' id='word_1_338' title='bbox 3352 1211 3530 1265; x_wconf 85' lang='lat' dir='ltr'>Potest</span> <span class='ocrx_word' id='word_1_339' title='bbox 3562 1209 3716 1266; x_wconf 88' lang='lat' dir='ltr'>enim</span> 
     </span>
    </p>
   </div>
   <div class='ocr_carea' id='block_1_50' title="bbox 2121 1299 3719 1374">
    <p class='ocr_par' dir='ltr' id='par_1_50' title="bbox 2121 1299 3719 1374">
     <span class='ocr_line' id='line_1_50' title="bbox 2121 1299 3719 1374; baseline -0.002 -17"><span class='ocrx_word' id='word_1_340' title='bbox 2121 1301 2453 1372; x_wconf 86' lang='lat' dir='ltr'>obumbrari,</span> <span class='ocrx_word' id='word_1_341' title='bbox 2504 1301 2630 1374; x_wconf 89' lang='lat' dir='ltr'>quia</span> <span class='ocrx_word' id='word_1_342' title='bbox 2658 1317 2769 1358; x_wconf 90' lang='lat' dir='ltr'>non</span> <span class='ocrx_word' id='word_1_343' title='bbox 2813 1309 2896 1358; x_wconf 89' lang='lat' dir='ltr'>est</span> <span class='ocrx_word' id='word_1_344' title='bbox 2924 1302 3100 1373; x_wconf 86' lang='lat' dir='ltr'>Deus;</span> <span class='ocrx_word' id='word_1_345' title='bbox 3150 1299 3422 1372; x_wconf 82' lang='lat' dir='ltr'>exstingui</span> <span class='ocrx_word' id='word_1_346' title='bbox 3477 1315 3587 1356; x_wconf 89' lang='lat' dir='ltr'>non</span> <span class='ocrx_word' id='word_1_347' title='bbox 3614 1314 3719 1371; x_wconf 88' lang='lat' dir='ltr'>po-</span> 
     </span>
    </p>
   </div>
   <div class='ocr_carea' id='block_1_51' title="bbox 2123 1388 3724 1464">
    <p class='ocr_par' dir='ltr' id='par_1_51' title="bbox 2123 1388 3724 1464">
     <span class='ocr_line' id='line_1_51' title="bbox 2123 1388 3724 1464; baseline 0.001 -19"><span class='ocrx_word' id='word_1_348' title='bbox 2123 1397 2243 1457; x_wconf 82' lang='lat' dir='ltr'>test,</span> <span class='ocrx_word' id='word_1_349' title='bbox 2290 1392 2419 1463; x_wconf 92' lang='lat' dir='ltr'>quia</span> <span class='ocrx_word' id='word_1_350' title='bbox 2463 1407 2493 1445; x_wconf 90' lang='lat' dir='ltr'>a</span> <span class='ocrx_word' id='word_1_351' title='bbox 2532 1392 2647 1447; x_wconf 94' lang='lat' dir='ltr'>Deo</span> <span class='ocrx_word' id='word_1_352' title='bbox 2711 1399 2812 1447; x_wconf 89' lang='lat' dir='ltr'>est.</span> <span class='ocrx_word' id='word_1_353' title='bbox 2865 1392 3067 1464; x_wconf 85' lang='lat' dir='ltr'>Itaque,</span> <span class='ocrx_word' id='word_1_354' title='bbox 3111 1390 3246 1447; x_wconf 84' lang='lat' dir='ltr'>sicut</span> <span class='ocrx_word' id='word_1_355' title='bbox 3297 1390 3484 1446; x_wconf 90' lang='lat' dir='ltr'>lumen</span> <span class='ocrx_word' id='word_1_356' title='bbox 3532 1388 3724 1461; x_wconf 89' lang='lat' dir='ltr'>aliquo</span> 
     </span>
    </p>
   </div>
   <div class='ocr_carea' id='block_1_52' title="bbox 2121 1480 3719 1554">
    <p class='ocr_par' dir='ltr' id='par_1_52' title="bbox 2121 1480 3719 1554">
     <span class='ocr_line' id='line_1_52' title="bbox 2121 1480 3719 1554; baseline -0.002 -19"><span class='ocrx_word' id='word_1_357' title='bbox 2121 1481 2395 1539; x_wconf 88' lang='lat' dir='ltr'>obstaculo</span> <span class='ocrx_word' id='word_1_358' title='bbox 2457 1481 2794 1554; x_wconf 88' lang='lat' dir='ltr'>impeditum,</span> <span class='ocrx_word' id='word_1_359' title='bbox 2844 1492 3045 1550; x_wconf 90' lang='lat' dir='ltr'>manet,</span> <span class='ocrx_word' id='word_1_360' title='bbox 3104 1480 3192 1536; x_wconf 86' lang='lat' dir='ltr'>sed</span> <span class='ocrx_word' id='word_1_361' title='bbox 3244 1495 3355 1535; x_wconf 90' lang='lat' dir='ltr'>non</span> <span class='ocrx_word' id='word_1_362' title='bbox 3412 1485 3719 1551; x_wconf 86' lang='lat' dir='ltr'>comparet,</span> 
     </span>
    </p>
   </div>
   <div class='ocr_carea' id='block_1_53' title="bbox 2122 1567 3725 1637">
    <p class='ocr_par' dir='ltr' id='par_1_53' title="bbox 2122 1567 3725 1637">
     <span class='ocr_line' id='line_1_53' title="bbox 2122 1567 3725 1637; baseline -0.002 -13"><span class='ocrx_word' id='word_1_363' title='bbox 2122 1568 2166 1624; x_wconf 88' lang='lat' dir='ltr'>si</span> <span class='ocrx_word' id='word_1_364' title='bbox 2213 1575 2359 1625; x_wconf 90' lang='lat' dir='ltr'>tanta</span> <span class='ocrx_word' id='word_1_365' title='bbox 2403 1568 2645 1628; x_wconf 89' lang='lat' dir='ltr'>densitas</span> <span class='ocrx_word' id='word_1_366' title='bbox 2693 1569 2960 1627; x_wconf 89' lang='lat' dir='ltr'>obstaculi</span> <span class='ocrx_word' id='word_1_367' title='bbox 2999 1568 3160 1626; x_wconf 89' lang='lat' dir='ltr'>fuerit</span> <span class='ocrx_word' id='word_1_368' title='bbox 3189 1570 3271 1637; x_wconf 79' lang='lat'>31;</span> <span class='ocrx_word' id='word_1_369' title='bbox 3304 1569 3376 1623; x_wconf 88' lang='lat' dir='ltr'>ita</span> <span class='ocrx_word' id='word_1_370' title='bbox 3432 1574 3487 1624; x_wconf 91' lang='lat' dir='ltr'>et</span> <span class='ocrx_word' id='word_1_371' title='bbox 3515 1567 3725 1623; x_wconf 89' lang='lat' dir='ltr'>bonum</span> 
     </span>
    </p>
   </div>
   <div class='ocr_carea' id='block_1_54' title="bbox 2122 1656 3722 1731">
    <p class='ocr_par' dir='ltr' id='par_1_54' title="bbox 2122 1656 3722 1731">
     <span class='ocr_line' id='line_1_54' title="bbox 2122 1656 3722 1731; baseline -0.001 -19"><span class='ocrx_word' id='word_1_372' title='bbox 2122 1656 2177 1714; x_wconf 92' lang='lat' dir='ltr'>in</span> <span class='ocrx_word' id='word_1_373' title='bbox 2233 1658 2411 1715; x_wconf 89' lang='lat' dir='ltr'>anima</span> <span class='ocrx_word' id='word_1_374' title='bbox 2455 1675 2486 1714; x_wconf 85' lang='lat' dir='ltr'>a</span> <span class='ocrx_word' id='word_1_375' title='bbox 2537 1656 2679 1716; x_wconf 87' lang='lat' dir='ltr'>malo</span> <span class='ocrx_word' id='word_1_376' title='bbox 2729 1673 3075 1731; x_wconf 90' lang='lat' dir='ltr'>oppressum,</span> <span class='ocrx_word' id='word_1_377' title='bbox 3116 1673 3219 1729; x_wconf 91' lang='lat' dir='ltr'>pro</span> <span class='ocrx_word' id='word_1_378' title='bbox 3267 1656 3523 1729; x_wconf 84' lang='lat' dir='ltr'>qualitate</span> <span class='ocrx_word' id='word_1_379' title='bbox 3578 1656 3722 1725; x_wconf 85' lang='lat' dir='ltr'>ejus,</span> 
     </span>
    </p>
   </div>
   <div class='ocr_carea' id='block_1_55' title="bbox 2124 1744 3726 1817">
    <p class='ocr_par' dir='ltr' id='par_1_55' title="bbox 2124 1744 3726 1817">
     <span class='ocr_line' id='line_1_55' title="bbox 2124 1744 3726 1817; baseline -0.002 -15"><span class='ocrx_word' id='word_1_380' title='bbox 2124 1754 2215 1804; x_wconf 91' lang='lat' dir='ltr'>aut</span> <span class='ocrx_word' id='word_1_381' title='bbox 2244 1747 2300 1802; x_wconf 92' lang='lat' dir='ltr'>in</span> <span class='ocrx_word' id='word_1_382' title='bbox 2332 1756 2497 1804; x_wconf 88' lang='lat' dir='ltr'>totum</span> <span class='ocrx_word' id='word_1_383' title='bbox 2543 1759 2715 1817; x_wconf 87' lang='lat' dir='ltr'>vacat,</span> <span class='ocrx_word' id='word_1_384' title='bbox 2750 1749 3013 1805; x_wconf 83' lang='lat' dir='ltr'>occultata</span> <span class='ocrx_word' id='word_1_385' title='bbox 3061 1747 3181 1804; x_wconf 91' lang='lat' dir='ltr'>luce</span> <span class='ocrx_word' id='word_1_386' title='bbox 3218 1747 3289 1816; x_wconf 77' lang='grc'>³2,</span> <span class='ocrx_word' id='word_1_387' title='bbox 3320 1753 3414 1800; x_wconf 90' lang='lat' dir='ltr'>aut</span> <span class='ocrx_word' id='word_1_388' title='bbox 3460 1760 3567 1815; x_wconf 89' lang='lat' dir='ltr'>qua</span> <span class='ocrx_word' id='word_1_389' title='bbox 3619 1744 3726 1798; x_wconf 85' lang='lat' dir='ltr'>da-</span> 
     </span>
    </p>
   </div>
   <div class='ocr_carea' id='block_1_56' title="bbox 2126 1833 3729 1907">
    <p class='ocr_par' dir='ltr' id='par_1_56' title="bbox 2126 1833 3729 1907">
     <span class='ocr_line' id='line_1_56' title="bbox 2126 1833 3729 1907; baseline -0.003 -14"><span class='ocrx_word' id='word_1_390' title='bbox 2126 1843 2212 1893; x_wconf 89' lang='lat' dir='ltr'>tur</span> <span class='ocrx_word' id='word_1_391' title='bbox 2247 1837 2439 1907; x_wconf 89' lang='lat' dir='ltr'>radiat,</span> <span class='ocrx_word' id='word_1_392' title='bbox 2483 1837 2700 1894; x_wconf 89' lang='lat' dir='ltr'>inventa</span> <span class='ocrx_word' id='word_1_393' title='bbox 2726 1836 2992 1894; x_wconf 89' lang='lat' dir='ltr'>libertate.</span> <span class='ocrx_word' id='word_1_394' title='bbox 3040 1836 3131 1893; x_wconf 92' lang='lat' dir='ltr'>Sic</span> <span class='ocrx_word' id='word_1_395' title='bbox 3174 1834 3398 1907; x_wconf 89' lang='lat' dir='ltr'>pessimi</span> <span class='ocrx_word' id='word_1_396' title='bbox 3425 1841 3481 1890; x_wconf 88' lang='lat' dir='ltr'>et</span> <span class='ocrx_word' id='word_1_397' title='bbox 3532 1833 3729 1904; x_wconf 90' lang='lat' dir='ltr'>optimi</span> 
     </span>
    </p>
   </div>
   <div class='ocr_carea' id='block_1_57' title="bbox 2128 1923 3724 1996">
    <p class='ocr_par' dir='ltr' id='par_1_57' title="bbox 2128 1923 3724 1996">
     <span class='ocr_line' id='line_1_57' title="bbox 2128 1923 3724 1996; baseline -0.004 -15"><span class='ocrx_word' id='word_1_398' title='bbox 2128 1925 2366 1996; x_wconf 87' lang='lat' dir='ltr'>quidam,</span> <span class='ocrx_word' id='word_1_399' title='bbox 2399 1932 2453 1982; x_wconf 91' lang='lat' dir='ltr'>et</span> <span class='ocrx_word' id='word_1_400' title='bbox 2481 1926 2837 1983; x_wconf 87' lang='lat' dir='ltr'>nihilominus</span> <span class='ocrx_word' id='word_1_401' title='bbox 2869 1942 3033 1982; x_wconf 91' lang='lat' dir='ltr'>unum</span> <span class='ocrx_word' id='word_1_402' title='bbox 3083 1940 3273 1981; x_wconf 88' lang='lat' dir='ltr'>omnes</span> <span class='ocrx_word' id='word_1_403' title='bbox 3300 1923 3495 1980; x_wconf 72' lang='lat' dir='ltr'>animae</span> <span class='ocrx_word' id='word_1_404' title='bbox 3521 1938 3724 1994; x_wconf 84' lang='lat' dir='ltr'>genus.</span> 
     </span>
    </p>
   </div>
   <div class='ocr_carea' id='block_1_58' title="bbox 2129 2011 3723 2087">
    <p class='ocr_par' dir='ltr' id='par_1_58' title="bbox 2129 2011 3723 2087">
     <span class='ocr_line' id='line_1_58' title="bbox 2129 2011 3723 2087; baseline -0.003 -18"><span class='ocrx_word' id='word_1_405' title='bbox 2129 2014 2218 2070; x_wconf 91' lang='lat' dir='ltr'>Sic</span> <span class='ocrx_word' id='word_1_406' title='bbox 2248 2024 2299 2071; x_wconf 90' lang='lat' dir='ltr'>et</span> <span class='ocrx_word' id='word_1_407' title='bbox 2328 2013 2381 2068; x_wconf 92' lang='lat' dir='ltr'>in</span> <span class='ocrx_word' id='word_1_408' title='bbox 2412 2013 2660 2085; x_wconf 90' lang='lat' dir='ltr'>pessimis</span> <span class='ocrx_word' id='word_1_409' title='bbox 2689 2014 2891 2087; x_wconf 90' lang='lat' dir='ltr'>aliquid</span> <span class='ocrx_word' id='word_1_410' title='bbox 2922 2012 3073 2085; x_wconf 90' lang='lat' dir='ltr'>boni,</span> <span class='ocrx_word' id='word_1_411' title='bbox 3102 2022 3157 2069; x_wconf 90' lang='lat' dir='ltr'>et</span> <span class='ocrx_word' id='word_1_412' title='bbox 3178 2013 3234 2068; x_wconf 91' lang='lat' dir='ltr'>in</span> <span class='ocrx_word' id='word_1_413' title='bbox 3262 2012 3482 2084; x_wconf 88' lang='lat' dir='ltr'>optimis</span> <span class='ocrx_word' id='word_1_414' title='bbox 3517 2011 3723 2068; x_wconf 91' lang='lat' dir='ltr'>nonni-</span> 
     </span>
    </p>
   </div>
   <div class='ocr_carea' id='block_1_59' title="bbox 2127 2100 3728 2174">
    <p class='ocr_par' dir='ltr' id='par_1_59' title="bbox 2127 2100 3728 2174">
     <span class='ocr_line' id='line_1_59' title="bbox 2127 2100 3728 2174; baseline -0.001 -18"><span class='ocrx_word' id='word_1_415' title='bbox 2127 2101 2198 2156; x_wconf 86' lang='lat' dir='ltr'>hil</span> <span class='ocrx_word' id='word_1_416' title='bbox 2232 2102 2475 2174; x_wconf 86' lang='lat' dir='ltr'>pessimi.</span> <span class='ocrx_word' id='word_1_417' title='bbox 2509 2101 2666 2158; x_wconf 91' lang='lat' dir='ltr'>Solus</span> <span class='ocrx_word' id='word_1_418' title='bbox 2696 2103 2840 2159; x_wconf 90' lang='lat' dir='ltr'>enim</span> <span class='ocrx_word' id='word_1_419' title='bbox 2872 2104 3018 2158; x_wconf 89' lang='lat' dir='ltr'>Deus</span> <span class='ocrx_word' id='word_1_420' title='bbox 3074 2102 3190 2158; x_wconf 88' lang='lat' dir='ltr'>sine</span> <span class='ocrx_word' id='word_1_421' title='bbox 3217 2111 3463 2173; x_wconf 88' lang='lat' dir='ltr'>peccato,</span> <span class='ocrx_word' id='word_1_422' title='bbox 3492 2111 3546 2157; x_wconf 92' lang='lat' dir='ltr'>et</span> <span class='ocrx_word' id='word_1_423' title='bbox 3577 2100 3728 2156; x_wconf 88' lang='lat' dir='ltr'>solus</span> 
     </span>
    </p>
   </div>
   <div class='ocr_carea' id='block_1_60' title="bbox 2128 2190 3728 2264">
    <p class='ocr_par' dir='ltr' id='par_1_60' title="bbox 2128 2190 3728 2264">
     <span class='ocr_line' id='line_1_60' title="bbox 2128 2190 3728 2264; baseline -0.003 -17"><span class='ocrx_word' id='word_1_424' title='bbox 2128 2193 2291 2247; x_wconf 89' lang='lat' dir='ltr'>homo</span> <span class='ocrx_word' id='word_1_425' title='bbox 2335 2192 2450 2246; x_wconf 88' lang='lat' dir='ltr'>sine</span> <span class='ocrx_word' id='word_1_426' title='bbox 2497 2199 2719 2262; x_wconf 90' lang='lat' dir='ltr'>peccato</span> <span class='ocrx_word' id='word_1_427' title='bbox 2769 2193 2880 2263; x_wconf 88' lang='lat'>(76)</span> <span class='ocrx_word' id='word_1_428' title='bbox 2947 2191 3216 2259; x_wconf 90' lang='lat' dir='ltr'>Christus,</span> <span class='ocrx_word' id='word_1_429' title='bbox 3276 2190 3406 2264; x_wconf 88' lang='lat' dir='ltr'>quia</span> <span class='ocrx_word' id='word_1_430' title='bbox 3464 2197 3522 2246; x_wconf 89' lang='lat' dir='ltr'>et</span> <span class='ocrx_word' id='word_1_431' title='bbox 3578 2192 3728 2245; x_wconf 86' lang='lat' dir='ltr'>Deus</span> 
     </span>
    </p>
   </div>
   <div class='ocr_carea' id='block_1_61' title="bbox 2128 2270 3727 2351">
    <p class='ocr_par' dir='ltr' id='par_1_61' title="bbox 2128 2270 3727 2351">
     <span class='ocr_line' id='line_1_61' title="bbox 2128 2270 3727 2351; baseline -0.003 -15"><span class='ocrx_word' id='word_1_432' title='bbox 2128 2280 2400 2336; x_wconf 87' lang='lat' dir='ltr'>Christus.</span> <span class='ocrx_word' id='word_1_433' title='bbox 2453 2270 2542 2335; x_wconf 86' lang='lat' dir='ltr'>Sic</span> <span class='ocrx_word' id='word_1_434' title='bbox 2596 2288 2649 2336; x_wconf 90' lang='lat' dir='ltr'>et</span> <span class='ocrx_word' id='word_1_435' title='bbox 2705 2280 2955 2337; x_wconf 90' lang='lat' dir='ltr'>divinitas</span> <span class='ocrx_word' id='word_1_436' title='bbox 2991 2281 3187 2336; x_wconf 65' lang='lat' dir='ltr'>animae</span> <span class='ocrx_word' id='word_1_437' title='bbox 3256 2279 3314 2343; x_wconf 85' lang='lat' dir='ltr'>in</span> <span class='ocrx_word' id='word_1_438' title='bbox 3372 2279 3642 2351; x_wconf 72' lang='lat' dir='ltr'>praasagia</span> <span class='ocrx_word' id='word_1_439' title='bbox 3672 2278 3727 2316; x_wconf 83' lang='grc'>³³</span> 
     </span>
    </p>
   </div>
   <div class='ocr_carea' id='block_1_62' title="bbox 2129 2366 3731 2441">
    <p class='ocr_par' dir='ltr' id='par_1_62' title="bbox 2129 2366 3731 2441">
     <span class='ocr_line' id='line_1_62' title="bbox 2129 2366 3731 2441; baseline -0.001 -17"><span class='ocrx_word' id='word_1_440' title='bbox 2129 2367 2381 2438; x_wconf 87' lang='lat' dir='ltr'>erumpit,</span> <span class='ocrx_word' id='word_1_441' title='bbox 2416 2383 2481 2423; x_wconf 89' lang='lat' dir='ltr'>ex</span> <span class='ocrx_word' id='word_1_442' title='bbox 2538 2369 2685 2425; x_wconf 91' lang='lat' dir='ltr'>bono</span> <span class='ocrx_word' id='word_1_443' title='bbox 2729 2369 2934 2441; x_wconf 90' lang='lat' dir='ltr'>priore,</span> <span class='ocrx_word' id='word_1_444' title='bbox 2965 2377 3017 2424; x_wconf 91' lang='lat' dir='ltr'>et</span> <span class='ocrx_word' id='word_1_445' title='bbox 3053 2367 3388 2425; x_wconf 90' lang='lat' dir='ltr'>conscientia</span> <span class='ocrx_word' id='word_1_446' title='bbox 3435 2366 3536 2423; x_wconf 90' lang='lat' dir='ltr'>Dei</span> <span class='ocrx_word' id='word_1_447' title='bbox 3559 2368 3623 2422; x_wconf 90' lang='lat' dir='ltr'>in</span> <span class='ocrx_word' id='word_1_448' title='bbox 3652 2374 3731 2422; x_wconf 84' lang='lat' dir='ltr'>te-</span> 
     </span>
    </p>
   </div>
   <div class='ocr_carea' id='block_1_63' title="bbox 2131 2454 3731 2528">
    <p class='ocr_par' dir='ltr' id='par_1_63' title="bbox 2131 2454 3731 2528">
     <span class='ocr_line' id='line_1_63' title="bbox 2131 2454 3731 2528; baseline -0.003 -16"><span class='ocrx_word' id='word_1_449' title='bbox 2131 2456 2438 2512; x_wconf 86' lang='lat' dir='ltr'>stimonium</span> <span class='ocrx_word' id='word_1_450' title='bbox 2501 2457 2907 2528; x_wconf 76' lang='lat' dir='ltr'>proditzneus</span> <span class='ocrx_word' id='word_1_451' title='bbox 2966 2457 3173 2516; x_wconf 88' lang='lat' dir='ltr'>bon-us!</span> <span class='ocrx_word' id='word_1_452' title='bbox 3212 2459 3358 2513; x_wconf 85' lang='lat' dir='ltr'>Deus</span> <span class='ocrx_word' id='word_1_453' title='bbox 3412 2454 3595 2523; x_wconf 80' lang='lat' dir='ltr'>videt;</span> <span class='ocrx_word' id='word_1_454' title='bbox 3652 2460 3731 2523; x_wconf 89' lang='lat' dir='ltr'>et,</span> 
     </span>
    </p>
   </div>
   <div class='ocr_carea' id='block_1_64' title="bbox 2136 2542 3732 2618">
    <p class='ocr_par' dir='ltr' id='par_1_64' title="bbox 2136 2542 3732 2618">
     <span class='ocr_line' id='line_1_64' title="bbox 2136 2542 3732 2618; baseline -0.004 -15"><span class='ocrx_word' id='word_1_455' title='bbox 2136 2549 2243 2603; x_wconf 89' lang='lat' dir='ltr'>Deo</span> <span class='ocrx_word' id='word_1_456' title='bbox 2265 2548 2609 2607; x_wconf 86' lang='lat' dir='ltr'>commendo.</span> <span class='ocrx_word' id='word_1_457' title='bbox 2642 2547 2933 2618; x_wconf 87' lang='lat' dir='ltr'>Propterea</span> <span class='ocrx_word' id='word_1_458' title='bbox 2958 2546 3107 2603; x_wconf 91' lang='lat' dir='ltr'>nulla</span> <span class='ocrx_word' id='word_1_459' title='bbox 3127 2545 3305 2601; x_wconf 91' lang='lat' dir='ltr'>anima</span> <span class='ocrx_word' id='word_1_460' title='bbox 3333 2543 3451 2600; x_wconf 88' lang='lat' dir='ltr'>sine</span> <span class='ocrx_word' id='word_1_461' title='bbox 3475 2542 3732 2609; x_wconf 87' lang='lat' dir='ltr'>crimine,</span> 
     </span>
    </p>
   </div>
   <div class='ocr_carea' id='block_1_65' title="bbox 2134 2632 3735 2708">
    <p class='ocr_par' dir='ltr' id='par_1_65' title="bbox 2134 2632 3735 2708">
     <span class='ocr_line' id='line_1_65' title="bbox 2134 2632 3735 2708; baseline -0.002 -16"><span class='ocrx_word' id='word_1_462' title='bbox 2134 2636 2261 2708; x_wconf 87' lang='lat' dir='ltr'>quia</span> <span class='ocrx_word' id='word_1_463' title='bbox 2291 2636 2440 2693; x_wconf 90' lang='lat' dir='ltr'>nulla</span> <span class='ocrx_word' id='word_1_464' title='bbox 2470 2639 2587 2692; x_wconf 90' lang='lat' dir='ltr'>sine</span> <span class='ocrx_word' id='word_1_465' title='bbox 2622 2636 2751 2693; x_wconf 92' lang='lat' dir='ltr'>boni</span> <span class='ocrx_word' id='word_1_466' title='bbox 2783 2637 3013 2693; x_wconf 89' lang='lat' dir='ltr'>semine.</span> <span class='ocrx_word' id='word_1_467' title='bbox 3059 2635 3289 2693; x_wconf 87' lang='lat' dir='ltr'>Proinde</span> <span class='ocrx_word' id='word_1_468' title='bbox 3320 2650 3444 2690; x_wconf 90' lang='lat' dir='ltr'>cum</span> <span class='ocrx_word' id='word_1_469' title='bbox 3472 2633 3541 2688; x_wconf 87' lang='lat' dir='ltr'>ad</span> <span class='ocrx_word' id='word_1_470' title='bbox 3572 2632 3735 2688; x_wconf 86' lang='lat' dir='ltr'>ﬁdem</span> 
     </span>
    </p>
   </div>
   <div class='ocr_carea' id='block_1_66' title="bbox 2136 2721 3735 2798">
    <p class='ocr_par' dir='ltr' id='par_1_66' title="bbox 2136 2721 3735 2798">
     <span class='ocr_line' id='line_1_66' title="bbox 2136 2721 3735 2798; baseline -0.003 -17"><span class='ocrx_word' id='word_1_471' title='bbox 2136 2726 2382 2796; x_wconf 89' lang='lat' dir='ltr'>pervenit</span> <span class='ocrx_word' id='word_1_472' title='bbox 2438 2726 2734 2781; x_wconf 85' lang='lat' dir='ltr'>reformata</span> <span class='ocrx_word' id='word_1_473' title='bbox 2774 2743 2873 2798; x_wconf 90' lang='lat' dir='ltr'>per</span> <span class='ocrx_word' id='word_1_474' title='bbox 2919 2725 3215 2782; x_wconf 91' lang='lat' dir='ltr'>secundam</span> <span class='ocrx_word' id='word_1_475' title='bbox 3266 2721 3602 2779; x_wconf 82' lang='lat' dir='ltr'>nativitatem</span> <span class='ocrx_word' id='word_1_476' title='bbox 3665 2736 3735 2777; x_wconf 83' lang='lat' dir='ltr'>ex</span> 
     </span>
    </p>
   </div>
   <div class='ocr_carea' id='block_1_67' title="bbox 2132 2810 3738 2885">
    <p class='ocr_par' dir='ltr' id='par_1_67' title="bbox 2132 2810 3738 2885">
     <span class='ocr_line' id='line_1_67' title="bbox 2132 2810 3738 2885; baseline -0.002 -18"><span class='ocrx_word' id='word_1_477' title='bbox 2132 2829 2274 2885; x_wconf 89' lang='lat' dir='ltr'>aqua</span> <span class='ocrx_word' id='word_1_478' title='bbox 2323 2821 2377 2869; x_wconf 90' lang='lat' dir='ltr'>et</span> <span class='ocrx_word' id='word_1_479' title='bbox 2415 2830 2649 2885; x_wconf 91' lang='lat' dir='ltr'>superna</span> <span class='ocrx_word' id='word_1_480' title='bbox 2707 2815 2899 2871; x_wconf 89' lang='lat' dir='ltr'>virtute</span> <span class='ocrx_word' id='word_1_481' title='bbox 2953 2815 3023 2881; x_wconf 64' lang='lat'>3&quot;,</span> <span class='ocrx_word' id='word_1_482' title='bbox 3071 2814 3310 2869; x_wconf 90' lang='lat' dir='ltr'>detracto</span> <span class='ocrx_word' id='word_1_483' title='bbox 3366 2810 3738 2882; x_wconf 85' lang='lat' dir='ltr'>corruptionis</span> 
     </span>
    </p>
   </div>
   <div class='ocr_carea' id='block_1_68' title="bbox 2132 2898 3733 2974">
    <p class='ocr_par' dir='ltr' id='par_1_68' title="bbox 2132 2898 3733 2974">
     <span class='ocr_line' id='line_1_68' title="bbox 2132 2898 3733 2974; baseline -0.003 -17"><span class='ocrx_word' id='word_1_484' title='bbox 2132 2902 2373 2974; x_wconf 64' lang='lat' dir='ltr'>pristinae</span> <span class='ocrx_word' id='word_1_485' title='bbox 2402 2903 2596 2972; x_wconf 68' lang='lat' dir='ltr'>aulaeo,</span> <span class='ocrx_word' id='word_1_486' title='bbox 2630 2910 2795 2959; x_wconf 90' lang='lat' dir='ltr'>totam</span> <span class='ocrx_word' id='word_1_487' title='bbox 2849 2904 3022 2959; x_wconf 91' lang='lat' dir='ltr'>lucem</span> <span class='ocrx_word' id='word_1_488' title='bbox 3064 2918 3216 2957; x_wconf 90' lang='lat' dir='ltr'>suam</span> <span class='ocrx_word' id='word_1_489' title='bbox 3255 2899 3534 2971; x_wconf 90' lang='lat' dir='ltr'>conspicit.</span> <span class='ocrx_word' id='word_1_490' title='bbox 3566 2898 3733 2953; x_wconf 85' lang='lat' dir='ltr'>Exci-</span> 
     </span>
    </p>
   </div>
   <div class='ocr_carea' id='block_1_69' title="bbox 2136 2986 3742 3062">
    <p class='ocr_par' dir='ltr' id='par_1_69' title="bbox 2136 2986 3742 3062">
     <span class='ocr_line' id='line_1_69' title="bbox 2136 2986 3742 3062; baseline -0.002 -19"><span class='ocrx_word' id='word_1_491' title='bbox 2136 2990 2283 3061; x_wconf 87' lang='lat' dir='ltr'>pitur</span> <span class='ocrx_word' id='word_1_492' title='bbox 2310 2992 2474 3047; x_wconf 87' lang='lat' dir='ltr'>etiam</span> <span class='ocrx_word' id='word_1_493' title='bbox 2521 3008 2552 3046; x_wconf 91' lang='lat' dir='ltr'>a</span> <span class='ocrx_word' id='word_1_494' title='bbox 2590 2991 2793 3062; x_wconf 89' lang='lat' dir='ltr'>Spiritu</span> <span class='ocrx_word' id='word_1_495' title='bbox 2836 2999 3043 3061; x_wconf 89' lang='lat' dir='ltr'>sancto,</span> <span class='ocrx_word' id='word_1_496' title='bbox 3089 2991 3225 3046; x_wconf 91' lang='lat' dir='ltr'>sicut</span> <span class='ocrx_word' id='word_1_497' title='bbox 3263 2989 3321 3043; x_wconf 89' lang='lat' dir='ltr'>in</span> <span class='ocrx_word' id='word_1_498' title='bbox 3364 2986 3594 3059; x_wconf 89' lang='lat' dir='ltr'>pristina</span> <span class='ocrx_word' id='word_1_499' title='bbox 3637 3002 3742 3040; x_wconf 86' lang='lat' dir='ltr'>na-</span> 
     </span>
    </p>
   </div>
   <div class='ocr_carea' id='block_1_70' title="bbox 2140 3076 3735 3151">
    <p class='ocr_par' dir='ltr' id='par_1_70' title="bbox 2140 3076 3735 3151">
     <span class='ocr_line' id='line_1_70' title="bbox 2140 3076 3735 3151; baseline -0.003 -20"><span class='ocrx_word' id='word_1_500' title='bbox 2140 3078 2345 3136; x_wconf 89' lang='lat' dir='ltr'>tivitate</span> <span class='ocrx_word' id='word_1_501' title='bbox 2389 3094 2420 3134; x_wconf 89' lang='lat' dir='ltr'>a</span> <span class='ocrx_word' id='word_1_502' title='bbox 2448 3079 2640 3151; x_wconf 89' lang='lat' dir='ltr'>spiritu</span> <span class='ocrx_word' id='word_1_503' title='bbox 2685 3080 2914 3150; x_wconf 85' lang='lat' dir='ltr'>profano</span> <span class='ocrx_word' id='word_1_504' title='bbox 2952 3081 3020 3136; x_wconf 82' lang='lat'>35.</span> <span class='ocrx_word' id='word_1_505' title='bbox 3064 3078 3319 3151; x_wconf 89' lang='lat' dir='ltr'>Sequitur</span> <span class='ocrx_word' id='word_1_506' title='bbox 3377 3076 3611 3132; x_wconf 88' lang='lat' dir='ltr'>animam</span> <span class='ocrx_word' id='word_1_507' title='bbox 3642 3091 3735 3128; x_wconf 89' lang='lat' dir='ltr'>nn-</span> 
     </span>
    </p>
   </div>
   <div class='ocr_carea' id='block_1_71' title="bbox 2139 3165 3732 3240">
    <p class='ocr_par' dir='ltr' id='par_1_71' title="bbox 2139 3165 3732 3240">
     <span class='ocr_line' id='line_1_71' title="bbox 2139 3165 3732 3240; baseline -0.004 -18"><span class='ocrx_word' id='word_1_508' title='bbox 2139 3167 2356 3223; x_wconf 88' lang='lat' dir='ltr'>bcnlem</span> <span class='ocrx_word' id='word_1_509' title='bbox 2406 3168 2617 3240; x_wconf 91' lang='lat' dir='ltr'>spiritui</span> <span class='ocrx_word' id='word_1_510' title='bbox 2646 3184 2792 3236; x_wconf 88' lang='lat' dir='ltr'>caro,</span> <span class='ocrx_word' id='word_1_511' title='bbox 2832 3178 2891 3224; x_wconf 92' lang='lat' dir='ltr'>ut</span> <span class='ocrx_word' id='word_1_512' title='bbox 2938 3168 3114 3223; x_wconf 84' lang='lat' dir='ltr'>dotale</span> <span class='ocrx_word' id='word_1_513' title='bbox 3160 3165 3510 3236; x_wconf 88' lang='lat' dir='ltr'>mancipium,</span> <span class='ocrx_word' id='word_1_514' title='bbox 3541 3173 3597 3218; x_wconf 89' lang='lat' dir='ltr'>et</span> <span class='ocrx_word' id='word_1_515' title='bbox 3621 3165 3732 3233; x_wconf 89' lang='lat' dir='ltr'>jam</span> 
     </span>
    </p>
   </div>
   <div class='ocr_carea' id='block_1_72' title="bbox 2140 3254 3738 3327">
    <p class='ocr_par' dir='ltr' id='par_1_72' title="bbox 2140 3254 3738 3327">
     <span class='ocr_line' id='line_1_72' title="bbox 2140 3254 3738 3327; baseline -0.004 -15"><span class='ocrx_word' id='word_1_516' title='bbox 2140 3273 2253 3312; x_wconf 91' lang='lat' dir='ltr'>non</span> <span class='ocrx_word' id='word_1_517' title='bbox 2283 3257 2477 3313; x_wconf 63' lang='lat' dir='ltr'>animas</span> <span class='ocrx_word' id='word_1_518' title='bbox 2524 3256 2739 3327; x_wconf 89' lang='lat' dir='ltr'>famula,</span> <span class='ocrx_word' id='word_1_519' title='bbox 2774 3257 2867 3312; x_wconf 87' lang='lat' dir='ltr'>sed</span> <span class='ocrx_word' id='word_1_520' title='bbox 2897 3256 3135 3327; x_wconf 90' lang='lat' dir='ltr'>spiritus.</span> <span class='ocrx_word' id='word_1_521' title='bbox 3179 3255 3224 3311; x_wconf 95' lang='grc' dir='ltr'>Ο</span> <span class='ocrx_word' id='word_1_522' title='bbox 3254 3254 3471 3309; x_wconf 86' lang='lat' dir='ltr'>beatum</span> <span class='ocrx_word' id='word_1_523' title='bbox 3521 3267 3738 3308; x_wconf 87' lang='lat' dir='ltr'>connu-</span> 
     </span>
    </p>
   </div>
   <div class='ocr_carea' id='block_1_73' title="bbox 2135 3343 3233 3413">
    <p class='ocr_par' dir='ltr' id='par_1_73' title="bbox 2135 3343 3233 3413">
     <span class='ocr_line' id='line_1_73' title="bbox 2135 3343 3233 3413; baseline 0 -14"><span class='ocrx_word' id='word_1_524' title='bbox 2135 3344 2311 3413; x_wconf 91' lang='lat' dir='ltr'>bium,</span> <span class='ocrx_word' id='word_1_525' title='bbox 2345 3345 2390 3401; x_wconf 92' lang='lat' dir='ltr'>si</span> <span class='ocrx_word' id='word_1_526' title='bbox 2426 3360 2535 3401; x_wconf 90' lang='lat' dir='ltr'>non</span> <span class='ocrx_word' id='word_1_527' title='bbox 2561 3344 2842 3402; x_wconf 89' lang='lat' dir='ltr'>admiserit</span> <span class='ocrx_word' id='word_1_528' title='bbox 2873 3343 3193 3399; x_wconf 85' lang='lat' dir='ltr'>adulterium</span> <span class='ocrx_word' id='word_1_529' title='bbox 3220 3343 3233 3399; x_wconf 74' lang='grc' dir='ltr'><em>ι</em></span> 
     </span>
    </p>
   </div>
   <div class='ocr_carea' id='block_1_74' title="bbox 2624 3431 3249 3490">
    <p class='ocr_par' dir='ltr' id='par_1_74' title="bbox 2624 3431 3249 3490">
     <span class='ocr_line' id='line_1_74' title="bbox 2624 3431 3249 3490; baseline -0.005 0"><span class='ocrx_word' id='word_1_530' title='bbox 2624 3431 2781 3490; x_wconf 65' lang='lat'>72]</span> <span class='ocrx_word' id='word_1_531' title='bbox 2822 3433 3043 3489; x_wconf 83' lang='lat' dir='ltr'>CAPUT</span> <span class='ocrx_word' id='word_1_532' title='bbox 3080 3432 3249 3487; x_wconf 84' lang='lat' dir='ltr'><strong>XLII.</strong></span> 
     </span>
    </p>
   </div>
   <div class='ocr_carea' id='block_1_75' title="bbox 2210 3518 3747 3595">
    <p class='ocr_par' dir='ltr' id='par_1_75' title="bbox 2210 3518 3747 3595">
     <span class='ocr_line' id='line_1_75' title="bbox 2210 3518 3747 3595; baseline -0.004 -16"><span class='ocrx_word' id='word_1_533' title='bbox 2210 3524 2289 3579; x_wconf 91' lang='lat' dir='ltr'>De</span> <span class='ocrx_word' id='word_1_534' title='bbox 2352 3530 2524 3580; x_wconf 90' lang='lat' dir='ltr'>morte</span> <span class='ocrx_word' id='word_1_535' title='bbox 2584 3522 2698 3593; x_wconf 89' lang='lat' dir='ltr'>jam</span> <span class='ocrx_word' id='word_1_536' title='bbox 2767 3528 3033 3595; x_wconf 89' lang='lat' dir='ltr'>superest,</span> <span class='ocrx_word' id='word_1_537' title='bbox 3068 3529 3128 3577; x_wconf 89' lang='lat' dir='ltr'>ut</span> <span class='ocrx_word' id='word_1_538' title='bbox 3182 3518 3294 3575; x_wconf 90' lang='lat' dir='ltr'>illic</span> <span class='ocrx_word' id='word_1_539' title='bbox 3354 3518 3579 3576; x_wconf 87' lang='lat' dir='ltr'>materia</span> <span class='ocrx_word' id='word_1_540' title='bbox 3645 3532 3747 3589; x_wconf 86' lang='lat' dir='ltr'>po—</span> 
     </span>
    </p>
   </div>
   <div class='ocr_carea' id='block_1_76' title="bbox 1806 3646 2357 3713">
    <p class='ocr_par' dir='ltr' id='par_1_76' title="bbox 1806 3646 2357 3713">
     <span class='ocr_line' id='line_1_76' title="bbox 1806 3646 2357 3713; baseline 0.009 -5"><span class='ocrx_word' id='word_1_541' title='bbox 1806 3646 1997 3709; x_wconf 68' lang='lat' dir='ltr'>Varize</span> <span class='ocrx_word' id='word_1_542' title='bbox 2043 3650 2357 3713; x_wconf 87' lang='lat' dir='ltr'>lectiones.</span> 
     </span>
    </p>
   </div>
   <div class='ocr_carea' id='block_1_77' title="bbox 498 3750 3744 3813">
    <p class='ocr_par' dir='ltr' id='par_1_77' title="bbox 498 3750 3744 3813">
     <span class='ocr_line' id='line_1_77' title="bbox 498 3750 3744 3813; baseline -0.002 -5"><span class='ocrx_word' id='word_1_543' title='bbox 498 3756 549 3793; x_wconf 72' lang='grc'>³6</span> <span class='ocrx_word' id='word_1_544' title='bbox 587 3753 809 3809; x_wconf 89' lang='lat' dir='ltr'>Infamia</span> <span class='ocrx_word' id='word_1_545' title='bbox 837 3755 964 3810; x_wconf 85' lang='lat' dir='ltr'>add.</span> <span class='ocrx_word' id='word_1_546' title='bbox 1018 3756 1187 3812; x_wconf 89' lang='lat' dir='ltr'>Seml.</span> <span class='ocrx_word' id='word_1_547' title='bbox 1238 3751 1286 3791; x_wconf 75' lang='grc'>2⁷</span> <span class='ocrx_word' id='word_1_548' title='bbox 1333 3752 1595 3808; x_wconf 85' lang='lat' dir='ltr'>Animalis</span> <span class='ocrx_word' id='word_1_549' title='bbox 1625 3751 1839 3807; x_wconf 90' lang='lat' dir='ltr'>nomine</span> <span class='ocrx_word' id='word_1_550' title='bbox 1887 3753 2058 3809; x_wconf 87' lang='lat' dir='ltr'>Seml.</span> <span class='ocrx_word' id='word_1_551' title='bbox 2090 3752 2140 3791; x_wconf 75' lang='grc'>28</span> <span class='ocrx_word' id='word_1_552' title='bbox 2175 3753 2405 3811; x_wconf 84' lang='lat' dir='ltr'>Ofﬁcina</span> <span class='ocrx_word' id='word_1_553' title='bbox 2436 3758 2607 3813; x_wconf 84' lang='lat' dir='ltr'>Seml.</span> <span class='ocrx_word' id='word_1_554' title='bbox 2634 3755 2684 3793; x_wconf 79' lang='grc'>²⁰</span> <span class='ocrx_word' id='word_1_555' title='bbox 2715 3754 2990 3809; x_wconf 87' lang='lat' dir='ltr'>Mulierem</span> <span class='ocrx_word' id='word_1_556' title='bbox 3026 3754 3217 3809; x_wconf 83' lang='lat' dir='ltr'>omitt.</span> <span class='ocrx_word' id='word_1_557' title='bbox 3277 3755 3411 3808; x_wconf 85' lang='lat' dir='ltr'>Par.</span> <span class='ocrx_word' id='word_1_558' title='bbox 3472 3750 3538 3804; x_wconf 87' lang='lat' dir='ltr'>ad</span> <span class='ocrx_word' id='word_1_559' title='bbox 3601 3765 3744 3803; x_wconf 88' lang='lat' dir='ltr'>con-</span> 
     </span>
    </p>
   </div>
   <div class='ocr_carea' id='block_1_78' title="bbox 438 3822 3745 3898">
    <p class='ocr_par' dir='ltr' id='par_1_78' title="bbox 438 3822 3745 3898">
     <span class='ocr_line' id='line_1_78' title="bbox 438 3822 3745 3898; baseline -0.001 -16"><span class='ocrx_word' id='word_1_560' title='bbox 438 3826 825 3898; x_wconf 75' lang='lat' dir='ltr'>cupiscendum</span> <span class='ocrx_word' id='word_1_561' title='bbox 884 3827 1011 3898; x_wconf 54' lang='lat' dir='ltr'>alii:</span> <span class='ocrx_word' id='word_1_562' title='bbox 1059 3827 1110 3898; x_wconf 56' lang='grc' dir='ltr'>ἕο</span> <span class='ocrx_word' id='word_1_563' title='bbox 1154 3824 1508 3898; x_wconf 59' lang='lat' dir='ltr'>Accusatione</span> <span class='ocrx_word' id='word_1_564' title='bbox 1536 3826 1673 3880; x_wconf 84' lang='lat' dir='ltr'>Jun.</span> <span class='ocrx_word' id='word_1_565' title='bbox 1719 3823 1764 3862; x_wconf 63' lang='lat'><strong>3‘</strong></span> <span class='ocrx_word' id='word_1_566' title='bbox 1820 3823 1919 3879; x_wconf 88' lang='lat' dir='ltr'>Via</span> <span class='ocrx_word' id='word_1_567' title='bbox 1956 3824 2083 3883; x_wconf 90' lang='lat' dir='ltr'>add.</span> <span class='ocrx_word' id='word_1_568' title='bbox 2115 3826 2232 3882; x_wconf 90' lang='lat' dir='ltr'>cod.</span> <span class='ocrx_word' id='word_1_569' title='bbox 2284 3828 2549 3898; x_wconf 83' lang='lat' dir='ltr'>Agobard.</span> <span class='ocrx_word' id='word_1_570' title='bbox 2600 3827 2650 3866; x_wconf 67' lang='lat'>33</span> <span class='ocrx_word' id='word_1_571' title='bbox 2714 3826 2943 3883; x_wconf 84' lang='lat' dir='ltr'>Occulta</span> <span class='ocrx_word' id='word_1_572' title='bbox 2989 3827 3161 3883; x_wconf 82' lang='lat' dir='ltr'>Fran.</span> <span class='ocrx_word' id='word_1_573' title='bbox 3203 3825 3252 3865; x_wconf 82' lang='lat'><strong>33</strong></span> <span class='ocrx_word' id='word_1_574' title='bbox 3282 3822 3575 3879; x_wconf 61' lang='lat' dir='ltr'>Praesentia</span> <span class='ocrx_word' id='word_1_575' title='bbox 3615 3822 3745 3876; x_wconf 78' lang='lat' dir='ltr'>Ven.</span> 
     </span>
    </p>
   </div>
   <div class='ocr_carea' id='block_1_79' title="bbox 437 3896 1477 3954">
    <p class='ocr_par' dir='ltr' id='par_1_79' title="bbox 437 3896 1477 3954">
     <span class='ocr_line' id='line_1_79' title="bbox 437 3896 1477 3954; baseline -0.003 -2"><span class='ocrx_word' id='word_1_576' title='bbox 437 3900 485 3937; x_wconf 57' lang='lat'>3“</span> <span class='ocrx_word' id='word_1_577' title='bbox 512 3896 578 3952; x_wconf 87' lang='lat' dir='ltr'>Et</span> <span class='ocrx_word' id='word_1_578' title='bbox 607 3898 761 3954; x_wconf 82' lang='lat' dir='ltr'>inser</span> <span class='ocrx_word' id='word_1_579' title='bbox 790 3897 924 3952; x_wconf 86' lang='lat' dir='ltr'>Jun.</span> <span class='ocrx_word' id='word_1_580' title='bbox 967 3896 1016 3935; x_wconf 80' lang='lat'>35</span> <span class='ocrx_word' id='word_1_581' title='bbox 1054 3896 1311 3950; x_wconf 86' lang='lat' dir='ltr'>Profanos</span> <span class='ocrx_word' id='word_1_582' title='bbox 1340 3897 1477 3951; x_wconf 81' lang='lat' dir='ltr'>Jun.</span> 
     </span>
    </p>
   </div>
   <div class='ocr_carea' id='block_1_80' title="bbox 1838 3966 2338 4049">
    <p class='ocr_par' dir='ltr' id='par_1_80' title="bbox 1838 3966 2338 4049">
     <span class='ocr_line' id='line_1_80' title="bbox 1838 3966 2338 4049; baseline 0.008 -21"><span class='ocrx_word' id='word_1_583' title='bbox 1838 3966 2338 4049; x_wconf 83' lang='lat' dir='ltr'>Commentarius.</span> 
     </span>
    </p>
   </div>
   <div class='ocr_carea' id='block_1_81' title="bbox 506 4099 2035 4172">
    <p class='ocr_par' dir='ltr' id='par_1_81' title="bbox 506 4099 2035 4172">
     <span class='ocr_line' id='line_1_81' title="bbox 506 4099 2035 4172; baseline -0.001 -15"><span class='ocrx_word' id='word_1_584' title='bbox 506 4101 616 4171; x_wconf 83' lang='grc'>(70)</span> <span class='ocrx_word' id='word_1_585' title='bbox 652 4101 939 4172; x_wconf 74' lang='lat' dir='ltr'>Recipims</span> <span class='ocrx_word' id='word_1_586' title='bbox 980 4099 1357 4172; x_wconf 71' lang='lat' dir='ltr'>ignominiam</span> <span class='ocrx_word' id='word_1_587' title='bbox 1399 4112 1476 4153; x_wconf 71' lang='lat' dir='ltr'>ea:</span> <span class='ocrx_word' id='word_1_588' title='bbox 1504 4099 1698 4155; x_wconf 84' lang='lat' dir='ltr'>carnis</span> <span class='ocrx_word' id='word_1_589' title='bbox 1746 4099 2035 4155; x_wconf 85' lang='lat' dir='ltr'>societate.</span> 
     </span>
    </p>
   </div>
   <div class='ocr_carea' id='block_1_82' title="bbox 436 4169 2037 4229">
    <p class='ocr_par' dir='ltr' id='par_1_82' title="bbox 436 4169 2037 4229">
     <span class='ocr_line' id='line_1_82' title="bbox 436 4169 2037 4229; baseline -0.002 0"><span class='ocrx_word' id='word_1_590' title='bbox 436 4169 569 4229; x_wconf 88' lang='lat' dir='ltr'>Cum</span> <span class='ocrx_word' id='word_1_591' title='bbox 600 4169 963 4226; x_wconf 88' lang='lat' dir='ltr'>Tertullianus</span> <span class='ocrx_word' id='word_1_592' title='bbox 990 4170 1171 4225; x_wconf 86' lang='lat' dir='ltr'>statim</span> <span class='ocrx_word' id='word_1_593' title='bbox 1204 4169 1342 4224; x_wconf 88' lang='lat' dir='ltr'>dicat</span> <span class='ocrx_word' id='word_1_594' title='bbox 1397 4184 1615 4224; x_wconf 89' lang='lat' dir='ltr'>carnem</span> <span class='ocrx_word' id='word_1_595' title='bbox 1645 4185 1761 4224; x_wconf 88' lang='lat' dir='ltr'>non</span> <span class='ocrx_word' id='word_1_596' title='bbox 1800 4186 1903 4226; x_wconf 85' lang='lat' dir='ltr'>suo</span> <span class='ocrx_word' id='word_1_597' title='bbox 1932 4188 2037 4227; x_wconf 82' lang='lat' dir='ltr'>no-</span> 
     </span>
    </p>
   </div>
   <div class='ocr_carea' id='block_1_83' title="bbox 434 4240 2038 4311">
    <p class='ocr_par' dir='ltr' id='par_1_83' title="bbox 434 4240 2038 4311">
     <span class='ocr_line' id='line_1_83' title="bbox 434 4240 2038 4311; baseline -0.004 -10"><span class='ocrx_word' id='word_1_598' title='bbox 434 4247 589 4301; x_wconf 89' lang='lat' dir='ltr'>mine</span> <span class='ocrx_word' id='word_1_599' title='bbox 618 4242 895 4311; x_wconf 88' lang='lat' dir='ltr'>infamem,</span> <span class='ocrx_word' id='word_1_600' title='bbox 940 4240 1177 4297; x_wconf 85' lang='lat' dir='ltr'>dubitari</span> <span class='ocrx_word' id='word_1_601' title='bbox 1211 4248 1408 4308; x_wconf 88' lang='lat' dir='ltr'>potest,</span> <span class='ocrx_word' id='word_1_602' title='bbox 1460 4256 1590 4294; x_wconf 90' lang='lat' dir='ltr'>num</span> <span class='ocrx_word' id='word_1_603' title='bbox 1622 4242 1839 4311; x_wconf 90' lang='lat' dir='ltr'>sincero</span> <span class='ocrx_word' id='word_1_604' title='bbox 1875 4256 2038 4296; x_wconf 89' lang='lat' dir='ltr'>sensu</span> 
     </span>
    </p>
   </div>
   <div class='ocr_carea' id='block_1_84' title="bbox 436 4310 2108 4407">
    <p class='ocr_par' dir='ltr' id='par_1_84' title="bbox 436 4310 2108 4407">
     <span class='ocr_line' id='line_1_84' title="bbox 436 4310 2108 4407; baseline -0.002 -38"><span class='ocrx_word' id='word_1_605' title='bbox 436 4315 789 4385; x_wconf 76' lang='lat' dir='ltr'>ignominiam</span> <span class='ocrx_word' id='word_1_606' title='bbox 872 4310 1065 4368; x_wconf 70' lang='lat' dir='ltr'>anima:</span> <span class='ocrx_word' id='word_1_607' title='bbox 1114 4313 1315 4367; x_wconf 89' lang='lat' dir='ltr'>tribuat</span> <span class='ocrx_word' id='word_1_608' title='bbox 1382 4328 1446 4364; x_wconf 89' lang='lat' dir='ltr'>ex</span> <span class='ocrx_word' id='word_1_609' title='bbox 1509 4310 1783 4367; x_wconf 89' lang='lat' dir='ltr'>consortio</span> <span class='ocrx_word' id='word_1_610' title='bbox 1849 4312 2029 4366; x_wconf 86' lang='lat' dir='ltr'>carnis</span> <span class='ocrx_word' id='word_1_611' title='bbox 2064 4332 2108 4407; x_wconf 74' lang='grc' dir='ltr'>ο</span> 
     </span>
     <span class='ocr_line' id='line_1_85' title="bbox 442 4381 1997 4407; baseline 0 0"><span class='ocrx_word' id='word_1_612' title='bbox 442 4388 708 4407; x_wconf 44' lang='grc' dir='ltr'>Δημι----ι</span> <span class='ocrx_word' id='word_1_613' title='bbox 742 4394 965 4407; x_wconf 65' lang='grc' dir='ltr'>-----ι--</span> <span class='ocrx_word' id='word_1_614' title='bbox 1018 4399 1220 4407; x_wconf 74' lang='lat'>_..-_......</span> <span class='ocrx_word' id='word_1_615' title='bbox 1258 4382 1515 4407; x_wconf 66' lang='grc' dir='ltr'>Α..Σ...Ζ..,ι..υι</span> <span class='ocrx_word' id='word_1_616' title='bbox 1576 4398 1638 4407; x_wconf 69' lang='grc' dir='ltr'>ι...</span> <span class='ocrx_word' id='word_1_617' title='bbox 1676 4382 1793 4407; x_wconf 70' lang='grc'>-..2-</span> <span class='ocrx_word' id='word_1_618' title='bbox 1826 4381 1997 4407; x_wconf 56' lang='grc' dir='ltr'>ξυνα-.-</span> 
     </span>
    </p>
   </div>
   <div class='ocr_carea' id='block_1_85' title="bbox 435 4381 2030 4455">
    <p class='ocr_par' dir='ltr' id='par_1_85' title="bbox 435 4381 2030 4455">
     <span class='ocr_line' id='line_1_86' title="bbox 435 4381 2030 4455; baseline -0.002 -15"><span class='ocrx_word' id='word_1_619' title='bbox 435 4381 713 4442; x_wconf 81' lang='lat' dir='ltr'>dumtaxat</span> <span class='ocrx_word' id='word_1_620' title='bbox 742 4394 965 4455; x_wconf 85' lang='lat' dir='ltr'>prepter</span> <span class='ocrx_word' id='word_1_621' title='bbox 1018 4382 1539 4455; x_wconf 12' lang='lat' dir='ltr'>meramioriginem,</span> <span class='ocrx_word' id='word_1_622' title='bbox 1574 4398 1638 4436; x_wconf 88' lang='lat' dir='ltr'>an</span> <span class='ocrx_word' id='word_1_623' title='bbox 1672 4382 1798 4453; x_wconf 90' lang='lat' dir='ltr'>quia</span> <span class='ocrx_word' id='word_1_624' title='bbox 1826 4381 2030 4437; x_wconf 86' lang='lat' dir='ltr'>instru-</span> 
     </span>
    </p>
   </div>
   <div class='ocr_carea' id='block_1_86' title="bbox 436 4454 2031 4524">
    <p class='ocr_par' dir='ltr' id='par_1_86' title="bbox 436 4454 2031 4524">
     <span class='ocr_line' id='line_1_87' title="bbox 436 4454 2031 4524; baseline -0.004 -11"><span class='ocrx_word' id='word_1_625' title='bbox 436 4466 673 4513; x_wconf 89' lang='lat' dir='ltr'>mentum</span> <span class='ocrx_word' id='word_1_626' title='bbox 706 4454 898 4511; x_wconf 82' lang='lat' dir='ltr'>habeat</span> <span class='ocrx_word' id='word_1_627' title='bbox 955 4457 1134 4510; x_wconf 88' lang='lat' dir='ltr'>anima</span> <span class='ocrx_word' id='word_1_628' title='bbox 1162 4454 1527 4524; x_wconf 86' lang='lat' dir='ltr'>delinquendi,</span> <span class='ocrx_word' id='word_1_629' title='bbox 1563 4463 1622 4508; x_wconf 93' lang='lat' dir='ltr'>ut</span> <span class='ocrx_word' id='word_1_630' title='bbox 1650 4468 1774 4509; x_wconf 90' lang='lat' dir='ltr'>mox</span> <span class='ocrx_word' id='word_1_631' title='bbox 1815 4455 2031 4522; x_wconf 90' lang='lat' dir='ltr'>probat.</span> 
     </span>
    </p>
   </div>
   <div class='ocr_carea' id='block_1_87' title="bbox 437 4524 2031 4599">
    <p class='ocr_par' dir='ltr' id='par_1_87' title="bbox 437 4524 2031 4599">
     <span class='ocr_line' id='line_1_88' title="bbox 437 4524 2031 4599; baseline -0.004 -16"><span class='ocrx_word' id='word_1_632' title='bbox 437 4529 650 4599; x_wconf 82' lang='lat' dir='ltr'>Alioqui</span> <span class='ocrx_word' id='word_1_633' title='bbox 716 4527 1013 4583; x_wconf 88' lang='lat' dir='ltr'>secundum</span> <span class='ocrx_word' id='word_1_634' title='bbox 1052 4525 1437 4599; x_wconf 88' lang='lat' dir='ltr'>Tertullianum</span> <span class='ocrx_word' id='word_1_635' title='bbox 1492 4524 1612 4595; x_wconf 87' lang='lat' dir='ltr'>ipsa</span> <span class='ocrx_word' id='word_1_636' title='bbox 1642 4524 1821 4599; x_wconf 86' lang='lat' dir='ltr'>anima</span> <span class='ocrx_word' id='word_1_637' title='bbox 1859 4524 1913 4577; x_wconf 91' lang='lat' dir='ltr'>in</span> <span class='ocrx_word' id='word_1_638' title='bbox 1971 4541 2031 4578; x_wconf 90' lang='lat' dir='ltr'>se</span> 
     </span>
    </p>
   </div>
   <div class='ocr_carea' id='block_1_88' title="bbox 441 4596 2033 4668">
    <p class='ocr_par' dir='ltr' id='par_1_88' title="bbox 441 4596 2033 4668">
     <span class='ocr_line' id='line_1_89' title="bbox 441 4596 2033 4668; baseline -0.004 -12"><span class='ocrx_word' id='word_1_639' title='bbox 441 4596 618 4656; x_wconf 84' lang='lat' dir='ltr'>trahet</span> <span class='ocrx_word' id='word_1_640' title='bbox 644 4617 711 4655; x_wconf 88' lang='lat' dir='ltr'>ex</span> <span class='ocrx_word' id='word_1_641' title='bbox 740 4599 944 4653; x_wconf 86' lang='lat' dir='ltr'>Adamo</span> <span class='ocrx_word' id='word_1_642' title='bbox 974 4598 1297 4668; x_wconf 81' lang='lat' dir='ltr'>originalem</span> <span class='ocrx_word' id='word_1_643' title='bbox 1319 4598 1573 4668; x_wconf 83' lang='lat' dir='ltr'>culpam,</span> <span class='ocrx_word' id='word_1_644' title='bbox 1607 4611 1731 4650; x_wconf 89' lang='lat' dir='ltr'>cum</span> <span class='ocrx_word' id='word_1_645' title='bbox 1762 4596 1937 4668; x_wconf 89' lang='lat' dir='ltr'>ipsam</span> <span class='ocrx_word' id='word_1_646' title='bbox 1965 4611 2033 4650; x_wconf 86' lang='lat' dir='ltr'>ex</span> 
     </span>
    </p>
   </div>
   <div class='ocr_carea' id='block_1_89' title="bbox 441 4666 2043 4741">
    <p class='ocr_par' dir='ltr' id='par_1_89' title="bbox 441 4666 2043 4741">
     <span class='ocr_line' id='line_1_90' title="bbox 441 4666 2043 4741; baseline -0.003 -16"><span class='ocrx_word' id='word_1_647' title='bbox 441 4671 660 4726; x_wconf 87' lang='lat' dir='ltr'>traduce</span> <span class='ocrx_word' id='word_1_648' title='bbox 724 4671 915 4725; x_wconf 81' lang='lat' dir='ltr'>Adami</span> <span class='ocrx_word' id='word_1_649' title='bbox 976 4666 1334 4741; x_wconf 78' lang='lat' dir='ltr'>proseminari</span> <span class='ocrx_word' id='word_1_650' title='bbox 1399 4674 1655 4741; x_wconf 75' lang='lat' dir='ltr'>negetur,</span> <span class='ocrx_word' id='word_1_651' title='bbox 1686 4667 1829 4737; x_wconf 91' lang='lat' dir='ltr'>quod</span> <span class='ocrx_word' id='word_1_652' title='bbox 1894 4673 2043 4722; x_wconf 90' lang='lat' dir='ltr'>notat</span> 
     </span>
    </p>
   </div>
   <div class='ocr_carea' id='block_1_90' title="bbox 442 4738 1643 4811">
    <p class='ocr_par' dir='ltr' id='par_1_90' title="bbox 442 4738 1643 4811">
     <span class='ocr_line' id='line_1_91' title="bbox 442 4738 1643 4811; baseline -0.007 -12"><span class='ocrx_word' id='word_1_653' title='bbox 442 4741 700 4811; x_wconf 81' lang='lat' dir='ltr'>Magister</span> <span class='ocrx_word' id='word_1_654' title='bbox 731 4738 989 4797; x_wconf 56' lang='lat' dir='ltr'>Sentent.</span> <span class='ocrx_word' id='word_1_655' title='bbox 1008 4741 1108 4795; x_wconf 91' lang='lat' dir='ltr'>lib.</span> <span class='ocrx_word' id='word_1_656' title='bbox 1141 4756 1206 4811; x_wconf 81' lang='lat' dir='ltr'>tt,</span> <span class='ocrx_word' id='word_1_657' title='bbox 1231 4738 1359 4795; x_wconf 88' lang='lat' dir='ltr'>dist.</span> <span class='ocrx_word' id='word_1_658' title='bbox 1392 4738 1643 4794; x_wconf 58' lang='lat' dir='ltr'>31.&#39;LAC.</span> 
     </span>
    </p>
   </div>
   <div class='ocr_carea' id='block_1_91' title="bbox 511 4809 2048 4885">
    <p class='ocr_par' dir='ltr' id='par_1_91' title="bbox 511 4809 2048 4885">
     <span class='ocr_line' id='line_1_92' title="bbox 511 4809 2048 4885; baseline -0.003 -16"><span class='ocrx_word' id='word_1_659' title='bbox 511 4809 632 4885; x_wconf 72' lang='grc'>(71)</span> <span class='ocrx_word' id='word_1_660' title='bbox 648 4816 769 4873; x_wconf 85' lang='grc' dir='ltr'>Νοη</span> <span class='ocrx_word' id='word_1_661' title='bbox 784 4816 947 4885; x_wconf 84' lang='lat' dir='ltr'>quale</span> <span class='ocrx_word' id='word_1_662' title='bbox 966 4809 1292 4885; x_wconf 44' lang='lat' dir='ltr'>servus,&#39;vel</span> <span class='ocrx_word' id='word_1_663' title='bbox 1309 4811 1500 4885; x_wconf 84' lang='lat' dir='ltr'>minor</span> <span class='ocrx_word' id='word_1_664' title='bbox 1520 4809 2048 4885; x_wconf 29' lang='lat' dir='ltr'>amicus.‘Minorem</span> 
     </span>
    </p>
   </div>
   <div class='ocr_carea' id='block_1_92' title="bbox 442 4879 2045 4955">
    <p class='ocr_par' dir='ltr' id='par_1_92' title="bbox 442 4879 2045 4955">
     <span class='ocr_line' id='line_1_93' title="bbox 442 4879 2045 4955; baseline -0.003 -16"><span class='ocrx_word' id='word_1_665' title='bbox 442 4879 676 4940; x_wconf 80' lang='lat' dir='ltr'>amicum</span> <span class='ocrx_word' id='word_1_666' title='bbox 723 4879 872 4950; x_wconf 81' lang='lat' dir='ltr'>dicit,</span> <span class='ocrx_word' id='word_1_667' title='bbox 924 4883 1015 4955; x_wconf 90' lang='lat' dir='ltr'>qui</span> <span class='ocrx_word' id='word_1_668' title='bbox 1047 4884 1209 4953; x_wconf 83' lang='lat' dir='ltr'>longe</span> <span class='ocrx_word' id='word_1_669' title='bbox 1262 4879 1910 4955; x_wconf 34' lang='lat' dir='ltr'>potentioremuamicpm</span> <span class='ocrx_word' id='word_1_670' title='bbox 1944 4882 2045 4955; x_wconf 85' lang='lat' dir='ltr'>de-</span> 
     </span>
    </p>
   </div>
   <div class='ocr_carea' id='block_1_93' title="bbox 444 4951 2044 5010">
    <p class='ocr_par' dir='ltr' id='par_1_93' title="bbox 444 4951 2044 5010">
     <span class='ocr_line' id='line_1_94' title="bbox 444 4951 2044 5010; baseline -0.002 0"><span class='ocrx_word' id='word_1_671' title='bbox 444 4956 609 5010; x_wconf 90' lang='lat' dir='ltr'>misse</span> <span class='ocrx_word' id='word_1_672' title='bbox 674 4956 800 5010; x_wconf 90' lang='lat' dir='ltr'>colit</span> <span class='ocrx_word' id='word_1_673' title='bbox 846 4965 898 5010; x_wconf 83' lang='lat' dir='ltr'>et</span> <span class='ocrx_word' id='word_1_674' title='bbox 944 4951 1215 5009; x_wconf 77' lang='lat' dir='ltr'>observat.</span> <span class='ocrx_word' id='word_1_675' title='bbox 1264 4953 1571 5008; x_wconf 84' lang='lat' dir='ltr'>Amiculum</span> <span class='ocrx_word' id='word_1_676' title='bbox 1615 4952 1751 5007; x_wconf 92' lang='lat' dir='ltr'>dixit</span> <span class='ocrx_word' id='word_1_677' title='bbox 1788 4951 2044 5008; x_wconf 88' lang='lat' dir='ltr'>Horatius</span> 
     </span>
    </p>
   </div>
   <div class='ocr_carea' id='block_1_94' title="bbox 446 5023 2043 5097">
    <p class='ocr_par' dir='ltr' id='par_1_94' title="bbox 446 5023 2043 5097">
     <span class='ocr_line' id='line_1_95' title="bbox 446 5023 2043 5097; baseline -0.001 -15"><span class='ocrx_word' id='word_1_678' title='bbox 446 5027 696 5097; x_wconf 86' lang='lat' dir='ltr'>Epistola</span> <span class='ocrx_word' id='word_1_679' title='bbox 728 5027 801 5081; x_wconf 85' lang='lat' dir='ltr'>ad</span> <span class='ocrx_word' id='word_1_680' title='bbox 840 5028 1109 5082; x_wconf 71' lang='lat' dir='ltr'>Scaevam.</span> <span class='ocrx_word' id='word_1_681' title='bbox 1164 5026 1232 5078; x_wconf 91' lang='lat' dir='ltr'>Et</span> <span class='ocrx_word' id='word_1_682' title='bbox 1257 5025 1492 5094; x_wconf 88' lang='lat' dir='ltr'>majores</span> <span class='ocrx_word' id='word_1_683' title='bbox 1542 5023 1762 5087; x_wconf 87' lang='lat' dir='ltr'>ibidem,</span> <span class='ocrx_word' id='word_1_684' title='bbox 1793 5040 1896 5095; x_wconf 94' lang='lat' dir='ltr'>pro</span> <span class='ocrx_word' id='word_1_685' title='bbox 1937 5040 2043 5095; x_wconf 90' lang='lat' dir='ltr'>po-</span> 
     </span>
    </p>
   </div>
   <div class='ocr_carea' id='block_1_95' title="bbox 446 5096 1041 5151">
    <p class='ocr_par' dir='ltr' id='par_1_95' title="bbox 446 5096 1041 5151">
     <span class='ocr_line' id='line_1_96' title="bbox 446 5096 1041 5151; baseline -0.002 -1"><span class='ocrx_word' id='word_1_686' title='bbox 446 5096 773 5151; x_wconf 86' lang='lat' dir='ltr'>tentioribus</span> <span class='ocrx_word' id='word_1_687' title='bbox 805 5097 992 5151; x_wconf 89' lang='lat' dir='ltr'>amicis</span> <span class='ocrx_word' id='word_1_688' title='bbox 1027 5113 1041 5149; x_wconf 89' lang='lat'><strong>:</strong></span> 
     </span>
    </p>
   </div>
   <div class='ocr_carea' id='block_1_96' title="bbox 612 5203 1985 5274">
    <p class='ocr_par' dir='ltr' id='par_1_96' title="bbox 612 5203 1985 5274">
     <span class='ocr_line' id='line_1_97' title="bbox 612 5203 1985 5274; baseline 0.001 -15"><span class='ocrx_word' id='word_1_689' title='bbox 612 5203 671 5260; x_wconf 80' lang='lat' dir='ltr'>Et</span> <span class='ocrx_word' id='word_1_690' title='bbox 695 5209 792 5260; x_wconf 87' lang='lat' dir='ltr'>scis</span> <span class='ocrx_word' id='word_1_691' title='bbox 828 5225 929 5274; x_wconf 89' lang='lat' dir='ltr'>quo</span> <span class='ocrx_word' id='word_1_692' title='bbox 960 5211 1165 5261; x_wconf 88' lang='lat' dir='ltr'>tandem</span> <span class='ocrx_word' id='word_1_693' title='bbox 1198 5218 1340 5272; x_wconf 86' lang='lat' dir='ltr'>pacto</span> <span class='ocrx_word' id='word_1_694' title='bbox 1378 5210 1551 5261; x_wconf 80' lang='lat' dir='ltr'>deceat</span> <span class='ocrx_word' id='word_1_695' title='bbox 1574 5208 1855 5274; x_wconf 79' lang='lat' dir='ltr'>majoribus</span> <span class='ocrx_word' id='word_1_696' title='bbox 1890 5212 1985 5262; x_wconf 83' lang='lat' dir='ltr'>uti.</span> 
     </span>
    </p>
   </div>
   <div class='ocr_carea' id='block_1_97' title="bbox 448 5308 2049 5381">
    <p class='ocr_par' dir='ltr' id='par_1_97' title="bbox 448 5308 2049 5381">
     <span class='ocr_line' id='line_1_98' title="bbox 448 5308 2049 5381; baseline -0.002 -13"><span class='ocrx_word' id='word_1_697' title='bbox 448 5312 512 5368; x_wconf 84' lang='lat' dir='ltr'>Id</span> <span class='ocrx_word' id='word_1_698' title='bbox 526 5315 633 5379; x_wconf 84' lang='lat' dir='ltr'>est,</span> <span class='ocrx_word' id='word_1_699' title='bbox 656 5311 876 5375; x_wconf 78' lang='lat' dir='ltr'>amicis,</span> <span class='ocrx_word' id='word_1_700' title='bbox 908 5308 1084 5381; x_wconf 89' lang='lat' dir='ltr'>inquit</span> <span class='ocrx_word' id='word_1_701' title='bbox 1110 5308 1434 5381; x_wconf 87' lang='lat' dir='ltr'>Porphyrio,</span> <span class='ocrx_word' id='word_1_702' title='bbox 1476 5309 1569 5366; x_wconf 87' lang='lat' dir='ltr'>sed</span> <span class='ocrx_word' id='word_1_703' title='bbox 1598 5311 1664 5366; x_wconf 88' lang='lat' dir='ltr'>in</span> <span class='ocrx_word' id='word_1_704' title='bbox 1690 5310 2049 5369; x_wconf 83' lang='lat' dir='ltr'>consuetudi-</span> 
     </span>
    </p>
   </div>
   <div class='ocr_carea' id='block_1_98' title="bbox 448 5383 1272 5453">
    <p class='ocr_par' dir='ltr' id='par_1_98' title="bbox 448 5383 1272 5453">
     <span class='ocr_line' id='line_1_99' title="bbox 448 5383 1272 5453; baseline -0.005 -12"><span class='ocrx_word' id='word_1_705' title='bbox 448 5401 547 5442; x_wconf 81' lang='lat' dir='ltr'>nes</span> <span class='ocrx_word' id='word_1_706' title='bbox 575 5384 822 5453; x_wconf 86' lang='lat' dir='ltr'>majores</span> <span class='ocrx_word' id='word_1_707' title='bbox 850 5383 1113 5438; x_wconf 80' lang='lat' dir='ltr'>dicimus.</span> <span class='ocrx_word' id='word_1_708' title='bbox 1147 5383 1272 5437; x_wconf 78' lang='lat' dir='ltr'>Rm.</span> 
     </span>
    </p>
   </div>
   <div class='ocr_carea' id='block_1_99' title="bbox 520 5450 2051 5527">
    <p class='ocr_par' dir='ltr' id='par_1_99' title="bbox 520 5450 2051 5527">
     <span class='ocr_line' id='line_1_100' title="bbox 520 5450 2051 5527; baseline -0.002 -17"><span class='ocrx_word' id='word_1_709' title='bbox 520 5457 634 5525; x_wconf 79' lang='lat'>(12)</span> <span class='ocrx_word' id='word_1_710' title='bbox 664 5450 912 5527; x_wconf 84' lang='lat' dir='ltr'>Denique</span> <span class='ocrx_word' id='word_1_711' title='bbox 962 5470 1163 5527; x_wconf 78' lang='lat' dir='ltr'>sensus</span> <span class='ocrx_word' id='word_1_712' title='bbox 1213 5453 1575 5527; x_wconf 59' lang='lat' dir='ltr'>delictorum,</span> <span class='ocrx_word' id='word_1_713' title='bbox 1625 5458 1732 5507; x_wconf 86' lang='lat' dir='ltr'>etc.</span> <span class='ocrx_word' id='word_1_714' title='bbox 1760 5450 1904 5505; x_wconf 87' lang='lat' dir='ltr'>Nihil</span> <span class='ocrx_word' id='word_1_715' title='bbox 1946 5453 2051 5527; x_wconf 79' lang='lat' dir='ltr'>hoc</span> 
     </span>
    </p>
   </div>
   <div class='ocr_carea' id='block_1_100' title="bbox 450 5523 2048 5599">
    <p class='ocr_par' dir='ltr' id='par_1_100' title="bbox 450 5523 2048 5599">
     <span class='ocr_line' id='line_1_101' title="bbox 450 5523 2048 5599; baseline -0.003 -18"><span class='ocrx_word' id='word_1_716' title='bbox 450 5523 580 5583; x_wconf 87' lang='lat' dir='ltr'>facit</span> <span class='ocrx_word' id='word_1_717' title='bbox 606 5523 666 5582; x_wconf 87' lang='lat' dir='ltr'>ut</span> <span class='ocrx_word' id='word_1_718' title='bbox 695 5523 974 5599; x_wconf 76' lang='lat' dir='ltr'>peccatum</span> <span class='ocrx_word' id='word_1_719' title='bbox 1023 5523 1287 5599; x_wconf 77' lang='lat' dir='ltr'>originale</span> <span class='ocrx_word' id='word_1_720' title='bbox 1316 5524 1510 5579; x_wconf 78' lang='lat' dir='ltr'>animae</span> <span class='ocrx_word' id='word_1_721' title='bbox 1547 5524 1866 5592; x_wconf 88' lang='lat' dir='ltr'>imputetur,</span> <span class='ocrx_word' id='word_1_722' title='bbox 1898 5523 2048 5599; x_wconf 80' lang='lat' dir='ltr'>quia,</span> 
     </span>
    </p>
   </div>
   <div class='ocr_carea' id='block_1_101' title="bbox 451 5594 2027 5672">
    <p class='ocr_par' dir='ltr' id='par_1_101' title="bbox 451 5594 2027 5672">
     <span class='ocr_line' id='line_1_102' title="bbox 451 5594 2027 5672; baseline -0.001 -19"><span class='ocrx_word' id='word_1_723' title='bbox 451 5598 627 5671; x_wconf 89' lang='lat' dir='ltr'>inquit</span> <span class='ocrx_word' id='word_1_724' title='bbox 653 5594 845 5672; x_wconf 80' lang='lat' dir='ltr'>Apost.</span> <span class='ocrx_word' id='word_1_725' title='bbox 903 5598 1061 5657; x_wconf 84' lang='lat' dir='ltr'>Rom.</span> <span class='ocrx_word' id='word_1_726' title='bbox 1110 5594 1170 5665; x_wconf 83' lang='grc'>7,</span> <span class='ocrx_word' id='word_1_727' title='bbox 1198 5596 1309 5667; x_wconf 88' lang='lat' dir='ltr'>jam</span> <span class='ocrx_word' id='word_1_728' title='bbox 1361 5612 1472 5654; x_wconf 93' lang='lat' dir='ltr'>non</span> <span class='ocrx_word' id='word_1_729' title='bbox 1519 5611 1624 5668; x_wconf 68' lang='lat' dir='ltr'>ego</span> <span class='ocrx_word' id='word_1_730' title='bbox 1648 5609 1847 5667; x_wconf 85' lang='lat' dir='ltr'>operor</span> <span class='ocrx_word' id='word_1_731' title='bbox 1892 5594 2027 5651; x_wconf 89' lang='lat' dir='ltr'>illud</span> 
     </span>
    </p>
   </div>
   <div class='ocr_carea' id='block_1_102' title="bbox 2148 4097 3750 4174">
    <p class='ocr_par' dir='ltr' id='par_1_102' title="bbox 2148 4097 3750 4174">
     <span class='ocr_line' id='line_1_103' title="bbox 2148 4097 3750 4174; baseline -0.002 -19"><span class='ocrx_word' id='word_1_732' title='bbox 2148 4099 2243 4157; x_wconf 88' lang='lat' dir='ltr'>sed</span> <span class='ocrx_word' id='word_1_733' title='bbox 2275 4101 2422 4174; x_wconf 91' lang='lat' dir='ltr'>quod</span> <span class='ocrx_word' id='word_1_734' title='bbox 2452 4102 2655 4158; x_wconf 90' lang='lat' dir='ltr'>habitat</span> <span class='ocrx_word' id='word_1_735' title='bbox 2706 4102 2762 4157; x_wconf 89' lang='lat' dir='ltr'>in</span> <span class='ocrx_word' id='word_1_736' title='bbox 2790 4116 2899 4167; x_wconf 91' lang='lat' dir='ltr'>me,</span> <span class='ocrx_word' id='word_1_737' title='bbox 2931 4101 3035 4157; x_wconf 89' lang='lat' dir='ltr'>hoc</span> <span class='ocrx_word' id='word_1_738' title='bbox 3063 4107 3145 4156; x_wconf 90' lang='lat' dir='ltr'>est</span> <span class='ocrx_word' id='word_1_739' title='bbox 3170 4097 3227 4154; x_wconf 90' lang='lat' dir='ltr'>in</span> <span class='ocrx_word' id='word_1_740' title='bbox 3257 4114 3418 4155; x_wconf 89' lang='lat' dir='ltr'>carne</span> <span class='ocrx_word' id='word_1_741' title='bbox 3445 4111 3587 4161; x_wconf 90' lang='lat' dir='ltr'>mea,</span> <span class='ocrx_word' id='word_1_742' title='bbox 3624 4111 3750 4167; x_wconf 83' lang='lat' dir='ltr'>pec-</span> 
     </span>
    </p>
   </div>
   <div class='ocr_carea' id='block_1_103' title="bbox 2149 4176 2524 4231">
    <p class='ocr_par' dir='ltr' id='par_1_103' title="bbox 2149 4176 2524 4231">
     <span class='ocr_line' id='line_1_104' title="bbox 2149 4176 2524 4231; baseline 0.005 -2"><span class='ocrx_word' id='word_1_743' title='bbox 2149 4177 2348 4230; x_wconf 83' lang='lat' dir='ltr'>catum.</span> <span class='ocrx_word' id='word_1_744' title='bbox 2389 4176 2524 4231; x_wconf 63' lang='lat' dir='ltr'>Pan.</span> 
     </span>
    </p>
   </div>
   <div class='ocr_carea' id='block_1_104' title="bbox 2223 4236 3743 4319">
    <p class='ocr_par' dir='ltr' id='par_1_104' title="bbox 2223 4236 3743 4319">
     <span class='ocr_line' id='line_1_105' title="bbox 2223 4236 3743 4319; baseline -0.009 -14"><span class='ocrx_word' id='word_1_745' title='bbox 2223 4244 2334 4316; x_wconf 88' lang='grc'>(73)</span> <span class='ocrx_word' id='word_1_746' title='bbox 2358 4316 2367 4319; x_wconf 20' lang='grc' dir='ltr'><strong>Α</strong></span> <span class='ocrx_word' id='word_1_747' title='bbox 2394 4247 2545 4319; x_wconf 18' lang='lat' dir='ltr'>Cum,</span> <span class='ocrx_word' id='word_1_748' title='bbox 2583 4246 2778 4319; x_wconf 66' lang='lat' dir='ltr'>ofﬁcia</span> <span class='ocrx_word' id='word_1_749' title='bbox 2813 4244 3150 4319; x_wconf 60' lang='lat' dir='ltr'>pulsantur,</span> <span class='ocrx_word' id='word_1_750' title='bbox 3193 4241 3274 4319; x_wconf 67' lang='lat' dir='ltr'>Id</span> <span class='ocrx_word' id='word_1_751' title='bbox 3306 4248 3410 4319; x_wconf 65' lang='lat' dir='ltr'>est,</span> <span class='ocrx_word' id='word_1_752' title='bbox 3442 4236 3743 4319; x_wconf 75' lang='lat' dir='ltr'>Ofﬁciales.</span> 
     </span>
    </p>
   </div>
   <div class='ocr_carea' id='block_1_105' title="bbox 2144 4311 3745 4388">
    <p class='ocr_par' dir='ltr' id='par_1_105' title="bbox 2144 4311 3745 4388">
     <span class='ocr_line' id='line_1_106' title="bbox 2144 4311 3745 4388; baseline -0.006 -18"><span class='ocrx_word' id='word_1_753' title='bbox 2144 4311 2477 4388; x_wconf 75' lang='lat' dir='ltr'>Augustinus</span> <span class='ocrx_word' id='word_1_754' title='bbox 2532 4317 2590 4371; x_wconf 93' lang='lat' dir='ltr'>in</span> <span class='ocrx_word' id='word_1_755' title='bbox 2615 4311 2790 4373; x_wconf 50' lang='lat' dir='ltr'>&quot;Psal.</span> <span class='ocrx_word' id='word_1_756' title='bbox 2813 4311 2927 4388; x_wconf 60' lang='grc' dir='ltr'>’χχι</span> <span class='ocrx_word' id='word_1_757' title='bbox 2962 4333 3012 4388; x_wconf 31' lang='grc' dir='ltr'><strong>ελ</strong></span> <span class='ocrx_word' id='word_1_758' title='bbox 3043 4314 3177 4384; x_wconf 88' lang='lat' dir='ltr'>Quis</span> <span class='ocrx_word' id='word_1_759' title='bbox 3224 4314 3309 4388; x_wconf 78' lang='lat' dir='ltr'>hic</span> <span class='ocrx_word' id='word_1_760' title='bbox 3354 4311 3491 4388; x_wconf 71' lang='lat' dir='ltr'>alter</span> <span class='ocrx_word' id='word_1_761' title='bbox 3530 4311 3745 4388; x_wconf 70' lang='lat' dir='ltr'>episco—</span> 
     </span>
    </p>
   </div>
   <div class='ocr_carea' id='block_1_106' title="bbox 2143 4380 3747 4459">
    <p class='ocr_par' dir='ltr' id='par_1_106' title="bbox 2143 4380 3747 4459">
     <span class='ocr_line' id='line_1_107' title="bbox 2143 4380 3747 4459; baseline -0.004 -19"><span class='ocrx_word' id='word_1_762' title='bbox 2143 4380 2254 4457; x_wconf 68' lang='lat' dir='ltr'>pus</span> <span class='ocrx_word' id='word_1_763' title='bbox 2289 4395 2372 4443; x_wconf 88' lang='lat' dir='ltr'>est</span> <span class='ocrx_word' id='word_1_764' title='bbox 2403 4389 2471 4443; x_wconf 88' lang='lat' dir='ltr'>de</span> <span class='ocrx_word' id='word_1_765' title='bbox 2519 4396 2672 4459; x_wconf 88' lang='lat' dir='ltr'>parte</span> <span class='ocrx_word' id='word_1_766' title='bbox 2701 4387 2937 4459; x_wconf 81' lang='lat' dir='ltr'>Donati?</span> <span class='ocrx_word' id='word_1_767' title='bbox 2989 4380 3284 4459; x_wconf 74' lang='lat' dir='ltr'>Respondit</span> <span class='ocrx_word' id='word_1_768' title='bbox 3316 4381 3551 4459; x_wconf 70' lang='lat' dir='ltr'>ofﬁcium</span> <span class='ocrx_word' id='word_1_769' title='bbox 3590 4398 3603 4435; x_wconf 93' lang='lat'>:</span> <span class='ocrx_word' id='word_1_770' title='bbox 3636 4380 3747 4433; x_wconf 86' lang='lat' dir='ltr'>Nos</span> 
     </span>
    </p>
   </div>
   <div class='ocr_carea' id='block_1_107' title="bbox 2147 4455 3525 4515">
    <p class='ocr_par' dir='ltr' id='par_1_107' title="bbox 2147 4455 3525 4515">
     <span class='ocr_line' id='line_1_108' title="bbox 2147 4455 3525 4515; baseline -0.002 -3"><span class='ocrx_word' id='word_1_771' title='bbox 2147 4455 2255 4513; x_wconf 81' lang='lat' dir='ltr'>non</span> <span class='ocrx_word' id='word_1_772' title='bbox 2298 4455 2547 4515; x_wconf 77' lang='lat' dir='ltr'>novimus</span> <span class='ocrx_word' id='word_1_773' title='bbox 2574 4459 2683 4514; x_wconf 91' lang='lat' dir='ltr'>nisi</span> <span class='ocrx_word' id='word_1_774' title='bbox 2714 4458 2990 4514; x_wconf 83' lang='lat' dir='ltr'>Aurelium</span> <span class='ocrx_word' id='word_1_775' title='bbox 3024 4455 3365 4511; x_wconf 90' lang='lat' dir='ltr'>catholicum.</span> <span class='ocrx_word' id='word_1_776' title='bbox 3402 4456 3525 4509; x_wconf 74' lang='lat' dir='ltr'>Rm.</span> 
     </span>
    </p>
   </div>
   <div class='ocr_carea' id='block_1_108' title="bbox 2220 4523 3746 4603">
    <p class='ocr_par' dir='ltr' id='par_1_108' title="bbox 2220 4523 3746 4603">
     <span class='ocr_line' id='line_1_109' title="bbox 2220 4523 3746 4603; baseline -0.005 -18"><span class='ocrx_word' id='word_1_777' title='bbox 2220 4530 2334 4603; x_wconf 70' lang='grc'>(74)</span> <span class='ocrx_word' id='word_1_778' title='bbox 2368 4532 2649 4603; x_wconf 84' lang='lat' dir='ltr'>Naturale</span> <span class='ocrx_word' id='word_1_779' title='bbox 2686 4528 3111 4603; x_wconf 88' lang='lat' dir='ltr'>quodammodo.</span> <span class='ocrx_word' id='word_1_780' title='bbox 3143 4523 3746 4603; x_wconf 65' lang='lat' dir='ltr'>Distinguit__naturale</span> 
     </span>
    </p>
   </div>
   <div class='ocr_carea' id='block_1_109' title="bbox 2152 4596 3748 4675">
    <p class='ocr_par' dir='ltr' id='par_1_109' title="bbox 2152 4596 3748 4675">
     <span class='ocr_line' id='line_1_110' title="bbox 2152 4596 3748 4675; baseline -0.007 -18"><span class='ocrx_word' id='word_1_781' title='bbox 2152 4596 2575 4675; x_wconf 83' lang='lat' dir='ltr'>quodammodo,</span> <span class='ocrx_word' id='word_1_782' title='bbox 2606 4618 2638 4656; x_wconf 91' lang='lat' dir='ltr'>a</span> <span class='ocrx_word' id='word_1_783' title='bbox 2666 4596 2874 4675; x_wconf 63' lang='lat' dir='ltr'>naturae</span> <span class='ocrx_word' id='word_1_784' title='bbox 2936 4598 3291 4675; x_wconf 69' lang='lat' dir='ltr'>corruptione</span> <span class='ocrx_word' id='word_1_785' title='bbox 3319 4596 3395 4675; x_wconf 77' lang='lat' dir='ltr'>Sic</span> <span class='ocrx_word' id='word_1_786' title='bbox 3425 4596 3657 4657; x_wconf 86' lang='lat' dir='ltr'>dictum,</span> <span class='ocrx_word' id='word_1_787' title='bbox 3691 4600 3748 4675; x_wconf 76' lang='lat' dir='ltr'>et</span> 
     </span>
    </p>
   </div>
   <div class='ocr_carea' id='block_1_110' title="bbox 2156 4668 3749 4753">
    <p class='ocr_par' dir='ltr' id='par_1_110' title="bbox 2156 4668 3749 4753">
     <span class='ocr_line' id='line_1_111' title="bbox 2156 4668 3749 4753; baseline -0.006 -26"><span class='ocrx_word' id='word_1_788' title='bbox 2156 4668 2432 4753; x_wconf 75' lang='lat' dir='ltr'>naturale</span> <span class='ocrx_word' id='word_1_789' title='bbox 2484 4668 2732 4753; x_wconf 60' lang='lat' dir='ltr'>proprie,</span> <span class='ocrx_word' id='word_1_790' title='bbox 2767 4671 2921 4753; x_wconf 76' lang='lat' dir='ltr'>cujus</span> <span class='ocrx_word' id='word_1_791' title='bbox 2949 4668 3128 4751; x_wconf 71' lang='lat' dir='ltr'>adhuc</span> <span class='ocrx_word' id='word_1_792' title='bbox 3188 4668 3749 4753; x_wconf 62' lang='lat' dir='ltr'>reliquiasagnoseit,</span> 
     </span>
    </p>
   </div>
   <div class='ocr_carea' id='block_1_111' title="bbox 2074 4738 3753 4814">
    <p class='ocr_par' dir='ltr' id='par_1_111' title="bbox 2074 4738 3753 4814">
     <span class='ocr_line' id='line_1_112' title="bbox 2074 4738 3753 4814; baseline -0.005 -17"><span class='ocrx_word' id='word_1_793' title='bbox 2074 4786 2077 4791; x_wconf 85' lang='lat'>.</span> <span class='ocrx_word' id='word_1_794' title='bbox 2159 4760 2352 4813; x_wconf 90' lang='lat' dir='ltr'>nempe</span> <span class='ocrx_word' id='word_1_795' title='bbox 2391 4738 2517 4797; x_wconf 77' lang='lat' dir='ltr'>boni</span> <span class='ocrx_word' id='word_1_796' title='bbox 2564 4738 2899 4814; x_wconf 21' lang='lat' dir='ltr'>illius’quod</span> <span class='ocrx_word' id='word_1_797' title='bbox 2956 4739 3255 4814; x_wconf 85' lang='lat' dir='ltr'>principale</span> <span class='ocrx_word' id='word_1_798' title='bbox 3321 4738 3517 4793; x_wconf 89' lang='lat' dir='ltr'>eratin</span> <span class='ocrx_word' id='word_1_799' title='bbox 3575 4738 3753 4790; x_wconf 85' lang='lat' dir='ltr'>anima</span> 
     </span>
    </p>
   </div>
   <div class='ocr_carea' id='block_1_112' title="bbox 2156 4812 3751 4884">
    <p class='ocr_par' dir='ltr' id='par_1_112' title="bbox 2156 4812 3751 4884">
     <span class='ocr_line' id='line_1_113' title="bbox 2156 4812 3751 4884; baseline -0.006 -16"><span class='ocrx_word' id='word_1_800' title='bbox 2156 4812 2517 4884; x_wconf 25' lang='lat' dir='ltr'>ante’lapsum</span> <span class='ocrx_word' id='word_1_801' title='bbox 2566 4812 2823 4884; x_wconf 79' lang='lat' dir='ltr'>hominis,</span> <span class='ocrx_word' id='word_1_802' title='bbox 2870 4814 2927 4868; x_wconf 92' lang='lat' dir='ltr'>in</span> <span class='ocrx_word' id='word_1_803' title='bbox 2968 4812 3189 4869; x_wconf 91' lang='lat' dir='ltr'>homine</span> <span class='ocrx_word' id='word_1_804' title='bbox 3206 4812 3347 4884; x_wconf 83' lang='lat' dir='ltr'>jam_</span> <span class='ocrx_word' id='word_1_805' title='bbox 3380 4815 3668 4884; x_wconf 66' lang='lat' dir='ltr'>corruptg,</span> <span class='ocrx_word' id='word_1_806' title='bbox 3699 4815 3751 4860; x_wconf 90' lang='lat' dir='ltr'>et</span> 
     </span>
    </p>
   </div>
   <div class='ocr_carea' id='block_1_113' title="bbox 2156 4857 3747 4961">
    <p class='ocr_par' dir='ltr' id='par_1_113' title="bbox 2156 4857 3747 4961">
     <span class='ocr_line' id='line_1_114' title="bbox 2156 4857 3747 4961; baseline -0.007 -21"><span class='ocrx_word' id='word_1_807' title='bbox 2156 4902 2271 4961; x_wconf 78' lang='lat' dir='ltr'>non</span> <span class='ocrx_word' id='word_1_808' title='bbox 2295 4857 2407 4961; x_wconf 56' lang='lat' dir='ltr'>tam</span> <span class='ocrx_word' id='word_1_809' title='bbox 2444 4886 2768 4961; x_wconf 81' lang='lat' dir='ltr'>exstinctum</span> <span class='ocrx_word' id='word_1_810' title='bbox 2796 4857 2925 4961; x_wconf 67' lang='lat' dir='ltr'>illud</span> <span class='ocrx_word' id='word_1_811' title='bbox 2956 4901 3117 4961; x_wconf 89' lang='lat' dir='ltr'>quam</span> <span class='ocrx_word' id='word_1_812' title='bbox 3168 4857 3582 4961; x_wconf 57' lang='lat' dir='ltr'>obumbratumr.</span> <span class='ocrx_word' id='word_1_813' title='bbox 3608 4880 3747 4958; x_wconf 59' lang='lat' dir='ltr'>Pus.</span> 
     </span>
    </p>
   </div>
   <div class='ocr_carea' id='block_1_114' title="bbox 2227 4954 3755 5028">
    <p class='ocr_par' dir='ltr' id='par_1_114' title="bbox 2227 4954 3755 5028">
     <span class='ocr_line' id='line_1_115' title="bbox 2227 4954 3755 5028; baseline -0.006 -17"><span class='ocrx_word' id='word_1_814' title='bbox 2227 4956 2339 5028; x_wconf 84' lang='lat'>(75)</span> <span class='ocrx_word' id='word_1_815' title='bbox 2376 4956 2531 5026; x_wconf 85' lang='lat' dir='ltr'>Quod</span> <span class='ocrx_word' id='word_1_816' title='bbox 2571 4960 2727 5013; x_wconf 77' lang='lat' dir='ltr'>enim</span> <span class='ocrx_word' id='word_1_817' title='bbox 2770 4974 2806 5011; x_wconf 88' lang='lat' dir='ltr'>a</span> <span class='ocrx_word' id='word_1_818' title='bbox 2832 4959 2941 5012; x_wconf 90' lang='lat' dir='ltr'>Deo</span> <span class='ocrx_word' id='word_1_819' title='bbox 2982 4960 3086 5019; x_wconf 85' lang='lat' dir='ltr'>est,</span> <span class='ocrx_word' id='word_1_820' title='bbox 3118 4970 3233 5028; x_wconf 82' lang='lat' dir='ltr'>non</span> <span class='ocrx_word' id='word_1_821' title='bbox 3273 4955 3393 5006; x_wconf 88' lang='lat' dir='ltr'>tam</span> <span class='ocrx_word' id='word_1_822' title='bbox 3421 4954 3755 5028; x_wconf 68' lang='lat' dir='ltr'>exstingui—</span> 
     </span>
    </p>
   </div>
   <div class='ocr_carea' id='block_1_115' title="bbox 2159 5022 3757 5098">
    <p class='ocr_par' dir='ltr' id='par_1_115' title="bbox 2159 5022 3757 5098">
     <span class='ocr_line' id='line_1_116' title="bbox 2159 5022 3757 5098; baseline -0.006 -15"><span class='ocrx_word' id='word_1_823' title='bbox 2159 5022 2296 5085; x_wconf 65' lang='lat' dir='ltr'>tur?</span> <span class='ocrx_word' id='word_1_824' title='bbox 2323 5022 2427 5084; x_wconf 76' lang='lat' dir='ltr'>etc.</span> <span class='ocrx_word' id='word_1_825' title='bbox 2460 5028 2633 5083; x_wconf 90' lang='lat' dir='ltr'>Sumit</span> <span class='ocrx_word' id='word_1_826' title='bbox 2661 5030 2941 5098; x_wconf 84' lang='lat' dir='ltr'>pulchram</span> <span class='ocrx_word' id='word_1_827' title='bbox 2971 5026 3337 5095; x_wconf 85' lang='lat' dir='ltr'>metaphoram</span> <span class='ocrx_word' id='word_1_828' title='bbox 3364 5038 3395 5075; x_wconf 87' lang='lat' dir='ltr'>a</span> <span class='ocrx_word' id='word_1_829' title='bbox 3424 5022 3549 5077; x_wconf 87' lang='lat' dir='ltr'>luce</span> <span class='ocrx_word' id='word_1_830' title='bbox 3582 5039 3597 5074; x_wconf 93' lang='lat'><strong>:</strong></span> <span class='ocrx_word' id='word_1_831' title='bbox 3634 5035 3757 5098; x_wconf 58' lang='lat' dir='ltr'>nam</span> 
     </span>
    </p>
   </div>
   <div class='ocr_carea' id='block_1_116' title="bbox 2154 5094 3757 5173">
    <p class='ocr_par' dir='ltr' id='par_1_116' title="bbox 2154 5094 3757 5173">
     <span class='ocr_line' id='line_1_117' title="bbox 2154 5094 3757 5173; baseline -0.006 -19"><span class='ocrx_word' id='word_1_832' title='bbox 2154 5100 2273 5173; x_wconf 90' lang='lat' dir='ltr'>ipse</span> <span class='ocrx_word' id='word_1_833' title='bbox 2330 5101 2557 5173; x_wconf 63' lang='lat' dir='ltr'>faciei»th</span> <span class='ocrx_word' id='word_1_834' title='bbox 2612 5094 2843 5173; x_wconf 81' lang='lat' dir='ltr'>animam</span> <span class='ocrx_word' id='word_1_835' title='bbox 2901 5094 3162 5173; x_wconf 51' lang='lat' dir='ltr'>lucidam,</span> <span class='ocrx_word' id='word_1_836' title='bbox 3188 5104 3245 5149; x_wconf 90' lang='lat' dir='ltr'>ut</span> <span class='ocrx_word' id='word_1_837' title='bbox 3301 5110 3467 5173; x_wconf 76' lang='lat' dir='ltr'>supra</span> <span class='ocrx_word' id='word_1_838' title='bbox 3504 5094 3757 5173; x_wconf 21' lang='lat' dir='ltr'>caput).</span> 
     </span>
    </p>
   </div>
   <div class='ocr_carea' id='block_1_117' title="bbox 2207 5164 3761 5244">
    <p class='ocr_par' dir='ltr' id='par_1_117' title="bbox 2207 5164 3761 5244">
     <span class='ocr_line' id='line_1_118' title="bbox 2207 5164 3761 5244; baseline -0.006 -19"><span class='ocrx_word' id='word_1_839' title='bbox 2207 5172 2398 5229; x_wconf 87' lang='lat' dir='ltr'>bserva</span> <span class='ocrx_word' id='word_1_840' title='bbox 2435 5172 2628 5244; x_wconf 14' lang='lat' dir='ltr'>robiter</span> <span class='ocrx_word' id='word_1_841' title='bbox 2654 5171 2888 5227; x_wconf 86' lang='lat' dir='ltr'>noluisse</span> <span class='ocrx_word' id='word_1_842' title='bbox 2943 5167 3331 5241; x_wconf 84' lang='lat' dir='ltr'>Tertullianum</span> <span class='ocrx_word' id='word_1_843' title='bbox 3376 5164 3583 5244; x_wconf 71' lang='lat' dir='ltr'>dicere,</span> <span class='ocrx_word' id='word_1_844' title='bbox 3620 5164 3761 5244; x_wconf 71' lang='lat' dir='ltr'>libe—</span> 
     </span>
    </p>
   </div>
   <div class='ocr_carea' id='block_1_118' title="bbox 2157 5234 3765 5310">
    <p class='ocr_par' dir='ltr' id='par_1_118' title="bbox 2157 5234 3765 5310">
     <span class='ocr_line' id='line_1_119' title="bbox 2157 5234 3765 5310; baseline -0.007 -12"><span class='ocrx_word' id='word_1_845' title='bbox 2157 5260 2277 5298; x_wconf 90' lang='lat' dir='ltr'>rum</span> <span class='ocrx_word' id='word_1_846' title='bbox 2330 5243 2610 5300; x_wconf 86' lang='lat' dir='ltr'>arbitrium</span> <span class='ocrx_word' id='word_1_847' title='bbox 2668 5244 2997 5299; x_wconf 88' lang='lat' dir='ltr'>exstinctum</span> <span class='ocrx_word' id='word_1_848' title='bbox 3044 5238 3168 5310; x_wconf 84' lang='lat' dir='ltr'>post</span> <span class='ocrx_word' id='word_1_849' title='bbox 3203 5247 3509 5310; x_wconf 78' lang='lat' dir='ltr'>peccatum</span> <span class='ocrx_word' id='word_1_850' title='bbox 3552 5234 3609 5288; x_wconf 90' lang='lat' dir='ltr'>in</span> <span class='ocrx_word' id='word_1_851' title='bbox 3658 5234 3765 5287; x_wconf 85' lang='lat' dir='ltr'>ho-</span> 
     </span>
    </p>
   </div>
   <div class='ocr_carea' id='block_1_119' title="bbox 2156 5305 3760 5385">
    <p class='ocr_par' dir='ltr' id='par_1_119' title="bbox 2156 5305 3760 5385">
     <span class='ocr_line' id='line_1_120' title="bbox 2156 5305 3760 5385; baseline -0.006 -18"><span class='ocrx_word' id='word_1_852' title='bbox 2156 5314 2322 5385; x_wconf 88' lang='lat' dir='ltr'>mine,</span> <span class='ocrx_word' id='word_1_853' title='bbox 2354 5324 2413 5370; x_wconf 91' lang='lat' dir='ltr'>ut</span> <span class='ocrx_word' id='word_1_854' title='bbox 2439 5323 2681 5371; x_wconf 89' lang='lat' dir='ltr'>recentes</span> <span class='ocrx_word' id='word_1_855' title='bbox 2710 5314 2883 5369; x_wconf 82' lang='lat' dir='ltr'>nostri</span> <span class='ocrx_word' id='word_1_856' title='bbox 2902 5305 3144 5385; x_wconf 52' lang='lat' dir='ltr'>haeretici</span> <span class='ocrx_word' id='word_1_857' title='bbox 3172 5305 3405 5385; x_wconf 79' lang='lat' dir='ltr'>maxime</span> <span class='ocrx_word' id='word_1_858' title='bbox 3420 5305 3622 5365; x_wconf 87' lang='lat' dir='ltr'>volunt</span> <span class='ocrx_word' id='word_1_859' title='bbox 3654 5319 3760 5360; x_wconf 91' lang='lat' dir='ltr'>non</span> 
     </span>
    </p>
   </div>
   <div class='ocr_carea' id='block_1_120' title="bbox 2156 5382 3630 5457">
    <p class='ocr_par' dir='ltr' id='par_1_120' title="bbox 2156 5382 3630 5457">
     <span class='ocr_line' id='line_1_121' title="bbox 2156 5382 3630 5457; baseline -0.003 -16"><span class='ocrx_word' id='word_1_860' title='bbox 2156 5394 2265 5441; x_wconf 88' lang='lat' dir='ltr'>tam</span> <span class='ocrx_word' id='word_1_861' title='bbox 2295 5382 2655 5454; x_wconf 88' lang='lat' dir='ltr'>imminutum,</span> <span class='ocrx_word' id='word_1_862' title='bbox 2691 5401 2852 5455; x_wconf 85' lang='lat' dir='ltr'>quam</span> <span class='ocrx_word' id='word_1_863' title='bbox 2882 5384 3120 5439; x_wconf 89' lang='lat' dir='ltr'>deletum</span> <span class='ocrx_word' id='word_1_864' title='bbox 3150 5382 3456 5457; x_wconf 65' lang='lat' dir='ltr'>esse_._Lxc.</span> 
     </span>
    </p>
   </div>
   <div class='ocr_carea' id='block_1_121' title="bbox 2231 5448 3742 5529">
    <p class='ocr_par' dir='ltr' id='par_1_121' title="bbox 2231 5448 3742 5529">
     <span class='ocr_line' id='line_1_122' title="bbox 2231 5448 3742 5529; baseline -0.004 -16"><span class='ocrx_word' id='word_1_865' title='bbox 2231 5459 2344 5529; x_wconf 87' lang='lat'>(76)</span> <span class='ocrx_word' id='word_1_866' title='bbox 2392 5459 2551 5515; x_wconf 84' lang='lat' dir='ltr'>Solus</span> <span class='ocrx_word' id='word_1_867' title='bbox 2580 5448 2739 5515; x_wconf 78' lang='lat' dir='ltr'>homo</span> <span class='ocrx_word' id='word_1_868' title='bbox 2796 5458 2920 5513; x_wconf 82' lang='lat' dir='ltr'>sine</span> <span class='ocrx_word' id='word_1_869' title='bbox 2966 5458 3212 5529; x_wconf 66' lang='lat' dir='ltr'>peccato.</span> <span class='ocrx_word' id='word_1_870' title='bbox 3262 5453 3466 5529; x_wconf 76' lang='lat' dir='ltr'>Natura</span> <span class='ocrx_word' id='word_1_871' title='bbox 3510 5448 3742 5529; x_wconf 65' lang='lat' dir='ltr'>scilicet;</span> 
     </span>
    </p>
   </div>
   <div class='ocr_carea' id='block_1_122' title="bbox 2159 5524 3739 5600">
    <p class='ocr_par' dir='ltr' id='par_1_122' title="bbox 2159 5524 3739 5600">
     <span class='ocr_line' id='line_1_123' title="bbox 2159 5524 3739 5600; baseline -0.009 -17"><span class='ocrx_word' id='word_1_872' title='bbox 2159 5545 2283 5583; x_wconf 87' lang='lat' dir='ltr'>nam</span> <span class='ocrx_word' id='word_1_873' title='bbox 2313 5524 2366 5584; x_wconf 86' lang='lat' dir='ltr'>et</span> <span class='ocrx_word' id='word_1_874' title='bbox 2406 5529 2464 5584; x_wconf 86' lang='grc' dir='ltr'>Β.</span> <span class='ocrx_word' id='word_1_875' title='bbox 2499 5530 2662 5600; x_wconf 79' lang='lat' dir='ltr'>Virgo</span> <span class='ocrx_word' id='word_1_876' title='bbox 2704 5529 2830 5600; x_wconf 88' lang='lat' dir='ltr'>sine</span> <span class='ocrx_word' id='word_1_877' title='bbox 2859 5524 3104 5600; x_wconf 19' lang='lat' dir='ltr'>peccato,</span> <span class='ocrx_word' id='word_1_878' title='bbox 3130 5524 3253 5590; x_wconf 87' lang='lat' dir='ltr'>fuit,</span> <span class='ocrx_word' id='word_1_879' title='bbox 3301 5524 3396 5581; x_wconf 88' lang='lat' dir='ltr'>sed</span> <span class='ocrx_word' id='word_1_880' title='bbox 3427 5538 3498 5578; x_wconf 86' lang='lat' dir='ltr'>ex</span> <span class='ocrx_word' id='word_1_881' title='bbox 3560 5524 3739 5596; x_wconf 57' lang='lat' dir='ltr'>gratia?</span> 
     </span>
    </p>
   </div>
   <div class='ocr_carea' id='block_1_123' title="bbox 2160 5599 3204 5675">
    <p class='ocr_par' dir='ltr' id='par_1_123' title="bbox 2160 5599 3204 5675">
     <span class='ocr_line' id='line_1_124' title="bbox 2160 5599 3204 5675; baseline -0.005 -18"><span class='ocrx_word' id='word_1_882' title='bbox 2160 5602 2327 5675; x_wconf 90' lang='lat' dir='ltr'>dono,</span> <span class='ocrx_word' id='word_1_883' title='bbox 2358 5616 2469 5658; x_wconf 89' lang='lat' dir='ltr'>non</span> <span class='ocrx_word' id='word_1_884' title='bbox 2496 5617 2561 5658; x_wconf 86' lang='lat' dir='ltr'>ex</span> <span class='ocrx_word' id='word_1_885' title='bbox 2590 5599 2774 5657; x_wconf 88' lang='lat' dir='ltr'>debito</span> <span class='ocrx_word' id='word_1_886' title='bbox 2803 5608 3027 5657; x_wconf 66' lang='lat' dir='ltr'>naturas.</span> <span class='ocrx_word' id='word_1_887' title='bbox 3060 5599 3204 5654; x_wconf 87' lang='lat' dir='ltr'>Enn.</span> 
     </span>
    </p>
   </div>
  </div>
