3972 6190
289 295 434 358 765.

1648 293 1847 361 LIBER
1884 289 1969 352 ΠΒ
2006 289 2232 356 ANIMA.

3487 299 3597 365 766

296 433 388 484 nat
416 425 550 515 (77),
574 513 582 515 Δ
605 423 699 481 ubi
723 423 1063 515 ipsaianima
1092 433 1435 486 coasummat
1479 426 1594 499 (τε)
1633 444 1656 496 :_
1689 439 1884 498 quam-
1920 433 1968 515 Α
1999 439 2271 497 nunquam
2325 424 2398 483 ita
2423 424 2687 484 d0rmisse
2718 441 3013 498 praesumo,
3042 436 3103 486 ut
3153 443 3219 485 ex
3251 428 3339 486 his
3387 427 3588 504 aliquid

295 530 455 588 quam
484 513 754 587 Epicurus
778 513 989 589 vulgari
1017 515 1147 574 satis
1179 515 1434 590 opinione
1481 515 1691 588 negarit
1736 527 1886 569 mor-

292 611 400 660 tem
447 603 514 658 ad
576 619 678 660 nos
723 602 1010 674 pertinere.
1075 625 1098 656 α
1151 604 1310 674 Quod
1361 605 1504 662 enim
1550 605 1888 670 dissolvitur,

297 699 492 772 inquit,
557 716 718 757 sensu
781 713 948 772 caret,
1015 701 1145 758 nihil
1198 701 1266 757 ad
1310 718 1428 759 nos.
1492 724 1516 754 υ
1565 703 1895 761 Dissolvitur

294 801 475 846 autem
512 795 566 844 et
610 798 756 846 caret
811 806 992 859 sensu,
1038 806 1146 847 non
1207 793 1321 863 ipsa
1343 809 1504 858 mors,
1564 793 1661 848 sed
1705 793 1890 858 homo,

283 876 375 950 qui
402 893 524 933 eam
553 877 777 949 patitur.
832 882 900 936 At
930 879 1022 936 ille
1051 880 1102 936 ei
1139 879 1283 936 dedit
1326 881 1659 951 passionem,
1728 882 1889 951 cujus

285 974 367 1024 est
393 967 554 1024 actio.
590 967 751 1037 Quod
789 966 835 1024 si
873 969 1106 1024 hominis
1143 980 1226 1027 est
1270 970 1379 1042 pati
1426 979 1675 1042 mortem,
1725 971 1896 1027 disso-

282 1055 525 1112 lutricem
573 1055 847 1124 corporis,
895 1063 947 1110 et
965 1057 1377 1129 peremptricem
1433 1074 1668 1129 sensus;
1735 1075 1896 1130 quam

284 1144 552 1213 ineptum,
612 1154 668 1199 ut
719 1152 863 1200 tanta
897 1143 980 1200 vis
1033 1145 1102 1200 ad
1156 1146 1416 1204 hominen
1468 1162 1577 1204 non
1620 1149 1894 1219 pertinere

284 1231 497 1288 dicatur
532 1229 546 1286 l
577 1230 744 1286 Multo
798 1233 1037 1289 coactius
1091 1233 1344 1290 Seneca:
1388 1253 1414 1290 ‹
1476 1236 1605 1292 Post
1643 1244 1892 1304 mortem,

286 1319 379 1387 ait,
421 1318 610 1375 omnia
639 1317 922 1390 ﬁniuntur,
975 1320 1133 1376 etiam
1172 1322 1310 1395 ipsa.
1348 1325 1510 1381 »Ηοο
1565 1324 1611 1380 si
1665 1325 1736 1381 ita
1791 1333 1892 1393 est,

280 1409 398 1480 jam
451 1416 504 1464 et
532 1423 675 1464 mors
727 1409 794 1464 ad
837 1409 1181 1481 semetipsam
1235 1412 1527 1483 pertinebit
1563 1431 1579 1481 ;
1611 1413 1656 1470 si
1685 1421 1738 1470 et
1777 1414 1896 1484 ipsa

283 1496 490 1562 finitur,
531 1511 597 1554 eo
635 1496 812 1569 magis
845 1498 914 1552 ad
960 1498 1258 1570 hominem,
1303 1501 1360 1556 in
1394 1507 1503 1572 quo
1541 1501 1679 1557 inter
1714 1503 1898 1560 omnia

285 1584 555 1657 ﬁniendo,
593 1593 649 1641 et
679 1585 796 1656 ipsa
840 1584 1026 1643 ﬁnitur
1047 1626 1062 1642 .
1093 1589 1239 1646 Mors
1285 1588 1418 1644 nihil
1448 1590 1513 1645 ad
1547 1605 1647 1647 nos
1689 1608 1702 1646 :

285 1682 343 1729 et
388 1675 499 1731 vita
553 1672 688 1730 nihil
733 1674 800 1729 ad
864 1689 992 1732 nos.
1063 1675 1122 1732 Si
1173 1675 1320 1734 enim
1377 1692 1484 1750 quo
1521 1678 1894 1748 dissolvimur,

289 1769 489 1833 praeter
516 1778 638 1829 nos,
672 1763 834 1819 etiam
863 1779 970 1835 quo
1013 1765 1430 1840 compingimur,
1480 1775 1632 1826 extra
1677 1783 1800 1827 nos.
1839 1768 1899 1824 Si

296 1860 567 1932 ademptio
621 1876 812 1916 sensus
861 1861 996 1916 nihil
1041 1863 1109 1917 ad
1139 1877 1260 1929 nos,
1321 1879 1421 1919 nec
1449 1863 1664 1935 adoptio
1708 1879 1902 1919 sensus

297 1948 587 2022 quidquam
640 1951 706 2006 ad
734 1965 855 2006 nos.
887 1951 992 2007 Sed
1031 1951 1082 1992 35
1111 1959 1336 2009 mortem
1375 1969 1587 2024 quoque
1616 1953 1898 2024 interimat,

293 2037 390 2109 qui
427 2045 480 2092 et
529 2038 778 2094 animam.
811 2038 860 2094 A
888 2040 1062 2110 nobis,
1104 2047 1163 2096 ut
1201 2040 1270 2096 de
1328 2041 1614 2112 posthuma
1669 2043 1797 2111 vita,
1849 2049 1906 2099 et

289 2124 362 2182 de
387 2124 495 2181 alia
532 2126 809 2196 provincia
853 2128 1046 2184 anima:
1083 2128 1224 2200 ('79),
1254 2129 1327 2186 ita
1365 2131 1433 2186 de
1466 2138 1654 2202 _morte
1699 2139 1902 2188 tracta-

288 2215 453 2281 bitur,
487 2215 555 2271 ad
592 2232 754 2288 quam
802 2217 888 2275 vel
939 2217 1041 2289 ipsi
1081 2219 1436 2290 pertinemus,
1467 2220 1513 2275 si
1561 2221 1628 2276 ad
1670 2237 1770 2277 nos
1806 2221 1902 2277 illa

290 2305 524 2376 pertinet
571 2305 640 2361 38.
673 2305 940 2378 Denique,
987 2321 1088 2364 nec
1156 2308 1436 2381 speculum
1488 2310 1608 2380 ejus
1654 2326 1896 2379 somnus,

293 2392 473 2450 aliena
511 2394 736 2451 materia
762 2403 866 2453 est.

866 2528 1086 2585 CAPUT
1134 2528 1325 2586 XLIII.

367 2659 450 2714 De
498 2673 697 2715 somno
727 2659 876 2730 prius
919 2658 1291 2731 disputemus;
1326 2665 1474 2730 post,
1505 2666 1733 2716 mortem
1763 2675 1897 2732 qua-

1997 537 2314 595 agnoscam.
2347 525 2534 595 Neque
2563 522 2706 580 enim
2743 524 3068 580 credendum
3097 534 3201 594 est,
3236 523 3404 584 722
3434 526 3594 584 defe-

2001 612 2297 670 tiscentiam
2337 629 2458 671 esse
2505 629 2772 682 somnum,
2818 615 3151 670 contrarium
3209 616 3389 686 potius
3437 599 3618 673 deis;

1999 703 2287 769 tisceutiae,
2330 719 2490 776 quam
2574 702 2779 760 scilicet
2837 702 3006 758 tollit.
3085 703 3359 775 Siquidem
3437 711 3594 762 homo

1999 807 2183 847 somno
2231 794 2407 865 magis
2445 792 2702 859 reﬁcitur,
2742 807 2902 863 quam
2936 790 3210 863 fatigatur.
3253 793 3437 859 Porro,
3496 809 3597 852 nec

2001 897 2213 952 semper
2267 897 2341 939 ex
2381 882 2692 955 fatigatione
2720 878 3020 950 concipitur
3057 896 3299 949 somnus,
3326 891 3380 937 et
3419 890 3596 938 tamen

2003 986 2129 1026 cum
2167 987 2233 1027 ex
2262 972 2349 1026 illa
2384 980 2486 1036 est,
2537 970 2629 1025 illa
2660 970 2776 1038 jam
2845 983 2956 1024 non
2998 977 3098 1024 est.
3141 969 3248 1025 Sed
3287 985 3392 1026 nec
3440 968 3597 1024 refri-

2003 1060 2332 1132 gescentiam
2380 1061 2676 1124 admittam,
2725 1065 2816 1113 aut
2862 1072 3168 1114 marcorem
3218 1057 3453 1129 aliquem
3501 1073 3595 1114 ca-

2003 1148 2154 1217 loris,
2220 1167 2342 1206 cum
2404 1149 2538 1205 adeo
2601 1161 2830 1219 corpora
2869 1162 3059 1204 somno
3115 1147 3505 1212 concalescunt,
3541 1155 3600 1202 ut

2003 1239 2334 1310 dispensatio
2369 1239 2612 1296 ciborum
2660 1253 2754 1308 per
2783 1251 3034 1292 somnum
3076 1251 3183 1293 non
3221 1236 3374 1294 facile
3411 1251 3606 1306 proce-

2005 1327 2158 1384 deret
2213 1329 2391 1386 calore
2457 1329 2810 1401 prOperabili,
2879 1335 2931 1386 et
2988 1327 3168 1400 rigore
3225 1324 3499 1390 tardabili,
3557 1323 3604 1378 si

2005 1432 2196 1474 somno
2229 1416 2688 1489 relrigeraremur.
2719 1419 2844 1476 Plus
2874 1424 2986 1489 est,
3007 1417 3154 1488 quod
3179 1415 3339 1471 etiam
3370 1415 3540 1470 sudor
3560 1413 3609 1453 39

2004 1505 2326 1577 digestionis
2365 1505 2648 1561 aestuantis
2666 1514 2748 1562 est
2776 1506 2955 1564 index.
2983 1505 3606 1579 Denique,.concoquere

1761 1607 1896 1664 ergo
1928 1608 1972 1686 Β
2003 1593 2247 1668 dicimur,
2296 1595 2440 1667 quod
2493 1595 2721 1661 caloris,
2778 1612 2886 1653 non
2928 1594 3147 1670 frigoris
3200 1591 3442 1664 Operatio
3501 1597 3599 1644 est.

2006 1681 2258 1753 Proinde,
2290 1682 2727 1741 'deminutionem
2758 1685 3003 1740 animalis
3043 1681 3285 1754 spiritus,
3323 1685 3413 1734 aut
3454 1677 3600 1733 indi-

2009 1773 2250 1846 gentiam
2302 1771 2542 1845 spiritus,
2611 1781 2701 1828 aut
2737 1773 3174 1846 segregationem
3214 1768 3421 1827 consati
3487 1766 3601 1838 spi-

2010 1863 2162 1928 ritus,
2223 1861 2591 1917 immortalitas
2633 1860 2829 1916 animm
2894 1876 3002 1915 non
3058 1858 3186 1914 sinit
3234 1857 3401 1914 credi.
3458 1855 3602 1911 Perit

2009 1951 2188 2007 anima
2207 1950 2252 2005 si
2290 1949 2591 2006 minoratur
2620 1949 2758 2022 (83).
2817 1948 3099 2019 Superest,
3155 1945 3203 2002 si
3259 1945 3417 2009 forte,
3477 1958 3599 2000 cum

2011 2039 2230 2106 Stoicis,
2291 2039 2678 2096 resolutionem
2761 2038 3028 2094 sensualis
3081 2034 3286 2110 vigoris
3355 2048 3602 2089 somnum

2011 2127 2452 2193 determinemus,
2501 2126 2629 2199 quia
2675 2125 2924 2198 corporis
2959 2125 3130 2182 solius
3174 2123 3410 2196 quietem
3465 2135 3601 2192 pro-

2009 2226 2180 2288 curet,
2218 2230 2326 2272 non
2355 2223 2411 2272 et
2437 2216 2646 2272 animae.
2690 2215 2940 2272 Animam
2971 2215 3116 2270 enim
3145 2223 3203 2269 ut
3243 2226 3460 2282 semper
3488 2224 3608 2265 mo-

2008 2305 2173 2364 bilem
2224 2315 2278 2361 et
2323 2321 2538 2377 semper
2574 2305 2880 2374 exercitam,
2912 2319 3190 2377 nunquam
3239 2299 3516 2357 succidere
3561 2299 3612 2337 ¹ιο

2007 2396 2193 2468 quieti,
2225 2394 2421 2450 alienae
2467 2393 2677 2451 scilicet
2719 2411 2751 2450 a
2790 2401 2927 2449 statu
2964 2391 3426 2449 immortalitatis:
3479 2387 3613 2442 nihil

2005 2483 2151 2540 enim
2190 2483 2492 2542 immortale
2539 2483 2697 2540 ﬁnem
2742 2483 2923 2554 operis
2963 2483 3045 2539 sui
3093 2481 3351 2547 admittit;
3393 2492 3620 2534 somnus

2002 2581 2184 2629 autem
2222 2571 2348 2628 ﬁnis
2377 2579 2461 2630 est
2501 2572 2700 2644 operis.
2734 2572 2985 2645 Denique
3031 2571 3244 2644 corpori
3291 2568 3379 2626 cui
3415 2573 3619 2624 morta-

2003 2655 2128 2718 litas
2158 2663 2440 2734 competit,
2472 2661 2524 2718 ei
2563 2662 2667 2719 soli
2713 2663 2869 2732 quies
2916 2661 3078 2717 ﬁnem
3115 2658 3297 2730 operis
3343 2657 3613 2714 adulatur.

295 2747 418 2803 liter
442 2747 622 2803 anima
657 2747 934 2860 declurra‘t.
973 2748 1093 2804 Non
1131 2749 1318 2820 utique
1359 2749 1752 2804 extranaturale
1791 2757 1871 2804 est
1927 2783 1970 2860 θ
2001 2749 2104 2819 Qui
2160 2766 2292 2824 ergo
2355 2751 2425 2806 de
2487 2751 2662 2809 somni
2715 2750 3054 2806 naturalitate
3111 2745 3396 2815 dubitabit,
3458 2745 3618 2800 habet

296 2836 520 2860 '.-...__-
575 2845 634 2860 ..ι
666 2834 751 2860 -..ζ
797 2851 856 2860 ...-
901 2851 979 2860 -.κ
1015 2835 1348 2860 -ι.ει---..ι.ε-
1375 2837 1547 2860 ..1---ι
1598 2836 1709 2860 lon\
1769 2852 1886 2860 -.η-
2008 2840 2212 2860 -μ-ε›-μ
2283 2840 2579 2860 .I!-I_-._'-__
2648 2839 2698 2860 3..
2773 2839 2988 2860 j__L:___.
3052 2836 3376 2860 J-.I.--....s-..
3449 2839 3611 2860 οΑοιιν-ιι

295 2836 542 2901 Somnus,
575 2845 638 2892 ut
661 2834 983 2908 quibusdam
1015 2835 1352 2909 philosophis
1375 2837 1552 2908 placet
1595 2836 1733 2909 (80),
1764 2852 1890 2892 cum

293 2942 364 2982 ex
408 2925 492 2982 his
529 2941 657 2983 eum
697 2924 958 2996 deputant
1002 2925 1198 2992 causis,
1238 2941 1359 2998 quae
1417 2936 1610 2997 praeter
1655 2935 1896 2982 naturam

296 3015 488 3071 haberi
543 3015 809 3073 videntur.
839 3014 1004 3070 Stoici
1045 3030 1298 3070 somnum
1343 3015 1733 3070 resolutionem
1776 3030 1898 3070 sen-

296 3102 466 3158 sualis
532 3102 742 3174 vigoris
811 3099 1103 3166 afﬁrmant,
1169 3100 1421 3173 Epicurei
1472 3101 1897 3158 deminutionem

301 3191 520 3262 spiritus
591 3190 857 3246 animalis.
939 3191 1293 3262 Anaxagoras
1363 3205 1487 3247 cum
1561 3191 1899 3262 Xenophane

299 3279 734 3337 defetiscentiam
811 3279 949 3351 (81),
1001 3279 1364 3350 Empedocles
1429 3288 1484 3336 et
1537 3280 1892 3338 Parmenides

295 3371 758 3447 refrigerationem
806 3389 822 3440 ;
895 3370 1075 3426 Strato
1182 3369 1620 3444 segregationem
1689 3370 1900 3428 consati

293 3461 526 3534 spiritus
567 3459 706 3532 (82),
737 3457 1076 3514 Democritus
1109 3455 1456 3531 indigentiam
1485 3457 1730 3528 spiritus,
1762 3459 1896 3516 Ari-

295 3547 527 3608 stoteles
558 3561 863 3604 marcorem
897 3545 1360 3604 circumcordialis
1407 3546 1621 3605 caloris.
1671 3547 1787 3622 Ego
1820 3565 1904 3605 me

2001 2840 2219 2912 quidem
2277 2840 2583 2897 dialecticos
2648 2839 2702 2893 in
2766 2839 2994 2895 dubium
3048 2836 3380 2892 deducentes
3449 2839 3614 2890 totam

2003 2929 2322 2985 naturalium
2365 2937 2420 2985 et
2446 2925 2925 2984 extranaturalium
2961 2922 3358 2989 discretionem,
3386 2929 3444 2976 ut
3488 2934 3612 2991 quae

2005 3016 2273 3088 putaverit
2343 3017 2476 3072 citra
2549 3026 2794 3072 naturam
2868 3029 3008 3079 esse,
3075 3019 3279 3068 natura:
3353 3005 3612 3065 vindicari

2007 3108 2140 3160 sciat
2185 3120 2363 3175 posse,
2416 3121 2448 3160 a
2493 3120 2598 3174 qua
2651 3107 2724 3160 ita
2772 3119 2892 3160 esse
2950 3102 3139 3160 sortita
3178 3107 3328 3168 sunt,
3376 3105 3435 3154 ut
3478 3096 3613 3153 citra

2007 3209 2129 3249 eam
2167 3193 2350 3249 haberi
2395 3192 2698 3261 videantur,
2749 3201 2800 3249 et
2845 3193 3035 3264 utique
3063 3199 3156 3247 aut
3193 3197 3387 3245 natura
3405 3185 3608 3254 omnia,

2007 3291 2101 3338 aut
2126 3282 2274 3340 nulla
2303 3284 2513 3339 natura.
2545 3282 2707 3354 Apud
2741 3296 2840 3338 nos
2868 3290 3046 3337 autem
3094 3281 3148 3335 id
3177 3277 3376 3351 poterit
3414 3273 3611 3342 audiri,

2005 3371 2152 3445 quod
2200 3371 2299 3426 Dei
2347 3371 2733 3442 contemplatio
2779 3371 3042 3443 suggerit,
3085 3367 3322 3424 auctoris
3376 3363 3616 3422 omnium

2007 3459 2080 3514 de
2136 3459 2333 3532 quibus
2387 3459 2666 3530 quaeritur.
2725 3459 3010 3516 Credimus
3042 3456 3186 3514 enim
3231 3455 3277 3510 si
3353 3451 3482 3526 quid
3536 3458 3619 3506 est

2011 3556 2218 3620 natura,
2253 3547 2512 3606 rationale
2531 3547 2648 3620 (84)
2682 3546 2900 3621 aliquod
2939 3561 3077 3618 opus
3098 3545 3198 3601 Dei
3239 3557 3381 3600 esse.
3424 3541 3614 3604 Porro,

372 3729 423 3768 36
452 3727 506 3783 Si
537 3735 590 3783 et
620 3727 750 3783 Jun.
783 3725 830 3764 ³⁷
861 3724 1156 3792 Interimat,
1179 3724 1313 3797 quia
1339 3734 1392 3797 et
1437 3723 1612 3780 anima
1641 3725 1696 3781 in
1741 3667 1898 3783 ἓξὲξ

2018 3659 2339 3797 ’ἓὲἓεὲἓίιιηι
2386 3726 2609 3795 habitat,
2649 3733 2702 3782 et
2759 3734 2820 3782 ut
2873 3728 3032 3782 Pam.
3097 3725 3142 3780 A
3199 3718 3617 3797 nobis__ut_de-

300 3799 548 3872 positum
576 3797 814 3872 avitatet
847 3798 942 3854 lib.
967 3797 1131 3869 Agob.

296 3870 498 3928 cedere
527 3870 702 3928 Rhea.
732 3871 892 3925 Pam.

1245 3796 1484 3854 Pertinet
1511 3800 1700 3854 omitt.
1761 3801 1878 3870 Rig.
1912 3801 2040 3857 Ven.
2089 3796 2139 3838 39
2177 3800 2304 3855 Plus
2346 3807 2430 3856 est
2485 3798 2685 3855 etiam:
2745 3797 2912 3853 sudor
2971 3798 3094 3869 Rig.

3184 3797 3312 3852 Ven.
3365 3791 3419 3830 ⁴ο
3473 3791 3615 3846 Suc-

1692 3939 2202 4005 Commentarius.

377 4048 496 4118 (7‘7)
550 4049 612 4105 Ut
660 4048 784 4102 illic
841 4045 1090 4118 materia
1141 4046 1344 4118 ponat.
1395 4044 1507 4099 Hoc
1553 4055 1654 4111 est,
1705 4055 1762 4101 ut
1808 4047 1918 4102 illic

304 4115 522 4174 desinat
549 4135 722 4172 sermo
750 4118 850 4172 iste
871 4118 939 4171 de
965 4115 1164 4169 anima.
1190 4116 1316 4170 Βία.

381 4189 495 4260 (78)
551 4188 645 4247 Ubi
693 4191 819 4260 ipsa
870 4189 1066 4243 anima
1127 4187 1676 4260 consummat._Ubi
1719 4187 1917 4254 anima,

314 4257 598 4315 discedens
635 4275 665 4312 a
705 4257 954 4330 corpore,
992 4268 1147 4330 actus
1173 4257 1226 4310 in
1258 4270 1323 4309 eo
1372 4257 1457 4311 sui
1510 4257 1728 4329 singula
1771 4275 1920 4314 com-

317 4340 480 4398 putat,
522 4339 575 4386 et
631 4329 891 4385 summam
924 4329 1150 4400 colligit,
1199 4334 1456 4400 tanquam
1505 4330 1787 4399 pecuniam
1851 4332 1920 4386 de

310 4397 493 4455 multis
522 4403 833 4457 nominibus
862 4397 1184 4455 confeclam.
1213 4397 1347 4451 Βία.

380 4475 496 4543 (79)
536 4474 577 4529 Α
603 4474 760 4531 nobis
779 4475 852 4543 ut
883 4473 948 4527 de
977 4470 1288 4543 posthuma
1309 4469 1429 4543 vita
1457 4472 1512 4543 et
1539 4469 1606 4543 de
1637 4471 1749 4526 alia
1782 4487 1918 4543 pro-

308 4539 502 4602 vincia
529 4546 762 4600 ani-mw.
795 4539 1204 4615 Elegantissime
1233 4539 1308 4592 ait
1336 4539 1654 4615 Septimius,
1677 4557 1709 4596 a
1737 4539 1915 4606 nobis,

307 4631 508 4685 nempe
555 4613 1013 4678 Christianisfita
1047 4613 1115 4667 de
1154 4618 1326 4685 morte
1367 4613 1616 4677 tractari,
1669 4621 1920 4680 tanquam

304 4688 377 4740 de
415 4681 703 4757 posthuma
738 4685 865 4741 vita.
910 4685 1118 4738 Etenim
1147 4681 1351 4757 scimus
1383 4691 1637 4737 aeternam
1674 4699 1912 4757 manere.

306 4758 397 4812 Ad
417 4753 555 4812 'eam
585 4772 712 4812 vero
760 4772 792 4810 a
827 4763 997 4810 morte
1040 4753 1268 4809 transiri.
1310 4753 1493 4823 Itaque
1521 4770 1640 4809 esse
1687 4756 1918 4825 posthu-

309 4845 458 4882 mam
481 4828 665 4885 morti.
694 4829 818 4883 RIG.

392 4900 506 4969 (80)
527 4901 645 4955 Non
665 4900 860 4970 utique
881 4898 1318 4970 extranatuirale
1334 4902 1416 4954 est
1444 4913 1692 4970 somnus,
1714 4901 1780 4954 ut
1799 4898 1920 4970 qui-

312 4968 553 5025 buSdam
581 4968 925 5042 philosophis
948 4969 1154 5042 placet.
1177 4969 1437 5042 Somnum
1473 4968 1562 5024 hic
1583 4969 1736 5042 juxta
1761 4968 1918 5042 natu-

314 5057 432 5095 ram
489 5039 606 5096 esse
635 5039 833 5113 probat
861 5040 1114 5113 exvariis
1156 5039 1914 5113 philosotihorumdogmatis.

311 5113 490 5167 Variae
518 5109 696 5167 autem
746 5120 872 5167 sunt
913 5110 981 5164 de
1036 5125 1202 5165 causa
1235 5109 1410 5165 somni
1467 5109 1776 5177 opiniones.
1829 5110 1921 5164 Vi-

313 5187 527 5239 dendus
576 5183 819 5239 Galenus
875 5181 928 5236 in
991 5182 1142 5236 Hist.
1202 5182 1427 5238 Philas.
1490 5188 1542 5236 et
1603 5181 1923 5237 Plutarchus

315 5255 415 5311 lib.
457 5271 591 5311 xxiv
617 5262 669 5310 et
709 5269 811 5310 xxv
832 5253 897 5309 de
927 5252 1084 5306 Placi
1100 5253 1193 5306 tis.
1227 5251 1303 5305 LE
1337 5251 1432 5307 Pu.

386 5327 504 5397 (81)
533 5327 902 5396 Anaxagoras
934 5339 1064 5378 cum
1090 5323 1426 5397 xenqphaae
1442 5321 1920 5397 defetiscentiam.

318 5393 638 5453 Plutarchus
656 5393 761 5452 lib:
780 5412 851 5459 ιι,
885 5410 933 5450 c.
976 5397 1008 5448 2
1042 5393 1190 5468 5,‘de
1209 5393 1477 5468 Placitis:
1514 5415 1536 5444 «
1579 5396 1927 5468 Anaxagoras

323 5483 568 5524 somnum
615 5469 859 5523 accidere
900 5472 1049 5535 putat
1096 5464 1458 5520 functionibus
1507 5464 1925 5536 corporis?non

322 5539 466 5594 enim
498 5541 694 5596 animae
734 5553 879 5602 esse,
921 5536 1301 5607 sedcorporis
1339 5535 1724 5607 adfectionem;
1775 5553 1926 5594 mor-

323 5617 428 5669 tem
464 5627 588 5669 esse
621 5610 816 5667 animae
847 5605 1224 5668 divulsionem.
1271 5605 1580 5678 Leucippus
1602 5605 1772 5663 solius
1798 5623 1926 5665 cor-

2030 4047 2177 4117 poris
2207 4061 2329 4102 esse
2361 4061 2609 4102 somnum
2639 4062 2654 4100 :
2688 4061 2920 4116 cumque
2941 4045 3011 4100 ob
3041 4044 3358 4117 tenuitatem
3387 4042 3618 4114 partium

2026 4116 2169 4189 plus
2196 4117 2346 4188 justo
2394 4118 2698 4174 excernitur
2735 4117 2955 4171 animati
3009 4116 3221 4189 caloris,
3272 4130 3360 4189 eo_
3390 4123 3620 4189 mortem

2030 4184 2498 4267 efﬁci;_corporis
2543 4190 2658 4267 haec
2702 4203 2841 4267 esse,
2884 4201 2994 4241 non
3050 4187 3245 4267 animae
3284 4184 3621 4267 affectiones.

2026 4257 2383 4325 Empedocles
2418 4261 2645 4313 mortem
2676 4272 2796 4313 esse
2826 4257 3000 4326 igneae
3037 4265 3244 4311 natura;
3273 4257 3623 4309 secretioncm

2028 4329 2098 4382 ab
2126 4328 2212 4398 iis,
2237 4344 2301 4382 cx
2321 4328 2516 4399 quibus
2536 4329 2700 4399 homo
2730 4328 2924 4383 coaluit
2968 4344 2983 4396 ;
3015 4327 3246 4396 ideoque
3284 4339 3623 4380 communem

2030 4415 2151 4454 esse
2199 4397 2392 4454 animae
2467 4397 2790 4469 corporique
2836 4404 3091 4467 mortem,
3146 4411 3396 4469 somnum
3446 4407 3625 4469 autem

2031 4470 2246 4526 evenire
2315 4465 2624 4526 secretiohe
2663 4465 2935 4525 naturai
3041 4465 3110 4523 τε.
3167 4465 3430 4523 «Refutat
3492 4467 3630 4520 hanc

2035 4540 2356 4595 sententiam
2394 4539 2722 4595 Aristoteles
2765 4541 2857 4594 lib.
2907 4483 3038 4595 diu
3028 4540 3231 4595 Somno
3301 4542 3361 4595 et
3409 4538 3624 4595 Viailia.

2035 4540 2356 4596 sententiam
2394 4539 2722 4596 Aristoteles
2765 4541 2857 4594 lib.
2907 4538 2974 4595 de
3028 4540 3231 4596 Somno
3301 4542 3361 4595 et
3409 4538 3624 4610 Vigilia,

1959 4610 2004 4686 Ι)
2033 4629 2154 4683 cap.
2188 4618 2242 4669 3.
2276 4613 2408 4668 Lac.

2105 4681 2220 4755 (82)
2261 4686 2453 4741 Strato
2481 4684 2923 4759 segregationem
2951 4681 3171 4759 constiti
3197 4682 3460 4752 spiritus,
3513 4689 3618 4759 etc.

2029 4752 2230 4810 Horum
2280 4752 2562 4810 immemor
2621 4752 2985 4821 Plutarchus;
3051 4752 3168 4821 sed,
3199 4765 3390 4804 eorum
3433 4752 3621 4821 opinio

2025 4836 2254 4897 cognata
2285 4826 2495 4882 videtur
2522 4840 2643 4880 esse
2675 4819 2979 4894 Epicureae,
3019 4833 3073 4877 et
3119 4820 3197 4897 illi
3218 4836 3384 4897 quam
3432 4819 3624 4885 Empe-

2025 4892 2166 4952 docli
2199 4897 2382 4952 tribuit
2422 4892 2789 4952 Plutarchus:
2835 4910 3028 4966 nempe
3075 4892 3329 4966 accidere
3377 4905 3622 4966 somnum

2025 4971 2402 5040 segregatione
2430 4970 2610 5040 ignea:
2629 4971 2873 5040 naturai.
2911 4962 3152 5040 Meminit
3180 4973 3363 5040 tamen
3399 4962 3624 5017 aliorum

2028 5035 2362 5114 Plutarchus,
2382 5035 2794 5114 ut'Alcmreonis
2825 5047 2880 5114 et
2909 5035 3373 5114 DiOgenis._LAC.
3587 5102 3599 5114 .

2100 5111 2216 5182 (83)
2259 5112 2417 5182 Perit
2465 5115 2662 5167 anima
2706 5111 2758 5164 si
2793 5111 3144 5182 minaretur.
3184 5107 3627 5182 Consatum__spi_-

2030 5173 2207 5236 ritum'
2237 5181 2407 5252 aliqui
2447 5182 2698 5236 dixerunt
2741 5196 2862 5235 esse
2909 5179 3165 5246 animam;
3189 5194 3355 5250 quare
3391 5178 3434 5232 si
3476 5173 3630 5229 dimi-

2029 5253 2214 5308 nuitur
2278 5251 2500 5323 spiritus
2560 5252 2669 5320 ille,
2721 5252 3078 5308 minorabitur
3153 5251 3388 5306 anima:
3460 5261 3626 5318 quare

2034 5323 2278 5398 mortalis
2308 5333 2472 5398 esset.
2514 5325 2654 5380 Lac.
2946 5396 2952 5398 _
3076 5395 3087 5398 Α
3291 5391 3313 5398 _
3409 5397 3413 5398 ί
3501 5387 3532 5398 _.

2105 5397 2220 5462 (84)
2250 5397 2307 5452 Si
2335 5397 2470 5468 quid
2489 5401 2573 5453 est
2592 5395 3138 5468 natura,rationale,
3163 5402 3265 5448 etc.
3291 5391 3626 5468 Lactantius.

2028 5460 2287 5543 Divinar.
2322 5460 2511 5524 l'nstit.
2545 5467 2641 5525 lib.
2696 5469 2754 5543 ll,
2807 5460 2956 5543 cap._
2979 5470 3034 5543 9,
3066 5467 3373 5543 hanc__esse
3408 5460 3625 5543 senecta

2034 5539 2346 5612 sententiam
2409 5548 2630 5612 testatur
2685 5537 2786 5612 phis
2847 5533 3026 5593 verbis
3062 5553 3163 5612 :_¢_
3193 5533 3388 5588 Melius
3439 5533 3624 5612 igitur

2034 5609 2259 5675 Seneca,
2288 5609 2536 5667 omnium
2581 5609 2896 5666 Stoicorum
2944 5605 3316 5668 acutissimus,
3360 5600 3453 5675 qui
3479 5599 3617 5660 vidit
