4030 6184
228 292 233 297 ⁸
301 308 407 375 767

1014 307 1459 373 mmmam
1498 308 1760 374 OPERUM
1789 309 1952 375 PARS
1988 310 2056 374 11.
2092 260 2165 355 Ύ-
2205 304 2433 374 SERIES
2472 310 2515 382 ι,
2545 308 2888 375 pomum.

3496 308 3602 372 768

298 443 548 489 somnum
594 427 735 487 ratio
782 423 958 532 praeit,
992 434 1121 532 tam"
1140 435 1344 500 aptum,
1381 437 1503 529 tam.
1531 426 1758 532 utilem,“
1778 435 1889 486 tam
1927 449 1974 532 λ
2006 441 2223 485 manum
2287 429 2572 506 porrigens
2634 426 2780 497 ﬁdei,
2846 424 3056 487 facilius
3121 424 3438 501 adiuvanda
3506 443 3603 502 per

301 519 677 591 necessarium,
727 524 787 575 ut
841 516 1041 590 absque
1089 516 1180 573 illo
1219 518 1364 573 nulla
1419 517 1596 574 anima
1642 517 1887 591 sufﬁciat;

300 616 650 667 recreatorem
725 624 1038 681 corporum,
1108 607 1587 679 redintegratorem
1669 608 1885 674 virium,

297 700 644 773 probatorem
701 700 745 739 ιιί
800 697 1182 767 valetudinum,
1269 706 1574 768 pacatorem
1639 713 1888 768 Operum,

298 789 562 846 medicum
592 790 838 846 laborum
863 806 878 859 ;
925 788 1011 843 cui
1044 785 1283 857 legitime
1327 786 1555 842 fruendo
1584 786 1697 842 dies
1727 787 1888 859 cedit,

301 893 407 935 nox
459 878 626 935 723
662 879 834 953 legem
875 877 1018 942 facit,
1059 874 1310 931 auferens
1349 892 1530 931 rerum
1570 876 1733 932 etiam
1786 893 1888 933 co-

299 966 491 1025 lorem.
523 966 677 1035 Quod
729 967 775 1021 si
829 966 1009 1030 vitale,
1043 965 1291 1028 salutare,
1346 964 1604 1021 auxiliare
1644 981 1885 1031 somnus,

302 1056 432 1111 nihil
455 1056 721 1125 ejusmodi
750 1072 865 1111 non
903 1054 1182 1122 rationale,
1217 1052 1348 1107 nihil
1390 1070 1496 1109 non
1545 1056 1788 1110 naturale
1817 1056 1885 1108 42.

297 1145 388 1201 Sic
441 1154 493 1201 et
539 1146 734 1201 medici
805 1160 962 1201 omne
1041 1142 1369 1199 contrarium
1441 1142 1609 1209 vitali,
1668 1144 1889 1200 salutari

297 1236 560 1301 auxiliari,
613 1245 759 1292 extra
800 1243 1004 1291 natura:
1050 1232 1301 1289 cardines
1343 1233 1601 1305 relegant.
1657 1235 1793 1289 Nam
1838 1237 1891 1289 et

297 1326 521 1381 aemulas
611 1341 802 1383 somno
872 1322 1222 1391 valetudines,
1289 1322 1656 1391 phreneticam
1730 1333 1893 1393 atque

297 1415 617 1481 cardiacum,
678 1422 873 1485 praeter
928 1422 1175 1468 naturam
1227 1410 1538 1479 judicando,
1599 1413 1893 1469 naturalem

297 1517 545 1558 somnum
592 1502 1115 1575 przejudicaverunt;
1173 1496 1333 1552 etiam
1380 1500 1431 1553 in
1489 1501 1727 1573 lethargo
1786 1516 1891 1555 non

294 1591 593 1647 naturalem
630 1600 895 1661 notantes,
934 1585 1245 1646 testimonio
1283 1589 1508 1643 naturali
1542 1588 1892 1659 respondent,

296 1696 419 1736 cum
455 1681 510 1736 in
537 1696 639 1737 suo
679 1690 1098 1753 temperamento
1137 1689 1240 1736 est.
1262 1678 1451 1734 Omnis
1489 1679 1631 1733 enim
1682 1686 1888 1742 natura,

296 1776 387 1824 aut
433 1768 860 1838 defraudatione,
887 1778 978 1823 aut
1014 1768 1328 1823 enormitate
1383 1766 1727 1834 rescinditur,
1757 1781 1888 1835 pro-

2005 519 2268 593 imagines
2299 530 2353 577 et
2373 520 2670 593 parabolas,
2689 520 2828 578 sicut
2854 535 3187 587 sermonum,
3217 518 3291 575 ita
3320 526 3373 576 et
3402 534 3599 576 rerum.

2000 610 2253 681 Proponit
2283 610 2448 683 igitur
2485 610 2580 667 tibi
2610 625 2810 681 corpus
2840 608 3014 665 amica
3040 611 3093 667 vi
3122 608 3338 681 soporis
3384 608 3601 677 elisum,

1998 697 2193 754 blanda
2272 699 2472 772 quietis
2534 699 2856 756 necessitate
2916 705 3267 770 prostratum,
3328 697 3607 754 immobile

1998 787 2125 859 situ,
2175 789 2336 861 quale
2378 797 2503 845 ante
2543 790 2703 847 vitam
2735 788 2923 859 jacuit,
2969 797 3024 844 et
3069 787 3227 859 quale
3273 785 3434 843 724
3480 791 3609 856 post

1997 878 2156 933 vitam
2182 878 2405 949 jacebit,
2437 885 2495 933 ut
2541 879 2882 934 testationem
2916 877 3150 950 plasticae
3208 884 3263 931 et
3311 876 3607 945 sepulturae

1999 976 2316 1036 exspectans
2383 968 2634 1036 animam,
2685 968 2842 1040 quasi
2913 967 3151 1023 nondum
3216 965 3500 1033 conlatam,
3553 977 3608 1023 et

1999 1056 2151 1127 quasi
2199 1058 2308 1125 jam
2339 1065 2598 1128 ereptam.
2630 1056 2733 1111 Sed
2764 1066 2815 1111 et
2873 1055 2966 1109 illa
2996 1056 3072 1110 sic
3104 1054 3321 1124 patitur,
3365 1061 3421 1107 ut
3478 1052 3606 1109 alibi

1996 1160 2158 1218 agere
2203 1146 2467 1213 videatur,
2519 1143 2950 1200 dissimulatione
2996 1141 3296 1215 praesentiae
3371 1141 3604 1195 futuram

1998 1233 2294 1289 absentiam
2352 1234 2646 1304 ediscens;
2713 1241 2766 1289 et
2838 1241 3015 1288 tamen
3062 1232 3278 1287 interim
3350 1230 3605 1301 somniat,

2000 1338 2096 1378 nec
2150 1323 2391 1393 quiescit,
2442 1338 2545 1379 nec
2586 1321 2883 1396 ignavescit
2911 1323 3152 1386 omnino,
3210 1336 3312 1376 nec
3358 1328 3606 1375 naturam

2000 1412 2418 1476 immortalitatis
2462 1427 2671 1467 servam
2715 1409 2899 1483 δορονὶ
2928 1411 2977 1450 4⁵
3005 1409 3205 1466 addicit
3248 1426 3262 1466 :
3300 1408 3497 1477 probat
3545 1423 3607 1462 se

2002 1498 2254 1554 mobilem
2321 1516 2554 1570 semper;
2598 1510 2755 1565 terra,
2807 1497 3367 1570 mari,peregrinatur,
3423 1512 3602 1569 nego-

2002 1588 2180 1656 tiatur,
2214 1589 2474 1661 agitatur,
2521 1588 2749 1659 laborat,
2800 1588 2954 1653 ludit,
3011 1587 3173 1654 dolet,
3207 1587 3423 1657 gaudet,
3461 1587 3606 1643 licita

2000 1685 2158 1749 atque
2203 1678 2403 1733 inlicita
2430 1677 2772 1748 persequitur
2802 1694 2815 1732 :
2850 1675 3084 1732 ostendit
3128 1674 3272 1746 quod
3303 1675 3421 1730 sine
3470 1690 3599 1730 cor-

2004 1782 2133 1836 pore
2160 1768 2320 1821 etiam
2352 1765 2636 1836 plurimum
2673 1764 2858 1835 possit,
2888 1763 3034 1837 quod
3063 1772 3115 1818 et
3162 1763 3276 1819 suis
3343 1763 3603 1820 instructa

296 1857 523 1930 prietate
587 1873 855 1913 mensurae
903 1865 1281 1913 conservatur.
1355 1856 1435 1910 Ita
1482 1854 1723 1909 naturale
1790 1854 1893 1911 erit
1925 1850 1969 1928 Β
1999 1854 2067 1910 sit
2107 1856 2391 1923 membris,
2433 1854 2530 1911 sed
2588 1853 2939 1909 nihilominus
2986 1850 3367 1908 necessitatem
3410 1852 3604 1911 habeat

294 1953 457 2015 statu,
511 1946 653 2017 quod
701 1959 807 1998 non
857 1944 1097 1999 naturale
1134 1941 1270 1999 efﬁci
1318 1950 1498 2014 potest
1547 1942 1766 2000 decessu
1806 1945 1894 2000 vel

297 2048 543 2089 excessu.
573 2031 712 2101 Quid
742 2032 788 2087 si
817 2040 868 2086 et
897 2048 1047 2088 esum
1088 2041 1141 2088 et
1182 2041 1364 2103 potum
1407 2033 1475 2089 de
1516 2040 1724 2088 natura:
1771 2048 1894 2088 sor-

300 2122 441 2176 tibus
483 2120 723 2176 eximas?
764 2138 888 2176 nam
935 2128 989 2175 et
1018 2119 1071 2175 in
1103 2120 1187 2176 his
1226 2120 1453 2191 plurima
1483 2121 1657 2177 somni
1688 2137 1896 2191 praepa-

298 2219 478 2268 ratura
518 2211 568 2249 4³
621 2218 722 2267 est.
775 2210 931 2267 Certe
985 2210 1068 2265 his
1114 2228 1144 2266 a
1195 2211 1489 2282 primordio
1521 2219 1726 2266 naturae
1779 2227 1893 2266 suae

299 2302 458 2355 homo
490 2299 725 2354 imbutus
768 2307 872 2356 est.
918 2298 974 2355 Si
1013 2300 1157 2370 apud
1206 2300 1377 2355 Deum
1417 2298 1594 2354 discas
1632 2299 1771 2370 (85),
1802 2299 1893 2355 ille

298 2388 420 2445 fons
449 2388 664 2459 generis
702 2389 894 2451 Adam,
928 2398 1049 2445 ante
1076 2388 1240 2445 ebibit
1271 2404 1542 2459 scporem,
1576 2404 1737 2459 quam
1767 2388 1894 2443 sitiit

296 2480 573 2551 quietem;
632 2487 756 2534 ante
814 2479 1053 2548 dormiit,
1143 2494 1305 2548 quam
1390 2477 1691 2543 laboravit;
1762 2476 1893 2546 imo,

294 2582 453 2638 quam
481 2577 533 2623 et
559 2567 708 2634 edit;
740 2566 868 2635 imo,
899 2581 1060 2637 quam
1083 2573 1136 2621 et
1164 2566 1405 2637 profatus
1430 2571 1514 2622 est
1542 2582 1557 2633 ;
1584 2574 1645 2621 ut
1677 2564 1894 2622 videant

295 2657 590 2712 naturalem
629 2656 862 2712 indicem
929 2671 1179 2711 somnum
1238 2655 1493 2711 omnibus
1557 2654 1893 2710 naturalibus

298 2745 746 2817 principaliorem.
809 2744 938 2799 Inde
1004 2743 1323 2799 deducimur
1388 2744 1549 2800 etiam
1599 2742 1888 2813 imaginem

296 2833 481 2889 mortis
504 2834 613 2902 jam
654 2841 779 2889 tunc
825 2848 951 2895 eum
998 2847 1296 2888 recensere.
1329 2830 1386 2887 Si
1416 2829 1560 2886 enim
1604 2831 1773 2886 Adam
1822 2831 1890 2885 de

298 2922 511 2978 Christo
552 2922 777 2995 ﬁguram
837 2921 998 2976 dabat
1026 2924 1096 2991 44,
1156 2935 1379 2977 somnus
1436 2920 1571 2975 Adae
1601 2935 1747 2976 mors
1778 2928 1891 2975 erat

297 3010 497 3065 Christi
527 3008 808 3064 dormituri
854 3010 908 3063 in
942 3018 1185 3074 mortem,
1228 3015 1287 3063 ut
1316 3007 1384 3062 de
1423 3006 1617 3076 injuria
1668 3007 1890 3079 perinde

296 3099 475 3153 lateris
496 3097 612 3166 ejus
638 3113 766 3152 vera
803 3104 971 3152 mater
1007 3094 1294 3152 viventium
1344 3094 1666 3167 ﬁguraretur
1703 3095 1887 3152 Eccle-

299 3187 399 3241 sia.
442 3186 569 3242 Ideo
602 3192 655 3241 et
703 3200 923 3241 somnus
966 3192 1073 3239 tam
1116 3184 1383 3251 salutaris,
1437 3192 1545 3240 tam
1592 3185 1887 3253 rationalis,

297 3274 457 3330 etiam
486 3275 542 3329 in
571 3274 798 3345 publicae
828 3280 882 3329 et
915 3275 1212 3330 communis
1236 3275 1348 3343 jam
1379 3273 1565 3329 mortis
1610 3272 1890 3344 efﬁngitur

298 3364 592 3434 exemplar.
635 3361 816 3419 Voluit
871 3360 1015 3417 enim
1074 3362 1239 3426 Deus,
1292 3368 1346 3414 et
1400 3360 1535 3415 alias
1579 3359 1712 3413 nihil
1773 3360 1890 3417 sine

298 3451 699 3522 exemplaribus
754 3450 811 3504 in
865 3465 961 3504 sua
1008 3449 1366 3519 dispositione
1421 3448 1663 3519 molitus,
1732 3465 1889 3519 para-

298 3540 534 3611 digmate
573 3538 846 3596 Platonico
877 3537 1087 3609 plenius
1120 3538 1237 3610 (86)
1266 3538 1484 3592 humani
1536 3536 1621 3594 vel
1661 3538 1892 3593 maxime

297 3627 437 3685 iuitii
492 3644 556 3685 ac
637 3627 761 3685 finis
825 3627 994 3682 lineas
1062 3626 1299 3696 quotidie
1369 3641 1534 3697 agere
1584 3626 1886 3699 nobiscum,

2002 1960 2185 2002 rursus
2231 1944 2475 2014 corporis
2529 1942 2792 2015 agitandi.
2827 1943 2903 1997 Ita
2948 1958 3069 1997 cum
3105 1939 3432 2013 evigilaverit
3478 1957 3604 1998 cor-

2000 2050 2125 2107 pus,
2171 2034 2446 2088 redditum
2492 2030 2687 2087 ofﬁciis
2728 2032 2877 2101 “ejus,
2936 2030 3387 2086 resurrectionem
3445 2046 3603 2085 mor-

2002 2131 2217 2178 tuorum
2267 2122 2360 2178 tibi
2397 2122 2653 2177 affirmat.
2688 2121 2809 2175 Haec
2859 2120 2959 2176 erit
2996 2119 3193 2189 somni,
3242 2128 3297 2175 et
3333 2120 3467 2175 ratio
3508 2137 3603 2176 na-

2001 2212 2205 2278 turalis,
2263 2219 2315 2266 et
2372 2218 2562 2266 natura
2616 2208 2911 2265 rationalis.
2967 2209 3136 2264 Etiam
3168 2225 3268 2279 per
3296 2207 3601 2283 imaginem

2001 2303 2207 2370 mortis,
2267 2300 2425 2355 ﬁdem
2466 2298 2713 2367 initiaris,
2746 2316 2901 2370 spem
2942 2297 3233 2368 meditaris,
3265 2282 3431 2355 discis
3466 2297 3600 2354 mori

2006 2399 2061 2447 et
2088 2391 2291 2459 vivere,
2325 2389 2488 2445 discis
2518 2388 2740 2463 vigilare
2769 2390 2898 2444 dum
2940 2389 3167 2444 dormis.

2575 2522 2804 2582 CAPUT
2842 2523 3030 2579 XLIV.

2071 2656 2356 2723 Caeterum,
2423 2656 2490 2713 de
2563 2657 2914 2714 Hcrmotimo.
2962 2654 3173 2724 Anima,
3223 2662 3282 2710 ut
3326 2653 3500 2720 aiunt,
3546 2654 3599 2709 in

1998 2760 2190 2801 somno
2238 2748 2465 2815 carebat,
2496 2745 2651 2817 quasi
2683 2761 2779 2816 per
2822 2745 3165 2802 occasionem
3208 2745 3445 2800 vacaturi
3493 2745 3596 2798 ho-

1998 2835 2159 2888 minis
2207 2833 2576 2906 proﬁciscente
2633 2835 2702 2889 de
2756 2849 3006 2905 corpore.
3046 2833 3192 2889 Uxor
3245 2834 3349 2889 hoc
3396 2832 3594 2904 prodit.

1998 2920 2201 2977 Inimici
2257 2921 2606 2977 dormientem
2659 2922 2802 2978 nacti
2853 2937 2948 2991 pro
3004 2921 3256 2976 defuncto
3318 2935 3593 2976 cremave-

2000 3016 2143 3064 runt.
2193 3010 2456 3081 Regressa
2504 3009 2681 3064 anima
2730 3010 2958 3073 tardius,
3009 3010 3193 3073 credo,
3246 3006 3596 3064 homicidium

2004 3097 2103 3153 sibi
2135 3098 2431 3170 imputavit.
2460 3098 2615 3156 Cives
2664 3098 2993 3155 Clazomenii
3032 3097 3424 3153 Hermotimum
3460 3106 3597 3153 tem-

1998 3187 2087 3257 plo
2115 3187 2481 3244 consolantur.
2514 3188 2701 3244 Mulier
2747 3204 2857 3243 non
2895 3188 3022 3252 adit,
3057 3188 3128 3242 ob
3166 3194 3347 3242 notam
3378 3186 3592 3242 uxoris.

1998 3274 2266 3343 Quorsum
2299 3276 2439 3333 istud
2469 3277 2498 3332 ?
2528 3278 2608 3333 Ne
2638 3277 2764 3347 quia
2799 3278 2850 3316 46
2898 3275 3052 3333 facile
3080 3284 3162 3331 est
3188 3276 3352 3348 vulgo
3400 3276 3596 3330 existi-

2000 3380 2147 3421 mare
2185 3366 2544 3423 secessionem
2588 3369 2635 3406 ιη
2675 3368 2871 3423 animae
2913 3383 3033 3423 esse
3091 3383 3343 3424 somnum
3382 3368 3450 3435 48,
3494 3367 3600 3423 hoc

1999 3467 2220 3524 quoque
2289 3453 2605 3509 Hermotimi
2670 3466 2993 3526 argumento
3060 3456 3345 3511 credulitas
3405 3453 3601 3509 subor-

2000 3551 2167 3597 netur.
2196 3542 2382 3599 Genus
2413 3543 2588 3599 fuerat
2634 3544 2922 3615 gravioris,
2971 3544 3245 3616 aliquanto
3275 3542 3509 3613 saporis,
3538 3550 3597 3596 ut

2000 3627 2068 3684 de
2106 3629 2372 3687 incubone
2400 3632 2752 3703 praesumptio
2771 3640 2871 3698 est,
2919 3630 3003 3687 vel
3048 3630 3391 3697 valetudinis,
3434 3645 3602 3701 quam

1669 3749 1861 3812 Variae
1916 3754 2227 3817 lectiones.

374 3855 419 3893 31
452 3853 781 3926 Prolatorem
804 3853 898 3926 uel
926 3861 1341 3926 prorogatorem
1365 3855 1512 3926 _Lat.
1537 3854 1593 3926 7’12
1634 3853 1779 3909 Nihil
1815 3872 1921 3910 non
1980 3859 2205 3914 naturali
2262 3861 2414 3917 abest
2442 3878 2477 3917 (ι
2532 3862 2657 3916 Par.
2689 3866 2744 3917 et
2800 3862 2953 3919 aliis.
3009 3861 3060 3900 ’⁸³
3121 3860 3378 3915 Paratura
3434 3859 3597 3912 Pam.

303 3925 476 3999 illim.
512 3924 679 3999 Sensi.
712 3926 761 3999 ἰίξ
798 3924 1276 3999 Εὶευνδὺξιιξραφη.
1310 3924 1486 3999 (then.
1518 3925 1685 3999 Seml.
1717 3927 1765 3999 ίιξ
1794 3926 1892 3993 Sor

2003 3944 2017 3981 ς
2055 3932 2215 3985 Pam.
2258 3930 2429 3987 Rhen.
2466 3933 2637 3988 Seml.
2679 3931 2728 3968 ⁸⁸⁵
2775 3932 2845 3988 Ut

2886 3931 3011 4004 quia
3058 3947 3167 3987 non
3211 3933 3371 3986 Pam.
3420 3929 3596 3986 Rhcn.

301 3996 532 4052 Semler.
571 3994 843 4052 Oberth.“
873 3994 1287 4050 Successionem
1318 3995 1492 4081 Rhea.
1527 3997 1697 4053 Seml.
1736 3998 1950 4054 Oberth.
1974 3999 2023 4037 ⁸⁸⁸
2053 4000 2332 4057 Somnium
2363 4005 2496 4059 Par.
2530 4005 2647 4075 Rig.
2694 4005 2819 4059 Ven.

1684 4121 1892 4184 Comm
1903 4129 2197 4189 entarius.

300 4250 371 4305 nil
404 4251 545 4307 aliud
577 4267 699 4307 esse
728 4262 991 4319 naturam,
1046 4268 1207 4323 quam
1264 4252 1456 4309 Deum.
1504 4254 1666 4321 Ergo,
1702 4254 1893 4322 inquit.

300 4323 465 4377 Deum
523 4338 631 4377 non
690 4324 1047 4391 laudabimus,
1096 4325 1182 4379 cui
1239 4324 1491 4379 naturalis
1547 4331 1629 4379 est
1694 4326 1892 4379 virtus?

299 4393 411 4448 Nec
451 4394 595 4447 enim
644 4377 787 4448 illam
832 4377 1047 4449 didicit,
1074 4377 1144 4449 ex
1179 4377 1472 4450 ullorlrmo
1521 4377 1890 4460 laudabimus;
1928 4377 1973 4454 Β

302 4466 547 4536 quamvis
606 4465 749 4519 enim
806 4467 1062 4521 naturalis
1116 4466 1190 4520 illi
1239 4466 1325 4534 sit,
1394 4465 1497 4536 sibi
1547 4467 1693 4520 illam
1724 4467 1891 4532 dedit,

302 4535 559 4605 quoniam
604 4538 751 4592 Deus
801 4537 918 4606 ipse
983 4545 1172 4592 natura
1216 4548 1315 4593 est.
1380 4558 1402 4588 »
1458 4535 1725 4603 Quoniam
1785 4553 1891 4592 non

304 4607 541 4677 insolens
608 4617 687 4661 est
730 4608 1054 4663 Tertulliano
1104 4609 1363 4663 Senecam
1413 4608 1597 4677 citare,
1651 4616 1895 4677 putarem

301 4676 461 4731 facile
492 4677 547 4731 id
580 4694 643 4733 ex
676 4678 881 4733 Seneca
909 4679 1176 4749 accepisse
1211 4696 1224 4745 ;
1265 4678 1408 4749 quod
1438 4681 1491 4731 et
1520 4678 1586 4732 de
1617 4676 1897 4734 Lactantio

301 4764 623 4821 censerem;
678 4750 932 4806 nimirum
977 4751 1031 4821 id
1091 4751 1471 4821 depromptum
1539 4764 1605 4802 ex
1669 4766 1787 4819 cap.
1838 4753 1893 4821 7,

302 4819 398 4873 lib.
431 4836 482 4875 ιν
515 4821 579 4875 de
627 4824 819 4892 Benef.
856 4842 874 4876 :
911 4842 931 4871 α
990 4820 1131 4887 Quid
1165 4819 1335 4875 ’enim'
1370 4820 1516 4874 aliud
1548 4829 1628 4875 est
1687 4819 1894 4888 natura,

303 4906 465 4962 quam
498 4893 645 4946 Deus
672 4902 727 4946 et
755 4891 942 4946 divina
974 4892 1111 4945 ratio
1141 4892 1169 4944 ?
1212 4913 1233 4939 ιι
1272 4894 1346 4946 LE
1376 4893 1468 4944 Pu.

377 4964 487 5028 (85)
544 4964 603 5018 Si
639 4965 789 5028 apud
826 4964 998 5017 Deum
1055 4962 1253 5018 discas.
1316 4964 1393 5017 Ex
1434 4963 1599 5016 sacris
1653 4963 1899 5020 videlicet

303 5032 517 5101 paginis
546 5032 689 5099 apud
717 5033 955 5095 Judaeos,
989 5040 1081 5086 aut
1119 5032 1471 5088 Christianos.
1517 5035 1590 5086 LE
1621 5033 1718 5089 Pa.

301 5120 337 5151 υς
374 5103 486 5176 (8β)
528 5103 944 5176 Paradigmate
963 5103 1251 5160 Platonico
1278 5105 1529 5176 plenius.
1563 5104 1675 5159 Hoc
1705 5106 1898 5160 iterum

303 5187 370 5226 ex
419 5172 691 5245 Phaedone
738 5172 996 5245 Platonis,
1046 5176 1184 5242 apud
1254 5172 1414 5245 quem
1484 5175 1751 5243 Socrates,
1805 5193 1900 5244 per

306 5244 550 5311 exempla
606 5243 1004 5297 contrariorum
1053 5246 1157 5299 sibi
1197 5243 1421 5300 invicem
1474 5243 1894 5307 succedentium,

305 5314 481 5385 vitam
496 5313 661 5385 morti
704 5329 1074 5385 successuram
1123 5317 1337 5385 probat.
1390 5317 1511 5370 th.
1565 5346 1636 5356 —
1682 5319 1902 5372 Fatetur

306 5384 574 5459 Pamelius
604 5384 811 5459 nescire
858 5400 919 5439 se
947 5385 1013 5439 ad
1041 5384 1185 5456 quOd
1218 5387 1533 5459 paradigma
1572 5387 1898 5459 Platonicum

307 5456 511 5512 alludat
556 5456 961 5522 Tertullianus;
1030 5471 1208 5526 neque
1266 5456 1439 5525 magis
1500 5456 1761 5524 eruditus,
1807 5458 1898 5512 sed

308 5543 477 5599 sagax
532 5528 725 5584 Junius
777 5528 1034 5584 aliorsum
1084 5543 1197 5583 rem
1265 5527 1559 5593 diverteris,
1627 5528 1754 5584 dicit
1806 5545 1900 5597 per

310 5601 672 5671 anastrophen
703 5600 902 5657 dictum
931 5600 1320 5675 paradigmate
1340 5601 1629 5659 Platonico
1655 5600 1901 5673 plenius,

2004 4256 2055 4310 id
2081 4267 2179 4334 est,
2242 4260 2455 4328 plenius
2506 4278 2704 4334 quam,
2776 4260 2883 4315 ulla
2926 4259 3309 4334 mathematica
3364 4257 3599 4334 demon-

2004 4331 2275 4403 stratione,
2359 4340 2451 4385 aut
2523 4329 2886 4403 paradigmate
2958 4332 3143 4387 fecerit
3206 4331 3376 4403 Plato.
3442 4329 3603 4403 Miror

2006 4399 2351 4471 sinceriorem
2411 4416 2463 4458 et
2515 4399 2732 4459 obvium
2796 4418 3007 4458 sensum
3068 4418 3175 4455 non
3231 4401 3475 4471 attigisse
3530 4399 3599 4471 de

2005 4470 2141 4525 ideis
2170 4473 2475 4528 Platonicis.
2509 4474 2797 4529 Allucinati
2840 4473 3057 4528 fuerunt
3104 4474 3283 4526 minus
3327 4470 3599 4526 Communi

2003 4557 2167 4607 voce;
2222 4552 2392 4599 tamen
2427 4548 2585 4600 divus
2628 4547 2783 4601 etiam
2816 4544 3075 4608 Justinus,
3107 4544 3159 4597 in
3199 4544 3483 4600 Cohortat.
3527 4542 3601 4595 ad

2011 4614 2248 4686 ercos,
2307 4616 2517 4670 vocavit
2573 4617 2631 4669 τὸ
2688 4616 2890 4669 ἑκάστου
2935 4621 3034 4668 τῶν
3098 4615 3369 4686 γινομένων
3436 4615 3602 4682 παρά-

2005 4685 2198 4760 δειγμα,
2244 4688 2612 4760 singularum
2683 4704 2876 4760 rerum
2925 4702 3078 4760 quae_
3106 4685 3383 4760 urgentur
3428 4701 3604 4760 para-

2007 4755 2212 4823 digma.
2248 4755 2354 4812 Sic'
2385 4758 2542 4812 etiam
2598 4759 2782 4813 eadem
2838 4755 2989 4812 vocat
3044 4756 3101 4810 S.
3160 4755 3478 4827 Dionysius,
3539 4756 3605 4809 de

2010 4827 2188 4907 Diuin.
2249 4829 2406 4883 Nom.
2443 4843 2608 4907 “cap.
2696 4833 2764 4907 5,.
2789 4834 2914 4907 _r&3v
2961 4828 3178 4907 omni!“
3204 4826 3601 4907 mpsibslypara,

2006 4898 2226 4969 entiam
2270 4897 2692 4969 paradigmata.
2736 4897 2822 4954 'Ab
2877 4900 3067 4954 eodem
3116 4898 3378 4969 Dionysio
3409 4897 3604 4952 eitatur

2008 4968 2251 5046 Clemcps
2281 4968 2680 5046 philosophus,_
2705 4987 2867 5046 quem
2897 4979 3029 5040 puto
3058 4968 3229 5046 fuisse
3260 4968 3318 5024 S.
3345 4968 3602 5046 Clemen-

2009 5046 2113 5092 tem
2176 5040 2512 5108 Romanum,
2589 5041 2680 5112 qui
2725 5040 2910 5098 'etiam
2978 5040 3352 5112 παραδείγματα
3408 5040 3597 5112 dixit:

2007 5125 2173 5179 quare
2198 5126 2390 5166 sensus
2422 5110 2732 5167 Tertulliani
2788 5121 2887 5177 est,
2912 5110 3084 5167 Deum
3141 5110 3261 5167 sine
3318 5110 3602 5181 exempla-

2009 5181 2162 5254 ribus
2192 5181 2319 5235 nihil
2362 5184 2561 5249 moliri,
2621 5192 2674 5239 et
2728 5185 2831 5239 hoc
2859 5183 3072 5254 quidem
3111 5197 3219 5237 non
3260 5197 3434 5254 sensu,
3483 5181 3603 5235 Pla-

2010 5250 2214 5325 ionico,
2264 5254 2353 5307 sed
2407 5254 2613 5323 plenius
2671 5264 2725 5308 et
2792 5250 3074 5323 perfectius
3127 5269 3291 5325 quam
3349 5252 3605 5325 opinatus

2010 5321 2112 5377 fuit
2162 5322 2334 5391 Plato,
2363 5321 2533 5381 Deum
2592 5321 3003 5381 omnia—moliri
3049 5326 3116 5379 de
3146 5321 3287 5380 'suis
3343 5321 3480 5379 ideis
3547 5331 3605 5377 et

2007 5393 2421 5469 exemplaribus.
2479 5395 2634 5463 Quod
2664 5397 2718 5451 in
2755 5396 3032 5469 Phwdone
3088 5410 3298 5469 quoque
3335 5410 3607 5469 somnum

2008 5472 2061 5518 et
2125 5464 2358 5538 vigiliam
2428 5468 2547 5522 vitae
2620 5476 2673 5524 et
2743 5468 2902 5522 morti
2986 5464 3373 5538 comparaverit
3426 5467 3602 5524 Plato.

2010 5551 2197 5607 parum
2224 5537 2389 5593 refert
2416 5540 2482 5592 ad
2514 5554 2625 5594 rem
2655 5545 3000 5610 praesentem.
3046 5537 3177 5595 Lac.
