3972 6190
445 258 549 320 7Ῑ5

1145 256 1583 322 TERTULLIANI
1620 260 1884 321 UPERUM
1925 260 2092 320 PARS
2122 256 2193 317 ll.
2229 289 2301 301 —-
2339 256 2567 318 SEBIES
2608 255 2650 323 Ι,
2693 250 3041 315 POLEMICA.
3631 254 3722 315 7Ἱῦ

442 383 752 442 Macedonia
773 382 1205 456 (19),Pasiphaae
1228 387 1278 424 64
1298 385 1353 439 in
1384 386 1648 441 Laconica
1668 385 1803 456 (20).
1832 385 2035 440 Caetera
2065 397 2111 474 Α
2142 383 2365 453 gratiam
2400 382 2633 453 Spiritus
2671 383 2845 437 sancti
2891 382 2946 437 in
2977 397 3194 437 omnem
3239 396 3481 445 carnem,
3516 394 3570 436 et
3606 381 3727 436 sicut

441 489 566 528 cum
601 470 715 525 suis
759 480 812 525 et
854 470 1178 543 originibus,
1211 476 1265 528 et
1312 474 1526 543 ritibus,
1567 481 1621 529 et
1667 474 2036 537 relationibus,

444 577 566 616 cum
607 559 754 616 omni
784 558 1037 631 deinceps
1065 561 1287 617 historia
1322 564 1678 630 somniorum,
1707 564 2036 633 Hermippus

440 650 734 704 Beritensis
769 648 819 685 6⁵
866 649 1122 719 quinione
1166 652 1496 706 voluminum
1553 653 1899 707 satiatissime
1945 668 2038 704 ex-

439 740 662 794 hibebit.
702 735 857 792 731
898 738 1003 792 Sed
1035 746 1089 792 et
1117 739 1286 794 Stoici
1317 743 1487 795 Deum
1516 739 1725 794 malunt
1757 741 1873 809 (21)
1906 754 2038 809 pro-

438 826 864 886 videntissimum
921 827 1168 882 humana:
1227 829 1582 895 institutioni,
1653 830 1793 883 inter
1846 837 2039 883 caetera

439 914 689 987 praesidia
730 913 1107 969 divinatricum
1137 918 1333 970 artium
1363 924 1416 971 et
1443 916 1873 987 disciplinarum,
1895 932 2036 971 som-

438 1005 528 1058 nia
555 1016 772 1073 quoque
812 1002 971 1055 nobis
998 1002 1281 1073 indidisse,
1308 1005 1582 1073 peculiare
1604 1006 1855 1060 solatium
1882 1014 2035 1059 natu-

438 1093 568 1147 ralis
617 1091 842 1146 oraculi.
891 1092 1018 1145 Haac
1046 1103 1306 1163 quantum
1353 1095 1421 1148 ad
1451 1094 1610 1149 ﬁdem
1642 1095 1975 1151 somniorum
2003 1110 2033 1147 a

437 1181 593 1237 nobis
622 1195 837 1250 quoque
865 1179 1315 1252 consignandam,
1348 1185 1404 1236 et
1452 1182 1627 1238 taliter
1657 1184 1708 1221 65
1759 1184 2032 1253 interpre-

438 1269 670 1323 tandam.
701 1268 835 1322 Nam
866 1268 950 1333 Lde
982 1269 1214 1323 oraculis
1256 1268 1413 1324 etiam
1461 1270 1673 1325 caeteris
1716 1271 1844 1340 (22),
1890 1270 2031 1340 apud

437 1372 558 1429 qum
605 1371 766 1411 nemo
820 1356 1090 1422 dormitat,
1132 1357 1263 1427 quid
1317 1358 1463 1414 aliud
1537 1360 2029 1429 pronuntiabimus,

432 1462 593 1517 quam
624 1445 1012 1500 d2emoniac:nn
1049 1463 1169 1501 esse
1206 1448 1473 1504 rationem
1506 1464 1692 1503 eorum
1719 1449 2028 1518 spirituum,

435 1534 529 1605 qui
552 1536 662 1603 jam
711 1544 837 1589 tunc
885 1534 941 1588 in
990 1534 1126 1605 ipsis
1161 1536 1474 1592 hominibus
1518 1538 1901 1607 habitaverint,
1949 1537 2030 1593 vel

434 1624 481 1661 67
522 1623 814 1680 memorias
841 1638 1028 1678 eorum
1059 1624 1430 1681 affectaverint
1458 1625 1527 1678 ad
1568 1641 1784 1680 omnem
1815 1626 2030 1681 malitiae

434 1727 544 1766 suae
573 1727 813 1781 scenam,
848 1712 902 1764 in
948 1710 1056 1766 ista
1091 1727 1246 1782 aeque
1293 1712 1472 1782 specie
1512 1712 1844 1767 divinitatem
1883 1730 2032 1769 men-

2144 481 2582 553 prOphetaturos,
2616 481 2688 533 ita
2717 488 2767 534 et
2799 479 3163 535 somniaturos
3184 494 3370 535 servos
3401 494 3531 533 suos
3566 488 3616 534 et
3641 494 3726 532 an-

2145 570 2293 624 cillas
2332 585 2478 633 suas,
2508 584 2573 623 ea
2620 567 3041 638 deputabuntur,
3084 584 3205 640 quae
3242 567 3347 638 ipsi
3378 568 3567 641 gratiae
3594 583 3725 623 com-

2147 658 2497 727 parabuntur,
2561 656 2606 710 si
2662 673 2767 727 qua
2837 658 3084 723 honesta,
3137 666 3341 721 sancta,
3403 657 3724 729 pmphetica,

2146 746 2484 813 revelatoria,
2516 743 2885 815 aedificatoria,
2916 745 3208 813 vocatoria,
3239 761 3469 814 quorum
3500 745 3726 799 liberali-

2147 841 2225 888 tas
2255 834 2430 889 soleat
2450 844 2504 889 et
2540 833 2596 887 in
2616 833 2879 905 profanos
2912 832 3211 898 destillare,
3255 834 3457 889 imbres
3488 834 3651 887 etiam
3685 844 3729 889 et

2142 924 2283 977 soles
2324 939 2452 977 suos
2481 930 2823 993 peraequante
2851 923 2965 979 Deo
3018 922 3179 992 justis
3206 930 3256 977 et
3289 922 3541 991 iniustis;
3573 923 3728 994 siqui-

2139 1012 2261 1065 dem
2282 1020 2335 1067 et
2362 1011 2866 1068 Nabuchodonosor
2892 1010 3156 1066 divinitus
3186 1010 3456 1065 somniat:
3488 1019 3543 1066 et
3571 1014 3728 1079 major

2141 1116 2278 1171 pene
2308 1100 2387 1155 vis
2414 1100 2694 1155 hominum
2717 1117 2781 1155 ex
2812 1099 3120 1155 visionibus
3149 1101 3322 1155 Deum
3353 1100 3569 1155 discunt
3599 1100 3724 1171 (24).

2139 1189 2285 1244 Sicut
2313 1203 2445 1259 ergo
2473 1188 2713 1258 dignatio
2741 1187 2839 1243 Dei
2870 1196 2922 1243 et
2954 1187 3006 1240 in
3037 1187 3300 1257 ethnicos,
3334 1187 3410 1242 ita
3435 1195 3489 1242 et
3519 1190 3728 1243 tentatio

2138 1278 2261 1331 Mali
2290 1287 2343 1332 et
2372 1277 2424 1330 in
2457 1287 2689 1341 sanctOS,
2726 1292 2754 1329 a
2793 1276 2988 1346 quibus
3017 1292 3113 1330 nec
3148 1276 3383 1330 interdiu
3434 1274 3602 1331 732
3648 1277 3731 1330 ab-

2137 1364 2295 1431 sistit,
2349 1374 2403 1419 ut
2437 1364 2523 1418 vel
2579 1363 2973 1419 dormientibus
3012 1364 3239 1435 obrepat
3296 1380 3401 1435 qua
3434 1372 3635 1434 potest,
3683 1365 3723 1419 si

2136 1454 2486 1526 vigilantibus
2515 1467 2624 1507 non
2651 1460 2848 1522 potest.
2881 1452 3061 1507 Tertia
3095 1454 3303 1523 species
3324 1462 3481 1508 erunt
3511 1454 3727 1523 somnia,

2135 1560 2257 1614 quae
2285 1542 2502 1597 sibimet
2530 1542 2645 1612 ipsa
2681 1540 2861 1595 anima
2898 1540 3116 1597 videtur
3154 1541 3412 1598 inducere
3450 1558 3518 1598 ex
3556 1542 3729 1597 inten-

2140 1632 2282 1687 tione
2309 1627 2856 1686 circumstantiarum.
2890 1628 3078 1698 Porro,
3125 1629 3391 1701 quoniam
3419 1629 3470 1668 68
3510 1645 3618 1685 non
3655 1634 3731 1686 est

2138 1736 2203 1775 ex
2235 1718 2456 1774 arbitrio
2486 1716 2755 1773 somniare
2781 1717 2929 1787 (nam
2949 1726 3003 1771 et
3033 1718 3391 1788 Epicharmus
3420 1718 3496 1775 ita
3524 1719 3725 1797 sentit),

435 1800 647 1863 tientes,
682 1800 976 1869 eademque
1014 1798 1274 1853 industria
1311 1801 1470 1855 etiam
1510 1817 1606 1871 per
1639 1802 1897 1858 beneﬁcia
1926 1803 2027 1859 fal-
2062 1789 2104 1865 Β
2136 1808 2407 1880 quomodo
2436 1809 2553 1878 ipsa
2582 1809 2684 1863 erit
2709 1806 2813 1861 sibi
2846 1822 3009 1861 causa
3031 1805 3265 1876 alicujus
3294 1806 3522 1864 visionis
3546 1808 3574 1862 ?
3594 1789 3730 1864 Nutu

435 1896 607 1951 lentes
650 1894 1054 1959 medicinarum,
1105 1901 1158 1951 et
1195 1896 1646 1970 admonitionum,
1678 1908 1733 1954 et
1777 1916 2025 1971 prtenun-

435 1984 738 2053 tiationum,
773 2000 892 2054 qua:
923 1983 1097 2056 magis
1128 1984 1328 2040 laedant
1353 1987 1613 2055 juvando,
1646 1987 1776 2043 dum
1826 2006 1915 2060 per
1961 2007 2024 2045 ea

431 2088 551 2144 quae
587 2074 799 2143 juvant,
837 2078 904 2126 ab
934 2072 1274 2144 inquisitione
1317 2089 1461 2130 verae
1520 2076 1811 2132 divinitatis
1851 2078 2025 2134 abdu-

432 2168 578 2229 cunt,
610 2177 675 2216 ex
705 2160 1066 2217 insinuatione
1096 2161 1262 2217 falsae.
1293 2163 1360 2218 Et
1387 2164 1571 2237 utique
1600 2181 1707 2222 non
1727 2166 1912 2223 clausa
1939 2169 2024 2223 via

432 2262 534 2319 est,
558 2268 659 2307 nec
684 2250 1040 2308 sacrariorum
1069 2252 1533 2311 circumscribitur
1569 2258 1851 2324 terminis;
1883 2274 2025 2331 vaga

432 2348 485 2396 et
519 2339 868 2411 pervolatica,
904 2348 957 2397 et
984 2339 1198 2395 interim
1246 2342 1411 2397 libera
1439 2354 1555 2400 est:
1591 2360 1699 2415 quo
1730 2361 1887 2401 nemo
1919 2348 2022 2401 du-

433 2430 702 2499 bitaverit,
736 2430 933 2485 domus
962 2444 1177 2501 quoque
1196 2430 1480 2487 daemoniis
1510 2441 1725 2504 patere;
1757 2450 1854 2489 nec
1901 2442 2023 2490 tan-

433 2525 544 2573 tutn
574 2518 628 2573 in
664 2519 863 2589 adytis,
894 2520 991 2576 sed
1020 2518 1075 2575 in
1122 2518 1386 2576 cubiculis
1414 2521 1661 2578 homines
1697 2523 2024 2596 imaginibus

432 2623 840 2665 Circumventre.

991 2697 1215 2754 CAPUT
1248 2697 1460 2755 XLVII.

502 2785 806 2843 Deﬁnimus
851 2786 993 2843 enim
1059 2803 1090 2841 a
1158 2787 1440 2843 daemoniis
1498 2788 1794 2859 plurimum
1856 2789 2021 2847 incuti

432 2878 664 2944 somnia,
693 2880 794 2934 etsi
831 2877 1098 2931 interdum
1140 2892 1261 2933 vera
1289 2885 1341 2931 et
1380 2877 1635 2948 gratiosa,
1669 2879 1785 2951 sed,
1809 2880 1878 2934 de
1916 2898 2023 2952 qua

431 2966 697 3025 industria
716 2965 968 3030 diximus,
992 2964 1302 3020 affectantia
1322 2974 1480 3039 atque
1495 2969 1763 3037 captantia
1784 2988 1798 3026 :
1821 2981 2024 3041 quanto

430 3056 603 3129 magis
631 3070 766 3111 vana
787 3054 926 3125 (23),
951 3060 1005 3108 et
1025 3052 1366 3110 frustratoria
1387 3062 1441 3110 et
1465 3056 2022 3128 turbida,ludibriosa,

432 3155 487 3200 et
529 3144 827 3199 immunda.
877 3143 992 3199 Nec
1028 3142 1243 3215 mirum,
1277 3145 1323 3199 si
1354 3159 1543 3202 eorum
1584 3157 1707 3202 sunt
1735 3146 2022 3220 imagines,

435 3248 667 3306 quorum
701 3240 756 3290 et
784 3247 889 3290 res.
926 3231 977 3289 A
1014 3232 1128 3291 Deo
1176 3239 1377 3301 autem,
1426 3233 1669 3306 pollicito
1713 3235 1920 3293 scilicet
1974 3246 2029 3294 et

2132 1912 2263 1969 ergo
2310 1897 2425 1951 haec
2470 1894 2676 1966 species
2714 1895 2945 1950 naturali
2994 1894 3183 1950 formte
3225 1894 3580 1967 relinquenda
3622 1908 3729 1980 est,

2132 2001 2356 2043 servans
2387 1985 2579 2040 anima:
2598 1985 2759 2040 etiam
2787 1984 2842 2039 in
2865 1984 3060 2042 ecstasi
3101 2000 3185 2040 res
3217 2000 3341 2041 suas
3370 1986 3618 2057 perpeti?
3654 1985 3727 2041 Ea

2132 2083 2311 2131 autem
2339 2090 2460 2147 qua:
2489 2088 2662 2144 neque
2687 2090 2719 2129 a
2757 2074 2893 2143 Deo,
2935 2088 3112 2144 neque
3151 2089 3182 2128 a
3227 2072 3520 2140 daemonio,
3553 2090 3726 2144 neque

2131 2165 2197 2221 ab
2227 2165 2402 2220 anima
2430 2164 2753 2220 videbuntur
2797 2161 3044 2218 accidere
3075 2162 3145 2232 69,
3180 2170 3233 2218 et
3282 2169 3481 2234 praeter
3525 2163 3734 2232 opinio-

2132 2269 2277 2325 nem,
2308 2260 2361 2308 et
2393 2261 2586 2325 praeter
2613 2251 3102 2324 interpretationem
3133 2261 3189 2307 et
3210 2258 3400 2321 praeter
3431 2251 3732 2306 enarratio-

2132 2357 2253 2397 nem
2301 2342 2441 2407 Deo,
2474 2340 2760 2412 facultatis,
2800 2339 2906 2412 ipsi
2955 2341 3173 2411 proprie
3220 2338 3417 2395 ecstasi
3453 2346 3509 2395 et
3536 2339 3734 2395 rationi

2131 2432 2249 2501 ejus
2279 2431 2697 2501 separabantur.

2681 2519 2910 2578 CAPUT
2936 2520 3182 2577 XLVIII.

2202 2611 2441 2669 Certiora
2478 2619 2533 2667 et
2560 2610 2817 2667 colatiora
2867 2611 3126 2666 somniari
3155 2608 3421 2665 afﬁrmant
3454 2610 3556 2665 sub
3588 2610 3738 2665 exti-

2132 2701 2234 2756 mis
2254 2701 2521 2765 noctibus,
2536 2700 2694 2772 quasi
2713 2700 2824 2770 jam
2850 2708 3165 2771 emergente
3185 2698 3499 2754 animarum
3518 2700 3739 2771 vigore,

2132 2790 2393 2862 producto
2421 2804 2635 2862 30pore.
2678 2791 2760 2845 Ex
2805 2787 3143 2860 temporibus
3180 2796 3357 2842 autem
3388 2786 3537 2854 anni,
3565 2800 3741 2841 verno

2132 2879 2306 2952 magis
2350 2876 2533 2949 quieta
2577 2878 2730 2947 (25);
2773 2876 2918 2949 quod
2969 2886 3128 2931 aestas
3184 2873 3443 2932 dissolvat
3499 2874 3739 2946 animas,

2131 2978 2185 3023 et
2230 2967 2401 3022 hiems
2446 2965 2845 3037 quodammodo
2892 2965 3138 3030 obduret,
3196 2972 3505 3033 autumnus,
3550 2972 3741 3019 tenta-

2130 3065 2215 3113 tor
2243 3056 2374 3111 alias
2402 3054 2793 3125 valetudinum,
2824 3054 3000 3109 succis
3028 3068 3314 3124 pomorum
3376 3053 3745 3110 vinosissimis

2134 3146 2327 3202 diluat.
2362 3146 2497 3201 ltem
2526 3160 2590 3200 ex
2626 3143 2797 3216 ipsius
2834 3142 3028 3217 quietis
3056 3142 3194 3211 situ;
3226 3142 3271 3198 si
3296 3157 3471 3213 neque
3510 3142 3746 3213 resupi-

2136 3252 2223 3307 na,
2250 3250 2424 3308 neque
2447 3235 2670 3292 dextero
2698 3234 2868 3290 latere
2907 3233 3195 3290 decumbat
3225 3233 3359 3305 (26),
3391 3245 3567 3304 neque
3596 3246 3748 3289 con-

1806 3355 1998 3419 Variae
2040 3362 2353 3425 lectiones.

503 3485 553 3524 ⁸4
578 3484 852 3558 Pasiphem
878 3486 1010 3542 Par.
1040 3482 1090 3521 6⁵
1120 3481 1444 3558 ABerytensis
1470 3486 1603 3542 Jun.
1654 3485 1778 3542 Ven.
1817 3487 1908 3545 lib.
1967 3490 2236 3558 Agobard.
2269 3483 2541 3558 Beriensis
2569 3482 2689 3543 cod.
2743 3483 2944 3558 Wo_uw.
3002 3481 3297 3558 Bergensis
3351 3479 3474 3558 cod.
3518 3480 3743 3558 {fr-sini.

434 3556 485 3595 θδ
515 3555 889 3614 ΑΙίιει-Ἐναη.
920 3558 1080 3613 Pam.
1113 3555 1161 3595 57
1200 3557 1283 3610 Ad
1310 3556 1439 3612 add.
1464 3559 1638 3616 Fran.
1669 3559 1830 3615 Pam.
1881 3560 1932 3599 68

432 3627 481 3665 69
511 3629 788 3684 Occidere.
822 3630 936 3685 Par
964 3628 1092 3683 alii.

2026 3552 2115 3618 um
2174 3562 2350 3619 Rhen.
2374 3556 2543 3615 Seml.
2594 3570 2755 3627 quam
2811 3556 2971 3611 Pam.
3007 3552 3133 3625 qua'
3156 3556 3267 3610 vet.
3325 3552 3443 3612 cod.
3522 3553 3743 3609 Wouw.

1851 3738 2353 3806 Commentarius.

428 3867 762 3939 Pomponius
788 3868 929 3922 Mela
958 3868 1026 3922 de
1054 3874 1175 3922 vate
1201 3865 1435 3938 quodam
1462 3868 1651 3938 Mopso
1688 3872 2014 3928 mentionem

428 3938 577 4005 facit,
608 3940 698 4010 qui
736 3939 977 3993 Phaselin
1020 3940 1212 3993 urbem
1239 3938 1479 3993 condidit
1506 3940 1561 3993 in
1607 3940 1807 3997 ﬁnibus
1852 3944 2013 3999 Pam-

429 4012 644 4063 nhvliae.
674 4010 752 4063 LE
782 4010 875 4063 Pa.

466 4012 644 4065 hvliae.
674 4012 752 4064 LE
782 4012 875 4064 Pa.

428 4027 644 4084 pnyuae.
674 4027 752 4064 ne
782 4027 875 4064 ra.

496 4082 612 4154 (19)
650 4082 973 4154 Hermonin
994 4081 1057 4138 in
1081 4078 1416 4154 Macedonia.
1440 4081 1519 4154 De
1539 4082 1759 4138 oraculo
1780 4084 2023 4141 Hermio-

425 4169 512 4228 nae
551 4152 630 4208 sic
659 4153 819 4228 habet
851 4152 1042 4228 suidas
1066 4173 1096 4228 τῇ
1118 4171 1143 4203 ι(
1178 4152 1465 4228 Hermione
1498 4153 1852 4228 PeIOponnesi
1873 4159 2023 4228 Oppi-

433 4226 692 4300 dumest,
728 4224 937 4279 Cereris
976 4232 1032 4300 et
1068 4226 1426 4300 Proserpinaa‘
1451 4224 1683 4300 asylum:
1720 4227 1799 4281 Ibi
1844 4224 2023 4300 itaque

424 4297 711 4352 verisimile
738 4302 821 4349 est
856 4297 1073 4351 oracula
1097 4294 1430 4365 pronuntiari
1459 4295 1630 4351 solita.
1658 4297 1797 4354 Pw.

495 4368 611 4439 (20)
640 4366 935 4438 Pasiphaae
959 4371 1019 4423 in
1041 4368 1331 4422 Laconica.
1357 4368 1447 4421 Sic
1466 4367 1749 4438 legendum
1776 4371 2017 4438 omnino,

462 4454 524 4493 ro
555 4438 868 4510 Pasiphaae,
902 4447 1046 4493 recte
1085 4438 1371 4510 adnotavit
1400 4439 1713 4510 LeOpardus
1760 4441 2018 4508 Emend.,

451 4553 462 4564 .
488 4526 612 4578 vui,
647 4508 696 4565 c.
728 4511 779 4563 4.
811 4512 944 4563 Nam
966 4508 1523 4572 consentiuntCicero,
1555 4509 1593 4564 l.
1625 4526 1643 4564 ι
1684 4511 1751 4565 de
1781 4514 2019 4567 Divina-

425 4583 597 4646 tione,
629 4592 679 4636 et
722 4581 1057 4647 Plutarchus,
1094 4581 1151 4633 in
1212 4580 1332 4636 Vita
1360 4581 1545 4651 Agidis
1582 4586 1639 4636 et
1691 4582 2016 4642 Cleomenis.

428 4674 451 4703 α
484 4653 620 4723 Quia
647 4660 935 4723 praeerant,
974 4651 1149 4722 inquit
1176 4651 1388 4720 Cicero,
1420 4651 1842 4725 Lacedafmoniis
1873 4654 2020 4725 (hinc

421 4727 485 4780 in
514 4727 785 4781 Laconica
813 4727 964 4779 addit
992 4725 1219 4793 auctor),
1249 4738 1359 4778 non
1399 4723 1635 4795 contenti
1670 4723 2021 4795 vigilantibus

420 4797 565 4852 curis
591 4796 645 4850 in
679 4795 954 4867 Pasiphaae
984 4795 1130 4863 fano,
1154 4800 1294 4867 quod
1319 4799 1404 4848 est
1431 4792 1485 4847 in
1515 4810 1643 4867 agro
1674 4792 1895 4866 propter
1926 4814 2018 4851 ur-

420 4867 567 4933 bem,
611 4866 915 4921 somniandi
942 4881 1104 4938 causa
1132 4866 1484 4938 excubabant,
1510 4868 1636 4937 quia
1661 4884 1787 4923 vera
1823 4868 2019 4938 quietis

421 4939 642 4993 oracula
678 4938 965 4991 ducebant.
1005 4956 1026 4984 ν
1064 4935 1340 4991 Consentit
1374 4935 1543 4992 etiam
1571 4954 1693 4993 cum
1732 4935 2017 4995 Plutarcho

420 5008 715 5065 Pausanias
744 5011 800 5063 in
833 5007 941 5061 tina
971 5009 1248 5074 Laconia,
1285 5007 1557 5063 scribens:
1596 5031 1621 5058 α
1662 5011 1721 5064 In
1750 5012 2018 5066 Thalamis

421 5081 605 5153 (quam
655 5079 969 5153 Stephanus
1017 5079 1151 5153 dicit
1214 5078 1383 5153 fuisse
1455 5080 1733 5153 Messenia;
1798 5084 2013 5153 urbem)

420 5150 589 5225 fuisse
645 5150 793 5208 Iovis
849 5151 1125 5225 oraculum
1189 5159 1242 5207 et
1302 5150 1507 5216 fanum,
1554 5152 1610 5206 in
1665 5168 1773 5225 quo
1838 5150 2017 5210 futura

420 5224 722 5298 divinantes
751 5222 1141 5294 praeviderent,
1170 5230 1455 5298 erectaque
1481 5222 1832 5298 esse_ex'piere
1863 5230 2018 5298 signa

418 5294 597 5367 inea
655 5295 765 5350 fani
814 5301 1122 5367 partequae
1160 5296 1261 5350 sub
1298 5294 1387 5349 dio
1441 5303 1541 5365 est,
1590 5296 1870 5367 Pasiphaae
1915 5294 2017 5366 (sic

418 5312 471 5350 in
534 5312 597 5350 ea
655 5312 765 5350 iani
814 5312 1122 5421 partequae
1160 5312 1261 5350 suo
1298 5312 1387 5349 (1|0
1441 5312 1541 5365 est,
1590 5312 1870 5367 rasrpnaaa
1917 5312 2016 5366 (Sic

418 5366 565 5424 enim
619 5366 950 5446 recteetiam
978 5366 1013 5423 il
1042 5384 1129 5422 um
1162 5367 1336 5446 locum
1370 5367 1605 5446 restituit
1632 5383 1732 5438 pro
1761 5368 2016 5446 Paphiae)

419 5454 610 5507 unum,
680 5438 819 5496 Solis
881 5440 1132 5495 alterum.
1164 5460 1186 5488 ι
1257 5439 1369 5493 Nec
1422 5438 1640 5508 mirum,
1691 5438 2015 5495 cum'Solis

416 5511 586 5635 grai-it
638 5510 751 5567 filia
802 5511 1099 5583 Pasiphaae,
1158 5523 1296 5566 uxor
1348 5507 1542 5566 Minois
1613 5510 1787 5567 Cretae
1847 5511 2013 5586 regis.

2194 3872 2310 3945 (21)
2359 3867 2463 3927 Sed
2491 3869 2745 3945 etstoici
2771 3870 2948 3945 Deum
2992 3864 3384 3945 maluni,_etc.
3416 3864 3487 3919 Ut
3522 3862 3747 3945 Epicn-

2125 3935 2215 4000 rei‘
2234 3935 2396 4016 supra
2413 3938 3132 4016 rejiciebaunomniauquia
3157 3935 3397 3991 divinam
3429 3935 3748 4016 providen-

2126 4017 2255 4072 tiam
2276 4007 2540 4069 tollebant
2564 4011 2632 4065 de
2663 4008 2853 4076 melio;
2874 4010 2952 4063 sic
2973 4007 3135 4064 St'oici
3157 4023 3187 4063 e
3215 4007 3482 4062 contrario
3498 4007 3750 4061 somniis

2132 4088 2441 4148 credebant,
2480 4082 2606 4155 quia
2634 4081 2808 4155 ipsam
2838 4080 3078 4155 divinam
3117 4078 3514 4149 providentiam
3545 4077 3749 4155 extol-

2131 4158 2328 4214 lebant.
2386 4149 2537 4211 Hanc
2593 4149 2913 4223 religionem
2969 4151 3270 4205 Stoicorum
3324 4163 3457 4219 erga
3511 4149 3751 4223 somnia

2131 4229 2451 4285 conﬁrmant
2478 4220 2797 4288 Tulliusfde
2825 4223 3012 4279 Divin.
3032 4223 3194 4278 Deor.
3228 4236 3267 4289 ι,
3298 4230 3352 4276 et
3381 4220 3747 4283 Plutarchus,

2130 4300 2225 4374 11b,
2254 4316 2311 4368 γ,
2344 4299 2409 4374 (ἐξ
2446 4299 2599 4374 Ριας.
2621 4310 2741 4366 cap.
2776 4298 2835 4374 1..
2852 4294 3005 4374 Lac.
3250 4366 3260 4374 ι
3342 4364 3351 4374 ι
3465 4370 3474 4374 _
3596 4362 3659 4374 η,

2197 4362 2311 4442 (22)
2352 4371 2494 4425 Nam
2531 4367 2599 4423 de
2643 4362 2885 4442 ofacuiis
2929 4365 3101 4442 etiam
3155 4364 3396 4427 caeteris,
3428 4370 3531 4442 e_tc.
3595 4362 3751 4442 [line

2128 4433 2521 4512 patet'tantum
2557 4453 2619 4512 ea
2642 4437 2871 4512 oracula
2901 4436 3392 4512 voluissenarrare
3437 4433 3753 4512 Tertullia-

2128 4507 2255 4569 num
2289 4514 2340 4567 in
2388 4510 2773 4580 superioribus,
2823 4523 2945 4580 qua:
2987 4507 3383 4580 dormientibus
3438 4507 3750 4580 responde-

2128 4586 2257 4640 bant
2309 4598 2406 4654 per
2435 4575 2671 4654 s'omnia_.
2697 4575 2933 4654 Plurima
2973 4593 3104 4654 vero
3150 4577 3370 4631 oracula
3388 4575 3547 4654 _alius
3587 4577 3747 4654 vati-

2125 4657 2253 4713 cinii
2299 4647 2581 4708 numerant
2630 4649 2917 4715 Eusebius,
2963 4648 3210 4703 Clemens
3264 4657 3318 4702 et
3384 4647 3748 4703 Lactantius.

2124 4728 2255 4783 Lac.

2186 4797 2305 4868 (23)
2330 4795 2554 4868 Quanto
2575 4794 2762 4868 magis,
2776 4808 2940 4848 vana.
2967 4790 3025 4845 Id
3047 4801 3150 4868 est,
3170 4787 3481 4868 mendacia;
3507 4790 3749 4868 tametsi

2128 4862 2203 4924 ad“
2218 4862 2512 4923 vanitatem
2534 4862 2979 4935 superstitionum
3011 4863 3202 4935 referri
3231 4868 3469 4935 possent,
3501 4863 3603 4931 qui
3647 4862 3750 4915 di-

2125 4941 2387 5013 ligentius
2412 4953 2476 4992 ex
2507 4932 2729 5013 somniis
2757 4942 3045 5013 procurant
3076 4932 3288 5013 futuna.
3322 4933 3450 4987 Lac.

2198 5012 2313 5084 (24)
2342 5009 2413 5084 Et
2446 5002 2801 5084 majorlpen—e
2838 5008 2920 5063 vis
2951 5006 3249 5084 hominum
3297 5019 3380 5084 ea:
3410 5002 3756 5084 uisionibus

2125 5076 2302 5140 Deam
2329 5076 2582 5136 discunt.
2615 5076 2715 5135 Per
2744 5079 2855 5135 visa
2884 5078 3225 5132 etinsomnia
3255 5076 3321 5129 ad
3352 5076 3514 5130 ﬁdem
3549 5076 3755 5129 Chris-

2126 5157 2325 5212 tianam
2354 5160 2633 5209 vocantur.
2665 5150 2791 5207 RiG.

2197 5224 2313 5297 (25)
2352 5225 2521 5297 Verno
2558 5222 2735 5294 magis
2768 5220 2981 5297 quieta,
3010 5217 3192 5297 verno
3214 5225 3456 5297 tempore
3484 5216 3755 5297 quietio-

2124 5290 2239 5356 rem
2281 5290 2396 5351 fieri
2425 5290 2681 5360 animam,
2713 5290 2791 5348 et'
2812 5291 3173 5362 pacatioribus
3212 5290 3414 5347 somnis
3455 5290 3752 5355 exerceri,

2127 5371 2341 5426 tradunt
2370 5366 2479 5422 fere
2507 5381 2714 5422 omnes.
2742 5364 2820 5418 LE
2851 5364 2945 5421 Ps.

2194 5439 2309 5519 (2(5)
2340 5439 2610 5519 $i_neq_z_ie
2646 5437 2933 5508 resupina,
2968 5448 3144 5519 neque
3169 5432 3381 5519 dextro
3416 5432 3744 5519 laterede-A»

2125 5509 2372 5570 cumbat.
2408 5509 2637 5567 Facilius
2683 5523 2935 5564 somnum
2989 5509 3279 5563 adventare
3325 5510 3515 5560 dextro
3558 5510 3743 5575 latere

2123 5582 2573 5644 decumbentibus
2600 5582 2954 5640 observarunt
2989 5578 3313 5652 philosophi,
3344 5579 3490 5634 unde
3517 5577 3749 5633 Aristo-
