4030 6184
244 323 344 380 777

1595 327 1789 388 LIBER
1831 326 1916 387 DE
1953 326 2182 388 ANIMA.

3433 327 3537 388 778

245 451 570 523 resupinatis
616 451 861 518 internis,
908 452 1061 522 quasi
1111 453 1305 509 refusis
1353 453 1545 509 loculis
1594 456 1642 494 70
1685 457 1839 512 statio
1868 471 1914 550 Α
1949 455 2260 512 somniantis
2309 454 2460 511 facile
2499 472 2596 526 per
2643 456 2820 510 carnis
2865 456 3201 511 teneritatem
3251 474 3538 529 erumpere

242 558 498 599 sensuum
539 542 655 612 (27)
683 541 870 610 ﬂuitet,
903 548 992 595 aut
1019 557 1332 613 compressa
1357 543 1557 612 jeeoris
1587 544 1702 617 (28)
1733 562 1837 601 an-

242 631 369 704 gina
397 631 442 668 ’λι
469 629 541 684 sit
563 630 774 685 mentis.
801 629 907 683 Sed
928 629 1045 684 haec
1064 629 1343 700 ingeniose
1365 631 1613 686 mstimari
1635 634 1835 705 potius,

243 735 404 792 quam
425 725 736 774 constanter
760 717 976 788 probari
1008 725 1213 788 putem,
1235 720 1334 774 etsi
1364 719 1516 775 Plato
1548 730 1630 776 est
1657 724 1748 793 qui
1777 739 1838 778 ea

241 806 564 875 aestimavit;
591 817 643 861 et
670 805 976 861 fortassean
1002 822 1132 862 casu
1159 808 1470 879 procedant.
1500 809 1753 880 Alioquin
1772 828 1837 867 ex

239 895 464 952 arbitrio
491 901 652 950 erunt
690 894 920 960 somnia,
950 894 996 948 si
1023 894 1187 969 dirigi
1224 903 1492 966 poterunt.
1531 899 1664 952 Nam
1693 899 1838 971 quod

241 994 298 1042 et
325 985 391 1040 de
410 982 544 1040 cibis
565 983 972 1056 distinguendis
993 983 1078 1040 vel
1104 984 1429 1056 derogandis
1449 986 1517 1054 ⁷2,
1543 1002 1682 1042 nunc
1703 1004 1839 1058 prse-

238 1073 501 1144 sumptio,
531 1088 680 1129 nunc
719 1072 1033 1143 superstitio
1071 1073 1409 1146 disciplinam
1438 1075 1662 1130 somniis
1689 1093 1838 1147 prae-

238 1163 448 1227 scribit,
487 1161 904 1219 examinandum
936 1172 1018 1217 est
1048 1160 1428 1232 :'superstitio,
1462 1174 1517 1219 ut
1547 1181 1664 1220 cum
1695 1169 1838 1236 apud

238 1252 459 1309 oracula
489 1250 826 1308 incubaturis
851 1249 1122 1319 jejunium
1152 1250 1404 1306 indicitur
1434 1253 1570 1325 (29),
1603 1263 1661 1308 ut
1680 1256 1839 1310 casti-

236 1341 477 1397 moniam
507 1339 724 1395 inducat
748 1358 761 1394 :
786 1339 1163 1410 praesumptio,
1187 1349 1245 1394 ut
1260 1357 1381 1396 cum
1405 1342 1749 1414 Pythagorici
1770 1346 1839 1399 ob

239 1430 383 1486 hanc
411 1444 630 1503 quoque
661 1427 900 1498 speciem
935 1426 1112 1483 fabam
1153 1437 1433 1500 respuunt,
1465 1445 1760 1488 onerosum
1788 1437 1842 1489 et

237 1518 454 1574 inﬂatui
484 1516 764 1589 pabulum.
794 1515 1002 1585 Atquin
1031 1515 1171 1571 trina
1199 1516 1291 1573 illa
1318 1533 1439 1573 cum
1470 1519 1691 1575 Daniele
1722 1520 1839 1576 fra-

240 1607 487 1669 ternitas,
532 1604 809 1679 legumine
848 1604 965 1661 solo
1011 1605 1267 1673 contenti,
1301 1623 1370 1664 ne
1411 1607 1599 1680 regiis,
1625 1609 1842 1667 ferculis

237 1695 759 1760 contaminarentur,
793 1701 989 1765 praeter
1027 1692 1342 1764 sapientiam
1371 1695 1655 1766 reliquam,
1690 1712 1842 1754 som-

240 1787 463 1840 niorum
492 1783 765 1856 pracipue
799 1781 1026 1856 gratiam
1055 1799 1086 1838 a
1115 1783 1228 1840 Deo
1257 1783 1618 1850 redemerunt,
1653 1792 1708 1840 et
1735 1785 1842 1840 im-

1947 543 2001 598 in
2044 544 2408 615 superﬁciem.
2451 544 2554 599 Sed
2599 552 2652 599 et
2699 543 2846 614 quod
2890 543 3085 612 Libyca
3113 561 3248 615 gens
3293 547 3540 604 Atlantes

1946 647 2092 688 caeco
2158 647 2350 688 somno
2433 633 2549 703 (32)
2605 640 2818 687 noctem
2883 631 3184 702 transigere
3262 634 3536 702 dicuntur,

1947 720 2138 774 animae
2185 719 2368 790 utique
2415 729 2604 775 natura
2635 727 2858 775 taxatur.
2909 721 3096 788 Porro,
3130 728 3222 776 aut
3270 722 3540 778 Herodoto

1948 806 2090 861 fama
2120 811 2341 863 mentita
2383 815 2486 872 est,
2521 824 2905 880 nonnunquam
2937 807 2991 861 in
3039 808 3299 863 barbaros
3340 811 3542 866 calum-

1950 895 2130 964 niosa,
2196 905 2289 952 aut
2331 913 2523 970 magna
2576 898 2658 953 vis
2700 897 2970 966 ejusmodi
3010 897 3318 952 dmmonum
3356 897 3410 952 in
3450 899 3542 955 illo

1951 983 2166 1040 climate
2211 985 2541 1040 dominatur.
2575 984 2633 1039 Si
2682 985 2828 1040 enim
2869 992 2924 1041 et
2962 984 3282 1040 Aristoteles
3325 987 3544 1042 heroem

1949 1074 2240 1144 quemdam
2306 1073 2567 1128 Sardiniae
2641 1081 2814 1143 notat,
2874 1075 3219 1130 incubatores
3275 1073 3384 1129 fani
3462 1092 3525 1130 su

1947 1161 2247 1218 visionibus
2311 1162 2626 1231 privantcm,
2685 1163 2785 1216 erit
2850 1171 2903 1218 et
2959 1163 3060 1218 hoc
3116 1163 3170 1217 in
3236 1163 3546 1219 daemonum

1949 1249 2270 1306 libidinibus
2287 1259 2392 1305 tam
2414 1251 2627 1306 auferre
2647 1252 2854 1306 somnia
2873 1269 3036 1324 quam
3058 1253 3278 1320 inferre,
3305 1261 3363 1308 ut
3381 1255 3547 1309 Nero-

1949 1341 2034 1395 nis
2058 1355 2273 1410 quoque
2318 1340 2422 1395 seri
2451 1340 2815 1406 somniatoris,
2849 1349 2903 1396 et
2932 1340 3300 1398 Thrasimedis
3331 1343 3544 1414 insigne

1951 1428 2077 1486 inde
2112 1428 2458 1500 processerit.
2509 1428 2615 1485 Sed
2644 1438 2699 1485 et
2727 1446 2759 1484 a
2807 1430 2920 1487 Deo
2949 1429 3265 1486 deducimus
3313 1433 3541 1491 somnia.

1952 1516 2092 1586 Quid
2119 1531 2251 1591 ergo
2279 1533 2380 1573 nec
2410 1535 2440 1571 a
2468 1521 2580 1575 Deo
2636 1517 2884 1573 Atlantes
2913 1519 3266 1585 somniarent,
3297 1519 3380 1575 vel
3420 1520 3547 1592 quia

1952 1605 2098 1661 nulla
2115 1605 2224 1674 jam
2245 1604 2494 1677 gensDei
2517 1612 2769 1662 extranea
2789 1614 2871 1661 est
2890 1606 3024 1677 (33),
3040 1607 3095 1660 in
3116 1621 3332 1663 omnem
3350 1616 3544 1664 terram

1953 1702 2008 1751 et
2042 1694 2096 1750 in
2175 1691 2340 1751 734
2374 1693 2630 1750 terminos
2667 1695 2814 1750 orbis
2841 1696 3130 1769 Evangelio
3182 1697 3540 1754 coruscante?

1950 1786 2092 1841 Num
2146 1798 2278 1856 ergo
2335 1792 2424 1839 aut
2489 1782 2629 1838 fama
2684 1783 2904 1840 mentita
2960 1792 3042 1840 est
3097 1784 3398 1855 Aristoteli,
3450 1794 3547 1845 aut

249 1871 662 1944 petrandorum,
684 1880 737 1928 et
757 1869 1216 1928 diaserendorum.
1237 1871 1466 1941 Jejuniis
1487 1872 1536 1911 73
1563 1871 1729 1930 783
1749 1891 1844 1930 au-
1876 1862 1919 1940 Β
1949 1875 2258 1930 daemonum
2287 1872 2459 1928 adhuc
2499 1871 2636 1928 ratio
2679 1880 2780 1938 est,
2817 1872 2942 1927 dum
2974 1889 3041 1928 ne
3069 1873 3259 1930 animae
3288 1873 3337 1912 ’⁷6
3363 1874 3544 1948 aliqua

247 1970 389 2028 tem,
431 1959 612 2017 nescio
640 1975 705 2014 an
731 1975 835 2032 ego
864 1961 1017 2017 solus
1047 1960 1337 2031 plurimum
1367 1961 1439 2017 ita
1468 1962 1754 2031 somniem,
1787 1974 1844 2020 ut

240 2066 336 2106 me
364 2049 663 2106 somniasse
691 2064 799 2105 non
829 2049 1078 2104 sentiam.
1108 2049 1253 2105 Nihil
1282 2065 1416 2122 ergo
1447 2050 1730 2119 sobrietas,
1762 2051 1844 2108 in-

238 2139 394 2211 quis,
433 2137 507 2194 ad
550 2137 690 2194 hanc
736 2135 982 2210 partem?
1014 2137 1127 2193 Imo
1174 2143 1320 2193 tanto
1366 2137 1539 2210 magis
1573 2139 1641 2194 ad
1678 2141 1838 2206 hanc,

239 2233 508 2299 quantum
527 2234 581 2282 et
601 2225 667 2280 ad
689 2241 924 2282 omnem.
948 2224 1006 2281 Si
1026 2234 1081 2282 et
1099 2225 1168 2280 ad
1189 2225 1650 2299 superstitionem,
1671 2229 1840 2286 multo

235 2315 476 2388 amplius
505 2315 574 2370 ad
607 2315 937 2388 religionem.
955 2313 1044 2372 Sic
1060 2314 1204 2371 enim
1226 2322 1280 2372 et
1304 2316 1568 2373 daemonia
1586 2328 1844 2388 expostu-

235 2406 354 2462 lant
383 2421 503 2460 eam
531 2422 561 2460 a
591 2404 705 2460 suis
733 2404 1167 2474 somniatoribus,
1192 2404 1261 2459 ad
1281 2405 1608 2462 lenocinium
1637 2406 1844 2464 scilicet

233 2493 561 2559 divinitatis,
583 2493 712 2565 quia
726 2491 1040 2549 familiarem
1069 2495 1166 2550 Dei
1189 2503 1387 2550 norunt
1407 2497 1454 2534 τά
1479 2514 1494 2551 :
1515 2496 1641 2568 quia
1661 2505 1714 2552 et
1731 2497 1842 2554 Da-

234 2583 350 2639 niel
382 2583 554 2654 (Dan.
576 2582 641 2653 x)
666 2599 853 2638 rursus
874 2582 1036 2638 trium
1055 2583 1454 2641 hebdomadam
1477 2585 1590 2655 (30)
1611 2585 1841 2642 statione

232 2671 385 2727 aruit
412 2671 561 2729 victu
590 2671 735 2744 (3t);
769 2673 866 2728 sed
894 2678 955 2727 ut
992 2672 1163 2728 Deum
1203 2672 1423 2730 illiceret
1457 2674 1842 2731 humiliationis

231 2760 460 2828 ofﬁciis,
492 2777 599 2817 non
634 2769 689 2816 ut
717 2761 908 2816 animae
935 2745 1279 2818 somniaturae
1311 2778 1525 2819 sensum
1555 2771 1606 2820 et
1636 2764 1845 2835 sapien-

234 2851 376 2906 tiam
426 2856 675 2917 strueret,
711 2850 861 2921 quasi
894 2866 1002 2906 non
1033 2851 1089 2906 in
1137 2851 1335 2906 exstasi
1375 2859 1590 2908 acturae.
1623 2854 1701 2907 Ita
1732 2869 1843 2909 non

231 2939 308 2994 ad
344 2939 582 2994 exstasin
616 2939 1042 2995 submovendam
1072 2939 1332 2997 sobrietas
1367 2941 1630 3013 proficiet,
1651 2942 1739 2997 sed
1772 2942 1842 2997 ad

230 3039 426 3100 ipsam
453 3028 690 3084 emtasiu
721 3029 1229 3101 commendandam,
1262 3038 1320 3085 ut
1351 3029 1406 3084 in
1435 3031 1550 3086 Deo
1582 3030 1694 3086 ﬁat.

813 3167 1037 3226 CAPUT
1074 3170 1271 3226 XLIX.

301 3291 553 3350 Infantes
605 3293 698 3366 qui
749 3309 856 3350 non
901 3302 1090 3366 putant
1145 3295 1435 3367 somniare,
1487 3297 1613 3354 cum
1658 3297 1843 3354 omnia

227 3382 440 3439 animae
471 3397 570 3452 pro
597 3383 761 3438 modo
780 3382 951 3438 aetatis
971 3393 1352 3458 expungantur
1373 3384 1428 3441 in
1448 3387 1577 3456 vita,
1601 3386 1846 3441 animad-

225 3478 464 3527 vertant
502 3486 788 3526 succussus
819 3470 869 3511 ⁷⁵
895 3481 950 3527 et
976 3479 1156 3540 nutus,
1190 3483 1245 3527 et
1288 3473 1614 3531 renidentias
1655 3489 1843 3530 eorum

226 3575 330 3628 per
361 3555 626 3632 quietem,
657 3568 715 3616 ut
743 3575 808 3615 ex
836 3575 894 3615 re
936 3559 1414 3633 comprehendant,
1446 3570 1623 3620 motus
1652 3565 1845 3618 animae

1949 1971 2141 2020 natura
2179 1962 2428 2021 credatur
2454 1961 2710 2018 immunis
2739 1961 3116 2018 somniorum?

2587 2099 2817 2158 CAPUT
2835 2100 2899 2156 L.

2020 2224 2164 2282 Satis
2210 2224 2278 2281 de
2326 2223 2547 2298 speculo
2577 2222 2791 2297 mortis,
2837 2225 2890 2281 id
2937 2232 3019 2282 est
3064 2224 3135 2283 de
3165 2240 3388 2299 somno;
3436 2234 3547 2284 tum

1948 2313 2111 2370 etiam
2139 2313 2206 2370 de
2234 2313 2470 2385 negotiis
2493 2314 2691 2384 somni,
2723 2313 2779 2367 id
2808 2321 2892 2370 est
2918 2314 2986 2370 de
3015 2314 3258 2372 somniis.
3289 2317 3450 2372 Nunc
3479 2317 3546 2372 ad

1947 2401 2210 2476 Originem
2239 2402 2404 2472 hujus
2433 2417 2710 2472 excessus,
2739 2402 2795 2456 id
2823 2409 2907 2458 est
2933 2403 2998 2458 ad
3029 2404 3276 2460 ordinem
3322 2405 3541 2472 mortis;

1948 2491 2074 2563 quia
2119 2506 2220 2546 nec
2268 2492 2439 2562 ipsam
2489 2491 2604 2546 sine
2633 2489 3044 2563 quaestionibus,
3075 2491 3198 2547 licet
3226 2490 3389 2547 finem
3420 2508 3547 2549 orn-

1949 2582 2099 2636 nium
2153 2580 2534 2652 quaestionum.
2590 2578 2808 2634 Publica
2868 2580 3028 2636 totius
3083 2579 3296 2653 generis
3325 2582 3548 2637 humani

1949 2667 2232 2736 sententia,
2294 2676 2522 2724 mortem
2561 2675 2769 2724 naturae
2816 2668 3054 2722 debitum
3113 2670 3543 2739 pronuntiamus.

1949 2758 2064 2812 Hoc
2090 2755 2341 2825 stipulata
2371 2765 2454 2812 est
2480 2757 2577 2812 Dei
2604 2771 2708 2812 vox
2741 2756 2903 2826 (Gen.
2933 2756 3039 2825 ιιι),
3065 2757 3355 2827 Sp0pondit
3382 2773 3544 2813 omne

1951 2845 2091 2914 quod
2145 2842 2410 2912 nascitur;
2464 2851 2521 2898 ut
2567 2844 2679 2914 jam
2735 2843 2862 2899 hinc
2922 2858 3032 2898 non
3092 2843 3306 2914 Epicuri
3355 2852 3543 2915 stupor

1950 2931 2324 2997 sut’fundatur,
2383 2931 2627 3004 negantis
2664 2932 2903 2988 debitum
2943 2931 3088 2986 istud
3125 2932 3193 2986 ad
3241 2947 3342 2988 nos
3381 2935 3542 3004 perti-

1879 3039 1921 3118 c
1950 3033 2116 3086 nere;
2168 3018 2262 3074 sed
2310 3018 2545 3074 haeretici
2593 3021 2766 3093 magis
2811 3019 2859 3058 ’Π
2890 3020 3172 3076 Menandri
3217 3020 3524 3078 Samaritan

1950 3108 2102 3164 furor
2130 3113 2480 3177 conspuatur,
2503 3106 2729 3163 dicentis
2754 3115 2988 3164 mortem
3006 3109 3070 3163 ad
3093 3125 3220 3164 suos
3240 3124 3347 3165 non
3376 3111 3541 3167 modo

1951 3211 2058 3253 non
2085 3197 2373 3268 pertinere,
2426 3211 2610 3252 verum
2659 3211 2760 3253 nec
2801 3197 3104 3267 pervenire.
3157 3199 3215 3252 ln
3263 3199 3366 3254 hoc
3399 3198 3543 3255 scili-

1951 3293 2034 3341 cet
2080 3301 2139 3340 se
2188 3301 2220 3340 a
2265 3300 2495 3354 superna
2541 3291 2596 3340 ct
2637 3299 2834 3340 arcana
2878 3292 3142 3358 potestate
3189 3285 3445 3362 legatum,
3487 3293 3545 3341 ut

1952 3373 2302 3439 immortales,
2345 3381 2398 3429 et
2446 3373 2901 3444 incorruptibiles,
2965 3382 3018 3430 et
3046 3373 3223 3430 statim
3269 3389 3542 3430 resurrec-

1954 3463 2118 3521 tionis
2143 3469 2422 3535 compotes
2462 3461 2612 3529 ﬁant,
2643 3461 2735 3533 qui
2783 3462 3049 3532 baptisma
3079 3463 3196 3532 ejus
3244 3460 3540 3519 induerint.

1954 3554 2204 3627 Legimus
2241 3551 2462 3623 quidem
2491 3551 2746 3623 pleraque
2775 3565 3028 3623 aquarum
3049 3565 3248 3622 genera
3275 3548 3521 3605 miranda

296 3735 357 3776 ⁷ο
389 3736 853 3815 Rep_ulsis_loc_a_lis
880 3737 979 3815 lib.
1011 3739 1277 3815 Agpbard.
1304 3740 1574 3815 7}_Sagina
1604 3661 1845 3815 agiagi;

1958 3669 2443 3815 gggiacura'ndis
2463 3732 2582 3815 ﬂia.
2618 3731 2744 3812 l’en.
2770 3729 2869 3815 hoc
2899 3730 3248 3815 est,nminime
3271 3727 3541 3815 curandis,

222 3802 575 3880 decuran'dis
603 3809 724 3865 alii.
745 3807 794 3848 ⁷³
809 3809 1035 3880 Jejunus
1053 3802 1201 3868 Vun.
1232 3813 1281 3852 ⁷4
1327 3802 1530 3870 Norant
1591 3816 1722 3872 Par.
1757 3811 1806 3850 ⁷⁵
1835 3812 2128 3868 Successus
2147 3805 2268 3878 Rig.
2313 3803 2436 3860 Ven.
2469 3802 2753 3858 16Animae
2773 3802 3148 3859 abestaPam.
3168 3804 3344 3861 Rhen.
3371 3803 3542 3859 Seml.

220 3877 272 3919 ’Π
314 3878 465 3952 Magi
523 3881 694 3937 Rhea.
734 3877 896 3938 Pam}
928 3883 1098 3940 Seml.

1673 3955 2170 4020 Commentarius.

222 4057 388 4133 tetes
409 4063 545 4114 sect.
568 4059 622 4124 6,
645 4058 820 4133 probi.
852 4062 905 4126 5,
935 4060 1212 4133 proponit,
1242 4076 1336 4117 cur
1362 4076 1483 4118 cum
1512 4062 1701 4118 dextra
1728 4079 1850 4120 cor-

220 4129 401 4210 poris
431 4139 589 4200 parte
618 4132 898 4210 cubamus,
921 4129 1330 4210 somnuseitius
1356 4133 1575 4189 accedit.
1603 4134 1852 4190 Dormire

223 4205 407 4273 etiam
455 4205 769 4273 resupinato
817 4217 1046 4273 corpore
1093 4205 1274 4260 minus
1322 4219 1510 4260 sanum
1551 4216 1656 4271 est,
1689 4221 1755 4259 ex
1785 4220 1851 4260 eo

228 4271 450 4342 quippe
479 4270 603 4326 situ_
619 4288 808 4340 graves
837 4270 1014 4329 morbi
1044 4283 1360 4332 nascuntur.
1397 4278 1472 4330 La
1501 4277 1598 4330 Pu.

307 4343 430 4421 (g7)
489 4343 698 4421 Statio.
728 4361 1018 4421 sensuum.
1051 4347 1303 4421 lntelligit
1359 4345 1676 4421 praecordia,
1712 4364 1848 4416 περι-

217 4416 475 4541 ageam,
505 4413 826 4488 sanguinem
858 4413 1376 4486 circumcordia'lem,
1404 4419 1470 4472 de
1499 4433 1608 4490 quo
1663 4413 1845 4488 supra.

286 4499 379 4538 ια.

286 4499 379 4538 ια.

310 4557 442 4632 (2.8)
463 4554 582 4632 με
608 4573 925 4632 compressa
952 4561 1176 4630 iecoris.
1209 4559 1296 4616 Sic
1327 4559 1522 4632 legitur
1551 4560 1603 4614 in
1648 4575 1847 4616 exem-

216 4625 410 4707 plari.
455 4624 836 4707 Compressam
876 4624 1015 4707 dicit
1045 4647 1142 4701 pro
1181 4624 1614 4704 compressione,
1655 4637 1712 4688 ut
1749 4647 1849 4704 pro

215 4699 598 4767 remissione,
632 4701 949 4756 remissam.
983 4699 1108 4758 Bia.

297 4771 455 4856 (292‘
473 4770 637 4856 Apud
665 4772 895 4856 oracula
922 4773 1292 4856 incubaturis.
1310 4777 1603 4856 jejunium
1635 4773 1859 4856 induci-

1960 4058 2054 4115 sed
2065 4056 2542 4129 nequeunguento
2564 4055 2772 4129 unctus
2787 4067 2931 4129 sum,
2950 4051 3118 4110 donec
3129 4055 3546 4127 complerentur

1963 4125 2161 4184 trium_
2174 4125 2643 4182 hebdomadarum
2673 4125 2806 4180 dies.
2831 4125 2964 4178 Lac.

2034 4198 2142 4271 (31)
2169 4197 2356 4271 _Arui_t
2385 4196 2558 4271 victu.
2609 4194 3010 4271 Xerophagiam
3037 4195 3348 4271 _siguificat,
3388 4210 3547 4271 quam

1959 4265 2097 4325 libro
2125 4265 2212 4324 'de
2253 4266 2492 4337 Jejuniis
2541 4271 2697 4337 vocat
2742 4265 2951 4337 aridum
3001 4265 3221 4332 victum,
3263 4275 3329 4337 Aet
3370 4268 3548 4337 aridas

1957 4356 2130 4406 escas,
2165 4339 2286 4393 cibo
2308 4333 2406 4406 'ab,
2432 4333 2578 4388 omni
2611 4350 2768 4406 carne
2799 4335 2996 4390 siccato
3029 4346 3100 4406 Aet
3129 4335 3274 4406 omni
3301 4336 3546 4404 jurulen-

1959 4412 2027 4468 tia
2066 4404 2124 4467 et
2166 4405 2499 4465 avidioribus
2548 4405 2852 4475 quibusque
2895 4404 3088 4473 pomis.
3122 4405 3244 4475 Ipse
3307 4408 3541 4462 Daniel;

1956 4487 2170 4540 Panem
2202 4475 2622 4536 desiderabilem
2649 4491 2764 4530 non
2802 4475 3032 4533 comedi.
3065 4475 3190 4529 Rm.

2030 4553 2374 4627 (32)“Libyca
2411 4548 2827 4627 gensxitlantes
2883 4563 3036 4627 caeca
3055 4561 3279 4627 somno,
3301 4553 3403 4603 etc.
3435 4546 3547 4601 Pli-

1958 4616 2078 4683 nius
2115 4616 2211 4679 lib.
2260 4616 2310 4691 ὗ,
2347 4616 2460 4678 6ξὸ
2495 4637 2506 4676 ;
2540 4618 2740 4691 Libyca
2769 4633 2904 4691 gens
2952 4616 3216 4691 Atlantes,
3237 4618 3550 4691 degeneres

1968 4696 2186 4754 humani
2214 4687 2364 4749 ritus.
2387 4690 2605 4748 Somnia
2627 4687 2732 4744 non
2755 4687 2958 4759 vident,
2977 4687 3153 4759 qualia
3174 4687 3367 4759 reliqui
3397 4704 3548 4744 mor-

1967 4770 2122 4825 tales.
2164 4766 2471 4823 Herodotus
2512 4779 2525 4819 :
2571 4763 2811 4834 Λέγονται
2837 4756 2893 4813 δὲ
2924 4756 3037 4812 atat
3069 4760 3228 4831 ὄνειρα
3263 4756 3405 4831 ὁρᾅ,
3442 4767 3547 4815 etc.

1969 4844 2147 4982 B1353)
2181 4908 2348 4982 Nulla
2370 4907 2518 4982 ja_m_
2552 4906 2822 4982 genaDei
2849 4910 3132 4982 extranea
3169 4907 3272 4959 est.
3317 4903 3450 4982 Vide
3487 4902 3554 4958 de

1966 4976 2069 5040 hoc
2101 4976 2193 5038 lib.
2244 4976 2380 5036 adu.'
2411 4976 2619 5034 JudJc.
2667 4981 2720 5044 '7,
2775 4977 2885 5042 ubi,
2927 4983 3050 5048 post
3095 4976 3555 5048 enumerationem

1966 5056 2233 5111 variarum
2283 5049 2544 5124 gentium,
2577 5049 2666 5124 sic
2707 5047 2982 5124 concludit
3015 5061 3038 5124 _:
3070 5067 3095 5094 α
3139 5047 3337 5124 Christi
3375 5055 3556 5102 autem

1967 5141 2203 5198 regnum
2239 5119 2313 5179 et'
2337 5136 2528 5198 nomen
2580 5119 2779 5198 ubique
2822 5119 3136 5198 porrigitur,
3195 5119 3398 5198 ubique
3439 5135 3559 5175 cre-

1968 5189 2130 5265 dituur,
2160 5197 2228 5249 ab
2275 5192 2525 5250 omnibus
2573 5189 2890 5265 gentibus}.
2940 5189 3154 5265 calitur,
3186 5189 3391 5265 ubique
3426 5206 3558 5265 reg-

1969 5279 2078 5336 nat,
2112 5261 2124 5265 ’
2147 5266 2343 5338 ubique
2360 5261 2678 5338 madoratur,
2719 5263 2985 5338 omnibus
3019 5261 3246 5338 _ubique
3300 5261 3562 5316 tribuitur

1969 5333 2273 5412 aequaliter:
2299 5358 2337 5412 An
2359 5335 2564 5392 Eodem
2592 5335 2824 5406 pertinet
2843 5333 2990 5412 quod
3019 5333 3181 5412 habet
3212 5336 3414 5388 Auctor
3441 5349 3557 5401 seq.

1970 5404 2161 5484 capite.
2221 5431 2244 5462 ci
2286 5409 2419 5466 Cum
2467 5404 2660 5484 contra
2699 5404 2888 5484 omnes
2919 5405 3035 5484 jam
3066 5404 3326 5484 nationes.
3364 5417 3558 5484 ascen-

1971 5474 2100 5539 da'nt
2141 5483 2194 5537 in
2224 5492 2463 5537 montem
2507 5477 2745 5546 Domini,
2776 5485 2828 5533 et
2876 5474 2930 5532 in
2959 5477 3126 5532 aedem
3174 5475 3273 5530 Dei
3301 5474 3485 5528 Jacob.
3531 5491 3556 5546 ιν

213 4847 351 4898 tur.
413 4841 659 4915 Gentiles
707 4843 1038 4899 daemonibus
1075 4845 1187 4899 suis
1219 4841 1441 4915 jejuniis
1479 4847 1641 4902 etiam
1691 4851 1860 4902 inter-

209 4917 393 4989 (ὶυῐῐιΔ
419 4913 844 4989 gratulabantur,
876 4913 1359 4989 statuebanturque
1401 4917 1513 4976 sive
1555 4919 1862 4975 indiceban-

213 4994 312 5041 tur
348 4983 432 5040 iis
462 4983 556 5052 qui
586 4987 802 5040 oracula
830 4983 1203 5043 consulebant.
1233 4983 1311 5044 [Β
1335 4989 1434 5046 Pu.

330 5055 442 5124 30)
482 5055 624 5123 Quia
654 5061 707 5112 et
732 5057 937 5114 Daniel
970 5075 1170 5116 rursus
1213 5064 1396 5117 trium
1436 5058 1754 5116 hebdomad.
1791 5058 1860 5113 Il-

384 5128 559 5201 quod_
588 5128 690 5201 hoc
739 5129 972 5185 afﬁrmat
1017 5132 1222 5187 Auctor
1271 5133 1337 5186 de
1372 5131 1610 5186 Danielis
1651 5130 1858 5201 jejunio

209 5215 337 5271 per
394 5210 520 5271 tres,
546 5197 932 5270 hebdomadas,
974 5201 1143 5258 miror
1200 5201 1385 5258 mirari
1426 5197 1742 5268 Pamelium,
1776 5202 1860 5257 vi-

207 5267 364 5326 rum
432 5267 742 5339 diligentem
801 5267 1002 5344 alioqui
1053 5281 1105 5328 et
1162 5275 1384 5329 doctum
1438 5275 1686 5343 maxime,
1738 5289 1860 5328 cum

207 5347 533 5398 asseveret
580 5356 848 5414 nusquam
897 5344 1044 5413 apud
1083 5346 1365 5400 Danielem
1401 5345 1520 5414 ejus
1551 5343 1666 5398 ﬁeri
1704 5360 1860 5398 men-

204 5414 486 5486 tionem,
514 5427 636 5486 cum
681 5414 980 5486 clarissime
1026 5417 1128 5472 hoc
1176 5415 1481 5473 inveniatur
1525 5431 1642 5486 cap.
1675 5429 1714 5470 Χ
1750 5417 1861 5470 Da-

209 5483 425 5559 nielis
458 5499 472 5538 :
503 5485 566 5559 In
595 5484 788 5559 diebus
822 5487 942 5559 illis
991 5504 1088 5559 ego
1128 5489 1328 5546 Daniel
1372 5483 1646 5558 lugebam,
1682 5489 1862 5544 trium
1971 5483 2100 5559 dant
2141 5483 2194 5537 in
2224 5483 2745 5559 montem_Domini,
2776 5485 2828 5533 et
2876 5483 2928 5558 in
2959 5483 3136 5559 eadem.

216 5553 734 5632 hebdomadarum
755 5558 946 5632 diebus
957 5545 1166 5632 pavnem
1181 5545 1610 5632 desiderabilem
1633 5545 1749 5614 non
1777 5574 1865 5618 σο·
1971 5554 2303 5632 Pau._-——_Et
2349 5549 2501 5632 apud
2521 5545 2784 5608 Barbarus
2833 5548 2976 5606 enim
3015 5547 3276 5604 Christus.
3327 5545 3563 5602 Tertull.

214 5626 434 5696 medi,
460 5631 517 5684 et
534 5643 663 5685 caro
684 5632 742 5685 et
763 5620 974 5692 vinum.
986 5647 1101 5690 non
1123 5631 1478 5691 introierunt
1497 5632 1562 5688 in
1580 5647 1638 5689 os
1653 5645 1861 5702 meum,
1971 5626 2066 5684 lib.
2098 5626 2164 5685 de
2200 5620 2433 5683 Corona.
2462 5620 2587 5678 Bia.

442 5733 689 5794 PATROL.
731 5736 798 5796 Il.
3294 5725 3366 5781 2³

210 5127 328 5183 iud.
