4030 6184
487 329 590 388 779

1161 317 1606 382 TERTULLIANI
1645 317 1910 380 OPERUM
1988 315 2148 376 PARS
2189 314 2254 376 ll.
2294 345 2367 359 —
2405 313 2631 376 SEBIES
2668 317 2710 384 Ι,
2750 314 3090 404 POLEMlCA.
3662 318 3732 376 780

481 454 586 508 Sed
651 458 744 508 aut
795 448 1036 508 ebriosos
1091 449 1270 504 reddit
1324 449 1708 520 Lyncestarum
1767 461 1902 504 vena
1957 446 2070 514 (34)
2103 444 2361 546 AJacob,
2406 452 2629 500 mortem
2689 461 2785 517 per
2838 445 3148 516 martyrium
3195 461 3412 517 quoque
3457 445 3733 517 ﬂagitantis,

480 543 685 608 vinosa,
717 549 809 595 aut
871 540 1230 611 lymphaticos
1287 538 1452 594 eftieit
1509 535 1837 606 C010phonis
1894 545 2069 589 scatu-

480 633 599 703 rigo
662 631 777 703 (35)
821 627 1134 694 dmmonica,
1182 635 1273 681 aut
1309 625 1614 682 Alexandro
1657 623 1850 680 accidit
1886 624 2071 679 Nona-

478 723 584 776 cris
628 722 743 791 (36)
784 717 1028 773 Arcadize
1074 725 1351 773 venenata.
1403 714 1522 770 Fuit
1565 722 1616 768 et
1666 714 1866 768 Judaue
1922 713 2069 768 lacus

478 811 722 867 medicus
752 808 936 877 (Joan.
969 808 1028 878 v)
1061 814 1183 861 ante
1201 806 1474 862 Christum
1505 803 1637 874 (3’7).
1667 803 1824 858 Plane
1849 803 2070 874 Stygias

476 900 706 972 paludes
749 899 862 969 (38)
895 902 1052 968 poeta
1103 895 1319 949 tradidit
1375 900 1604 948 mortem
1645 891 1927 947 diluentes.
1959 891 2067 946 Sed

477 996 531 1044 ct
558 987 744 1042 Thetis
783 984 956 1040 ﬁlium
986 983 1212 1055 planxit.
1247 982 1566 1052 Quanquam
1619 980 1664 1033 si
1697 988 1751 1035 et
1779 979 2068 1036 Menander

476 1079 533 1134 in
561 1078 779 1151 Stygem
840 1072 1057 1143 mergit,
1088 1072 1426 1128 moriendum
1466 1071 1569 1127 erit
1615 1069 1977 1135 nihilominus,
2011 1077 2069 1124 ut

477 1166 544 1222 ad
577 1165 801 1237 Stygem
829 1161 1010 1216 venias
1042 1178 1054 1217 :
1090 1161 1231 1231 apud
1260 1159 1466 1214 inferos
1491 1157 1635 1212 enim
1664 1157 1877 1213 dicitur.
1901 1157 2066 1226 Quae-

476 1268 601 1308 nam
640 1261 692 1307 et
740 1249 964 1307 ubinam
1009 1247 1114 1302 ista
1177 1246 1406 1303 felicitas
1460 1263 1738 1316 aquarum,
1779 1262 1913 1317 quas
1969 1261 2070 1302 nec

475 1343 713 1398 Joannes
777 1337 1079 1410 baptizatur
1142 1335 1596 1407 praeministravit,
1663 1351 1764 1393 nec
1827 1335 2070 1392 Christus

475 1431 592 1502 ipse
613 1426 898 1500 discipulis
921 1425 1348 1502 demonstravit?
1373 1422 1538 1481 735
1559 1423 1712 1492 Quod
1735 1425 1838 1480 hoc
1857 1426 2074 1480 Menan-

476 1519 560 1575 dri
588 1518 841 1572 balneum
893 1516 1051 1587 (39)?
1078 1506 1349 1587 magicum
1380 1513 1428 1549 73
1456 1514 1641 1570 credo.
1693 1513 1796 1568 Sed
1826 1528 1924 1568 cur
1961 1521 2067 1567 tam

475 1607 814 1678 infrequens,
866 1612 974 1659 tam
1016 1601 1310 1667 occultum,
1349 1615 1457 1670 quo
1505 1598 1810 1670 paucissimi
1850 1599 2068 1654 lavant?

477 1697 796 1766 Suspectam
829 1693 971 1748 enim
1003 1690 1193 1744 faciam
1213 1696 1415 1742 tantam
1447 1687 1718 1743 raritatem
1742 1687 2071 1743 securissimi

477 1791 638 1856 atque
669 1779 917 1837 tutissimi
945 1776 1287 1844 sacramenti,
1319 1775 1461 1846 apud
1516 1776 1660 1846 quod
1691 1791 1795 1832 nec
1824 1791 1922 1847 pro
1952 1776 2067 1831 Deo

2180 550 2344 604 quam
2374 535 2443 590 de
2474 535 2686 591 Christo
2715 534 2875 590 etiam
2895 551 2993 592 suo
3013 533 3198 606 exigit.
3221 537 3335 590 Nec
3357 535 3548 606 magiae
3570 541 3737 590 tantum

2179 623 2324 679 dabit
2370 623 2675 696 quisquam,
2704 632 2764 680 ut
2801 624 3002 680 eximat
3051 633 3296 692 mortem,
3339 631 3434 680 aut
3474 625 3742 695 repastinet

2177 713 2300 769 vitis
2355 714 2518 768 modo
2571 715 2756 785 vitam,
2809 723 2964 769 {etate
3023 722 3295 769 renovata.
3348 715 3460 769 Hoc
3507 713 3652 768 enim
3689 729 3744 768 ne

2178 803 2380 857 Medeae
2435 802 2654 873 quidem
2711 803 2858 859 licuit
2909 804 2964 857 in
3012 803 3304 869 hominem,
3356 802 3454 858 etsi
3512 801 3663 856 licuit
3699 802 3748 857 in

2177 907 2469 948 vervecem.
2519 892 2828 948 Translatus
2871 898 2953 948 est
2996 891 3188 948 Enoch
3243 890 3354 962 (4t)
3403 891 3559 960 (Gen.
3611 891 3667 959 v)
3705 902 3750 947 et

2175 980 2325 1035 Etias
2371 981 2467 1051 (IV
2508 985 2634 1052 Reg.
2685 983 2768 1052 tt),
2817 997 2919 1037 nec
2963 997 3110 1037 mors
3163 996 3352 1036 eorum
3403 988 3616 1053 reperta
3659 991 3748 1049 est,

2176 1070 2341 1125 dilata
2387 1070 2592 1127 scilicet
2623 1089 2637 1125 :
2669 1079 2920 1126 caeterum
2959 1070 3205 1127 morituri
3241 1070 3428 1142 (Apoc.
3462 1071 3535 1141 xi)
3583 1086 3753 1126 reser-

2175 1165 2367 1216 vantur
2412 1158 2547 1229 (42),
2581 1166 2640 1214 ut
2679 1158 3066 1215 Antichristum
3109 1158 3370 1233 sanguine
3417 1172 3518 1214 suo
3562 1157 3755 1215 exstin-

2177 1257 2360 1320 guant.
2393 1248 2541 1304 Obiit
2575 1257 2628 1304 et
2652 1249 2905 1318 Joannes,
2937 1265 3096 1321 quem
3139 1248 3195 1304 in
3225 1248 3512 1304 adventum
3553 1248 3755 1304 Domini

2177 1352 2546 1392 remansurum
2596 1336 2793 1392 frustra
2838 1337 3013 1393 fuerat
3040 1353 3164 1408 spes
3194 1338 3373 1407 (Joan.
3420 1340 3560 1406 χχι).
3601 1335 3762 1393 736

2177 1425 2307 1481 Fere
2361 1426 2504 1481 enim
2546 1426 2784 1482 haereses
2829 1425 2897 1479 ad
2945 1431 3124 1481 nostra
3169 1425 3411 1496 exempla
3458 1423 3758 1495 prosiliunt,

2178 1514 2303 1569 inde
2360 1522 2632 1570 sumentes
2687 1514 2942 1584 praesidia
2997 1528 3102 1585 quo
3150 1522 3413 1587 pugnant.
3464 1514 3760 1581 Postremo,

2178 1603 2558 1674 compendium
2607 1612 2710 1674 est,
2741 1602 2832 1657 ubi
2869 1611 2995 1658 sunt
3038 1601 3151 1674 (43)
3191 1601 3268 1656 illi
3296 1617 3433 1674 quos
3475 1602 3766 1658 Menander

2175 1691 2293 1764 ipse
2313 1689 2584 1761 perfudit?
2600 1705 2738 1763 quos
2759 1690 2814 1745 in
2835 1692 3058 1765 Stygem
3086 1707 3237 1747 suam
3267 1690 3495 1746 mersit?
3515 1690 3766 1763 Apostoli

2177 1796 2444 1851 perennes
2469 1779 2686 1836 veniant
2729 1780 2865 1852 (44),
2897 1781 3185 1846 adéistant;
3220 1779 3399 1837 videat
3447 1781 3568 1836 illos
3613 1797 3766 1837 meus

477 1875 596 1946 ipso
627 1871 763 1926 mori
790 1869 875 1923 lex
906 1874 989 1922 est
1021 1866 1166 1937 (40);
1199 1880 1322 1919 cum
1351 1870 1557 1935 contra,
1610 1881 1799 1921 omnes
1824 1865 1937 1935 jam
1963 1882 2066 1920 na-
2102 1861 2146 1938 Β
2175 1871 2433 1939 Thomas;
2468 1869 2667 1939 audiat,
2697 1876 3012 1936 contrectet,
3041 1879 3094 1925 et
3122 1869 3305 1925 credat
3338 1870 3449 1940 (45)
3478 1869 3548 1923 79.

480 1961 654 2016 tiones
681 1956 972 2014 ascendant
1000 1953 1055 2008 in
1084 1959 1324 2009 montem
1353 1951 1590 2018 Domini,
1614 1961 1666 2008 et
1692 1954 1744 2009 in
1770 1953 1942 2009 aedem
1971 1953 2071 2009 Dei

1849 2053 2043 2116 Variae
2084 2059 2396 2121 lectiones.

548 2136 598 2175 ’³8
625 2136 898 2193 Comicum
929 2135 1104 2193 the-n.
1137 2135 1294 2189 Pam.
1330 2133 1566 2190 Semler.
1604 2132 1823 2190 Oberth.
1855 2131 1907 2211 7E
1933 2135 2169 2192 Credidit
2199 2140 2331 2194 Par.
2367 2139 2490 2196 Ven.
2525 2139 2643 2211 Ilig.

1865 2204 2364 2272 Commentarius.

549 2291 658 2361 (34)
713 2291 960 2347 Ebriosos
989 2287 1172 2344 reddit
1222 2289 1809 2361 Lyncestem-navem.
1841 2285 2065 2361 Fontem

476 2356 806 2419 Macedoniae
837 2361 1146 2415 auctoribus
1191 2356 1521 2415 celebratum
1551 2358 1711 2422 dicit;
1763 2372 1886 2427 nam
1916 2356 2063 2427 Lyn-

479 2442 638 2490 cestae
694 2432 1015 2487 Macedoniae
1055 2438 1180 2485 sunt
1218 2429 1418 2500 populi.
1465 2429 1621 2482 Tanti
1667 2426 1866 2482 dicitur
1901 2426 2064 2497 hujus

479 2522 633 2577 aquae
671 2502 945 2577 violentia,
985 2502 1339 2577 utdmajorern
1379 2514 1540 2577 quam
1591 2500 1774 2577 vinum
1813 2514 2064 2577 saporem

479 2573 718 2631 in‘ducat.
775 2575 981 2629 Seneca
1027 2573 1119 2628 lib.
1175 2573 1484 2642 tttNatur.
1536 2573 1732 2642 qua’st.
1784 2585 1906 2641 cap.
1957 2573 2061 2638 23;

478 2648 614 2703 Plin.
645 2647 736 2701 lil).
777 2662 840 2709 It,
881 2660 1000 2716 cap.
1050 2646 1182 2716 103;
1230 2641 1388 2700 Ovid.
1438 2641 1590 2716 libzit
1623 2643 1843 2716 Metam.
1892 2643 2064 2716 Prope

478 2713 996 2793 Erganemjluvium
1025 2715 1255 2793 similem
1285 2730 1476 2793 aquam
1506 2713 1673 2793 fuisse
1703 2713 1866 2793 refert
1892 2713 2063 2768 Athe-

477 2785 627 2846 naeus
656 2806 719 2843 ex
749 2789 1118 2858 Theopompo,
1151 2786 1601 2858 lib.)tIiDe_ipnos.
1638 2785 1714 2838 LE
1745 2785 1839 2858 Pa.

549 2864 664 2934 (3b)
681 2855 1012 2934 Lymphatos
1030 2855 1227 2934 efﬁcit
1242 2855 1567 2934 Colophonis
1579 2857 1887 2934 scaturigo.
1908 2855 2064 2934 Colo-

478 2927 622 3002 phon
645 2927 912 3001 oppid—um
959 2927 1557 3002 est'haudobscurum
1585 2927 1648 3002 in
1688 2927 1867 3002 Ionia,
1895 2928 2066 3002 Apol-

479 2997 600 3058 linis
640 2997 801 3056 Clarii
833 3001 1050 3055 oraculo
1079 3000 1366 3071 quondam
1402 2997 1646 3071 illustris,
1681 2998 1824 3068 quod
1855 2998 1906 3053 in
1938 2999 2061 3054 luco

476 3074 821 3137 reddebatur,
856 3072 947 3125 ubi
977 3069 1209 3126 fons—ille
1238 3069 1486 3124 celebris.
1530 3070 1607 3124 LE
1632 3072 1728 3124 Pa.

547 3146 663 3217 (36)
713 3142 1032 3217 Alexandro
1075 3142 1280 3217 accidit
1311 3142 1618 3217 _No-_nacris,
1665 3148 1763 3198 etc.
1811 3139 2060 3217 Arcadia-'-

474 3211 601 3290 pars
628 3211 708 3271 est
765 3231 864 3269 seu
895 3214 1058 3290 regio
1090 3212 1371 3290 Nonacris,
1405 3211 1468 3290 in_
1487 3227 1595 3282 qua
1624 3225 1768 3290 aqua
1798 3213 2062 3290 reperitur

473 3281 596 3360 quae
623 3301 751 3360 vasa
804 3281 986 3341 omnia
1033 3283 1254 3360 frangit,
1294 3281 1644 3360 qua__hausta
1677 3281 2058 3360 Alexandrum

472 3353 645 3434 fuisse,
669 3359 1048 3434 interemptum
1075 3353 1580 3434 scribunt’quidam.
1613 3353 1817 3434 LE_Pa.
1859 3422 1888 3434 γ’

542 3431 658 3502 (37)
675 3432 865 3502 Lac-us
892 3425 1141 3484 inedicus
1166 3431 1302 3486 ante
1335 3425 1640 3484 Christum.
1675 3425 1957 3480 Probatica
1985 3425 2058 3495 pi-

469 3501 639 3560 scina.
673 3501 809 3557 PAM.

541 3573 656 3645 (38)
684 3573 862 3645 Plane
891 3571 1108 3645 Stygias
1137 3567 1392 3645 paludes.
1423 3567 1625 3645 Caveas
1653 3565 1842 3645 scdulo
1871 3581 1941 3622 ne
1967 3567 2054 3624 hic

465 3639 644 3698 lacum
699 3639 1318 3712 Stygium"Nonacridis
1350 3640 1631 3712 accipias,
1679 3639 1804 3712 sed_
1846 3645 2052 3712 tantum

465 3708 777 3771 inferorum'
800 3708 1069 3782 paludem,
1123 3728 1155 3766 a
1191 3727 1298 3782 qua
1336 3711 1568 3782 Cocytus
1622 3708 1677 3766 et
1717 3708 2051 3780 Phlegethon

467 3785 732 3846 oriuntur,
774 3781 832 3836 ut
888 3783 1105 3852 tradunt
1159 3781 1248 3851 qui
1285 3781 1577 3836 inferorum
1633 3782 2049 3852 10pographiam

465 3855 661 3911 callere
690 3869 750 3907 se
781 3851 1116 3922 profitentur.
1149 3855 1227 3907 LE
1258 3853 1353 3906 Pa.

537 3925 653 3996 (39)
688 3924 838 3991 Quod
866 3923 1305 3996 _h0c_Menandri
1352 3922 1653 3996 bal-neum?
1697 3924 2046 3980 Menandrum

463 3993 776 4051 haereticum
835 3993 1101 4064 signiﬁcat
1160 3994 1458 4050 Samariten
1509 4010 1752 4065 magum,
1808 3996 2047 4051 Simonis

463 4069 606 4137 Magi
639 4065 992 4136 discipulum;
1043 4081 1201 4137 quem
1233 4065 1334 4120 hoc
1380 4067 1498 4136 ipso
1528 4065 1664 4121 libro
1693 4067 2045 4123 Menandrum

462 4136 816 4193 simoniacam
845 4136 1135 4207 nuncupat.
1167 4136 1242 4190 LE
1281 4138 1377 4194 Pa.

648 4209 797 4278 Quod
823 4208 920 4281 hoc
945 4207 1234 4281 Menandri
1251 4207 1553 4281 balneum?
1573 4210 1845 4281 Magicum
1866 4211 2044 4268 credo.

461 4280 522 4335 In
551 4281 844 4351 exemplari
880 4279 1156 4351 Agobardi
1197 4280 1407 4350 legitur,
1443 4279 1750 4337 Comicum.
1783 4283 1945 4349 Quasi
1981 4283 2046 4337 ad

458 4350 811 4408 Menandrum
877 4350 1191 4416 fabularum,
1261 4353 1376 4407 sive
1441 4353 1846 4418 comcerliarum,
1906 4354 2046 4409 scri-

459 4435 669 4504 ptorem
723 4423 1043 4504 .SthlfllillS
1097 4422 1374 4504 adluserit,
1438 4429 1830 4504 proptereaque
1892 4424 2048 4504 istius

458 4493 767 4564 impostoris
805 4494 1075 4565 baptismo
1140 4494 1403 4549 fabulosae
1441 4493 1624 4565 Stygis
1663 4493 1861 4548 nomen
1901 4496 2043 4549 indi-

456 4568 618 4637 derit,
649 4565 781 4637 quin
828 4564 892 4637 et:
924 4566 1174 4620 balneum
1213 4581 1334 4621 esse
1369 4564 1583 4637 dixerit,
1626 4566 1719 4620 sed
1757 4565 2039 4626 comicum.

454 4635 817 4694 Nihilominus
871 4636 1063 4691 falsam
1099 4652 1218 4692 esse
1274 4638 1409 4691 hanc
1456 4635 1771 4704 scripturam
1808 4639 2040 4693 arbitra-

451 4725 591 4764 mur.
650 4709 860 4764 litenim
900 4708 990 4762 hic
1027 4711 1093 4763 de
1130 4708 1421 4762 Menandro
1460 4715 1670 4762 tantum
1706 4707 2040 4766 Samaritano

451 4781 776 4852 Septimium
840 4781 1130 4853 c0gitasse,
1200 4779 1557 4853 praacedentia
1630 4777 1907 4853 indicant,
1954 4797 2038 4837 se-

489 4848 1279 4930 uentiaiplaneﬁonfirmant.
1335 4851 1404 4904 Et
1467 4851 1758 4906 Menandro
1819 4851 2036 4930 quidem

448 4869 668 4976 quentia
724 4869 1279 4931 ptane_conurmant.
1335 4869 1404 4904 ist
1467 4869 1758 4906 menanaro
1823 4869 2036 4921 quidem

451 4922 526 4976 ili
555 4921 779 4995 magicis
817 4921 1018 4995 artibus
1054 4921 1456 4995 miam1,_quem_
1495 4930 1779 4992 prOpterea
1819 4924 2038 4995 Menan-

445 4995 602 5048 drum
631 4992 991 5047 Simoniacum
1042 5009 1206 5064 supra
1241 4992 1392 5062 dixit,
1445 4993 1581 5049 bene
1610 4995 1862 5050 convenit
1917 4993 2033 5048 bal-

442 5080 604 5120 neum
645 5065 938 5136 magicum,
981 5066 1136 5136 quale
1176 5065 1410 5119 ahenum
1457 5065 1622 5120 fuisse
1661 5066 1875 5120 tradunt
1911 5067 2032 5121 Me-

441 5137 558 5190 deae
596 5140 868 5191 veneﬁcae.
926 5137 1062 5190 Nam
1108 5136 1248 5192 inter
1302 5144 1496 5191 caetera
1553 5136 1751 5191 furoris
1791 5136 2030 5192 haeretici

437 5207 812 5280 deliramenta,
879 5207 982 5280 hoc
1048 5206 1207 5262 etiam
1271 5207 1640 5280 promittebat,
1702 5208 2022 5262 immortalia

434 5278 555 5334 fore
586 5281 850 5347 baptismo
915 5279 1028 5334 sive
1064 5278 1394 5333 balneo'suo
1442 5279 1730 5333 lavantium
1769 5292 2016 5347 corpora.

433 5351 600 5423 Unde,
634 5348 941 5423 Septimius
978 5360 1167 5423 noster
1208 5348 1713 5423 demugico‘balneo
1737 5357 2018 5423 poetarum

429 5422 634 5478 balneis
663 5419 832 5478 nobili
864 5422 1134 5491 subjecit:
1175 5440 1197 5470 ι
1241 5421 1353 5475 Nec
1385 5419 1574 5491 magiae
1598 5427 1802 5491 tantum
1837 5419 2014 5490 licere,

426 5505 490 5548 ut
543 5496 743 5548 eximat
809 5490 1054 5558 mortem,
1119 5499 1207 5545 aut
1266 5491 1430 5546 vitam
1494 5490 1549 5543 in
1615 5490 1836 5545 modum
1892 5492 2019 5548 vitis

424 5567 732 5634 repastinet,
775 5569 1260 5634 tetaterrenovata;
1321 5561 1424 5617 hoc
1473 5559 1634 5634 enim
1691 5577 1759 5618 ne
1814 5563 2017 5621 Medeae

421 5632 643 5709 quidem
680 5633 895 5696 licuisse
949 5633 1004 5692 in
1043 5633 1341 5708 hominem,
1388 5632 1486 5692 etsi
1522 5632 1673 5695 licuit
1718 5634 1773 5696 in
1827 5650 2016 5698 verve-

2172 2305 2311 2346 cem.
2353 2308 2379 2341 ιο
2413 2289 2598 2358 Itaque
2629 2291 2826 2359 rejecta
2855 2286 3058 2345 codicis
3095 2285 3431 2359 Agobardini
3468 2285 3760 2357 scriptura,

2173 2359 2422 2431 Septimii
2463 2377 2678 2432 manum
2705 2361 2758 2414 in
2792 2359 2971 2432 Ursini
3006 2359 3155 2432 libro
3180 2366 3472 2432 servatam
3505 2363 3765 2432 agnosci-

2170 2430 2291 2485 mus
2321 2441 2372 2485 et
2401 2430 2700 2501 sequimur;
2738 2453 2759 2480 α
2807 2431 2963 2499 Quod
3003 2430 3108 2486 hoc
3147 2431 3419 2486 Menandri
3461 2430 3764 2488 balneum?

2167 2503 2433 2575 Magicum
2463 2503 2645 2575 credo.
2689 2522 2714 2575 η
2750 2503 2870 2557 Bia.

2238 2571 2351 2645 (40)
2381 2573 2543 2645 Apud
2572 2574 2711 2646 quod
2729 2590 2832 2631 nec
2856 2589 2960 2645 pro
2991 2575 3096 2646 Deo
3127 2571 3247 2644 ipso
3276 2572 3422 2628 mori
3445 2572 3540 2646 lese
3558 2578 3668 2646 est.
3682 2574 3768 2629 In-

2168 2643 2342 2700 sinuat
2387 2643 2751 2700 Alexandrum
2799 2643 2967 2700 unum
3012 2643 3178 2699 fuisse
3208 2660 3273 2698 ex
3301 2644 3544 2714 martyrii
3584 2645 3766 2700 refra-

2169 2716 2464 2788 gatoribus,
2504 2733 2624 2772 cum
2662 2717 2869 2788 quibus
2906 2716 3144 2788 diSputat
3187 2714 3252 2788 in,
3282 2716 3587 2788 _Scorpiace
3635 2717 3762 2773 adv.

2176 2785 2484 2859 Gnosticos.
2511 2787 2674 2859 Atqui
2693 2785 2903 2843 Medeae
2941 2785 3193 2842 veneficae
3241 2785 3460 2840 historia
3506 2790 3765 2843 omnibus

2169 2867 2296 2915 nota
2325 2867 2424 2915 est.
2457 2857 2626 2914 Addit
2653 2871 2851 2927 autem,
2883 2859 2988 2914 etsi
3016 2859 3179 2914 licuit
3208 2859 3270 2913 in
3294 2873 3596 2930 vervecem,
3628 2876 3765 2930 pro-

2097 2913 2140 2991 0
2174 2913 2293 3003 pter
2317 2913 2632 3003 subreptum
2660 2913 2814 2985 abea
2838 2913 3017 2985 vellus
3037 2944 3294 3003 aureum.
3332 2929 3469 3003 PAM.

2243 3003 2355 3126 (4t)
2387 3002 2722 3059 Translatus
2762 3007 2841 3083 est
2867 3000 3085 3092 Enoch.
3128 3000 3252 3055 Haec
3300 3001 3460 3056 verba
3504 3015 3765 3084 expresse

2267 3083 2398 3126 itant
2463 3074 2723 3126 adversus
2793 3073 3146 3126 iudaizantem
3217 3072 3366 3124 Abcn
3427 3072 3594 3126 Esra.
3670 3091 3763 3126 aut

2171 3072 2398 3129 militant
2463 3074 2723 3127 adversus
2789 3073 3146 3142 judaizantem
3204 3072 3366 3144 Abcn
3427 3072 3594 3144 Esra,
3670 3074 3763 3144 qui

2169 3144 2322 3214 illud,
2356 3146 2660 3201 transtulit
2689 3145 2856 3200 illum
2893 3144 3163 3200 Dominus
3191 3143 3349 3212 (Gen.
3383 3147 3456 3208 v),
3489 3143 3559 3196 de
3589 3143 3766 3199 moi-te

2166 3215 2612 3288 intelligit;r‘cum‘
2641 3223 2825 3288 contra
2873 3214 3103 3288 sentiant
3149 3228 3269 3267 cum
3317 3220 3555 3288 Auctore
3604 3215 3765 3269 Philo

2165 3277 2405 3352 Judtetis,
2429 3277 2530 3340 lib.
2583 3285 2650 3340 de
2707 3287 2809 3343 Vit.
2862 3287 3015 3357 Sap.,
3046 3285 3302 3357 fremens,
3335 3284 3425 3339 lib.
3470 3301 3510 3350 ι,
3540 3301 3588 3339 c.
3621 3290 3680 3350 5,
3711 3294 3764 3341 et

2163 3356 2258 3412 lib.
2292 3373 2368 3423 iv,
2399 3373 2447 3413 c.
2482 3360 2569 3421 30,
2593 3357 2973 3427 Hieronymus,
3005 3356 3130 3411 adv.
3163 3357 3515 3426 Pelagianos,
3546 3357 3643 3412 lib.
3681 3373 3766 3420 nt,

2164 3437 2216 3484 et
2245 3431 2428 3484 Patres
2457 3443 2670 3486 omnes.
2704 3429 2817 3484 Iino
2857 3428 2973 3499 ipse
3015 3429 3295 3497 apostolus
3339 3429 3558 3499 Paulus,
3591 3429 3762 3486 Hebr.

2161 3515 2224 3554 χι
2255 3517 2269 3554 :
2304 3501 2452 3564 Fide,
2485 3499 2681 3570 inquit,
2714 3498 3037 3556 translatus
3075 3503 3160 3554 est
3199 3498 3406 3566 Enoch,
3437 3515 3509 3556 ne
3538 3500 3765 3556 videret

2159 3576 2416 3628 mortem.
2450 3571 2589 3625 PAM.

2232 3644 2347 3715 (42)
2397 3643 2656 3699 Morituri
2705 3647 3094 3715 reservantur.
3134 3639 3336 3715 Alludit
3376 3638 3443 3694 ad
3485 3642 3764 3715 A_poc._c.

2160 3713 2250 3769 x1.
2284 3715 2421 3770 Hinc
2464 3722 2611 3784 patet
2653 3714 2832 3771 verior
2875 3724 2984 3768 tum
3030 3714 3302 3784 Auctoris,
3351 3719 3462 3766 tum
3508 3713 3570 3768 B.
3626 3713 3765 3768 Hie-

2158 3785 2368 3856 ronymi
2422 3783 2580 3854 epist.
2642 3786 2762 3853 148,
2813 3785 2886 3840 ad
2945 3783 3284 3848 Marcellam,
3334 3792 3385 3838 et
3438 3785 3764 3856 Augustini,

2155 3855 2213 3910 in
2245 3858 2378 3912 Gen.
2425 3855 2497 3910 ad
2527 3857 2614 3911 lit.
2648 3857 2684 3909 Ι.
2714 3870 2796 3910 vn
2827 3863 2882 3910 et
2924 3856 2989 3910 de
3017 3857 3380 3912 Peccatorum
3425 3855 3569 3910 mer.
3601 3871 3657 3911 c.
3702 3860 3765 3924 3,

2156 3927 2439 3995 sententia,
2461 3926 2606 3997 quod
2625 3929 2897 3984 morituri
2924 3929 3307 3990 reservantur,
3325 3940 3483 3996 quam
3505 3935 3596 3980 aut
3618 3928 3769 3982 Pro-

2155 3999 2313 4069 copii,
2346 3999 2438 4070 qui
2468 3997 2863 4070 immortalitate
2902 3998 3151 4070 donatos
3172 4004 3338 4070 putat,
3371 4008 3467 4052 aut
3495 3999 3769 4069 Gregorii

2153 4069 2471 4125 Nazianieni
2501 4069 2662 4123 dubia
2694 4071 2790 4124 hac
2827 4069 2894 4123 de
2925 4085 2982 4124 re
3014 4069 3214 4138 opinio.
3249 4069 3383 4123 Pw.

2226 4142 2341 4212 (43)
2388 4141 2482 4214 Ubi
2527 4144 2681 4214 sunt
2725 4141 2822 4214 illi
2865 4157 2997 4214 quos
3047 4138 3349 4214 Menander
3387 4139 3506 4210 ipse
3533 4143 3764 4213 perfu-

2158 4211 2263 4293 dit,
2291 4211 2393 4293 etc.
2426 4212 2686 4293 Baptismi
2717 4211 2887 4292 verba
2908 4221 3031 4266 sunt
3057 4212 3376 4293 perfundere
3401 4220 3451 4293 et
3471 4211 3771 4293 mergere.

2081 4271 2126 4348 Ι]
2157 4271 2352 4340 Mersio
2390 4294 2441 4338 et
2479 4271 2717 4354 perfusio
2765 4282 2875 4340 sive
2918 4271 3179 4352 aspersio,
3213 4282 3307 4337 ubi
3354 4289 3436 4354 est
3476 4271 3674 4339 danﬁs
3707 4293 3777 4338 et

2153 4355 2464 4429 accipientis
2483 4353 2623 4429 ﬁdes
2650 4354 2879 4429 integra,
2918 4369 3063 4425 asque
3113 4357 3179 4429 ad
3225 4353 3551 4429 baptismum
3597 4355 3778 4429 Chri-

2153 4423 2384 4482 stianum
2443 4426 2729 4499 pertinent.
2766 4423 2886 4482 ’llla
2934 4423 3260 4499 exordinc,
3291 4423 3554 4499 ﬁdelibus
3606 4428 3778 4482 bene

2152 4495 2486 4564 valentibus;
2556 4497 2656 4552 ista
2711 4513 2779 4552 ex
2832 4496 3181 4562 necessitate,
3235 4495 3486 4550 ﬁdelibus
3543 4499 3767 4554 morbo

2149 4569 2454 4640 implicitis,
2509 4568 3019 4641 adeoqucclinicis
3082 4568 3196 4622 sive
3259 4567 3595 4641 grabatariis.
3669 4570 3774 4625 De

2148 4639 2342 4712 quibus
2369 4650 2448 4712 est
2477 4639 2736 4712 praeclara
2767 4639 3016 4712 Cypriani
3059 4641 3310 4712 Epistola
3339 4639 3432 4712 ad,
3454 4639 3770 4711 Magnum,

2146 4710 2200 4768 et
2245 4711 2479 4783 notanda
2523 4710 2814 4783 inprimis
2859 4719 2941 4766 est
2969 4710 3438 4783 haac'sanctissimi
3483 4710 3774 4783 martyris

2146 4781 2407 4838 sententia
2456 4797 2472 4834 :
2527 4801 2550 4831 κ
2600 4781 2658 4836 In
2704 4781 3047 4839 sacramentis
3097 4781 3439 4851 salutaribus,
3489 4781 3770 4838 necessi-

2144 4861 2250 4908 tate
2293 4861 2519 4926 cOgente
2563 4860 2617 4926 ct
2661 4854 2778 4909 Deo
2822 4852 3213 4926 indulgentiam
3269 4868 3418 4909 suam
3477 4853 3773 4926 largiente

2143 4923 2735 5005 totum_crcdentibus_
2769 4923 2999 5005 confero
3055 4923 3651 5005 divina__compendis_t.
3728 4947 3760 5005 ξ

2139 4996 2441 5052 Notandum
2497 5007 2671 5052 autem
2723 4996 2992 5068 baptismo
3039 4995 3286 5067 perfundi
3333 4995 3521 5068 solitos
3571 4997 3766 5054 simul

2140 5075 2192 5140 et
2235 5068 2542 5140 mergiiex
2589 5065 3259 5140 hisi'l‘ertulliani'verbis
3309 5065 3604 5140 observare
3661 5081 3762 5126 est

2137 5138 2406 5210 duplicem
2451 5139 2505 5193 in
2555 5139 2819 5210 baptismo
2868 5148 3054 5208 ritum,
3107 5139 3430 5210 perfundere
3477 5148 3531 5196 et
3579 5158 3755 5197 mer-

2136 5226 2285 5282 gere.
2331 5210 2572 5267 Perfusio
2621 5212 2946 5268 lavationem
2993 5218 3340 5282 peccatorum
3385 5212 3671 5268 indicabat
3729 5231 3746 5270 :

2129 5281 2322 5337 mersio
2407 5294 2631 5344 mortem
2713 5292 2765 5337 et
2850 5281 3188 5354 sepulturam
3267 5291 3752 5340 commort'uorum

2129 5361 2184 5407 et
2211 5355 2644 5420 consepultorum
2679 5354 2909 5410 Christo.
2943 5356 3066 5408 th.

2200 5424 2314 5497 (44)
2343 5428 2590 5498 Apostoli
2606 5442 2880 5498 perennes
2918 5428 3174 5483 venia-nt.
3197 5424 3348 5495 Quos
3385 5427 3594 5484 scilicet
3616 5429 3746 5485 Mea

2128 5501 2334 5573 nander
2381 5497 2694 5573 baptizavitl
2729 5509 2784 5552 et
2829 5499 2995 5573 Styge
3042 5498 3130 5553 illa
3173 5513 3273 5554 sua
3327 5513 3536 5556 mersos
3591 5502 3744 5558 red-

2124 5569 2258 5627 didit
2287 5569 2637 5625 immortales.
2662 5570 2790 5626 RIG.

2192 5643 2302 5722 (45)
2325 5639 2651 5706 theatillos
2663 5657 2824 5703 meus
2843 5641 3317 5718 Thomas,audiat,
3332 5648 3742 5707 ωηεν-δειείεί
