3972 6190
576 452 673 507 783

1247 442 1693 503 TERTULLIANI
1735 440 1997 501 Ol’ERUM
2036 440 2202 499 PARS
2241 441 2307 501 ll.
2360 476 2430 487 -
2467 441 2694 503 SEHIES
2732 446 2772 511 l,
2818 445 3159 505 l’ULEMlCA.

3766 453 3856 509 783

572 585 703 645 scut,
742 576 842 628 alia
870 587 1085 644 quoque
1131 571 1373 626 membra
1421 570 1748 637 movissent;
1791 575 1844 623 et
1888 568 1934 621 si
1972 582 2164 622 manus
2195 587 2241 664 Α
2274 571 2463 626 demus
2510 572 2852 626 Atheniensis
2898 574 3028 643 (59),
3083 574 3206 627 dum
3266 576 3331 629 ab
3397 576 3744 631 histrionibus
3797 582 3861 633 ob

566 669 796 729 tantum,
830 663 925 717 sed
955 676 1063 717 non
1103 661 1158 715 in
1199 675 1441 715 caussam
1464 658 1974 727 orationis.Corpus
2005 656 2163 711 etiam

568 760 700 817 illud
732 775 840 816 non
880 760 1042 815 modo
1073 757 1225 815 fratri
1254 757 1527 825 cessisset,
1551 772 1734 812 verum
1764 762 1818 810 et
1854 754 2014 821 alias,
2044 770 2164 809 mu-

568 852 772 907 tatione
803 849 938 904 situs
982 848 1201 903 sibimet
1248 847 1352 917 ipsi
1401 846 1777 919 refrigerasset
1824 846 1964 915 (54.)
2011 842 2164 898 Certe

571 941 711 995 unde
733 940 875 993 unde
897 938 948 975 86
976 946 1099 992 sunt
1118 935 1243 1002 ista,
1260 935 1432 1009 signis
1446 938 1623 1005 potius
1653 942 1708 988 et
1736 932 1970 989 ostensis
1990 931 2164 1002 depu-

568 1031 749 1092 tanda,
772 1034 1017 1082 naturam
1038 1024 1210 1081 facere
1232 1040 1338 1079 non
1362 1031 1613 1094 possunt.
1638 1023 1784 1077 Mors
1806 1020 1851 1076 si
1868 1036 1973 1078 non
1996 1021 2162 1075 semel

568 1127 679 1174 tota
709 1126 922 1183 est,non
944 1124 1064 1185 est;
1096 1114 1144 1169 si
1173 1113 1301 1186 quid
1334 1112 1529 1166 animae
1560 1110 1901 1180 remanserit,
1930 1109 2038 1166 vita
2059 1117 2160 1164 est.

562 1208 685 1261 Non
715 1205 889 1278 magis
917 1204 1042 1260 vitae
1072 1202 1384 1258 miscebitur
1416 1216 1584 1271 mors,
1616 1217 1779 1270 quam
1809 1198 1912 1254 diei
1946 1212 2070 1253 nox.

1169 1342 1391 1400 CAPUT
1432 1342 1544 1396 LII.

636 1474 749 1529 Hoc
780 1471 944 1543 igitur
973 1485 1112 1543 Opus
1135 1468 1342 1537 mortis,
1373 1466 1766 1539 separationem
1797 1464 1971 1521 carnis
1999 1472 2160 1536 atque

561 1562 775 1624 animae,
815 1558 1050 1632 seposita
1078 1558 1377 1629 quaestione
1423 1555 1656 1611 fatorum
1683 1556 1795 1623 (55)
1828 1560 1881 1607 et
1910 1551 2159 1608 fortuito-

561 1665 703 1718 rum,
736 1647 982 1703 bifariam
1020 1644 1562 1701 distinxitvhumanus
1589 1640 1829 1705 affectus,
1862 1638 1918 1694 in
1944 1638 2159 1694 ordina-

561 1740 696 1795 riam
728 1748 781 1794 et
818 1733 1300 1793 extraordinariam
1344 1731 1611 1789 formam:
1653 1727 1981 1785 ordinarium
2027 1728 2157 1800 qui-

561 1829 685 1885 dem
742 1834 949 1882 naturte
1004 1824 1270 1895 deputans
1313 1820 1541 1892 placida:
1598 1819 1871 1890 cujusque
1926 1817 2156 1886 mortis;

560 1912 1048 1971 extraordinariam
1087 1927 1214 1967 vero
1246 1916 1438 1980 praeter
1469 1916 1711 1965 naturam
1756 1905 2001 1978 judicans
2027 1905 2155 1963 vio-

560 2006 687 2061 lenti
733 2006 956 2074 ejusque
1017 2000 1159 2055 ﬁnis.
1200 1999 1303 2067 Qui
1350 2002 1527 2055 autem
1578 1995 1871 2068 primordia
1920 1995 2155 2078 homipis
2189 1973 2233 2051 Β

559 2093 836 2159 novimus,
877 2091 1134 2146 audenter
1174 2087 1616 2157 determinamus,
1654 2092 1885 2142 mortem
1930 2100 2039 2141 non
2087 2101 2151 2140 ex

556 2190 747 2240 natura
768 2188 1011 2237 secutam
1040 2176 1335 2243 hominem,
1369 2176 1461 2233 sed
1497 2191 1561 2231 ex
1592 2175 1853 2246 culpa,ue
1883 2172 2001 2246 ipsa
2022 2174 2149 2245 qui-

556 2275 679 2330 dem
711 2269 982 2328 naturali:
1014 2268 1173 2325 facile
1204 2275 1382 2324 autem
1414 2264 1663 2337 usurpari
1692 2273 1896 2319 natura:
1925 2278 2143 2330 nomen,

560 2362 616 2418 in
645 2378 711 2418 ea
738 2375 857 2433 qum
884 2358 1133 2414 videntur
1159 2371 1190 2411 a
1219 2353 1494 2411 nativitate
1524 2370 1589 2409 ex
1625 2351 1923 2409 accidentia
1966 2352 2148 2407 adhae-

554 2452 709 2507 sisse.
740 2451 878 2505 Nam
906 2447 952 2503 si
980 2448 1150 2502 homo
1203 2445 1259 2500 in
1315 2455 1545 2500 mortem
1599 2442 1809 2498 directo
1868 2441 2144 2498 institutus

556 2541 767 2609 fuisset,
824 2547 949 2594 tunc
1003 2538 1218 2593 demum
1285 2549 1432 2589 mors
1504 2542 1707 2590 natura:
1760 2531 2139 2591 ascriberetur.

555 2631 747 2696 Porro,
789 2644 895 2685 non
926 2627 979 2681 in
1008 2634 1235 2681 mortem
1265 2623 1567 2679 institutum
1614 2637 1757 2687 eum,
1790 2621 1982 2691 probat
2024 2621 2142 2694 ipsa

554 2719 659 2785 lex,
707 2713 1056 2774 conditionali
1102 2711 1514 2771 comminatione
1561 2710 1919 2782 suspendens,
1953 2718 2010 2766 et
2056 2726 2141 2765 ar-

548 2807 709 2863 bitrio
737 2804 975 2861 hominis
1002 2802 1260 2859 addicens
1292 2800 1479 2857 mortis
1517 2807 1767 2857 eventum
1798 2798 1936 2871 (56).
1970 2798 2138 2853 Deni-

546 2910 669 2965 que,
705 2894 752 2948 si
784 2907 892 2948 non
926 2886 1098 2945 739
1126 2888 1460 2957 deliquisset,
1502 2903 1836 2959 nequaquam
1886 2886 2133 2943 obiisset.

545 2982 622 3036 Ita
651 2997 761 3035 non
792 2979 893 3033 erit
917 2978 964 3015 87
998 2986 1209 3043 natura,
1242 2977 1387 3048 quod
1424 2991 1491 3031 ex
1530 2976 1819 3033 oblationis
1866 2982 2135 3048 potestate

538 3066 737 3125 accidit
768 3083 864 3137 per
892 3065 1255 3133 voluntatem,
1289 3080 1398 3120 non
1429 3081 1495 3121 ex
1534 3064 1765 3121 instituti
1816 3064 2134 3120 auctoritate

2272 659 2637 730 praestantiam
2668 674 2797 714 auro
2826 669 3153 727 coronatur;
3189 663 3291 718 etsi
3322 678 3416 733 per
3462 664 3764 731 somnium,
3810 675 3859 719 ut

2274 747 2455 817 Plato;
2508 749 2608 803 etsi
2656 764 2756 818 per
2803 750 2991 819 risum,
3022 758 3079 805 ut
3118 749 3173 806 Ρ.
3216 750 3490 808 Crassus:
3539 753 3713 808 multo
3758 756 3863 809 vio-

2273 834 2469 891 lentior
2497 849 2666 905 mors,
2699 851 2819 907 quae
2849 852 2942 907 per
2972 836 3144 894 aliena
3163 846 3458 909 grassatur,
3480 856 3603 912 qua:
3629 841 3859 896 animam

2276 940 2371 996 per
2399 925 2685 980 commoda
2733 925 2984 996 expellit,
3016 942 3136 997 quae
3186 936 3311 983 tunc
3361 930 3496 985 mori
3527 929 3714 995 affert,
3746 947 3861 986 cum

2270 1013 2563 1083 jucundius
2589 1013 2769 1069 vivere
2826 1021 2929 1082 est,
2978 1014 3034 1069 in
3082 1016 3461 1087 exsultatione,
3522 1018 3576 1072 in
3634 1019 3859 1082 honore,

2272 1103 2324 1157 in
2357 1104 2554 1174 requie,
2578 1102 2631 1156 in
2663 1103 2955 1174 voluptate.
2986 1104 3079 1159 Vis
3104 1113 3183 1160 est
3231 1115 3282 1161 et
3311 1107 3414 1177 illa
3457 1108 3717 1181 navigiis,
3745 1124 3857 1163 cum

2269 1192 2430 1263 longe
2483 1208 2514 1245 a
2560 1191 2847 1262 Capharcis
2903 1194 3042 1248 saxis
3107 1196 3240 1266 (60),
3300 1196 3463 1251 nullis
3542 1198 3857 1268 depugnata

2271 1279 2590 1347 turbinibus,
2658 1280 2821 1335 nullis
2884 1290 3135 1353 quassata
3206 1284 3545 1351 decumanis,
3613 1286 3858 1340 adulante

2270 1370 2419 1436 flatu,
2482 1369 2694 1423 labente
2752 1385 2934 1437 cursu,
2998 1370 3213 1427 laetante
3262 1372 3539 1442 comitatu,
3602 1374 3851 1429 intestino

2268 1467 2487 1528 repente
2551 1458 2817 1528 perculsu,
2877 1473 3002 1514 cum
3055 1466 3165 1515 tota
3227 1461 3513 1517 securitate
3582 1462 3851 1518 desidunt.

2267 1547 2385 1602 Non
2433 1563 2591 1603 secus
2647 1547 2923 1617 naufragia
2979 1551 3103 1603 sunt
3148 1548 3291 1618 vitae,
3342 1549 3502 1605 etiam
3558 1551 3851 1622 tranquilim

2268 1633 2458 1690 mortis
2484 1642 2723 1693 eventus.
2757 1634 2937 1691 Nihilo
2966 1636 3131 1692 refert
3176 1637 3438 1710 integram
3470 1639 3623 1694 abire
3659 1652 3851 1709 corpo-

2266 1724 2340 1779 ris
2384 1738 2602 1795 navem,
2655 1740 2722 1781 an
2776 1724 3106 1796 dissipatam,
3157 1742 3279 1784 cum
3335 1726 3531 1784 animae
3590 1727 3850 1799 navigatio

2264 1820 2554 1870 evertatur.

2862 1956 3083 2015 CAPUT
3114 1959 3249 2016 LIII.

2332 2078 2438 2136 Sed
2466 2096 2574 2152 quo
2603 2079 2798 2138 deinde
2834 2081 3011 2137 anima
3049 2084 3197 2143 nuda
3237 2094 3290 2141 et
3337 2084 3563 2157 explosa
3612 2085 3840 2151 divertii,

2257 2169 2373 2224 sine
2419 2170 2585 2226 dubio
2634 2186 3021 2243 prosequemur
3066 2188 3133 2228 ex
3188 2172 3397 2231 ordine.
3454 2174 3612 2230 Prius
3669 2183 3843 2232 tamen

2255 2258 2397 2328 quod
2436 2268 2516 2314 est
2544 2258 2648 2316 loci
2677 2261 2842 2330 hujus
2873 2261 3229 2332 eXplebimus,
3270 2278 3337 2318 ne
3364 2263 3493 2335 quia
3523 2264 3698 2320 varios
3727 2266 3844 2320 exi-

2256 2352 2343 2399 tus
2372 2347 2561 2402 mortis
2589 2349 2876 2415 ediximus,
2900 2357 3149 2422 expectet
3174 2351 3298 2423 quis
3326 2368 3384 2407 a-
3406 2353 3567 2407 nobis
3615 2352 3841 2409 rationes

2253 2433 2612 2504 singulorum,
2654 2438 2872 2493 medicis
2918 2439 3103 2510 potius
3153 2439 3560 2512 relinquendas,
3612 2443 3840 2513 praprits

2251 2522 2466 2578 arbitris
2493 2524 2737 2580 omnium
2792 2526 3066 2583 lethalium
3121 2543 3295 2584 rerum
3336 2528 3454 2584 sive
3511 2545 3828 2595 caussarmn,

2246 2619 2299 2667 et
2329 2610 2566 2683 ipsarum
2596 2615 2958 2686 corporalium
3008 2616 3407 2673 conditionum.
3439 2618 3605 2674 Plane
3650 2620 3712 2674 ad
3748 2618 3831 2673 im-

2250 2702 2625 2757 mortalitatem
2670 2704 2861 2759 animze
2906 2705 2993 2762 hic
3053 2722 3266 2778 quoque
3330 2708 3713 2781 protegendum
3779 2707 3827 2761 in

2246 2790 2517 2872 mentione
2552 2791 2721 2849 740
2746 2795 2935 2850 mortis
2962 2794 3169 2866 aliquid
3209 2795 3276 2851 de
3322 2796 3653 2867 ejuscemodi
3698 2796 3826 2852 exitu

2243 2879 2606 2949 interstruam,
2637 2881 2692 2937 in
2730 2897 2836 2954 quo
2884 2884 3142 2954 paulatim
3200 2899 3261 2940 ac
3307 2885 3612 2940 minutatim
3663 2885 3825 2940 anima

2241 2967 2497 3025 dilabitur
2530 2988 2543 3025 :
2592 2971 2837 3026 habitum
2878 2972 3020 3028 enim
3058 2972 3335 3028 sustinens
3379 2972 3709 3039 defectionis,
3750 2973 3824 3028 ad-

2241 3055 2491 3113 ducitur:
2540 3059 2672 3115 dum
2702 3060 2911 3116 absumi
2940 3061 3172 3130 videtur,
3204 3068 3255 3116 et
3286 3062 3649 3131 conjecturam
3674 3077 3825 3133 praes-

533 3173 633 3228 per
662 3154 1058 3211 necessitatem.
1104 3153 1360 3220 Proinde,
1393 3154 1494 3210 etsi
1530 3153 1665 3211 varii
1713 3153 1891 3210 exitus
1920 3153 2129 3219 mortis,
2165 3150 2207 3229 c
2239 3154 2313 3201 tat
2342 3146 2591 3203 interitus
2638 3148 2704 3204 de
2754 3164 3011 3205 excessus
3061 3156 3448 3220 temperatura.
3480 3150 3615 3206 Tota
3660 3159 3823 3205 autem

532 3254 593 3303 ut
647 3254 729 3303 est
757 3243 1074 3302 multimoda
1118 3242 1357 3301 conditio
1415 3258 1762 3313 caussarum,
1802 3241 2013 3297 nullum
2064 3242 2135 3296 ita

534 3334 763 3393 dicimus
786 3335 984 3405 lenem,
1019 3343 1200 3391 utnon
1231 3331 1284 3389 vi
1306 3337 1502 3402 agatur
1536 3333 1674 3401 (57).
1720 3332 1844 3401 Ipsa
1870 3330 1963 3385 illa
1992 3331 2132 3386 ratio

532 3424 799 3498 Operatrix
837 3423 1048 3493 mortis,
1081 3421 1310 3494 simplex
1338 3421 1481 3489 licet,
1514 3421 1598 3477 vis
1628 3428 1727 3475 est.
1760 3418 1897 3489 Quid
1938 3420 2085 3475 enim
2105 3420 2134 3475 ‘P

533 3512 669 3582 Quae
710 3521 914 3569 tantam
943 3511 1139 3567 animae
1167 3520 1221 3567 et
1247 3509 1425 3566 carnis
1471 3508 1808 3580 societatem,
1856 3516 2055 3564 tantam
2102 3525 2134 3564 a

528 3612 792 3671 conceptu
836 3601 1242 3657 concretionem
1283 3613 1534 3657 sororum
1573 3595 1994 3655 substantiarum
2039 3596 2128 3652 di-

524 3689 676 3746 vellit
703 3704 765 3745 ac
794 3688 1011 3746 dirimit.
1043 3690 1182 3744 Nam
1220 3688 1321 3744 etsi
1349 3702 1461 3759 pra:
1491 3686 1690 3759 gaudio
1731 3684 1855 3756 quis
1882 3684 2129 3757 spiritum

477 3786 485 3796 ‘
524 3774 755 3838 exhalet,
789 3782 848 3829 ut
904 3773 1095 3830 Chilon
1125 3775 1242 3846 (58)
1291 3773 1623 3844 Spartanus,
1677 3773 1805 3828 dum
1862 3773 2123 3830 victorem

526 3860 792 3934 Olympia:
821 3858 989 3918 ﬁlium
1014 3860 1396 3933 amplectitur;
1431 3859 1534 3917 etsi
1564 3875 1675 3932 prae
1708 3859 1902 3934 gloria,
1933 3863 1992 3917 ut
2019 3861 2129 3917 Cli-

2250 3237 2303 3290 in
2332 3251 2556 3308 corpore
2587 3248 2638 3291 et
2667 3254 2730 3292 ex
2762 3253 2990 3307 corpore
3016 3245 3097 3293 est
3126 3238 3281 3294 ratio.
3313 3240 3445 3295 Nam
3476 3240 3721 3310 quisquis
3746 3238 3822 3293 ille

2243 3328 2417 3381 exitus
2448 3327 2652 3391 mortis,
2702 3327 2823 3382 sine
2866 3326 3033 3383 dubio
3069 3334 3161 3383 aut
3206 3327 3571 3394 materiarum,
3615 3339 3706 3384 aut
3752 3343 3822 3382 re-

2243 3414 2485 3486 gionum,
2543 3424 2636 3471 aut
2689 3418 2895 3471 viarum
2952 3415 3189 3472 vitalium
3237 3418 3449 3475 eversio
3491 3426 3620 3475 est:
3668 3426 3821 3475 mate-

2242 3505 2464 3576 riarum,
2527 3517 2585 3562 ut
2658 3506 2817 3574 fellis,
2889 3514 2948 3562 ut
3021 3506 3338 3580 sanguinis:
3400 3508 3712 3581 regionum,
3770 3516 3820 3562 ut

2241 3594 2441 3663 cordis,
2481 3607 2539 3651 ut
2571 3595 2801 3666 jecoris:
2834 3594 3058 3660 viarum,
3095 3604 3156 3651 ut
3183 3612 3465 3666 venarum,
3513 3605 3571 3653 ut
3619 3596 3821 3653 arteria-

2238 3700 2379 3739 rum.
2410 3685 2548 3739 Dum
2579 3683 2747 3755 igitur
2786 3686 2900 3741 htec
2947 3700 3019 3741 ex
3074 3685 3296 3757 propria
3351 3701 3568 3759 quaque
3624 3685 3818 3755 injuria:

2238 3787 2432 3830 caussa
2454 3780 2735 3830 vastantur
2763 3773 2818 3829 in
2848 3789 3097 3846 corpore,
3121 3776 3372 3849 adusque
3411 3775 3655 3832 ultimam
3683 3789 3817 3829 ever-

2238 3860 2445 3918 sionem
2467 3869 2520 3919 et
2546 3860 2924 3919 rescissionem
2954 3862 3005 3899 83
3033 3861 3296 3933 vitalium,
3316 3862 3369 3918 id
3393 3866 3478 3919 est
3504 3860 3811 3921 naturalium

1917 3987 2111 4051 Variae
2160 3992 2475 4054 lectiones.

591 4119 643 4162 96
663 4119 814 4178 Unde
845 4123 1079 4178 tantum
1101 4119 1275 4179 Rhen.
1309 4122 1466 4177 Pam.
1493 4121 1660 4181 Seml.
1690 4121 1739 4162 87
1769 4121 1893 4179 Erat
1920 4124 2079 4181 Pam.
2114 4122 2290 4181 Rhen.
2323 4125 2492 4182 Semt.
2517 4123 2567 4163 88
2598 4122 2983 4182 Recussionem
3013 4125 3171 4181 Pam.
3200 4124 3376 4183 Rhen.
3408 4122 3581 4181 Seml.

1953 4248 2453 4315 Commentarius.

590 4380 702 4461 (54)
732 4379 964 4461 Siliimet
991 4379 1107 4461 ipsi
1137 4379 1551 4461 refrigerasset.
1583 4377 1756 4461 S_im_ili
1786 4382 1969 4461 phrasi
2016 4382 2110 4437 lib.

522 4451 1107 4525 ad‘Srapuladeixit
1128 4451 1331 4525 AuctOr
1359 4468 1478 4525 cap.
1508 4451 1978 4525 4,1ndigentibus
2016 4471 2110 4511 re-

516 4493 886 4596 frigertfmus,
919 4494 975 4596 id
1005 4531 1105 4593 est,
1127 4493 1467 4594 refrigerium
1504 4493 1805 4579 afferim'Its.
1836 4493 1977 4581 PA:

591 4594 707 4669 (55)
737 4594 1001 4669 Sepositq
1020 4596 1637 4669 quastione_fatorum.
1666 4595 1784 4669 Non
1832 4597 1949 4653 vult
1974 4612 2103 4669 pro-

511 4664 763 4722 lixiorem
799 4664 938 4721 hanc
972 4664 1043 4721 de
1070 4665 1247 4721 anima
1292 4664 1709 4735 diSputationem
1754 4665 1929 4723 facere
1952 4664 1991 4722 ε’
2015 4671 2107 4724 sed

510 4737 626 4795 sive
654 4738 765 4794 fato
792 4738 1005 4809 modus
1038 4736 1228 4809 mortis
1256 4736 1483 4809 accidat,
1532 4736 1642 4795 sive
1689 4736 1927 4806 fortuito,
1963 4754 2104 4809 prae-

510 4810 761 4865 termissa
786 4808 890 4880 hac
919 4807 1218 4880 quaestione
1265 4808 1333 4861 ad
1377 4807 1705 4864 divisionem
1734 4812 1923 4866 mortis
1965 4807 2103 4880 pro-

509 4883 778 4951 greditur,
810 4879 864 4951 in
894 4878 1221 4951 ordinariam
1251 4888 1304 4933 et
1333 4880 1830 4951 extraordinariam.
1863 4878 1994 4937 Lac.

580 4950 697 5021 (56)
728 4950 971 5021 Arbitrio
1002 4948 1247 5021 hominis
1277 4949 1545 5007 addicens
1582 4953 1785 5007 mortis
1814 4957 2099 5011 eventum.

504 5019 696 5092 Locus
716 5021 803 5075 hic
828 5020 1023 5074 iterum
1054 5020 1184 5075 facit
1228 5036 1327 5090 pro
1356 5022 1592 5078 hominis
1644 5024 1810 5078 libero
1855 5024 2097 5092 arbitrio,

506 5092 655 5169 quod
685 5090 861 5163 ipsum
896 5100 1053 5169 vocat
1082 5106 1206 5169 mox
1244 5092 1375 5146 satis
1412 5108 1552 5149 nove
1583 5094 1883 5169 oblationis
1922 5090 2103 5169 potes?-

500 5162 719 5229 tate-m,
740 5177 808 5219 eo
837 5162 984 5234 quod
1013 5163 1184 5235 possit
1209 5172 1497 5235 acceptare
1528 5181 1625 5235 per
1654 5162 1985 5223 voluntatem
2012 5166 2099 5223 vi-

498 5240 616 5290 tam
645 5242 735 5290 aut
762 5233 993 5289 mortem
1014 5233 1125 5289 sibi
1154 5250 1185 5289 a
1212 5235 1327 5290 Deo
1345 5233 1615 5292 ‘oblata‘m.
1652 5237 1795 5295 Pan.

571 5306 682 5377 (57)
721 5308 784 5364 Ut
814 5320 931 5380 non
960 5307 1014 5380 ui
1047 5308 1273 5380 agatur.
1308 5305 1625 5380 Dubitatum
1654 5308 1995 5380 philosOphis
2015 5317 2098 5365 est

496 5392 630 5433 num
660 5376 808 5433 mors
864 5376 933 5431 sit
976 5376 1186 5432 homini
1236 5377 1521 5433 naturalis.
1574 5376 1938 5435 Tertullianhs
1993 5381 2092 5437 etsi

489 5447 674 5505 dicere
692 5448 935 5507 videatur
983 5463 1198 5504 omnem
1230 5457 1453 5503 mortem
1500 5465 1620 5505 esse
1676 5451 1985 5519 violentam,
2037 5452 2094 5508 id

488 5518 620 5577 dicit
651 5522 779 5593 quia
807 5535 953 5576 nunc
989 5535 1207 5592 semper
1243 5520 1509 5593 contingit
1546 5537 1621 5593 ex
1670 5522 1940 5577 contraria
1972 5518 2089 5577 ali-

493 5607 601 5662 qua
644 5592 939 5665 passione:
999 5606 1108 5647 non
1141 5602 1318 5665 tamen
1368 5592 1596 5663 prcinde
1625 5602 1808 5665 negat,
1861 5604 2088 5652 mortem
2170 5653 2175 5659 ,

487 5662 783 5739 secundum
823 5679 882 5739 se
913 5678 1036 5720 esse
1066 5662 1661 5739 secundumlnaturam,
1691 5662 1940 5739 quamvis
1966 5682 2086 5737 pro-

486 5732 605 5804 prie
651 5735 904 5805 naturalis
950 5749 1059 5796 non
1097 5736 1315 5796 omnino
1359 5734 1465 5792 dici
1514 5732 1853 5817 queat,‘quia
1891 5732 2083 5803 natura

2146 4400 2191 4478 ο
2224 4380 2582 4478 “milites?
2607 4380 3198 4478 essentesset-5.9.:

2290 4458 2405 4528 (58)
2422 4455 2581 4528 Nan;
2598 4456 2708 4511 etsi
2721 4451 2844 4528 pm
2869 4454 3070 4525 gaudio
3101 4457 3234 4528 quis
3254 4453 3546 4528 spiritum
3567 4451 3805 4518 exhalet,

2218 4530 2289 4597 ut,
2302 4524 2527 4584 Chilon.
2552 4524 2789 4597 Sumpsit
2836 4524 2957 4594 hoc,
2987 4524 3147 4597 sicuti
3168 4524 3270 4597 alia
3299 4524 3484 4597 multa,
3518 4525 3728 4597 Auctor
3753 4540 3804 4579 ex

2216 4596 2355 4667 Plin.
2387 4598 2476 4653 lib.
2511 4612 2611 4666 vn,
2633 4593 2749 4667 cap.
2786 4600 2875 4662 32,
2909 4593 3001 4651 ubi
3035 4597 3114 4652 sic
3142 4596 3253 4650 ait:
3290 4616 3313 4646 ‹
3354 4593 3496 4667 Quin
3536 4603 3611 4667 _et
3660 4595 3803 4667 {unus

2215 4666 2453 4724 Chilonis
2490 4665 2902 4735 Lacedaemonii,
2936 4683 3083 4733 cum,
3139 4668 3340 4724 victore
3372 4665 3481 4721 tilio
3521 4665 3801 4738 Olympiae,

2214 4740 2538 4820 exspirasset
2558 4741 2788 4821 gaudio,
2801 4747 2915 4795 tota
2935 4738 3142 4821 Graecia
3164 4745 3457 4821 prosecuta
3477 4736 3638 4821 est-1:»
3664 4736 3801 4821 Quod

2213 4807 2390 4881 ipsum
2420 4825 2529 4865 non
2557 4807 2634 4866 illi
2662 4807 2848 4879 modo,
2906 4812 2999 4867 sed
3064 4818 3117 4865 et
3162 4807 3504 4881 SOphocliac
3554 4808 3802 4881 Dionysio

2212 4880 2407 4936 Siciliae
2438 4890 2665 4952 tyranno
2720 4878 3003 4948 accidisse,
3036 4878 3258 4952 accepto
3304 4878 3522 4951 tragicae
3578 4878 3801 4937 victoriae

2210 4952 2392 5024 signo,
2423 4953 2564 5008 idem
2593 4952 2777 5009 scribit
2803 4969 2921 5024 cap.
2955 4956 3046 5008 53.
3080 4953 3220 5024 Pan.

2282 5022 2390 5097 (59)
2423 5025 2563 5097 Etsi
2593 5042 2716 5097 prae
2745 5022 2945 5097 gloria,
2980 5029 3071 5097 ut;
3100 5023 3381 5097 cudamus
3428 5022 3798 5080 Atheniensis.

2209 5093 2435 5152 Clidemi
2464 5093 2960 5166 cujusdam'scripta
2989 5095 3245 5166 adlegant
3294 5093 3593 5166 Athenaeus
3623 5103 3677 5150 et
3703 5096 3799 5149 Plu-

2208 5169 2427 5224 tarchus
2458 5168 2508 5223 in
2532 5162 2799 5224 Aristide.
2836 5162 2922 5223 A'n
2950 5166 3092 5222 idem
3116 5162 3199 5220 'sit
3228 5162 3429 5238 nescio,
3463 5180 3642 5238 neque
3671 5167 3795 5238 enim

2207 5239 2354 5309 apud
2376 5240 2540 5293 alium
2564 5240 2806 5312 reperire
2821 5239 2923 5296 hoc
2943 5240 3253 5312 exemplum
3275 5236 3655 5312 mortislicnit.
3672 5237 3793 5312 Pu.

2276 5311 2387 5383 (6A0)
2419 5313 2595 5383 Longe
2623 5307 3175 5383 hCaphareissaxis,
3200 5319 3301 5383 etc.
3336 5308 3412 5362 De
3442 5308 3529 5383 his
3561 5307 3635 5363 ita
3688 5310 3795 5383 Pro:

2206 5373 2405 5454 pertius
2429 5373 2640 5447 lib.'m,
2673 5373 2811 5454 elég.
2842 5383 2898 5447 7,
2931 5373 3200 5454 alludens,
3236 5379 3375 5434 sicut
3405 5385 3457 5433 et
3488 5373 3792 5454 Auctoriad

2201 5449 2427 5524 classem
2483 5449 2818 5523 Graecorum,
2863 5468 2985 5524 quae
3033 5449 3193 5524 apud:
3217 5450 3651 5524 promontorium
3688 5449 3788 5504 Eu-

2198 5522 2359 5595 bceae,
2390 5541 2580 5583 versus
2610 5519 3039 5596 Hellespontum,
3068 5519 3231 5582 valde
3245 5519 3441 5578 afflicta
3478 5520 3582 5577 fuit
3607 5540 3620 5575 :

2382 5685 2513 5736 Saxa
2544 5683 2880 5747 triumphales
2911 5683 3100 5747 fregere
3132 5680 3639 5747 Capharea_puppes.

2362 5747 2618 5813 Naufraga
2650 5738 2761 5801 cum
2794 5754 2941 5804 vasto
2970 5738 3158 5801 Graecia
3192 5738 3353 5797 tracta
3382 5738 3508 5798 dolo
3526 5738 3784 5805 'estJ’uv
