4030 6184
273 324 379 389 785

1583 301 1585 304 ⁴
1631 335 1827 402 LIBER
1865 334 1950 401 DE
1987 336 2218 402 ANIMA.

3462 336 3568 400 786

269 451 751 561 finiumisituum,‘
770 451 1096 556 officiorum,
1129 459 1435 518 necessario
1460 466 1514 518 et
1547 461 1744 532 anima,
1774 463 1864 521 di-
1897 481 1943 561 Α
1972 465 2120 540 quod
2147 464 2325 525 adhuc
2347 468 2626 523 cunctatur
2645 461 2701 521 in
2721 477 2966 537 corpore,
2989 462 3228 521 enuntiat
3250 476 3372 538 qua:
3392 461 3563 532 videt,

270 543 580 600 labentibus
626 545 885 616 paulatim
931 545 1318 618 instrumentis,
1369 559 1421 608 et
1458 552 1762 621 domiciliis,
1811 563 1866 610 et

269 631 460 704 spatiis
517 634 647 697 suis,
691 633 949 707 paulatim
1001 645 1054 692 et
1100 638 1220 708 ipsa
1275 639 1510 713 migrare
1564 641 1861 714 compulsa,

270 721 560 778 deducitur
596 722 653 778 in
690 723 1061 782 diminutionis
1108 726 1377 801 effigiem;
1409 744 1514 784 non
1545 730 1652 787 alio
1683 732 1865 801 modo,

270 827 436 884 quam
491 827 602 882 quo
655 823 709 869 et
764 813 1016 885 aurigam
1073 815 1253 888 ipsum
1322 834 1538 890 quoque
1603 815 1865 878 defecisse

267 899 638 968 praesumitur,
701 917 826 957 cum
885 902 1026 959 vires
1082 920 1342 980 equorum
1399 908 1711 982 defetigatio
1762 911 1864 966 de-

268 988 530 1059 negavit,
596 1002 858 1061 quantum
914 993 984 1048 de
1039 993 1394 1064 dispositione
1457 997 1696 1054 destituti
1753 1001 1864 1055 ho-

265 1077 451 1143 minis,
511 1093 620 1134 non
673 1079 742 1134 de
796 1080 1066 1151 passionis
1111 1083 1352 1140 veritate.
1394 1085 1619 1142 Perinde
1675 1089 1864 1161 auriga

263 1165 516 1236 corporis
555 1166 778 1236 spiritus
815 1168 1078 1241 animalis,
1119 1170 1420 1228 deﬁcientis
1460 1175 1717 1232 vectaculi
1757 1191 1861 1232 no-

265 1253 429 1319 mine,
463 1270 571 1310 non
602 1270 722 1322 suo,
755 1254 948 1324 deﬁcit,
977 1273 1146 1328 opere
1173 1260 1460 1328 decedens,
1497 1277 1604 1320 non
1645 1265 1858 1338 vigore;

263 1351 386 1398 actu
426 1343 746 1415 elanguens,
788 1361 896 1400 non
934 1355 1105 1414 statu;
1146 1351 1525 1418 constantiam,
1575 1368 1684 1410 non
1730 1353 1864 1408 sub-

261 1431 514 1486 stantiam
545 1431 872 1504 decoquens,
895 1434 1022 1505 quia
1050 1451 1360 1506 comparere
1389 1448 1583 1507 cessat,
1607 1456 1715 1496 non
1739 1441 1862 1513 quia

267 1535 411 1576 esse.
450 1519 542 1577 Sic
578 1532 634 1577 et
670 1521 855 1592 rapida
893 1539 1122 1595 quaeque
1159 1540 1308 1581 mors
1339 1527 1472 1597 (6t),
1505 1535 1564 1583 ut
1592 1527 1860 1583 cervicum

267 1609 482 1673 messis,
513 1611 754 1666 seme189
784 1619 982 1666 tantam
1010 1614 1231 1681 januam
1263 1615 1523 1684 pandens,
1552 1625 1606 1672 ut
1632 1616 1863 1673 ruinae9°

265 1697 345 1752 vis
373 1698 542 1756 semel
570 1700 750 1755 omnia
785 1700 965 1755 vitalia
983 1702 1030 1740 91
1061 1701 1266 1759 elidens
1299 1705 1432 1776 (62),
1465 1714 1520 1761 ut
1558 1704 1858 1778 ap0plexis,

266 1787 492 1844 interior
558 1788 752 1856 ruina,
813 1791 1012 1846 nullam
1071 1791 1264 1849 animae
1330 1809 1538 1851 moram
1601 1804 1856 1868 praestat,

1973 571 2094 627 quae
2122 554 2288 624 audit,
2321 569 2441 626 quae
2471 553 2659 625 incipit
2687 568 2868 610 nosse.
2903 553 2961 609 Si
2988 553 3128 608 enim
3178 569 3378 625 corpus
3422 555 3564 610 istud

1971 643 2247 700 Platonica
2293 643 2558 700 sententia
2588 641 2697 712 (63)
2727 658 2932 708 carcer,
2965 650 3216 698 cazterum
3271 645 3568 714 apostolica

1973 729 2027 802 (I
2055 733 2172 787 Cor.
2207 746 2286 795 ιη,
2321 732 2407 799 16)
2437 729 2539 785 Dei
2569 731 2988 801 tcmplum,cum
3009 730 3066 786 in
3088 731 3300 788 Christo
3333 744 3443 798 est;
3469 733 3566 788 sed

1972 819 2190 875 interim
2229 820 2464 876 animam
2511 829 2767 890 consepto
2798 836 2898 876 suo
2927 821 3180 887 obstruit,
3210 830 3264 877 et
3293 822 3564 888 obscurat,

1972 917 2025 964 et
2054 909 2398 965 concretione
2436 907 2618 964 carnis
2655 909 2900 976 infamat;
2943 910 3086 966 unde
3132 910 3232 978 illi,
3275 909 3428 968 velut
3467 928 3566 981 per

1971 1011 2225 1054 corneum
2273 1000 2516 1070 specular
2567 1000 2699 1067 (64),
2751 999 3049 1056 obsoletior
3095 1000 3195 1056 lux
3241 1015 3426 1054 rerum
3463 1007 3564 1065 est,

1971 1086 2160 1158 procul
2189 1087 2354 1144 dubio
2399 1103 2520 1144 cum
2567 1087 2618 1143 vi
2662 1088 2852 1144 mortis
2900 1089 3222 1161 eXprimitur
3249 1089 3318 1144 de
3345 1104 3566 1145 concre-

1973 1177 2116 1233 tione
2143 1177 2338 1246 carnis,
2389 1186 2440 1232 et
2483 1177 2602 1249 ipsa
2649 1177 2999 1249 expresiione
3041 1179 3274 1244 colatur,
3307 1185 3454 1234 certe
3497 1177 3566 1232 de

1971 1279 2214 1338 oppanso
2262 1268 2507 1338 corporis
2535 1265 2772 1336 erumpit
2799 1265 2852 1320 in
2885 1279 3151 1338 apertum,
3182 1266 3250 1322 ad
3281 1282 3484 1322 meram
3513 1273 3566 1321 et

1970 1370 2162 1426 puram
2205 1363 2258 1411 et
2303 1369 2460 1411 suam
2491 1355 2662 1412 lucem
2691 1354 2869 1410 statim
2899 1357 3246 1428 scmetipsam
3293 1358 3346 1412 in
3394 1371 3563 1425 expc-

1970 1441 2178 1498 ditione
2233 1442 2550 1498 substantiae
2598 1443 2976 1515 recognoscit,
3029 1455 3083 1500 et
3127 1444 3184 1498 in
3231 1444 3564 1500 divinitatem

1970 1528 2087 1600 ipsa
2116 1529 2361 1585 libertate
2392 1529 2677 1599 resipiscit,
2709 1538 2769 1586 ut
2797 1529 2866 1585 de
2897 1545 3106 1587 sommo
3145 1547 3450 1603 emergens,
3493 1531 3562 1584 ab

1968 1617 2294 1691 imaginibus
2323 1621 2388 1675 ad
2419 1620 2672 1675 veritates
2697 1638 2710 1673 :
2735 1627 2861 1677 tunc
2889 1628 2943 1674 et
2971 1619 3216 1674 enuntiat
3242 1633 3364 1690 quze
3393 1617 3558 1681 videt,

1969 1715 2094 1764 tunc
2123 1707 2355 1765 exsultat
2380 1716 2475 1764 aut
2505 1707 2760 1779 trepidat,
2809 1715 2970 1779 prout
3017 1716 3322 1779 paraturam
3360 1706 3560 1763 dever-

1969 1795 2101 1852 sorii“
2136 1796 2217 1852 sui
2256 1797 2446 1863 sentit,
2487 1795 2558 1854 de
2595 1795 2764 1867 ipsius
2801 1795 2981 1852 statim
3017 1795 3195 1869 angeli
3239 1795 3357 1868 (65)
3403 1795 3556 1860 facie,

271 1892 374 1931 nec
436 1875 725 1934 discessum
781 1881 904 1950 ejus
968 1879 1020 1934 in
1087 1891 1356 1939 momenta
1422 1884 1724 1942 discruciat.
1791 1887 1858 1940 At
1892 1868 1935 1948 Β
1967 1883 2234 1942 vocatoris
2258 1883 2581 1951 animarum,
2613 1882 2858 1940 Mercurii
2885 1868 3182 1954 poetarum.

271 1963 366 2019 ubi
425 1965 586 2038 longa
639 1983 803 2034 mors,
862 1977 1024 2040 prout
1079 1969 1349 2030 deseritur
1403 1973 1614 2045 anima,
1673 1973 1750 2030 ita
1803 1983 1856 2030 et

265 2049 503 2124 deserit;
535 2070 642 2111 non
675 2064 848 2114 tamen
898 2057 1198 2116 conciditur
1234 2060 1335 2118 hac
1363 2061 1514 2126 facie,
1546 2063 1642 2120 sed
1670 2069 1852 2120 extra-

261 2140 447 2210 hitur;
509 2153 563 2198 et
617 2144 746 2200 dum
801 2147 1141 2219 extrahitur,
1209 2153 1635 2221 postremitatem
1696 2170 1852 2210 suam

264 2242 468 2300 partem
516 2232 685 2289 videri
735 2234 880 2291 facit.
915 2235 1034 2291 Non
1066 2239 1241 2292 omnis
1283 2247 1463 2296 autem
1513 2257 1634 2310 pars
1670 2241 1852 2298 statim

260 2326 313 2372 et
353 2320 598 2376 abscissa
648 2331 730 2378 est
781 2323 906 2396 quia
956 2332 1167 2394 postera
1205 2335 1316 2398 est;
1359 2345 1455 2384 nec
1491 2330 1614 2401 quia
1653 2332 1850 2402 exigua

257 2415 360 2477 est,
397 2410 580 2464 statim
617 2419 670 2466 et
709 2413 823 2482 ipsa
858 2415 908 2452 92
948 2414 1186 2484 peritura
1221 2426 1322 2472 est.
1364 2418 1616 2488 Sequitur
1653 2420 1850 2477 seriem

258 2511 392 2552 suus
420 2497 562 2568 finis,
604 2507 659 2555 et
697 2499 835 2556 14!
869 2503 1210 2561 mediocritas
1242 2503 1469 2560 trahitur
1505 2507 1572 2561 ad
1612 2523 1844 2575 summa,

258 2593 311 2639 et
350 2586 590 2658 reliquiae
621 2589 951 2645 universitati
985 2594 1318 2648 cohaerentes
1358 2604 1732 2664 exspectantur
1769 2597 1840 2652 ad

258 2672 370 2739 illa,
403 2691 508 2730 non
541 2678 935 2748 derelinquunt.
959 2682 1133 2751 Atque
1163 2681 1234 2734 ita
1262 2684 1431 2737 ausim
1460 2683 1661 2749 dicere,
1686 2685 1850 2740 totius

257 2763 525 2836 ultimum,
561 2777 728 2821 totum
760 2777 840 2823 est
872 2787 885 2822 :
925 2770 1055 2839 quia
1086 2770 1209 2826 licet
1236 2771 1410 2827 minus
1457 2784 1617 2846 atque
1656 2782 1846 2844 poste-

253 2853 371 2907 rius
408 2855 496 2919 sit,
539 2856 708 2924 ipsius
747 2870 844 2912 est.
886 2859 1023 2917 Hinc
1058 2860 1292 2932 denique
1321 2862 1517 2933 evenit,
1551 2881 1696 2934 saepe
1726 2865 1850 2921 ani-

252 2957 404 2995 mum
439 2942 493 2996 in
539 2943 657 3014 ipso
688 2944 916 3002 divortio
957 2948 1227 3018 potentius
1266 2949 1484 3022 agitari,
1517 2951 1842 3011 sollicitiore

250 3029 472 3100 obtutu,
518 3033 934 3090 extraordinaria
982 3036 1322 3107 loquacitate,
1377 3039 1506 3094 dum
1543 3055 1608 3094 ex
1650 3043 1841 3112 majori

2557 2025 2786 2086 CAPUT
2823 2023 2956 2084 LIV.

2031 2151 2153 2223 Quo
2191 2152 2357 2228 igitur
2400 2150 2700 2210 deducetur
2727 2150 2926 2218 anima,
2954 2150 3068 2220 jam
3100 2147 3226 2206 hinc
3255 2146 3555 2205 reddimus.

1958 2241 2162 2298 Omnes
2209 2241 2377 2297 ferme
2426 2239 2757 2314 philosOphi,
2809 2239 2901 2311 qui
2939 2237 3394 2294 immortalitatem
3432 2237 3556 2294 ani-

1959 2346 2081 2396 mae,
2113 2329 2348 2402 qualiter
2384 2329 2590 2392 volunt,
2625 2338 2801 2384 tamen
2830 2327 2882 2366 93
2911 2325 3201 2392 vindicant,
3251 2335 3310 2380 ut
3356 2325 3559 2396 Pytha-

1957 2435 2142 2492 goras,
2184 2427 2240 2474 ut
2285 2416 2660 2490 Empedocles,
2694 2423 2753 2472 ut
2780 2415 2958 2482 Plato,
2990 2415 3188 2486 quique
3215 2414 3430 2486 aliquod
3479 2413 3556 2469 illi

1961 2518 2173 2578 tempus
2209 2506 2495 2577 indulgent
2523 2507 2640 2577 (66)
2679 2506 2745 2562 ab
2781 2521 3007 2561 excessu
3046 2519 3216 2574 usque
3251 2503 3307 2557 in
3343 2502 3556 2559 conﬂa-

1957 2597 2263 2671 grationern
2315 2593 2698 2666 univcrsitatis,
2755 2601 2815 2650 ut
2871 2591 3057 2659 Stoici,
3116 2607 3242 2648 suas
3295 2594 3456 2658 solas,
3499 2593 3553 2647 id

1958 2695 2040 2742 est
2094 2685 2403 2759 sapientum
2460 2685 2701 2750 animas,
2761 2681 2816 2736 in
2877 2682 3128 2753 supernis
3183 2681 3554 2739 mansionibus

1962 2776 2249 2832 collocant.
2286 2771 2452 2832 742
2483 2773 2634 2828 Plato
2663 2770 2884 2840 quidem
2915 2786 3022 2825 non
3056 2779 3254 2826 temere
3287 2772 3401 2843 (67)
3435 2772 3551 2839 phi-

1961 2864 2314 2937 losOphorum
2351 2861 2632 2916 animabus
2674 2860 2778 2915 hoc
2824 2866 3060 2929 praestat,
3101 2859 3198 2916 sed
3233 2875 3421 2916 eorum
3459 2863 3550 2932 qui

1959 2951 2352 3023 philosophiam
2408 2949 2612 3006 scilicet
2675 2947 3050 3006 exornavcrint
3104 2965 3286 3006 amore
3344 2965 3548 3019 puero-

1948 3057 2088 3097 rum.
2135 3040 2289 3096 Adeo
2332 3038 2493 3094 etiam
2531 3038 2669 3094 inter
2699 3037 3052 3108 philosophos
3092 3054 3348 3113 magnum
3381 3039 3548 3095 habet

249 3127 538 3191 suggestu,
581 3119 694 3190 jam
741 3120 796 3176 in
840 3123 1010 3181 libero
1039 3101 1343 3198 constituta,
1375 3142 1472 3199 per
1508 3101 1838 3199 superﬂuum
1870 3101 1914 3180 C
1942 3129 2287 3204 privilegium
2314 3125 2620 3199 impuritas.
2650 3101 2836 3198 Itaque
2874 3101 3020 3198 apud
3069 3101 3219 3184 illum
3267 3127 3321 3184 in
3369 3129 3542 3185 aethe-

1611 3277 1804 3344 Variae
1837 3283 2153 3345 lectiones.

320 3403 378 3486 39.
400 3404 644 3486 Achadd.
673 3409 792 3486 βίᾳ.
824 3411 959 3486 _Ven.
987 3409 1050 3486 9°_
1068 3411 1136 3465 Ut
1173 3409 1340 3486 ruinae
1363 3409 1537 3486 Rhea.
1570 3414 1726 3486 Pam.
1754 3414 1924 3470 Seml.
1953 3413 2177 3472 Oberth.
2209 3422 2266 3486 ut
2295 3415 2449 3468 ruina
2475 3414 2593 3470 cod.
2625 3412 2801 3486 Αςιοίν.Δ
2821 3412 3103 3486 ειιῑλτιιίηω
3135 3413 3252 3484 Rig.
3285 3414 3409 3486 Ven.
3447 3414 3541 3469 lib.

251 3475 463 3562 Ursini.
495 3475 541 3515 91
571 3475 756 3534 Vitaliti
781 3481 930 3538 abest
958 3496 994 3536 a
1021 3483 1152 3537 Par.
1185 3481 1336 3540 aliis.
1393 3481 1444 3521 93
1494 3484 1616 3556 Ipsa
1646 3485 1798 3540 abest
1839 3503 1875 3541 a
1902 3487 2034 3543 Par.
2066 3487 2197 3544 aliis
2225 3485 2278 3526 93
2306 3486 2540 3542 Tantum
2571 3475 2746 3542 Rhe’n.
2773 3483 2942 3542 Seml.
2977 3475 3250 3554 tanquam.
3273 3485 3432 3541 Pam.

1650 3633 2152 3699 Commentarius.

317 3767 433 3837 (61)
452 3768 544 3840 Sic
573 3771 625 3821 et
657 3766 853 3838 rapida
882 3785 1112 3840 quisque
1137 3785 1306 3824 mors.
1337 3768 1548 3840 Tractat
1574 3768 1662 3840 hic
1689 3784 1834 3839 quae-

240 3837 478 3908 stionem
509 3837 575 3892 de
594 3837 861 3908 qualitate
890 3837 1094 3894 mortis.
1127 3840 1263 3893 Nam
1290 3839 1358 3894 ad
1386 3839 1579 3895 animae
1611 3837 1838 3894 immor-

241 3907 530 3976 talitatem,
559 3907 676 3965 sive
706 3909 1106 3966 diuturnitatem
1137 3920 1257 3978 post
1287 3918 1513 3965 mortem
1544 3911 1834 3980 plurimum

237 3981 555 4053 conducere
593 3980 778 4034 mortis
814 3996 987 4052 genus
1017 3981 1292 4053 putabant
1346 3980 1652 4053 philosophi
1692 3997 1832 4053 prae-

236 4049 423 4121 cipue,
458 4049 555 4121 qui
583 4049 896 4121 corpoream
937 4049 1170 4107 animam
1216 4049 1706 4108 cum'Tertulliano
1745 4051 1834 4107 fa-

239 4121 482 4185 ciebant,
519 4128 575 4193 ut.
604 4121 786 4189 Stoici,
833 4138 902 4176 an
950 4123 1157 4178 scilicet
1194 4125 1346 4177 ruina
1375 4138 1664 4192 oppressus
1692 4122 1832 4193 quis,

241 4208 312 4244 an
342 4207 485 4262 aqua
515 4192 759 4265 obrutus,
799 4193 882 4265 vel
930 4193 1034 4247 alio
1081 4209 1282 4265 genere
1319 4192 1837 4265 mortisrepentinte

1941 3767 2036 3841 qui
2064 3767 2753 3841 similitergingCharmide
2789 3767 2996 3841 vocavit
3031 3782 3244 3822 carnem
3281 3783 3538 3824 corneum

1943 3839 2208 3910 specular.
2267 3839 2469 3895 Alludit
2521 3846 2766 3910 uterque,
2805 3839 2872 3893 ad
2930 3845 3114 3908 portas
3141 3854 3422 3910 Acorneam
3481 3847 3539 3894 ct

1942 3907 2235 3966 eburneam
2265 3912 2600 3968 somniorum
2627 3907 2772 3979 apud
2802 3907 3110 3965 Homerum.
3139 3907 3269 3964 Lac.

2011 3982 2125 4062 (65)
2159 3985 2231 4038 De
2259 3983 2436 4062 ipsias
2464 3985 2665 4062 statim
2703 3980 2908 4062 angeli,
2941 3991 3051 4062 etc.
3087 3979 3243 4035 Putat
3281 3996 3542 4062 apparere

1941 4051 2190 4124 cuiquam
2246 4051 2590 4124 a‘ngelumin
2621 4051 2728 4124 ﬁne
2755 4051 2896 4124 vitae,
2919 4051 3060 4124 sicut
3088 4065 3250 4119 supra
3278 4051 3332 4124 in
3362 4052 3540 4121 initio,

1943 4130 1996 4174 et
2040 4121 2072 4176 εἰ
2117 4121 2390 4179 nativitate
2436 4123 2694 4177 iudicavit
2719 4121 2992 4192 comitari;
3048 4129 3101 4176 et
3129 4123 3408 4193 angelum
3440 4125 3540 4179 de-

1947 4192 2224 4247 ductorem
2255 4203 2402 4249 notat
2429 4194 2496 4247 de
2523 4208 2633 4262 quo
2661 4193 3097 4262 Chrysostomus,
3129 4191 3274 4246 hom.
3306 4197 3372 4248 29
3394 4196 3458 4248 in
3488 4211 3536 4251 c.

254 4241 900 4336 ὲᾷρὲἓὲῐιιιῖῖὲέἐῖἐίιιέῖἓ)
931 4241 1837 4336 ἶὶὲηῗ”ἐ’ἱὶιὲέιῖιῖι’ίὶ“ίιὲιίἓὲέξ’ῌὸῖι
1871 4241 1915 4319 D
1950 4241 3538 4336 vai'naizti'ei'iaat'ae155.15,"satisfamae:

255 4343 473 4401 propter
502 4343 755 4396 mortem,
803 4333 896 4389 sed
942 4344 1166 4404 propter
1213 4333 1400 4390 mortis
1443 4333 1839 4404 genus-Grave

248 4412 350 4477 est
380 4405 546 4477 enim,
597 4405 891 4477 secundum
944 4403 1480 4477 Homerum,7perire
1541 4403 1842 4477 naufragio,

255 4473 390 4598 aia
417 4476 590 4529 anima
618 4484 700 4529 est
725 4476 909 4547 ignea,
937 4487 991 4531 et
1017 4476 1281 4548 exstingui
1302 4473 1522 4530 videtur
1549 4474 1604 4528 in
1635 4473 1787 4530 mar'i.
1816 4495 1840 4526 ι

345 4559 394 4597 c.

345 4559 394 4597 C.

327 4614 443 4682 (62)
469 4617 534 4672 Ut
552 4617 739 4674 ruina:
755 4617 836 4673 vis
849 4618 1020 4674 semel
1039 4618 1230 4673 omnia
1246 4619 1447 4674 vitalia
1467 4616 1697 4672 elidens.
1719 4613 1845 4668 Tria

245 4685 440 4739 mortis
471 4703 672 4759 genera
700 4687 1103 4759 diligentissime
1129 4696 1278 4742 notat
1308 4691 1506 4743 Auctor
1531 4704 1544 4740 :
1579 4701 1741 4740 unum
1761 4699 1842 4759 Acx

238 4771 407 4828 causa
439 4754 762 4824 eitrinseca,
798 4754 861 4812 Iit
895 4758 1208 4828 decollatio;
1249 4759 1476 4814 alterum
1503 4773 1534 4812 a
1561 4772 1719 4813 causa
1756 4754 1845 4828 in-

240 4826 500 4902 trinseca,
532 4836 593 4881 ut
619 4830 928 4900 apoplexis;
963 4829 1172 4884 tertium
1196 4826 1274 4883 ab
1305 4839 1548 4902 utraque,
1590 4837 1647 4884 ut
1672 4827 1842 4902 ruina

234 4897 454 4953 elidens
505 4897 743 4970 corpus,
785 4902 938 4970 cujus
985 4911 1272 4971 propterea
1328 4897 1580 4956 intestina
1634 4899 1842 4956 viscera

236 4977 690 5038 corrumpuntur.
730 4973 865 5026 Lac.

316 5041 434 5108 (63)
478 5041 687 5112 Corpus
734 5042 890 5098 istud
940 5042 1234 5098 Platonica
1275 5043 1585 5106 sententia,
1632 5050 1738 5098 etc.
1778 5040 1840 5096 S.

237 5109 593 5184 Hieronymo
634 5112 832 5184 objecit
887 5113 1175 5184 Ruftinus,
1235 5115 1382 5184 quod
1437 5114 1491 5168 in
1549 5118 1837 5166 comment.

236 5184 409 5250 epist.
441 5182 510 5236 ad
553 5184 753 5256 Ephes.
795 5183 1016 5256 dixisget
1053 5182 1267 5256 corpus
1299 5187 1511 5240 anima:
1538 5199 1839 5256 carcerem,

233 5262 408 5326 atque
445 5255 837 5326 resipondetgex
877 5252 1364 5326 Origcnis'dixisse
1407 5253 1690 5326 sententia,
1724 5252 1839 5326 qui,

237 5332 307 5376 ut
343 5322 398 5375 in
436 5324 640 5392 multis,
697 5324 861 5380 etiam
916 5322 1003 5379 iu'
1028 5327 1128 5380 hoc
1187 5326 1467 5380 Platonem
1522 5333 1603 5378 est
1655 5322 1842 5378 imita-

236 5403 356 5448 tus.
414 5393 585 5449 Facilc
617 5396 670 5451 id
701 5394 804 5450 sibi
836 5395 1044 5451 induxit
1083 5395 1370 5466 Origenes,
1411 5404 1464 5450 et
1501 5395 1592 5465 qui
1615 5394 1843 5466 animas

235 5470 508 5590 putarulnt
535 5466 606 5522 ob
635 5466 830 5522 delicta
875 5481 907 5520 a
952 5481 1165 5522 summo
1188 5465 1309 5523 ’Deo
1339 5466 1573 5520 intrusas
1611 5465 1665 5520 in
1712 5479 1840 5522 cor-

238 5549 405 5590 pora.
481 5552 573 5590 ac.

285 5549 405 5591 01⁸8.
440 5549 573 5591 LAC.

238 5551 574 5672 ρο(ῗὶᾲρὶὲτῖ
622 5623 889 5667 corneum
942 5609 1218 5682 specular.
1264 5605 1534 5664 Platonem
1582 5605 1838 5674 imitatur,

1947 4335 2075 4390 an.

2026 4404 2140 4472 (66)
2182 4405 2391 4475 Quique
2420 4401 2644 4475 aliquod
2688 4403 3044 4475 illihtempus
3088 4403 3402 4474 indulgent.
3435 4405 3541 4460 Ra-

1952 4471 2164 4530 tionalis
2202 4471 2430 4528 ian'imze
2494 4471 3050 4540 incorruptibilitatem
3119 4471 3306 4529 omnes
3377 4476 3540 4531 ferme

1953 4545 2257 4616 philosophi
2301 4547 2614 4612 adstruunt;
2678 4542 2839 4598 Stoici
2901 4557 3054 4612 vero,
3121 4543 3246 4616 licet
3306 4545 3538 4601 animam

1952 4625 2073 4685 post
2101 4614 2323 4672 mortem
2357 4629 2638 4685 remanere
2668 4622 2880 4685 putent,
2907 4614 3311 4682 corruptibilem
3363 4623 3539 4670 tamen

1950 4684 2194 4742 eredunt.
2243 4688 2398 4744 Unde
2445 4684 2672 4748 Tullius,
2722 4684 2817 4738 lib.
2869 4700 2906 4752 ι,
2963 4685 3182 4740 Tuscul.
3233 4701 3246 4736 :
3303 4704 3329 4735 α
3371 4685 3538 4740 Stoici

1951 4773 2168 4812 usuram
2218 4759 2372 4812 nobis
2417 4757 2722 4827 largiuntur
2770 4764 3020 4826 tanquam
3069 4753 3531 4827 cornicibustdu

1950 4844 2233 4883 mansuras
2279 4830 2487 4883 animas
2511 4826 2705 4891 aiunt,
2751 4842 2969 4898 semper
3011 4832 3231 4899 negant.
3267 4846 3289 4874 ι
3327 4826 3402 4879 La
3432 4826 3536 4884 Pn.

1950 4900 2396 4956 emendantibus.
2428 4901 2566 4954 Enn.

2020 4973 2136 5039 (67)
2168 4971 2331 5026 Plato
2362 4969 2582 5042 quidem
2604 4986 2716 5042 non
2737 4971 2962 5042 temere.
2985 4965 3158 5042 Habes
3178 4965 3280 5042 hoc
3294 4965 3539 5042 Platonis

1950 5037 2257 5109 paradoxon
2305 5037 2493 5109 partim
2526 5041 2579 5094 in
2609 5038 2902 5110 Phaedone,
2938 5038 3128 5110 partim
3173 5037 3234 5110 in
3284 5038 3538 5110 Phaedro,

1949 5108 2180 5183 denique
2228 5108 2383 5183 etin
2440 5113 2672 5177 Timwo;
2703 5109 2794 5166 ubi
2823 5110 2980 5183 docet
3015 5108 3185 5183 (quod
3229 5111 3396 5183 etiam
3417 5108 3540 5183 cap.

1949 5197 2066 5263 seq.
2093 5180 2319 5255 ‘repetit
2371 5183 2717 5263 Aucto.r)r.in
2775 5180 3024 5235 aetherem
3084 5181 3264 5263 (sive,
3326 5181 3403 5263 uti
3454 5182 3540 5263 10-:

1947 5251 2147 5324 quitur,
2191 5251 2381 5324 puram
2430 5253 2835 5324 habitationem!
2861 5267 2954 5307 seu
3001 5251 3227 5324 coelum)
3264 5252 3540 5324 sublimari

1950 5323 2158 5395 animas
2193 5322 2470 5395 sapientes
2515 5339 2638 5378 cum
2687 5322 2870 5394 pueris
2910 5339 2926 5377 :
2974 5323 3140 5394 quod,
3187 5323 3288 5395 etsi
3338 5323 3544 5395 Auctor

1951 5393 2106 5450 aliter
2134 5391 2536 5464 interpretetur,
2570 5391 2834 5450 Marsilius
2882 5391 3061 5448 tamen
3111 5393 3311 5448 mavult
3341 5391 3542 5446 referre

1951 5465 2015 5520 ad
2071 5482 2197 5532 eos,
2255 5466 2346 5536 qui
2402 5465 2756 5538 philosophiae
2817 5464 3204 5522 institutionem
3251 5477 3540 5530 puerorum

1952 5538 2364 5608 conjunxerant.
2402 5538 2545 5593 Pan.
