3972 6190
229 357 312 422 789
1547 352 1744 416 LIBER
1781 351 1866 416 DE
1903 351 2134 418 ANIMA.

3383 351 3492 416 790

225 486 312 544 tuis
335 483 522 542 idem?
555 505 582 536 ιο
613 479 736 553 Quo
773 495 912 581 ergo
961 477 1140 538 anima
1193 479 1355 581 modo
1421 479 1692 581 exhalabit
1736 481 1794 538 in
1821 497 1870 578 Α
1899 489 2010 581 net,
2058 497 2166 539 non
2310 474 2563 538 mollibus
2609 476 2850 538 febribus
2891 487 2942 538 et
2987 481 3042 581 in
3088 478 3336 550 lectulis,
3389 480 3488 538 sed

222 579 392 636 culum
420 575 558 646 (73),
603 573 816 631 Christo
841 571 950 628 illic
989 572 1164 630 adhuc
1191 571 1415 630 sedente
1470 571 1539 630 ad
1597 572 1788 630 dexte—

221 683 317 724 ram
353 664 540 730 Patris,
573 663 816 720 nondum
845 661 946 718 Dei
981 661 1140 731 jussu
1169 677 1264 733 per
1315 663 1500 718 tubam
1549 665 1783 720 archan-

219 756 308 828 geli
345 754 529 811 audito
557 753 690 824 (74),
745 749 910 808 744
959 750 1200 806 nondum
1249 750 1352 808 illis
1397 767 1534 824 quos
1570 753 1788 808 Domini

220 845 460 901 adventus
505 842 560 896 in
619 839 820 898 saeculo
861 839 1130 898 invenerit
1185 839 1397 898 obviam
1441 841 1492 898 ei
1541 843 1786 914 ereptis6

217 933 264 989 in
289 947 481 996 aerem,
522 945 644 986 cum
673 929 758 984 his
781 929 874 1002 qui
907 930 1100 985 mortui
1149 931 1202 986 in
1241 931 1454 990 Christo
1482 931 1640 1003 primi
1689 947 1783 988 re-

217 1021 466 1094 surgent?
492 1017 638 1076 Nulli
669 1025 818 1090 patet
845 1019 1064 1090 caelum,
1115 1028 1257 1076 terra
1285 1019 1460 1078 adhuc
1495 1023 1663 1091 salva,
1715 1037 1784 1078 ne

215 1109 426 1166 dixerim
497 1108 701 1165 clausa.
776 1107 908 1164 Cum
971 1109 1332 1166 transactione
1391 1111 1534 1166 enim
1597 1109 1785 1168 mundi

214 1198 580 1254 reserabuntur
609 1212 776 1268 regna
817 1197 1102 1254 caelorum.
1150 1199 1258 1254 Sed
1287 1199 1342 1253 in
1399 1201 1597 1256 aethere
1652 1201 1785 1258 dor-

213 1287 348 1344 mitio
389 1295 592 1352 nostra,
642 1301 763 1342 cum
813 1287 996 1358 pueris
1034 1288 1056 1324 7
1113 1287 1349 1344 Platonis
1387 1289 1548 1361 ('75);
1595 1301 1686 1346 aut
1730 1289 1786 1346 in

215 1392 346 1441 aere,
378 1391 499 1432 cum
543 1374 712 1441 Ario;
767 1381 862 1432 aut
899 1375 1042 1433 circa
1075 1375 1281 1446 lunam,
1331 1395 1454 1436 cum
1489 1379 1786 1452 Endymio-

211 1465 358 1520 nibus
399 1462 708 1520 Stoicorum
762 1467 898 1534 (76).
939 1483 964 1516 α
1013 1466 1148 1530 Imo,
1199 1465 1402 1538 inquis,
1423 1467 1478 1522 in
1512 1469 1782 1540 paradiso,

209 1569 308 1626 quo
331 1553 442 1623 jam
473 1559 602 1608 tunc
631 1561 685 1608 et
721 1551 1032 1623 patriarchae
1063 1554 1178 1627 ('77)
1206 1562 1260 1610 et
1287 1557 1564 1627 prophetae
1591 1572 1788 1628 appen-

210 1643 348 1700 dices
409 1640 708 1697 Dominica:
736 1642 1166 1710 resurrectionis,
1197 1643 1264 1698 ab
1293 1643 1482 1700 inferis
1511 1645 1783 1718 migrave-

209 1733 328 1788 rint.
357 1751 378 1781 ιι
411 1731 498 1796 Et,
528 1731 796 1802 quomodo
825 1731 1016 1788 Joanni
1048 1731 1104 1787 in
1148 1732 1338 1803 spiritu
1369 1734 1604 1804 paradisi
1633 1735 1786 1808 regio

213 1821 462 1886 revelata,
517 1835 640 1892 quae
685 1819 972 1890 subjicitur
1017 1820 1171 1876 altari
1214 1824 1342 1892 (78),
1398 1821 1561 1880 745
1607 1823 1786 1880 nullas

216 1911 346 1966 alias
381 1910 578 1966 animas
614 1909 764 1981 apud
810 1925 868 1964 se
915 1917 1112 1982 praeter
1155 1918 1452 1982 martyrum
1498 1913 1784 1968 ostendit?

212 1997 490 2068 Quomodo
517 2005 776 2071 perpetua
801 1997 1099 2054 fortissima
1128 2009 1330 2074 martyr
1358 2001 1492 2072 (79),
1543 2002 1644 2056 sub
1691 2002 1780 2058 die

197 2086 480 2159 passionis,
505 2087 560 2142 in
605 2087 932 2144 revelatione
975 2087 1234 2159 paradisi,
1283 2086 1433 2146 solos
1477 2089 1586 2146 illic
1631 2105 1782 2146 com-

195 2183 452 2246 martyres
491 2189 618 2232 suos
647 2176 799 2242 vidit,
837 2177 943 2232 nisi
988 2179 1113 2249 quia
1141 2175 1306 2232 nullis
1335 2179 1606 2250 romphaea
1635 2195 1784 2250 para-

192 2264 294 2320 disi
317 2263 536 2334 janitrix
566 2265 726 2330 cedit,
759 2264 867 2320 nisi
899 2265 995 2337 qui
1023 2265 1078 2320 in
1127 2266 1344 2322 Christo
1373 2267 1704 2344 decesserint
1730 2269 1774 2338 ⁸,

189 2371 292 2412 non
323 2355 378 2410 in
407 2355 580 2409 Adam
601 2357 630 2408 ε)
657 2355 809 2412 Nova
836 2369 984 2410 mors
1031 2371 1128 2423 pro
1183 2355 1324 2424 Deo,
1382 2365 1436 2412 et
1491 2357 1784 2412 extraordi-

188 2444 330 2499 naria
359 2460 458 2516 pro
497 2443 730 2510 Christo,
762 2444 868 2500 alio
917 2453 970 2500 et
1003 2443 1216 2516 privato
1263 2445 1530 2516 excipitur
1583 2446 1778 2518 hospi-

185 2533 280 2588 tio.
303 2535 554 2606 Agnosco
591 2533 772 2605 itaque
816 2532 1182 2590 differentiam
1238 2534 1440 2590 ethnici
1493 2543 1546 2590 et
1601 2535 1780 2592 ﬁdelis

184 2622 236 2678 in
269 2629 462 2679 morte.
498 2622 554 2678 Si
586 2637 682 2694 pro
713 2623 828 2678 Deo
857 2624 1164 2688 occumbas,
1214 2633 1273 2678 ut
1311 2623 1618 2680 Paracletus
1655 2639 1778 2679 mo-

1901 571 1956 627 in
2012 570 2298 643 martyriis,
2349 573 2390 626 si
2445 585 2656 628 crucem
2723 576 2870 626 tuam
2925 571 3098 638 tollas,
3144 579 3198 628 et
3243 572 3489 645 sequaris

1894 662 2207 730 Dominum,
2244 669 2301 716 ut
2339 661 2455 732 ipse
2497 659 2760 733 praecepit
2787 661 3002 730 (Matth.
3045 661 3140 732 x);
3181 669 3288 716 tota
3319 679 3482 734 para-

1894 750 1998 806 disi
2027 751 2192 809 clavis
2222 758 2346 806 tuus
2371 751 2596 824 sanguis
2631 757 2734 806 est.
2777 751 2956 806 Habes
2995 749 3155 808 etiam
3195 753 3262 807 de
3301 755 3486 807 Para-

1893 841 2008 898 dt'so
2037 856 2068 895 a
2099 839 2255 895 nobis
2283 839 2522 896 libellum
2558 841 2696 910 (80),
2728 853 2832 912 quo
2860 839 3242 896 constituimus
3269 855 3488 896 omnem

1890 929 2121 985 animam
2161 929 2306 1000 apud
2335 929 2538 986 inferos
2565 927 2891 1001 sequestrari
2947 928 3004 984 in
3049 929 3196 986 diem
3241 930 3481 986 Domini.

2479 1071 2706 1126 CAPUT
2753 1071 2886 1128 LVI.

1961 1197 2206 1254 Occurrit
2232 1195 2576 1267 disceptatio,
2607 1211 2674 1250 an
2705 1196 2864 1250 etiam
2896 1197 3001 1252 hoc
3030 1197 3097 1252 ab
3126 1212 3353 1254 excessu
3383 1206 3488 1254 sta-

1893 1284 1984 1340 tim
2013 1285 2124 1354 fiat,
2175 1299 2248 1340 an
2283 1285 2544 1356 quasdam
2589 1285 2796 1340 animas
2842 1284 3022 1356 aliqua
3060 1287 3198 1342 ratio
3248 1287 3489 1343 detineat

1891 1373 1977 1429 hic
2005 1371 2240 1438 interim,
2281 1388 2348 1428 an
2388 1373 2548 1430 etiam
2587 1379 2829 1444 receptas
2865 1371 3028 1428 liceat
3065 1383 3256 1446 postea
3282 1376 3349 1430 ab
3396 1375 3486 1430 in-

1893 1460 2023 1517 feris
2059 1478 2124 1517 ex
2171 1461 2395 1517 arbitrio
2437 1463 2520 1516 vel
2571 1477 2637 1516 ex
2682 1459 2913 1532 imperio
2959 1461 3287 1518 intervenire
3338 1480 3350 1520 :
3387 1478 3488 1518 nec
3551 1459 3560 1466 ’

1893 1551 2084 1606 harum
2136 1552 2280 1606 enim
2332 1551 2650 1620 opinionum
2706 1549 2969 1606 suasoriae
3025 1551 3240 1606 desunt.
3293 1551 3482 1608 Credi-

1895 1655 2012 1702 tum
2063 1653 2165 1710 est,
2203 1643 2502 1715 insepultos
2557 1657 2666 1698 non
2729 1652 2852 1698 ante
2901 1641 2970 1696 ad
3025 1641 3228 1698 inferos
3286 1641 3484 1714 redigi,

1893 1749 2049 1804 quam
2079 1737 2226 1804 justa
2273 1731 2629 1804 perceperint,
2663 1731 2958 1788 secundum
2999 1732 3346 1790 Homericum
3385 1733 3484 1786 Pa-

1895 1824 2122 1879 troclum
2153 1821 2268 1894 (8t)
2301 1821 2464 1878 funus
2493 1821 2548 1875 in
2569 1819 2778 1876 somnis
2807 1820 2872 1874 de
2892 1818 3104 1876 Achille
3129 1821 3481 1892 ﬂagitantem,

1891 1911 2034 1984 quod
2073 1925 2184 1967 non
2221 1910 2352 1966 alias
2381 1909 2529 1964 adire
2567 1915 2753 1980 portas
2781 1907 3012 1964 inferum
3059 1917 3266 1980 posset,
3297 1925 3484 1966 arcen-

1893 2001 2034 2057 tibus
2062 2015 2184 2056 eum
2239 1998 2402 2074 longe
2455 1997 2736 2054 animabus
2791 1995 3154 2068 sepultorum.
3217 1996 3482 2053 Novimus

1891 2099 2087 2158 autem,
2119 2099 2315 2162 praeter
2345 2087 2552 2158 poetica
2593 2087 2738 2156 jura,
2769 2086 2985 2158 pietatis
3035 2100 3257 2158 quoque
3284 2085 3482 2144 Home-

1891 2179 2018 2236 ricae
2058 2175 2401 2234 industriam.
2441 2177 2613 2232 Tanto
2659 2175 2831 2250 magis
2879 2175 3024 2231 enim
3066 2190 3253 2232 curam
3300 2176 3482 2247 sepul-

1889 2275 2024 2324 turae
2053 2265 2350 2334 collocavit,
2369 2275 2572 2338 quanto
2599 2265 2762 2320 etiam
2791 2279 2996 2320 moram
3027 2265 3148 2335 ejus
3167 2263 3480 2334 injuriosatn

1889 2355 2170 2412 animabus
2211 2354 2507 2425 incusavit;
2565 2354 2724 2409 simul
2753 2361 2808 2410 et
2863 2369 2930 2408 ne
2985 2353 3108 2425 quis
3165 2352 3478 2410 defunctum

1891 2446 2038 2500 domi
2093 2444 2344 2501 detinens
2409 2443 2526 2514 ipse
2583 2441 2814 2514 amplius
2859 2459 2982 2498 cum
3035 2442 3128 2498 illo
3175 2453 3478 2500 macerctur

1891 2534 2203 2590 enormitate
2251 2533 2428 2590 solatii
2467 2532 2652 2588 dolore
2691 2531 2874 2588 nutriti
2927 2533 3060 2604 (82).
3109 2533 3189 2590 Ita
3235 2532 3480 2602 querelas

1889 2623 2080 2680 animae
2117 2623 2404 2694 insepultae
2449 2623 2518 2678 ad
2559 2629 2848 2693 utrumque
2875 2621 3092 2680 conﬁcit
3131 2640 3148 2678 :
3179 2628 3236 2678 ut
3265 2621 3476 2678 instan-

1549 2749 1740 2812 Variae
1799 2753 2109 2812 lectiones.

249 2847 274 2884 6
301 2845 488 2916 Raptis
506 2849 666 2902 Pam.
703 2847 854 2904 {then
883 2845 1049 2904 Seml.
1083 2844 1106 2884 ⁷
1128 2845 1390 2902 Puerariis
1421 2847 1542 2918 Big.
1583 2849 1709 2904 Ven.
1749 2847 2092 2902 8Deccsserit
2131 2847 2316 2904 Venet.
2365 2847 2483 2918 Rig.
2519 2841 2712 2914 Caedit,
2743 2859 2798 2900 n.
2823 2861 2877 2917 q.
2919 2847 2974 2902 in
3005 2845 3104 2901 Ch.
3137 2843 3477 2900 decesserint

175 2921 340 2974 Pam.
387 2921 548 2975 Fran.

1573 2989 2067 3053 Commentarius.

247 3097 368 3190 ('1L3)
397 3097 510 3165 Quo
531 3113 661 3190 ergo
675 3098 876 3190 pruina
916 3095 1088 3190 modo‘
1114 3095 1404 3190 ambulabit
1424 3165 1434 3177 .
1451 3097 1515 3190 tu
1545 3095 1768 3190 caelum.
1802 3113 1848 3190 ο
1875 3095 2214 3180 praescripto,
2237 3095 2594 3190 patriarchas
2616 3101 2675 3190 et
2687 3097 2990 3190 prophetas
3017 3095 3344 3190 appendices
3373 3097 3478 3151 Do-

169 3169 364 3239 Verba
426 3176 550 3222 sunt
598 3167 908 3222 refellentis
973 3168 1290 3239 sententiam
1345 3167 1774 3239 existimantium
1804 3167 1848 3190 ν
1883 3168 2114 3224 mim'cw
2141 3167 2592 3232 resurrectionis,
2626 3167 2808 3239 idest,
2841 3167 2932 3239 qui
2959 3167 3209 3222 cum’illo
3237 3183 3473 3239 resurre-

168 3238 396 3294 animas
425 3239 659 3294 ﬁdelium
689 3239 866 3294 statim
903 3240 971 3294 ab
1023 3253 1248 3294 excessu
1275 3237 1332 3293 in
1377 3237 1572 3294 omium
1610 3239 1777 3294 exha-

167 3310 302 3382 lari.
337 3311 600 3374 Christus,
622 3311 822 3382 inquit,
857 3311 1098 3382 nondum
1127 3311 1271 3382 venit
1303 3309 1544 3378 judicem
1574 3325 1770 3382 agere;

165 3381 356 3436 adhuc
387 3383 536 3436 sedet
567 3381 634 3436 ad
681 3381 954 3438 dexteram
1009 3381 1208 3448 Patris;
1243 3382 1480 3436 nondum
1539 3381 1667 3436 tuba
1706 3381 1778 3436 si-

163 3469 344 3525 gnum
385 3453 532 3508 dedit
560 3471 575 3524 ;
601 3454 842 3508 nondum
873 3451 1064 3524 ﬂagrat
1095 3460 1238 3508 terra
1260 3470 1286 3525 :_
1300 3459 1352 3508 et
1380 3469 1500 3523 quae
1530 3467 1773 3522 sequun-

171 3523 288 3579 tur.
325 3523 666 3597 Augustinus
693 3525 748 3579 in
778 3523 1164 3597 Psal._itxxv1:
1207 3541 1234 3574 α
1267 3523 1394 3597 Post
1421 3525 1583 3580 vitam
1614 3525 1770 3578 istam

165 3612 402 3666 parvam
419 3594 682 3652 "nondum
713 3596 822 3652 eris
863 3594 956 3666 ubi
983 3603 1139 3652 erunt
1183 3595 1383 3666 sancti,
1415 3615 1436 3644 ιι
1491 3605 1594 3666 etc.
1646 3597 1770 3650 Rm.

161 3665 236 3708 L—
269 3667 392 3722 Nec
449 3675 631 3722 tamen
685 3667 844 3721 etiam
887 3665 1028 3721 istud
1075 3681 1107 3722 e
1156 3665 1424 3722 contrario
1480 3665 1772 3736 quidquam

161 3737 324 3802 facit,
387 3753 484 3807 pro
531 3737 810 3809 paradoxo
856 3737 1142 3802 Auctoris;
1183 3737 1393 3809 quippe
1450 3751 1573 3792 cum
1633 3735 1771 3790 nihil

161 3811 356 3865 obstet
391 3808 680 3866 Christum
699 3809 880 3865 adhuc
907 3809 1096 3866 sedere
1124 3808 1196 3864 ad
1213 3808 1520 3865 dexteram
1559 3810 1768 3874 Patris,

161 3889 220 3936 et
263 3887 454 3952 tamen
490 3879 700 3952 aliquos
735 3879 792 3935 in
829 3880 1029 3936 caelum
1075 3879 1280 3948 recipi;
1321 3893 1446 3934 nam
1475 3880 1499 3934 Ι
1535 3879 1771 3952 Petrim

157 3951 380 4023 legitur
407 3952 475 4006 de
505 3951 744 4006 Christo:
785 3952 888 4020 Qui
931 3955 1012 4008 est
1059 3952 1123 4006 in
1163 3951 1408 4023 dextera
1441 3952 1546 4007 Dei
1583 3951 1772 4022 deglu-

161 4021 330 4080 tiéns
361 4028 627 4086 mortem,
661 4027 729 4078 ut
772 4025 906 4078 vita:
945 4026 1180 4078 aeterna:
1225 4021 1468 4078 hwrcdcs
1513 4021 1770 4091 efﬁcere-

159 4098 650 4166 mur,7profectus
687 4095 752 4148 in
781 4093 1006 4149 caelum.
1035 4092 1297 4166 siautem
1325 4091 1583 4166 haeredes»
1604 4103 1659 4166 et
1685 4105 1772 4147 co-

157 4161 423 4222 haeredes
449 4161 684 4230 Christo,
716 4166 874 4220 simul
921 4179 1044 4218 cum
1081 4163 1180 4219 illo
1225 4161 1765 4233 congloriﬁcabimur,

160 4245 342 4304 atque
359 4239 494 4292 adeo
511 4237 566 4290 in
591 4237 788 4292 cmlum
809 4235 1150 4306 recipiemur.
1175 4232 1388 4306 Alioqui
1408 4239 1552 4306 certe
1575 4233 1774 4288 frustra

159 4307 388 4363 diceret
413 4308 704 4377 Apostolus
733 4305 1022 4364 GalatJr:
1077 4306 1250 4377 Cupio
1288 4305 1537 4375 dissolvi,
1570 4308 1626 4360 et
1657 4320 1772 4361 esse

153 4395 310 4434 cum
353 4378 601 4436 Christo.
630 4380 768 4434 Pan.

237 4451 368 4522 (74)
403 4450 662 4507 Nondum
707 4451 817 4522 Dei,
839 4451 1006 4522 jussu
1039 4463 1142 4519 per
1199 4446 1399 4522 tuba-ni
1439 4445 1774 4522 Archangcti

155 4517 406 4578 audito.
438 4523 574 4576 Cum
611 4523 725 4576 haec
755 4517 1078 4590 ad'tempus
1121 4517 1527 4574 resurrectionis
1571 4531 1769 4590 corpo-

153 4607 298 4664 rum
330 4591 606 4664 pertinere
633 4601 858 4656 constet,
890 4587 1024 4664 facit
1045 4592 1148 4646 hoc
1195 4590 1356 4664 etia_m
1395 4605 1492 4660 pro
1520 4603 1652 4643 sana
1689 4587 1779 4642 illa

151 4661 646 4732 interpretatione,
678 4664 746 4719 de
772 4679 878 4733 qua
905 4661 1064 4732 paulo
1101 4669 1246 4716 ante.
1279 4661 1422 4717 ΡΑὶί.

233 4727 372 4804 (ἿΞ)
409 4737 476 4791 1η
509 4727 720 4792 aethere
751 4727 876 4790 cum
895 4727 1090 4856 {tueris
1120 4733 1393 4790 Platonis.
1419 4731 1593 4800 Supra
1619 4727 1770 4792 dixit,

233 4815 461 4856 nonem
483 4821 590 4856 non
621 4819 822 4856 temere
863 4821 896 4856 ι)
939 4804 1313 4856 ilosonhorum
1361 4802 1642 4856 animabus
1675 4803 1770 4855 hoc

151 4802 462 4861 Platonem
483 4821 590 4860 non
621 4819 822 4862 temere
863 4802 1313 4875 philosophorum
1361 4802 1642 4875 animabus
1675 4803 1774 4855 hoc

153 4885 446 4948 praestare
471 4895 483 4940 ;
517 4877 610 4931 sed
640 4891 828 4932 eorum
855 4873 946 4944 qui
963 4873 1356 4948 philOSOphiam
1385 4873 1588 4929 scilicet
1617 4887 1775 4948 exor-

151 4945 437 5023 naverint
465 4961 645 5004 amore
667 4948 1112 5023 puerorum_.RrG.
1136 4945 1205 4987 —'
1234 4946 1374 5023 Sunt
1395 4959 1586 5023 rursus
1613 4945 1776 5023 verba

311 5015 681 5144 exppersona'
701 5018 1146 5092 philosophorum
1191 5027 1246 5073 et
1291 5017 1528 5072 aliorum
1576 5015 1776 5069 ironice

195 5099 344 5146 tcta.
427 5105 526 5144 AM.

195 5091 344 5149 icta.
383 5091 526 5144 Pan.

235 5165 370 5232 ('76)
435 5163 546 5218 Aut
575 5163 726 5218 circa
747 5161 948 5218 tunam
985 5177 1118 5216 cum
1153 5155 1780 5232 EndymionibusuStci-

149 5227 404 5290 cor-una.
441 5233 643 5288 Ridens
669 5232 908 5308 _St_oicus,
931 5235 1112 5308 vocat
1130 5227 1340 5308 animos
1367 5243 1557 5308 eorum
1587 5227 1778 5308 ῌηᾳῃτ

147 5308 417 5370 miones,
446 5319 512 5359 eo
541 5303 686 5376 quod
715 5303 1020 5376 Endymion
1061 5301 1152 5376 ille
1203 5299 1442 5376 poeticus
1479 5299 1780 5376 longissimi

149 5376 446 5444 temporis
476 5369 789 5442 somniator,
823 5369 855 5428 εἰ
891 5375 1040 5430 Luna
1078 5369 1362 5444 adamatus
1391 5371 1583 5435 fertur,
1611 5369 1776 5440 quod,

145 5443 320 5502 teste
355 5447 524 5501 Plinio
564 5447 626 5518 (l.
659 5461 718 5512 ιι,
747 5463 795 5502 c.
825 5446 903 5516 '7),
947 5446 1112 5518 multa
1140 5444 1204 5518 ad
1237 5443 1372 5498 lunar
1409 5456 1624 5497 cursum
1658 5455 1780 5510 per-

141 5518 414 5575 tinentia
443 5515 646 5587 primus
675 5517 1108 5588 deprehenderit.
1139 5515 1282 5570 Pam.

233 5591 260 5658 ζ
265 5593 378 5659 ’77)
411 5583 476 5645 ra
504 5583 788 5662 paradiso,
811 5605 924 5660 qua
964 5591 1091 5662 jam.
1130 5590 1266 5662 tunc
1314 5589 1370 5642 et
1413 5583 1777 5662 patriarchae.

139 5655 282 5719 Sed
317 5653 518 5732 neque
531 5662 636 5719 hoc
664 5653 1090 5733 probatur,quod
1113 5658 1398 5714 credamus
1413 5653 1492 5713 ex
1525 5653 1780 5711 Ecclesiae

1806 4495 1850 4571 Π
1881 4495 2180 4587 imperante

1883 3246 2096 3303 xerunt,
2127 3239 2193 3294 ab
2232 3239 2435 3309 inferis
2463 3239 2734 3309 migrasse
2777 3238 2834 3292 in
2860 3237 3084 3309 caelum,
3113 3253 3223 3292 non
3271 3237 3326 3291 in
3373 3254 3472 3306 pa-

1883 3309 2121 3364 radisum
2149 3307 2446 3365 secundum
2485 3307 2769 3380 quosdam,
2801 3315 2892 3363 aut
2921 3310 2975 3364 in
3005 3307 3184 3380 sinum
3211 3309 3466 3372 Abrahae,

1881 3382 2104 3451 qualem,
2131 3383 2333 3436 Auctor
2381 3379 2627 3438 somniat.
2669 3379 2886 3451 Alioqui
2934 3379 3074 3434 enim
3121 3394 3310 3433 verum
3363 3395 3472 3451 non

1881 3459 2025 3506 esset
2053 3450 2188 3508 illud
2209 3451 2404 3506 Psalmi
2429 3467 2580 3507 van
2605 3469 2618 3506 :
2650 3450 2957 3508 Ascendens
2978 3452 3042 3505 in
3073 3453 3260 3506 altum
3289 3450 3470 3518 capti-

1880 3540 2010 3595 pam
2039 3524 2212 3580 duxit
2239 3525 2663 3595 captivitatem;
2681 3523 2834 3595 quod
2847 3522 3122 3595 explicans
3150 3521 3466 3590 Apostolus,

1881 3593 2083 3664 Ephes.
2131 3610 2209 3658 vr,
2258 3592 2649 3665 interpretatur
2702 3592 2858 3662 illud,
2909 3593 2975 3648 in
3040 3593 3248 3662 altum,
3305 3607 3471 3664 snpra

1883 3678 2076 3719 omnes
2103 3665 2298 3722 oculos.
2346 3667 2487 3722 Pw.

1951 3737 2360 3810 (78)__Paradisi
2399 3737 2547 3810 regio
2605 3753 2728 3810 quae
2770 3735 3074 3810 subjicitur
3115 3734 3331 3810 altari._
3365 3734 3468 3810 Pro

1951 3753 2070 3806 (ιδ)
2097 3753 2360 3792 μανααιει
2399 3753 2547 3810 regio
2639 3753 2728 3791 uae
2770 3753 3074 3806 summitur
3115 3753 3314 3790 artari.
3367 3753 3468 3788 rro

1881 3805 2202 3862 Tertulliani
2271 3808 2539 3864 sententia
2599 3753 2913 3862 discendum
2977 3805 3210 3874 videtur,
3287 3804 3470 3859 altaris

1879 3877 2097 3952 nomine
2124 3877 2418 3952 significari
2447 3888 2644 3952 terram
2675 3879 3259 3952 martyrum_s_anguinc
3285 3891 3470 3952 cruen-

1881 3957 2043 4004 tatam
2083 3950 2138 4004 in
2175 3947 2395 4006 inodum
2424 3949 2631 4006 altaris.
2679 3947 2828 4005 Βία(
2859 3979 2930 3989 -
2969 3949 3066 4003 Hic
3102 3947 3268 4003 altare
3308 3947 3465 4013 illud,

1879 4023 2032 4087 cujus
2079 4019 2139 4092 fit
2181 4023 2381 4077 mentio
2427 4020 2672 4092 Apocal.
2703 4035 2781 4086 vr,
2838 4019 3142 4092 paradisum
3201 4019 3468 4090 interpre-

1879 4099 2040 4163 tatur,
2093 4091 2150 4146 in
2207 4107 2316 4163 quo
2375 4091 2530 4163 solos
2591 4091 2803 4163 videtur
2845 4091 3128 4163 collocare
3181 4100 3466 4163 martyres,

1879 4161 2106 4232 reliquis
2161 4161 2268 4218 non
2334 4162 2640 4218 concedens
2689 4161 2794 4216 nisi
2837 4161 3010 4232 sinum
3057 4162 3314 4215 Abrahae.
3357 4161 3470 4214 Nos

1876 4231 2016 4304 vero
2036 4240 2088 4289 et
2127 4233 2187 4287 B.
2231 4233 2491 4304 Cypriae.
2526 4233 2686 4304 epist.
2715 4235 2784 4288 5‘2
2831 4231 2904 4287 ad
2937 4233 3282 4304 _Anionian.,
3327 4245 3469 4304 mar-

1879 4303 2087 4374 tyribus
2132 4299 2349 4368 caelum,
2401 4299 2620 4376 reliquis
2675 4302 2972 4373 purgatorii
3037 4303 3218 4357 locum
3275 4299 3468 4355 tribui-

1879 4389 2020 4430 mus.
2052 4376 2190 4430 Pan.

1953 4445 2065 4516 (79)
2126 4449 2404 4516 Perpetua
2464 4443 2800 4516 fortissima
2871 4445 3111 4516 martyr.
3183 4443 3466 4516 Perpetua,

2252 4531 2434 4580 evero,
2461 4513 2517 4569 in
2547 4514 2728 4568 Africa
2765 4513 3074 4581 martyrium
3122 4527 3220 4581 pro
3271 4513 3470 4567 Christi

1889 4581 1991 4643 fide
2019 4605 2177 4658 passa
2206 4596 2288 4643 est
2327 4602 2448 4658 cum
2476 4585 2770 4658 Felicitate.
2806 4583 3195 4658 Fortitudinem
3227 4581 3284 4638 in
3300 4593 3469 4658 utra—

1889 4675 1992 4730 que
2020 4652 2241 4715 miratus
2278 4666 2360 4713 est
2409 4657 2464 4711 S.
2514 4655 2872 4725 Augustinus,
2911 4669 3070 4730 quem
3106 4652 3268 4730 affert
3299 4656 3470 4730 Baro:-

1888 4724 2032 4804 riius,
2065 4733 2130 4786 ad
2150 4730 2553 4804 _Martyrolog._
2567 4724 2898 4804 Rammium.
2941 4724 3353 4804 Tertullianum__
3369 4725 3470 4804 sub

1881 4795 2082 4857 Severo
2113 4795 2394 4856 vixisse'in
2423 4795 2671 4854 confesso
2714 4805 2814 4866 est,
2849 4795 3030 4866 sicque
3059 4795 3188 4850 dum
3217 4795 3468 4866 beatissi-

1881 4887 1998 4928 mos
2065 4881 2327 4943 martyres
2389 4870 2657 4943 nominat,_
2697 4863 2818 4943 falsi
2863 4863 3038 4943 arguit
3095 4879 3188 4943 eos
3223 4864 3316 4943 qui
3369 4863 3470 4918 sub

1882 4943 2131 5000 Gallieno
2161 4938 2378 4998 easdem
2409 4956 2597 5012 passas
2637 4940 2801 5012 fuisse
2829 4939 3090 5012 scribunt.
3117 4938 3326 5012 _Lu_l_’a.

1953 5014 2064 5085 (80)
2095 5013 2266 5070 Habes
2298 5006 2472 5068 ctia7m
2508 5013 2574 5085 de
2617 5009 2882 5085 paradiso
2921 5026 2956 5085 ᾳ
2995 5009 3153 5066 nobis
3193 5006 3468 5085 libatum.

1887 5079 2054 5141 Hunc
2082 5086 2147 5140 de
2192 5085 2461 5141 Paradiso
2509 5079 2740 5138 libellum
2780 5081 2970 5136 habuit
3013 5081 3286 5150 exemplar
3320 5079 3471 5149 Ago-

1886 5157 2036 5212 bardi
2082 5163 2370 5228 antequam
2427 5157 2481 5210 in
2547 5152 2865 5226 perniciales
2929 5167 3121 5207 manus
3175 5150 3469 5208 incidisset.

1886 5229 2013 5284 Βία.

1959 5299 2073 5370 (81)
2103 5298 2422 5356 Secundum
2449 5297 2804 5370 Homericum
2823 5295 3175 5354 Patroclum.
3206 5294 3382 5351 Locus
3409 5291 3474 5347 ad

1891 5368 2055 5441 quem
2082 5370 2273 5426 alludit
2301 5369 2570 5442 reperitur
2601 5368 2762 5424 Iliad.
2798 5387 2832 5439 φ
2861 5385 2876 5423 :

1896 5488 2061 5541 Θάπτε
2091 5486 2281 5558 μεηόττι
2301 5487 2517 5558 τάχιστα.
2536 5485 2709 5558 πύλας
2727 5481 2868 5537 ἀΐδαο
2896 5483 3111 5558 aspriora.

1889 5559 2015 5616 Τῆλὲ
2054 5553 2113 5630 μὲ
2141 5553 2555 5630 εἴργςυσιηῖψυχαὶ
2585 5555 2766 5609 εἴδωλα
2793 5556 3074 5628 καμόντων.
3107 5553 3242 5608 ΡΔΙΙ.

1963 5657 2074 5724 (82)
2105 5657 2458 5712 Enormitatc
2487 5654 2679 5712 solatii
2711 5653 2899 5710 dolore
2927 5649 3160 5707 nutriti.
3209 5647 3480 5724 Lugemus
