4030 6184
273 358 373 422 793

1622 359 1818 422 LIBER
1857 360 1941 422 DE
1980 362 2210 425 ΑΝΙΜΑ.

3457 375 3559 438 794

270 487 425 544 etiam
450 485 599 584 iusta
619 491 778 545 atate
798 484 1020 584 sopitas,
1045 484 1204 584 etiam
1234 486 1403 584 proba
1430 494 1602 545 morte
1629 487 1912 584 disjunc-A
1971 506 2229 565 magnum
2259 490 2337 548 illi
2381 491 2676 551 exteriores
2721 495 2908 553 oculos
2953 496 3422 573 circumscribere,
3477 501 3566 562 cui

271 585 368 644 tas,
401 575 566 632 etiam
606 585 852 649 prompta
882 576 1191 633 humatione
1221 577 1555 650 dispunctas,
1603 585 1860 634 evocatu-

268 681 384 722 ram
413 681 473 722 se
517 665 584 720 ab
630 665 861 720 inferum
909 666 1142 722 incolatu
1182 666 1486 738 pollicetur.
1532 664 1676 728 Quid
1726 683 1861 740 ergo

267 756 511 812 dicemus
531 754 765 826 magiam
786 756 814 808 ‘2
833 752 989 822 Quod
1019 769 1210 810 omnes
1228 770 1367 825 pene
1389 773 1402 810 ε
1433 754 1719 810 fallaciam.
1753 755 1862 811 Sed

267 845 404 900 ratio
435 843 659 900 fallacia
707 843 856 900 solos
900 859 1006 898 non
1054 842 1193 916 fugit
1240 842 1568 900 Christianos
1601 845 1734 915 (88),
1769 845 1862 915 qui

265 934 569 1006 spiritualia
600 933 878 1005 nequitia,
911 947 1018 988 non
1067 932 1282 1006 quidem
1312 933 1462 988 socia
1509 933 1859 1000 conscientia,

264 1024 358 1078 sed
389 1023 607 1078 inimica
644 1022 869 1078 scientia
916 1021 1180 1088 novimus,
1232 1037 1333 1079 nec
1375 1021 1682 1078 invitatoria
1726 1038 1863 1094 ope-

265 1112 493 1182 ratione,
536 1113 632 1167 sed
661 1112 1058 1182 expugnatoria
1105 1111 1474 1167 dominatione
1525 1120 1860 1180 tractamus;

264 1200 652 1256 multiformem
695 1200 840 1255 luem
884 1201 1082 1256 mentis
1138 1203 1406 1268 humana,
1444 1201 1610 1258 totius
1661 1202 1865 1258 erroris

261 1289 524 1346 artiﬁcem
550 1292 689 1360 (89),
720 1289 908 1345 salutis
941 1287 1106 1346 748
1140 1290 1338 1362 pariter
1383 1290 1685 1362 animaque
1733 1306 1866 1345 vas-

263 1378 512 1435 tatricem
543 1376 820 1434 scientiam
849 1379 899 1417 33
928 1378 1140 1454 magia,
1170 1379 1424 1436 secunda
1453 1379 1662 1436 scilicet
1691 1379 1864 1434 idolo-

263 1467 460 1532 latria,
493 1467 550 1521 in
579 1483 685 1538 qua
712 1482 772 1522 se
803 1469 1079 1524 damones
1110 1467 1332 1537 perinde
1355 1475 1602 1526 mortuos
1633 1467 1864 1540 ﬁngunt,

260 1555 716 1628 quemadmodum
758 1555 811 1610 in
870 1555 962 1611 illa
1003 1557 1155 1611 deos.
1207 1555 1466 1626 Quidni?
1516 1573 1638 1613 cum
1681 1568 1737 1613 et
1791 1555 1866 1611 dii

261 1645 485 1700 mortui.
519 1646 707 1716 Itaque
735 1644 1055 1701 invocantur
1085 1645 1305 1717 quidem
1353 1645 1468 1702 aori
1518 1655 1572 1702 et
1609 1646 1865 1702 biaotha-

260 1733 395 1799 nati,
427 1734 529 1788 sub
559 1733 653 1788 illo
701 1732 826 1789 ﬁdei
856 1744 1195 1808 argumento,
1229 1735 1373 1806 quod
1403 1735 1658 1792 credibile
1691 1735 1866 1791 videa-

264 1829 353 1876 tur
370 1837 464 1877 eas
479 1821 819 1894 potissimum
843 1822 1054 1879 animas
1075 1823 1144 1878 ad
1164 1823 1271 1881 vim
1294 1833 1347 1879 et
1368 1824 1623 1895 injuriam
1654 1825 1854 1894 facere,

267 1926 405 1982 quas
432 1926 534 1980 per
559 1911 666 1967 vim
693 1922 746 1965 et
773 1927 951 1966 savus
993 1921 1043 1967 rt
1086 1912 1404 1968 immatarus
1440 1910 1562 1968 ﬁnis
1610 1911 1853 1980 extorsit,

264 2001 423 2071 quasi
451 2000 520 2055 ad
549 1999 715 2056 vicem
740 1999 1111 2058 offensa.Sed
1141 2002 1416 2059 damones
1445 2014 1737 2073 operantur
1758 2003 1860 2058 sub

259 2089 488 2145 obtentu
517 2106 696 2146 earum
721 2109 735 2157 ;
765 2099 818 2146 et
850 2091 902 2146 hi
934 2091 1018 2146 vel
1049 2090 1298 2161 maxime,
1329 2091 1424 2163 qui
1465 2091 1521 2146 in
1562 2092 1692 2162 ipsis
1732 2099 1862 2147 tunc

258 2177 633 2236 fueruntcum
664 2180 994 2245 adviverent,
1043 2180 1248 2252 quique
1297 2181 1417 2236 illas
1453 2179 1508 2234 in
1547 2180 1857 2250 hujusmodi

262 2269 606 2340 impegerunt
635 2271 685 2309 24
723 2271 915 2326 exitus.
949 2271 1103 2336 Nam,
1138 2279 1190 2326 et
1237 2271 1607 2345 suggessimus
1653 2270 1858 2325 nullum

260 2374 402 2430 pene
425 2358 698 2414 hominem
739 2373 928 2415 carere
959 2359 1245 2426 damonio,
1281 2367 1335 2415 et
1381 2360 1628 2431 pluribus
1671 2369 1855 2414 notum

261 2455 343 2504 est
407 2447 805 2503 damoniorum
860 2463 1074 2519 quoque
1123 2464 1287 2519 Opera
1343 2459 1390 2504 et
1445 2449 1761 2504 immaturas
1807 2457 1862 2504 et

263 2551 473 2592 atroces
533 2536 679 2591 efﬁci
735 2545 952 2602 mortes,
1014 2554 1148 2609 quas
1211 2537 1515 2595 incursibus
1579 2537 1857 2607 deputant.

264 2627 417 2682 Hanc
447 2640 664 2696 quoque
694 2626 955 2681 fallaciam
987 2626 1207 2698 spiritus
1231 2643 1464 2696 nequam
1497 2629 1599 2682 sub
1619 2627 1860 2696 personis

266 2714 649 2770 defunctorum
690 2715 1070 2783 delitescentis,
1121 2715 1227 2771 nisi
1271 2715 1446 2781 fallor,
1487 2715 1652 2770 etiam
1696 2715 1861 2771 rebus

269 2805 588 2874 probamus,
622 2821 741 2861 cum
773 2804 826 2858 in
857 2806 1175 2861 exorcismis
1204 2806 1474 2862 interdum
1521 2806 1756 2878 aliquem
1802 2821 1861 2860 se

268 2910 340 2950 ex
369 2895 692 2966 parentibus
723 2895 996 2950 hominem
1039 2895 1153 2950 suis
1195 2896 1244 2934 2⁵
1290 2895 1539 2964 afﬁrmat,
1591 2894 1859 2949 interdum

270 2983 644 3056 gladiatorem,
686 2985 773 3038 vel
823 2983 1156 3051 bestiarium,
1190 2984 1332 3040 sicut
1386 2991 1441 3038 et
1476 2982 1607 3038 alibi
1653 2983 1860 3050 deum;

267 3073 398 3127 nihil
429 3073 602 3145 magis
627 3088 838 3136 curans,
869 3089 1026 3143 quam
1058 3073 1160 3129 hoc
1189 3074 1366 3143 ipsum
1389 3072 1682 3129 excludere
1714 3071 1859 3144 quod

1971 581 2276 640 interiorem
2332 585 2528 640 mentis
2580 587 2748 642 aciem
2805 603 3081 646 excauare
3151 591 3405 664 perfacile
3461 605 3561 653 est.

1968 672 2208 745 Corpora
2234 674 2471 746 denique
2503 674 2828 733 videbantur
2882 677 3149 736 Pharaoni
3197 690 3250 738 et
3297 684 3566 755 ngyptiis

1967 761 2301 832 magicamm
2331 763 2604 834 virgarum
2635 765 2916 834 dracones,
2953 768 3049 822 sed
3082 767 3255 840 Moysi
3286 771 3332 808 ²Ἷ
3366 771 3567 829 veritas

1968 851 2308 906 mendacium
2347 852 2626 910 devoravit
2675 856 2872 924 (Exod.
2905 855 3027 927 vu).
3071 857 3236 913 Multa
3268 860 3458 932 utique
3516 868 3568 916 et

1967 939 2225 994 adversus
2251 941 2524 1010 apostolos
2553 941 2736 999 Simon
2767 944 2916 999 dedit
2946 945 3017 1015 28,
3059 954 3111 1001 et
3155 947 3372 1018 Elymas
3425 949 3569 1021 magi

1969 1026 2112 1097 (Act.
2147 1033 2308 1098 xm);
2347 1029 2445 1084 sed
2497 1031 2654 1104 plaga
2711 1033 2968 1090 caecitatis
2997 1035 3065 1090 de
3113 1036 3405 1108 prastigiis
3461 1053 3571 1094 non

1970 1116 2136 1175 749
2182 1118 2300 1174 fuit.
2333 1119 2474 1189 Quid
2520 1122 2649 1177 novi
2693 1124 2970 1182 amulatio
3010 1125 3252 1182 veritatis
3295 1143 3328 1183 a
3374 1129 3569 1200 spiritu

1971 1205 2307 1264 immundo?
2345 1209 2487 1266 Ecce
2540 1211 2701 1268 hodie
2757 1215 3006 1282 ejusdem
3067 1214 3304 1270 Simonis
3359 1217 3569 1273 hareti-

1971 1304 2212 1352 costauta
2266 1299 2617 1369 praesumptio
2646 1300 2778 1356 artis
2806 1301 3032 1370 extollit,
3063 1309 3119 1356 ut
3149 1303 3310 1359 etiam
3333 1306 3566 1375 prophe-

1973 1392 2148 1440 tarum
2202 1386 2408 1442 animas
2445 1387 2514 1441 ab
2547 1386 2735 1443 inferis
2767 1405 2984 1447 movere
3024 1406 3084 1446 se
3138 1391 3462 1459 spondeant.
3497 1395 3569 1449 Et

1973 1473 2132 1528 credo
2161 1475 2287 1544 quia
2315 1474 2595 1530 mendacio
2624 1487 2848 1546 possunt
2881 1495 2894 1530 :
2929 1492 3025 1532 nec
3073 1477 3220 1533 enim
3269 1479 3566 1550 pythonico

1974 1569 2100 1615 tunc
2129 1562 2344 1630 spiritui
2374 1563 2561 1620 minus
2606 1563 2756 1620 licuit
2801 1565 3035 1621 animam
3086 1567 3351 1623 Samuelis
3404 1568 3564 1624 effin-

1973 1663 2105 1722 gere
2133 1650 2315 1722 (90)(I
2339 1653 2468 1723 Reg.
2500 1655 2725 1717 xxvm),
2745 1662 2871 1723 post
2891 1654 3057 1709 Deum
3087 1663 3336 1712 mortuos
3365 1671 3564 1714 consu-

1973 1737 2114 1794 lente
2167 1738 2352 1795 Saiile.
2408 1737 2566 1794 Absit
2611 1739 2850 1811 alioquin
2880 1750 2939 1796 ut
2983 1742 3213 1797 animam
3275 1745 3568 1814 cujuslibet

1967 1828 2158 1897 sancti,
2212 1827 2412 1882 nedum
2467 1828 2744 1898 propheta
2791 1829 2862 1898 (II
2905 1831 3026 1887 Cor.
3061 1831 3158 1901 λι),
3186 1848 3217 1886 a
3294 1833 3564 1890 damonio

1967 1916 2245 1973 credamus
2301 1923 2613 1985 extractam,
2681 1915 2861 1972 edocti
2935 1917 3083 1989 quod
3135 1919 3250 1989 ipse
3331 1922 3562 1977 Satanas

1972 2005 2050 2074 (II
2079 2007 2255 2062 Thess.
2281 2005 2346 2076 ιι)
2377 2005 2784 2081 transﬁguretur
2811 2005 2866 2060 in
2887 2008 3140 2078 angelum
3171 2007 3330 2077 lucis,
3362 2011 3562 2066 nedum

1970 2094 2023 2148 in
2057 2093 2327 2149 hominem
2357 2094 2492 2150 lucis
2519 2092 2743 2164 (Matth.
2777 2095 2958 2164 xxxv),
2989 2095 3148 2152 etiam
3180 2096 3341 2152 deum
3371 2115 3430 2155 se
3462 2099 3562 2154 ad-

1969 2193 2315 2239 severaturus
2362 2183 2414 2238 in
2446 2183 2554 2239 fine
2583 2185 2650 2252 39,
2686 2183 2952 2257 signaque
3001 2187 3402 2255 portentosiora
3437 2188 3562 2244 edi-

1972 2283 2144 2344 turus,
2166 2276 2230 2327 ad
2265 2275 2601 2342 evertendas,
2639 2274 2686 2330 si
2717 2274 2831 2330 ﬁeri
2862 2275 3051 2345 possit,
3081 2277 3301 2332 electos.
3335 2278 3563 2334 Dubita-

1970 2361 2062 2431 vit,
2105 2363 2149 2418 si
2201 2363 2357 2429 forte,
2393 2372 2521 2421 tunc
2575 2364 2897 2434 prephetam
2955 2380 3017 2419 se
3072 2365 3170 2420 Dei
3226 2381 3557 2436 asseverare,

1969 2460 2022 2507 et
2049 2452 2234 2523 utique
2290 2452 2455 2521 Sauli,
2499 2453 2554 2506 in
2591 2469 2698 2524 quo
2726 2452 2839 2522 jam
2895 2453 3010 2522 ipse
3065 2455 3424 2512 morabatur?
3479 2457 3558 2512 Ne

1969 2548 2126 2610 putes
2153 2540 2319 2596 alium
2375 2541 2541 2596 fuisse
2597 2543 2690 2612 qui
2739 2543 3059 2612 phantasma
3115 2543 3550 2612 administrabat,

1969 2630 2128 2684 alium
2160 2631 2253 2702 qui
2283 2631 2732 2695 commendabat;
2776 2633 2870 2685 sed
2904 2630 3156 2686 eumdem
3206 2633 3478 2704 Spiritum,
3511 2641 3565 2689 et

1973 2719 2025 2774 in
2056 2718 2600 2791 pseudOprophetide,
2633 2727 2689 2774 et
2735 2719 2790 2773 in
2821 2730 3067 2789 apostala
3116 2721 3274 2777 facile
3321 2721 3563 2786 mentiri,

1971 2809 2115 2879 quod
2146 2808 2342 2866 fecerat
2376 2807 2544 2872 credi,
2579 2823 2674 2877 per
2702 2825 2861 2879 quem
2894 2808 3070 2863 Saulis
3114 2811 3407 2866 thesaurus
3453 2810 3566 2864 illic

1973 2907 2106 2962 erat,
2139 2897 2230 2952 ubi
2263 2906 2317 2952 et
2345 2913 2436 2952 cor
2466 2896 2651 2968 ipsius,
2685 2897 2776 2952 ubi
2827 2896 3033 2953 scilicet
3080 2898 3224 2953 Deus
3263 2913 3374 2954 non
3424 2905 3560 2954 erat.

1971 2987 2042 3041 Et
2069 2985 2195 3040 ideo
2242 3002 2338 3055 per
2363 3002 2525 3057 quem
2555 2987 2794 3041 visurum
2825 3002 2884 3042 se
2931 2986 3181 3056 credidit,
3215 2987 3384 3043 vidit:
3436 2988 3565 3059 quia

1969 3089 2065 3144 per
2092 3089 2252 3146 quem
2281 3072 2435 3138 vidit,
2471 3082 2524 3128 et
2553 3073 2800 3129 credidit.
2835 3073 2890 3129 Si
2920 3083 2974 3128 et
3004 3074 3071 3129 de
3112 3075 3394 3130 nocturnis
3423 3074 3565 3129 ima-

268 3161 643 3232 prailicamus,
669 3176 734 3215 ne
762 3159 918 3216 facile
947 3162 1229 3216 credamus
1247 3163 1459 3216 animas
1479 3161 1766 3215 universas
1795 3165 1860 3214 ad
1893 3141 1936 3218 θ
1965 3163 2182 3235 ginibus
2211 3161 2518 3232 opponitur,
2547 3177 2694 3232 sape
2733 3177 2840 3218 non
2883 3163 3078 3218 frustra
3120 3171 3367 3218 mortuos
3414 3164 3565 3219 visos

269 3249 474 3303 inferos
506 3248 694 3321 redigi,
732 3256 790 3303 ut
827 3257 882 3302 et
914 3249 1104 3318 judicii
1143 3258 1195 3304 et
1240 3249 1646 3305 resurrectionis
1703 3248 1863 3304 ﬁdem

268 3338 462 3392 turbet.
486 3337 554 3390 Et
584 3344 760 3391 tamen
787 3335 878 3393 ille
906 3340 1118 3393 damon
1152 3346 1435 3410 postquam
1454 3339 1864 3395 circumstantes

270 3424 664 3481 circumvenire
703 3426 944 3492 tentavit,
986 3427 1238 3483 instantia
1275 3428 1472 3484 divina
1520 3427 1708 3501 gratia
1754 3428 1865 3483 vic-

268 3521 375 3583 tus,
410 3514 468 3568 in
498 3514 647 3584 quod
675 3515 730 3569 in
759 3531 884 3571 vero
923 3522 1022 3584 est,
1057 3515 1256 3572 invitus
1284 3517 1589 3574 conﬁtetur.
1620 3518 1706 3573 Sic
1728 3525 1780 3572 et
1809 3517 1865 3572 in

264 3601 366 3657 illa
395 3602 500 3657 alia
527 3603 708 3672 specie
736 3603 949 3675 magia,
992 3621 1114 3677 qua
1140 3607 1251 3675 jam
1280 3606 1628 3677 quiescentes
1656 3606 1868 3662 animas

263 3691 500 3746 evellere
539 3692 605 3746 ab
634 3690 822 3747 inferis
859 3691 1094 3747 creditur
1123 3702 1178 3748 et
1223 3693 1534 3765 conspectui
1579 3692 1864 3760 exhibere,

265 3796 375 3835 non
397 3781 501 3835 alia
524 3780 750 3838 fallacia
775 3781 856 3839 vis
875 3791 958 3836 est
979 3783 1269 3853 Operatior.
1297 3783 1454 3839 Plane
1475 3783 1600 3858 quia
1627 3793 1682 3838 et
1701 3783 1868 3855 phan-

264 3879 440 3925 tasma
487 3880 792 3941 prastatur,
823 3870 951 3943 quia
988 3872 1038 3910 26
1065 3879 1118 3929 et
1146 3887 1342 3944 corpus
1387 3872 1667 3946 afﬁngitur
1699 3890 1713 3942 ;
1765 3888 1868 3928 nec

1970 3252 2119 3320 (nam
2148 3257 2202 3305 et
2228 3250 2617 3304 Nasammonas
2648 3250 2756 3319 (91)
2790 3251 3009 3321 pr0pria
3038 3251 3257 3305 oracula
3282 3251 3426 3321 apud
3459 3267 3564 3320 pa-

1971 3348 2180 3395 rentum
2212 3337 2460 3409 sepulcra
2505 3338 2846 3392 mansitando
2894 3346 3133 3409 captare,
3191 3347 3251 3394 ut
3315 3340 3560 3395 Heracli-

1971 3429 2069 3484 des
2098 3427 2301 3494 scribit,
2345 3426 2433 3483 vel
2477 3428 2920 3498 Nymphodorus,
2961 3429 3048 3485 vel
3110 3429 3459 3497 Herodotus;
3510 3437 3564 3483 et

1971 3517 2148 3573 Celtas
2175 3516 2315 3587 apud
2337 3518 2582 3572 virorum
2612 3515 2830 3571 fortium
2862 3517 3019 3572 busta
3047 3519 3238 3573 eadem
3266 3519 3336 3573 de
3365 3533 3561 3574 caussa

1973 3607 2286 3671 abnoctare,
2318 3613 2378 3659 ut
2410 3603 2682 3658 Nicander
2710 3603 2987 3674 afﬁrmat),
3037 3619 3144 3660 non
3192 3605 3368 3677 magis
3413 3620 3563 3661 mor-

1975 3702 2097 3750 tuos
2123 3707 2246 3749 vere
2272 3691 2516 3763 patimur
2535 3692 2588 3746 in
2619 3692 2844 3758 somnis,
2864 3708 3025 3763 quam
3053 3691 3227 3761 vivos,
3251 3695 3345 3748 sed
3375 3694 3560 3749 eadem

1975 3783 2178 3838 ratione
2215 3791 2464 3836 mortuos
2491 3796 2603 3849 qua
2628 3789 2682 3836 et
2710 3780 2880 3847 vivos,
2915 3789 2970 3835 et
2997 3781 3183 3835 omnia
3209 3797 3330 3853 qua
3359 3781 3558 3838 viden-

1978 3882 2082 3928 tur.
2113 3872 2233 3927 Non
2272 3871 2415 3925 enim
2455 3869 2582 3939 quia
2638 3868 2909 3940 videntur,
2938 3885 3069 3926 vera
3109 3878 3257 3939 sunt,
3306 3870 3400 3924 sed
3437 3873 3565 3942 quia

1621 3972 1809 4034 Varia
1853 3975 2166 4034 lectiones.

337 4075 387 4113 33
415 4076 768 4130 Vastatorem.
809 4075 895 4131 Sic
925 4073 1085 4130 etiam
1117 4079 1286 4132 Fran.
1319 4077 1479 4131 Pam.
1515 4076 1563 4113 24
1591 4077 1933 4147 Impegerant
1964 4079 2121 4130 Pam.
2148 4073 2344 4147 (RiieLn.
2366 4071 2547 4147 _25_Sui
2567 4074 2738 4147 Pani.
2766 4071 3094 4147 (Rhenusuis
3123 4075 3244 4144 Βία.
3279 4073 3409 4147 Ven.
3442 4074 3561 4147 cod.

275 4147 482 4203 Wouw.
515 4147 565 4184 26
586 4147 724 4215 Quia
752 4148 1037 4204 redundat
1071 4149 1208 4203 Jun.
1242 4155 1459 4216 prastat
1482 4157 1533 4201 et
1560 4143 1769 4202 Wouwf
1792 4147 1838 4183 37
1863 4147 2062 4214 Moysis
2089 4145 2210 4215 Rig.
2243 4145 2407 4200 Mosis
2428 4144 2661 4200 Semler.
2693 4144 2743 4180 28
2764 4143 2919 4198 Dedit
2956 4144 3109 4200 abest
3136 4162 3172 4200 a
3198 4143 3321 4216 ’Rig.
3368 4146 3492 4200 Ven.
3515 4145 3564 4182 ²⁹

264 4217 324 4270 1n
351 4218 458 4273 ﬁne
487 4217 648 4274 Fuld.
686 4219 867 4276 Ursin.
895 4218 1106 4291 insigne
1144 4219 1339 4277 Wouw.
1375 4220 1656 4273 utrumvis
1676 4218 1885 4288 negt-ig.
1920 4217 2090 4272 Semt.

1645 4312 2145 4375 Commentarius.

265 4430 638 4520 Eus‘eh.ltt‘de
658 4432 840 4501 Prap.
867 4433 994 4510 Eu;
1032 4429 1330 4520 Arpobius,
1358 4428 1450 4520 lib.
1487 4444 1544 4497 t;
1589 4425 1854 4520 Apuleius
1892 4445 1936 4520 υ
1967 4425 2237 4520 posterius
2285 4422 2551 4520 afﬁrmant
2598 4423 3040 4520 etimmSelptimip'
3079 4423 3329 4520 lustio/us
3365 4427 3566 4520 Martyr

269 4501 323 4572 in
357 4502 510 4572 Apol.
536 4503 622 4557 Ab
652 4517 716 4556 eo
746 4499 953 4572 magica
980 4516 1071 4556 ars
1101 4501 1368 4556 Dardania
1386 4501 1541 4572 (dicta
1574 4510 1678 4572 est.
1701 4499 1856 4554 Sole-

265 4571 358 4646 bat
379 4569 552 4626 autem
585 4582 698 4646 arte
729 4569 937 4646 magica
968 4573 1164 4646 horrea
1185 4569 1479 4646 exinanire,
1513 4579 1567 4625 et
1596 4570 1862 4646 frumenta

262 4642 317 4696 in
349 4659 445 4697 sua
471 4643 724 4713 granaria
761 4640 1046 4699 atfrahere.
1078 4641 1456 4714 Damigeronis
1484 4640 1728 4696 meminit
1755 4645 1862 4697 Ar-

260 4714 476 4786 nobius,
510 4715 608 4769 lib.
626 4731 678 4786 ηι.
710 4742 780 4755 —
804 4715 1076 4786 Nectabis,
1111 4715 1252 4786 forte
1274 4714 1613 4786 Nectan‘ebus
1649 4714 1861 4786 Egyp-

261 4784 389 4838 tius.
413 4815 486 4825 —
517 4787 595 4840 De
621 4785 888 4846 Berenice,
918 4800 986 4838 an
1007 4785 1110 4850 vir,
1142 4801 1208 4839 an
1231 4785 1428 4840 femina
1459 4783 1621 4838 fuerit
1649 4783 1857 4845 nescio.

258 4872 434 4926 neque
464 4856 612 4910 enim
659 4858 820 4914 credo
867 4857 1185 4912 Bereniccm
1226 4855 1368 4911 illam
1416 4855 1587 4912 fuisse
1633 4867 1858 4912 matrem

263 4927 548 4981 Ptolemai
586 4928 944 4999 Philadelphi.
974 4928 1052 4982 LE
1087 4930 1180 4982 Pa.

331 5002 464 5071 (88)
509 4999 658 5071 solos
692 5016 806 5055 non
832 4997 984 5071 fugit
1019 4999 1387 5056 Christianos.
1420 4997 1565 5055 Solis
1602 5007 1729 5054 nota
1778 5005 1864 5053 est

260 5068 613 5124 Christianis.
649 5071 775 5126 RIG.

332 5142 447 5211 (89)
491 5141 681 5212 Totius
710 5143 916 5212 erroris
944 5142 1247 5210 artiﬁcem,
1281 5147 1385 5194 etc.
1418 5140 1594 5212 Magia
1624 5140 1746 5195 ideo
1777 5139 1863 5193 in-

263 5208 438 5276 famis,
473 5220 530 5266 et
560 5211 878 5268 Christianis
910 5208 1174 5280 prohibita
1202 5218 1349 5266 tanta
1389 5208 1533 5266 olim'
1552 5214 1861 5279 severitate,

262 5281 702 5407 quialmsiterffst
723 5281 1052 5350 idololatria,
1081 5299 1204 5355 qua
1225 5283 1426 5338 crimen
1446 5282 1572 5338 olim
1593 5282 1694 5338 fuit
1717 5283 1866 5353 prin-

262 5366 381 5407 cma
407 5371 454 5407 e.
527 5369 563 5407 E
641 5371 696 5407 ιι.

261 5356 454 5421 cipale.
485 5356 563 5409 LE
602 5356 696 5408 Pa.

339 5423 468 5496 (90)
492 5427 682 5481 Minus
723 5425 897 5496 licuit
935 5428 1191 5480 animam
1241 5424 1521 5496 Samuelis
1575 5426 1860 5496 efﬁngere.

258 5493 506 5568 Quaestio
528 5506 611 5568 est
637 5511 746 5550 non
763 5497 830 5550 de
851 5495 1119 5568 nihilo,an
1142 5494 1459 5568 Pytlionissa
1487 5493 1612 5568 veru
1633 5493 1867 5568 Samue-

259 5563 367 5617 lem
415 5567 744 5631 exhibuerit,
796 5582 864 5622 an
901 5582 1025 5623 vero
1074 5563 1394 5636 daemonem,
1444 5566 1535 5637 qui
1588 5567 1734 5622 Saiili
1774 5566 1863 5622 fu-

263 5651 390 5690 cum
419 5637 551 5692 fecit
581 5647 636 5694 et
664 5639 986 5712 prastigias.
1037 5640 1276 5696 Primum
1320 5647 1570 5694 asserunt
1617 5638 1857 5710 quidam,

1968 4495 2022 4553 in
2075 4501 2340 4569 Hesperia.
2379 4495 2788 4569 αάᾼᾳμιεδινῦἓ
2828 4495 3218 4569 Quintianum
3249 4495 3560 4552 Christian.

1967 4570 2062 4642 qui
2100 4565 2635 4642 aitiidgcontigisse
2684 4566 2968 4642 damonis
2999 4581 3166 4633 Opera
3203 4572 3564 4642 spectatorum

1970 4636 2159 4696 oculos
2190 4636 2512 4696 fascinantis’
2538 4636 2725 4710 {Merit
2769 4636 2853 4704 τὴν
2895 4638 3135 4710 ἐνέργειαν
3171 4643 3261 4692 τοῦ
3305 4639 3564 4710 δαίμονος,

1969 4719 2054 4765 τοῦ
2112 4711 2195 4772 τὰς
2240 4712 2364 4782 ὄψεις
2404 4709 2748 4782 Ϋφαντάσαντος
2773 4715 2880 4782 (rin
2896 4708 3146 4782 ⁸ὀρῴντῳν
3174 4725 3187 4774 ;
3220 4710 3281 4765 Β.
3317 4708 3568 4782 Augusti-

1971 4800 2071 4837 nus
2118 4800 2224 4837 non
2256 4778 2364 4836 uno
2399 4778 2456 4834 in
2489 4783 2624 4846 loco,
2658 4789 2710 4834 et
2740 4779 2850 4833 alii.
2884 4778 3124 4835 Obtinuit
3155 4788 3334 4834 tamen
3385 4778 3562 4849 scrip-

1973 4868 2144 4909 torum
2176 4852 2478 4916 multitudo,
2511 4851 2605 4919 qui
2635 4867 2816 4906 veram
2849 4851 3084 4905 animam
3108 4851 3378 4907 Samuelis
3407 4866 3568 4919 appa-

1973 4926 2143 4980 ruisse
2197 4931 2490 4980 autumant.
2532 4921 2593 4977 ln
2651 4922 2796 4978 hunc
2851 4922 3016 4978 etiam
3080 4940 3301 4979 sensum
3343 4921 3567 4988 pronior

1969 4998 2180 5052 videtur
2208 4993 2564 5066 anteirelatus
2603 4995 2834 5064 August.
2866 5011 2990 5061 cap.
3043 4999 3108 5050 15
3163 4999 3237 5052 De
3283 5011 3422 5050 cura
3462 5011 3566 5066 pro

1971 5065 2620 5138 mort.agen.7V_idecap.
2643 5080 2794 5138 xcvi.
2821 5066 3205 5138 Ecclesiastici,
3239 5076 3288 5120 et
3321 5065 3566 5136 expande

1973 5155 2151 5193 voces.
2194 5135 2402 5191 Memini
2434 5135 2590 5191 etiam
2633 5153 2718 5192 me
2765 5135 2960 5206 legisse
3001 5137 3240 5190 libellum
3275 5138 3370 5200 ill.,
3395 5135 3565 5192 fauto-

1971 5211 2236 5282 graphum
2266 5207 2545 5282 Quillelmi
2577 5207 2792 5264 Postelli
2822 5207 2878 5260 in
2908 5223 3014 5276 quo
3044 5208 3166 5262 fuse
3198 5210 3312 5263 hac
3343 5207 3569 5265 historia

1974 5279 2251 5336 fractatur.
2284 5280 2361 5334 La
2396 5279 2493 5333 Pa.

2042 5352 2155 5423 (91)
2189 5355 2618 5423 Nasammonas.
2651 5349 3042 5405 Nasammonas
3090 5350 3319 5423 collocat
3360 5348 3568 5403 Plinius

1971 5426 2030 5494 (l.
2068 5441 2122 5480 v.
2144 5422 2202 5480 'c.
2245 5425 2300 5492 ὃ)
2332 5423 2387 5477 in
2418 5438 2511 5479 ora
2539 5422 2732 5493 Syrtis,
2767 5437 2904 5495 quos
2943 5422 3121 5495 Graci
3175 5422 3570 5495 Mesammones

1974 5493 2040 5551 ad
2052 5496 2326 5565 pellarunt
2354 5495 2420 5548 ab
2449 5493 2931 5568 argumento'loci,
2965 5493 3175 5550 medios
3206 5493 3348 5547 inter
3373 5504 3567 5545 arenas

1975 5569 2128 5624 sitos.
2161 5570 2301 5623 Pam.
