4030 6184
435 338 543 402 795

1110 334 1553 400 TERTULLIANI
1593 335 1854 400 OPERUM
1916 335 2085 399 PARS
2140 334 2210 399 II.
2249 367 2320 383 --
2355 335 2581 400 SERlES
2617 333 2659 407 Ι,
2702 334 3057 399 POLBMICA.

3614 323 3719 389 796

433 463 815 539 adimplentur.
846 464 1002 522 Fides
1046 466 1379 523 somniorum
1419 466 1487 523 de
1533 465 1748 534 effectu,
1782 482 1890 523 non
1946 466 2016 523 de
2046 482 2093 561 Α
2124 464 2265 521 tione
2295 464 2589 533 ludentem,
2638 480 2708 520 an
2748 462 2871 522 vitae
2914 476 3195 521 recensum
3233 460 3351 533 jam
3394 463 3448 517 et
3495 454 3717 515 ordina-

434 566 727 627 conspectu
758 555 1113 612 renuntiatur.
1163 555 1308 611 Nulli
1355 565 1534 612 autem
1575 556 1766 612 animae
1797 555 2017 612 omnino

434 646 640 703 inferos
696 651 895 718 petere,
936 646 1066 702 satis
1122 647 1390 701 Dominus
1444 646 1499 701 in
1555 654 1876 720 argumento
1930 645 2023 701 illo

436 734 688 808 pauperis
726 734 1137 807 requiescentis,
1171 747 1222 789 et
1267 735 1447 791 divitis
1486 733 1903 806 ingemiscentis,
1952 749 2023 795 ex

435 840 665 897 persona
693 826 923 880 Abrahae
953 824 1126 879 sanxit
1166 824 1317 894 (Luc.
1366 826 1507 895 XVI),
1537 840 1645 880 non
1693 839 1853 895 posse
1900 823 2025 879 inde

434 914 667 989 relegari
693 915 1119 971 renuntiatorem
1155 914 1529 986 dispositionis
1576 912 1838 983 infernae;
1879 914 2024 985 quod

433 1004 518 1059 vel
559 1013 686 1060 tunc
711 1004 877 1060 licere
906 1004 1187 1074 potuisset,
1228 1013 1288 1059 ut
1326 1003 1496 1074 Moysi
1526 1014 1577 1059 et
1606 1003 1885 1074 prophetis
1913 1018 2027 1059 crc-

431 1092 666 1151 deretur.
709 1094 813 1148 Sed
844 1093 944 1148 etsi
973 1094 1231 1164 quasdam
1271 1093 1546 1149 revocavit
1594 1092 1765 1150 750
1804 1093 1857 1147 in
1898 1108 2023 1149 cor-

430 1195 563 1252 pora
592 1180 689 1236 Dei
718 1181 910 1247 virtus,
942 1182 998 1235 in
1029 1181 1352 1237 documenta
1376 1180 1514 1248 juris
1543 1181 1644 1246 sui,
1676 1196 1781 1235 non
1822 1180 2024 1236 idcirco

430 1270 913 1325 communicabitur
940 1267 1088 1339 ﬁdei,
1118 1277 1171 1324 et
1197 1268 1435 1324 audaciae
1480 1284 1782 1341 magorum,
1816 1276 1870 1323 et
1914 1268 2023 1323 fal-

434 1355 584 1412 laciae
610 1358 964 1423 somniorum,
998 1364 1051 1411 et
1094 1356 1321 1413 licentiae
1371 1365 1676 1428 poetarum.
1728 1355 1927 1429 Atquin
1970 1356 2023 1411 in

432 1447 843 1502 resurrectionis
883 1446 1163 1516 exemplis,
1213 1463 1336 1503 cum
1382 1446 1483 1511 Dei
1522 1447 1710 1516 virtus,
1762 1446 1875 1502 sive
1932 1462 2025 1518 per

432 1537 742 1606 prophetas,
777 1537 888 1593 sive
914 1552 1014 1609 per
1048 1537 1340 1607 Christum,
1387 1538 1501 1592 sive
1539 1553 1637 1607 per
1667 1535 1941 1607 apostolos
1968 1535 2025 1590 in

431 1637 661 1696 corpora
685 1624 894 1682 animas
923 1634 1296 1696 repraesentat,
1330 1624 1502 1680 solida
1530 1632 1582 1680 et
1629 1622 2020 1690 contrectabili,

431 1719 484 1768 et
514 1713 710 1767 satiata
741 1715 983 1778 veritate,
1008 1713 1413 1783 praejudicalum
1460 1722 1544 1768 est
1589 1714 1723 1767 hanc
1752 1728 1871 1768 esse
1904 1712 2019 1767 for-

2126 558 2332 615 tjonem
2356 556 2543 625 judicii
2574 555 2982 611 inhorrentem?
3029 553 3256 623 Semper
3283 558 3469 606 autem
3511 564 3720 618 exSpe-

2127 653 2233 699 ctat
2272 645 2447 701 anima
2497 660 2716 715 corpus,
2746 651 2805 699 ut
2833 642 3031 708 doleat,
3064 648 3156 697 aut
3203 640 3483 714 gaudeat?
3529 638 3722 693 Nonne

2126 742 2179 788 et
2209 733 2277 788 de
2307 750 2404 791 suo
2432 732 2626 789 sufﬁcit
2664 732 2767 788 sibi
2805 732 2872 788 ad
2910 739 3197 802 utrumque
3245 728 3460 785 titulum
3505 727 3719 799 passio-

2130 820 2253 878 nis?
2285 822 2525 890 Quoties,
2557 823 2726 877 illaesa
2774 835 3019 893 corpore,
3060 819 3236 875 anima
3283 819 3398 874 sola
3436 824 3720 889 torquetur

2129 911 2254 977 bile,
2286 912 2386 978 ira,
2419 911 2599 980 taedio,
2630 911 2947 982 plerumque
2998 924 3097 965 nec
3134 907 3236 963 sibi
3278 914 3406 962 noto
3440 904 3451 960 l
3503 906 3720 977 quoties

2129 999 2257 1055 item
2303 1015 2531 1071 corpore
2558 998 2771 1054 adﬂicto
2823 998 3077 1053 furtivum
3122 996 3223 1050 sibi
3250 996 3429 1049 anima
3459 994 3721 1067 gaudium

2131 1089 2375 1161 exquirit,
2438 1097 2490 1143 et
2547 1103 2582 1143 a
2626 1087 2871 1158 corporis
2937 1087 3243 1157 importuna
3289 1092 3415 1139 tunc
3461 1084 3721 1139 societate

2132 1175 2373 1236 secedit!
2407 1177 2660 1241 Mentior,
2693 1176 2739 1230 si
2774 1174 2925 1232 7‘5]
2970 1190 3075 1230 non
3114 1175 3181 1230 de
3206 1172 3345 1244 ipsis
3394 1172 3722 1229 cruciatibus

2129 1266 2371 1338 cOrporis
2400 1274 2455 1323 et
2483 1264 2702 1336 gloriari
2730 1273 2781 1321 et
2818 1265 3053 1336 gaudere
3101 1263 3217 1317 sola
3259 1261 3564 1318 consuevit.
3609 1262 3719 1317 Re-

2131 1356 2278 1428 spice
2306 1356 2375 1412 ad
2427 1355 2577 1411 Mutii
2613 1354 2846 1410 animam
2878 1352 3012 1425 (94),
3052 1368 3176 1408 cum
3226 1351 3504 1406 dexteram
3562 1366 3718 1405 suam

2128 1445 2346 1518 ignibus
2392 1443 2567 1502 solvit.
2599 1444 2824 1515 Respice
2864 1442 2932 1498 ad
2979 1441 3208 1497 Zenonis
3238 1443 3374 1511 (95),
3413 1456 3539 1494 cum
3576 1439 3722 1495 illam

2130 1532 2373 1605 Dionysii
2409 1540 2674 1590 tormenta
2718 1538 3061 1603 praetereunt.
3094 1531 3306 1586 Morsus
3343 1529 3579 1585 ferarum
3635 1544 3727 1584 or-

2130 1630 2379 1678 namenta
2407 1628 2533 1677 sunt
2564 1621 2877 1690 juventutis,
2932 1627 2993 1676 ut
3041 1620 3095 1676 in
3150 1622 3288 1690 Cyro
3346 1620 3458 1674 ursi
3513 1618 3727 1675 cicatri-

2127 1728 2216 1768 ces
2245 1711 2379 1783 (96).
2412 1711 2564 1766 Adeo
2592 1710 2740 1767 novit
2766 1718 2817 1766 et
2846 1711 2991 1782 apud
3022 1710 3223 1765 inferos
3253 1708 3431 1764 anima
3459 1718 3512 1765 et
3540 1708 3728 1763 dolere

431 1816 576 1857 mam
612 1801 875 1872 veritatis,
906 1809 965 1857 ut
995 1816 1208 1856 omnem
1249 1808 1584 1858 mortuorum
1629 1801 2019 1861 exhibitionem
2050 1779 2094 1857 Β
2128 1810 2179 1859 et
2209 1800 2450 1876 gaudere
2488 1798 2603 1855 sine
2633 1816 2819 1865 carne;
2874 1800 2998 1873 quia
3047 1808 3101 1854 et
3144 1799 3198 1853 in
3248 1814 3406 1854 carne
3451 1798 3625 1854 illaesa
3683 1795 3729 1852 si

430 1885 817 1960 incorporalem
845 1887 1150 1960 praestigias
1168 1887 1396 1957 judices.

1000 2028 1232 2087 CAPUT
1270 2030 1456 2086 LVIII.

504 2176 528 2207 ι
555 2155 757 2213 Omnes
777 2169 911 2228 ergo
941 2154 1133 2211 animae
1156 2171 1320 2227 penes
1346 2155 1549 2213 inferos
1571 2157 1599 2213 ‘I
1629 2174 1653 2209 ι
1686 2156 1887 2228 inquis.
1918 2157 2020 2213 Ve-

428 2244 496 2300 lis
526 2260 589 2300 ac
620 2243 783 2315 nolis,
816 2252 872 2301 et
899 2244 1169 2318 supplicia
1195 2247 1307 2317 jam
1336 2244 1464 2316 illic,
1499 2252 1552 2302 et
1580 2243 1883 2317 refrigeria.
1914 2246 2020 2301 Ha-

426 2335 521 2392 bes
579 2350 864 2406 pauperem
929 2342 984 2391 et
1037 2335 1275 2394 divitem.
1307 2335 1371 2390 Et
1420 2335 1544 2407 quia
1599 2334 1779 2391 distuli
1836 2335 2020 2390 nescio

428 2422 555 2494 quid
586 2423 655 2477 ad
701 2424 838 2479 hanc
888 2433 1110 2496 partem,
1165 2424 1278 2493 jam
1334 2430 1635 2494 opportune
1674 2422 1729 2479 in
1781 2423 2021 2479 clausula

431 2510 671 2567 reddam.
704 2512 811 2567 Cur
838 2513 979 2568 enim
1010 2528 1121 2567 non
1153 2519 1309 2584 putes
1338 2513 1573 2567 animam
1601 2512 1716 2583 (92)
1749 2518 1803 2566 et
1841 2512 2021 2582 puniri

436 2610 487 2656 et
551 2601 720 2658 foveri
783 2602 839 2657 in
901 2602 1126 2660 infernis
1193 2600 1410 2657 interim
1474 2602 1574 2657 sub
1628 2601 2021 2671 exspectatione

433 2690 716 2762 utriusque
742 2692 952 2762 judicii,
980 2693 1038 2747 in
1069 2692 1298 2765 quadam
1327 2690 1676 2763 usurpatione
1702 2698 1755 2747 et
1795 2692 2020 2749 candida

431 2778 597 2850 ejus?
631 2802 659 2831 α
688 2778 826 2849 Quia
871 2782 1077 2836 salvum
1116 2781 1275 2837 debet
1312 2796 1450 2846 esse,
1496 2780 1698 2852 inquis,
1743 2781 1793 2821 ³ο
1817 2781 2020 2851 judicio

442 2870 626 2927 divino
656 2871 929 2941 negotium
961 2885 1139 2935 suum,
1172 2869 1287 2925 sine
1331 2870 1439 2925 ulla
1486 2870 1852 2941 praelibatione
1896 2887 2021 2927 sen-

426 2958 623 3012 tentiae.
660 2960 795 3013 Tum
825 2957 950 3028 quia
978 2966 1030 3012 et
1075 2957 1251 3013 carnis
1278 2958 1574 3028 operienda
1599 2968 1682 3014 est
1727 2959 2015 3025 restitutio,

2127 1890 2252 1946 velit
2281 1890 2441 1960 dolet,
2475 1898 2528 1944 et
2557 1890 2681 1944 lmsa
2707 1889 2753 1943 si
2773 1889 2901 1945 velit
2930 1888 3149 1961 gaudet.
3187 1888 3299 1944 Hoc
3328 1887 3373 1944 si
3393 1903 3456 1943 ex
3494 1887 3731 1944 arbitrio

2124 1995 2223 2036 suo
2258 1980 2315 2034 in
2342 1979 2466 2047 vita,
2498 1986 2698 2050 quanto
2737 1978 2907 2050 magis
2950 1993 3017 2033 ex
3040 1977 3250 2047 judicio
3280 1977 3381 2033 Dei
3417 1989 3541 2048 post
3572 1993 3734 2033 mor-

2125 2066 2265 2124 teml
2303 2068 2408 2124 Sed
2454 2084 2556 2124 nec
2603 2067 2783 2126 omnia
2826 2083 2987 2139 opera
3029 2083 3156 2123 cum
3202 2066 3379 2122 carnis
3414 2066 3730 2123 ministerio

2124 2158 2301 2213 anima
2342 2159 2592 2228 partitur;
2651 2172 2779 2211 nam
2827 2162 2881 2211 et
2924 2156 3069 2211 solos
3112 2156 3379 2228 cogitatus
3430 2165 3483 2210 et
3540 2156 3731 2211 nudas

2124 2247 2423 2302 voluntates
2475 2260 2697 2300 censura
2741 2244 2919 2299 divina
2962 2244 3312 2316 persequitur
3359 2244 3582 2315 (Matth.
3619 2242 3729 2311 v):

2134 2337 2237 2404 Qui
2259 2336 2456 2392 viderit
2484 2335 2556 2391 ad
2584 2333 3107 2407 concupiscendum,
3123 2336 3249 2407 jam
3279 2332 3641 2390 adulteravit
3666 2335 3733 2387 in

2128 2426 2306 2482 corde.
2358 2427 2503 2497 Ergo
2532 2424 2581 2462 33
2638 2406 2853 2494 propter
2890 2424 2991 2478 hoc
3033 2406 3581 2501 cong'ruentissimum
3644 2430 3737 2476 est

2130 2514 2383 2581 animam,
2407 2513 2527 2568 licet
2570 2527 2677 2567 non
2737 2519 3041 2582 exspectata
3088 2527 3269 2579 carne,
3322 2512 3521 2582 puniri,
3572 2510 3736 2582 quod

2127 2618 2234 2661 non
2262 2602 2464 2659 sociata
2492 2618 2651 2657 carne
2680 2599 2964 2656 commisit.
2999 2600 3089 2657 Sic
3118 2608 3173 2655 et
3201 2601 3272 2655 ob
3300 2600 3569 2672 cogitatus
3600 2599 3736 2669 pios

2128 2701 2181 2748 et
2210 2691 2518 2757 benevolos,
2551 2691 2607 2745 in
2636 2690 2831 2762 quibus
2859 2704 3018 2744 carne
3047 2704 3157 2744 non
3186 2689 3358 2761 eguit,
3396 2688 3511 2743 sine
3559 2703 3735 2744 carne

2130 2780 2473 2835 recreabitur.
2507 2778 2649 2847 Quid
2680 2793 2841 2845 nunc,
2874 2777 2920 2833 si
2947 2777 3069 2833 etin
3101 2778 3403 2834 carnalibus
3433 2778 3583 2849 prior
3616 2785 3729 2843 est,

2134 2867 2297 2925 752
2322 2884 2440 2940 quae
2471 2867 2725 2939 concipit,
2749 2882 2869 2939 quae
2899 2866 3154 2937 disponit,
3187 2883 3308 2938 qum
3329 2869 3563 2931 mandat,
3596 2884 3733 2940 qua;

2129 2956 2400 3030 impellit?
2423 2959 2509 3024 Et,
2538 2958 2582 3012 si
2612 2957 2827 3030 quando
2870 2956 3055 3025 invita,
3092 2957 3238 3028 prior
3286 2966 3465 3013 tamen
3502 2966 3727 3024 tractat,

426 3052 485 3099 ut
524 3046 789 3101 consortis
846 3061 1130 3116 operarum
1185 3055 1350 3117 atque
1406 3047 1734 3103 mercedum.
1774 3068 1797 3098 »
1867 3047 2009 3117 Quid
2039 3063 2081 3141 ε
2111 3048 2258 3120 quod
2288 3064 2383 3118 per
2410 3063 2611 3119 corpus
2654 3054 2836 3102 actura
2872 3054 2973 3102 est.
3007 3047 3295 3118 Nunquam
3325 3046 3557 3117 denique
3586 3061 3733 3103 con-

424 3149 556 3207 ergo
586 3133 677 3189 fiet
703 3136 757 3191 in
790 3143 1029 3206 tempore
1058 3134 1165 3191 isto
1187 3134 1214 3189 ?
1243 3136 1575 3191 dormiamus
1595 3137 1623 3191 Ρ
1649 3136 1868 3193 Atenim
1890 3137 2010 3193 ani-

423 3239 523 3279 mae
548 3239 650 3280 nec
674 3223 729 3280 in
760 3224 1063 3282 viventibus
1101 3225 1373 3281 dormiunt
1401 3244 1416 3281 :
1449 3241 1739 3299 corporum
1766 3226 1911 3282 enim
1931 3234 2014 3283 est

422 3327 666 3380 somnus,
700 3329 931 3385 quorum
976 3322 1030 3370 et
1073 3314 1194 3386 ipsa
1249 3331 1397 3370 mors
1455 3331 1581 3370 cum
1644 3315 1864 3386 speculo
1911 3329 2010 3371 suo

419 3416 629 3458 somno.
663 3402 773 3459 Aut
800 3403 934 3459 nihil
952 3404 1035 3461 vis
1075 3403 1164 3478 agi
1193 3401 1449 3476 illic,quo
1480 3404 1729 3460 universa
1756 3404 2009 3459 humani-

418 3498 501 3547 tas
530 3493 781 3561 trahitur,
821 3508 927 3565 quo
955 3508 1079 3564 spes
1109 3494 1286 3550 omnis
1324 3500 1694 3563 sequestratur
1714 3493 1742 3546 ‘?
1773 3492 2010 3549 Delibari

416 3581 876 3651 putasjudicium,
909 3598 977 3636 an
1024 3582 1237 3653 incipi?
1282 3581 1631 3654 prmcipitari,
1671 3598 1741 3636 an
1788 3584 2010 3653 praemi-

418 3669 632 3725 nistrari
659 3673 681 3724 .9
708 3671 824 3724 Jam
854 3685 999 3738 vero,
1031 3687 1192 3742 quam
1224 3670 1625 3743 iniquissimum
1657 3671 1819 3725 etiam
1866 3670 2007 3742 apud

417 3757 638 3820 inferos,
669 3758 716 3811 si
745 3766 799 3812 et
828 3759 1145 3814 nocentibus
1184 3758 1357 3813 adhuc
1386 3758 1493 3814 illic
1534 3759 1670 3814 bene
1698 3768 1799 3824 cst,
1832 3768 1885 3814 et
1920 3759 2009 3815 in-

419 3843 740 3899 nocentibus
762 3846 999 3899 nondum
1016 3846 1201 3913 ?Quid
1217 3848 1244 3901 ε)
1273 3845 1672 3917 ampliationem
1700 3846 1743 3885 3‘1
1777 3848 1859 3902 vis
1890 3864 2012 3903 esse

419 3941 542 4002 post
585 3939 814 3987 mortem
845 3934 985 4004 (93),
1016 3934 1240 3989 confusa
1268 3950 1365 4005 spe
1405 3944 1457 3989 et
1486 3935 1689 3993 incerta
1735 3946 2011 4008 eXSpecta-

2116 3136 2342 3192 scientia
2372 3136 2634 3207 posterior
2664 3136 2764 3192 erit
2792 3134 2953 3190 facto.
3000 3135 3080 3189 Ita
3125 3134 3248 3190 huic
3275 3149 3491 3206 quoque
3539 3135 3732 3190 ordini

2118 3226 2392 3297 competit,
2425 3241 2546 3280 eam
2574 3224 2811 3296 priorem
2842 3240 3070 3295 pensare
3106 3224 3399 3289 mercedes,
3433 3223 3519 3281 cui
3546 3224 3730 3293 priori

2118 3316 2434 3372 debeantur.
2469 3315 2528 3370 In
2567 3330 2797 3380 summa,
2844 3330 2971 3369 eum
3017 3329 3287 3369 carcerem
3336 3314 3503 3379 illum,
3554 3330 3729 3384 quem

2116 3403 2469 3473 Evangelium
2508 3402 2860 3474 demonstrat,
2890 3402 3092 3458 inferos
3118 3401 3502 3476 intelligamus,
3538 3411 3593 3457 et
3628 3418 3728 3459 no—

2116 3492 2392 3548 vissimum
2434 3492 2792 3564 quadrantem
2839 3492 3114 3548 modicum
3168 3493 3422 3563 quodque
3464 3492 3732 3549 delictum

2119 3597 2269 3636 mora
2363 3581 2775 3637 resurrectionis
2864 3580 2976 3636 illic
3044 3580 3301 3638 luendum
3384 3581 3723 3652 interprete-

2119 3688 2237 3726 mur
2265 3672 2494 3741 33(97);
2545 3685 2698 3726 nemo
2747 3670 3010 3727 dubitabit
3053 3670 3286 3725 animam
3324 3671 3533 3742 aliquid
3588 3689 3729 3743 pen-

2119 3776 2240 3816 sare
2277 3776 2414 3830 pene
2451 3759 2673 3827 inferos,
2723 3761 2869 3816 salva
2924 3761 3333 3817 resurrectionis
3371 3761 3726 3831 plenitudine

2120 3865 2216 3917 per
2260 3865 2475 3904 carnem
2511 3865 2746 3920 quoque.
2779 3851 2892 3906 Hoc
2922 3852 3082 3905 etiam
3113 3852 3419 3907 Paracletus
3461 3851 3727 3923 frequen3,

2121 3937 2328 3993 tissime
2359 3939 2776 4007 commendavit,
2806 3939 2991 4012 siquis
3019 3955 3299 3995 sermones
3328 3940 3444 4009 ejus
3471 3955 3536 3994 ex
3559 3940 3727 4011 agni-

1777 4060 1969 4123 Variae
2013 4064 2323 4123 lectiones.

489 4177 539 4215 ³ο
569 4179 625 4233 ln
664 4180 927 4257 inserunt
961 4186 1391 4257 omnesprwter
1430 4184 1631 4241 Wouw.
1664 4183 1710 4221 31
1744 4183 1994 4256 Amplius
2024 4184 2194 4241 Fran.
2225 4187 2387 4242 Pam.
2420 4183 2468 4222 ³2
2498 4182 2595 4241 Vel
2634 4182 2761 4242 add.
2794 4187 2927 4241 Par.
2964 4186 3154 4244 Gelen.
3184 4188 3320 4243 Jun.
3353 4186 3403 4224 33
3442 4186 3727 4257 Intelligi-

420 4265 541 4306 mus
570 4282 639 4290 —
668 4251 1083 4323 interpretamur
1113 4251 1287 4311 Rhen.
1320 4256 1481 4308 Pam.

1790 4356 2288 4418 Commentarius.

488 4483 602 4555 (92)
629 4486 739 4541 Cur
775 4487 929 4542 enim
959 4502 1074 4542 non
1103 4489 1267 4557 putes
1304 4488 1582 4553 animam,
1616 4495 1719 4544 etc.
1752 4489 1898 4543 Inter
1922 4504 2007 4544 er-

418 4571 572 4612 rores
610 4564 665 4611 et
710 4557 980 4629 paradoxa
1020 4557 1330 4613 Tertulliani
1368 4574 1611 4623 recense,
1660 4560 1754 4629 qui
1801 4560 2006 4616 animas

420 4629 617 4685 coelum
646 4643 753 4683 non
803 4628 1002 4683 intrare
1051 4645 1222 4699 usque
1245 4629 1299 4683 in
1331 4629 1475 4683 diem
1510 4628 1723 4699 judicii,
1757 4639 1810 4687 et
1839 4631 1891 4686 in
1922 4632 2009 4686 in-

416 4699 547 4774 feris
567 4700 768 4774 degere
798 4700 1003 4774 statuit.
1037 4699 1191 4774 Unde
1218 4716 1332 4771 cap.
1366 4704 1434 4756 55
1467 4702 1617 4768 dixit,
1655 4725 1677 4753 «
1711 4704 2003 4774 aspernati,

418 4773 464 4827 si
495 4772 653 4837 forte,
694 4771 750 4825 in
778 4771 1009 4825 Abrahae
1045 4770 1186 4836 sinu,
1228 4770 1597 4842 eispectandae
1646 4770 2004 4831 resurrectio-'-

417 4844 502 4899 nis
534 4843 787 4900 solatium
813 4858 1025 4911 capere.
1059 4860 1086 4892 ι»
1137 4843 1280 4898 Illud
1306 4860 1435 4900 vero
1472 4845 1801 4901 Tertulliano
1850 4863 2005 4903 com-

417 4931 584 4971 mune
611 4922 693 4968 est
723 4930 847 4968 cum
893 4912 1010 4967 aliis
1052 4913 1257 4987 multis,
1308 4915 1362 4969 in
1409 4917 1607 4987 quibus
1639 4920 1857 4973 haeresis
1888 4934 2008 4973 esse

417 5002 524 5061 non
577 4992 801 5061 potest_,__
834 5001 957 5038 cum
1012 4984 1142 5040 nihil
1203 4984 1475 5061 statuisset
1519 4990 1773 5045 Ecclesia.
1822 4991 2008 5061 Neque

418 5056 563 5141 enim
597 5064 721 5125 puto
749 5055 870 5141 illos
900 5071 1130 5141 negasse
1173 5059 1402 5141 gloriam
1446 5055 2005 5141 visionzsbeatiﬁéae,

419 5137 739 5199 sanctosque
796 5128 1007 5201 integra
1052 5128 1386 5187 beatitudine
1444 5148 1551 5186 non
1603 5128 1870 5191 fruituros'
1904 5132 2008 5185 nisi

418 5208 544 5272 post
572 5200 1041 5272 resurrectionem.
1075 5201 1210 5255 Cum
1249 5202 1313 5257 iis
1352 5211 1406 5257 et
1450 5204 1780 5258 Tertulliano
1827 5204 2011 5258 mitius

420 5270 691 5401 agepdtli‘m
705 5271 811 5398 lqui
830 5270 1017 5328 forsan
1044 5272 1142 5329 Dei
1174 5274 1401 5348 gloriam
1428 5274 1613 5329 videre
1653 5292 1763 5331 non
1791 5275 2013 5329 inticiati

420 5360 520 5399 sun
552 5383 565 5398 .
640 5359 674 5398 Ε
748 5360 801 5400 n.

419 5351 565 5399 sunt.
600 5351 674 5400 LE
705 5351 801 5400 Pu.

492 5414 607 5485 (93)
644 5417 832 5489 Quid?
859 5418 1289 5489 ampliationem
1316 5419 1411 5489 vis,
1436 5433 1551 5489 esse
1576 5422 1700 5488 post
1744 5421 2007 5489 mortem.

422 5488 709 5560 Eleganter
750 5488 824 5543 ait
870 5487 1278 5560 interrogando,
1327 5510 1348 5536 ‹‹
1385 5487 2013 5559 ρυίἁένεηψιίδίὶοηεῑη

424 5530 660 5613 νίεῗξδδθ
690 5570 815 5629 post
843 5530 1115 5613 mortem?!
1150 5578 1172 5607 ν
1216 5530 1295 5612 Eii
1333 5530 1485 5613 mgrc
1520 5530 1847 5629 judicierum
1896 5575 2014 5614 am-

424 5629 580 5701 pliari
621 5645 748 5687 reus
787 5630 997 5696 dicitur,
1037 5629 1105 5688 de
1151 5645 1259 5702 quo
1304 5629 1437 5687 nihil
1474 5632 1868 5704 pronuntiatur,
1920 5634 2014 5690 scd

2040 4508 2085 4585 Β
2114 4487 2472 4585 obmconfttsas
2502 4489 3102 4585 etincertlasjttldicgm.
3127 4489 3420 4585 sententias
3463 4488 3516 4543 in
3559 4488 3728 4545 aliud

2119 4563 2227 4615 sive
2259 4569 2488 4631 tempus,
2523 4561 2635 4617 sive
2673 4562 2903 4615 tribunal
2932 4562 3194 4616 differtur.
3230 4564 3353 4618 Βία.

2114 4706 2153 4759 L
2191 4632 2306 4759 (εἰῇ)
2336 4635 2560 4704 Respice
2588 4633 2660 4689 ad
2701 4634 2865 4689 Matii
2905 4636 3180 4690 ani-mam.
3239 4632 3389 4691 Mutii
3432 4631 3720 4689 Scaevolae.

2161 4720 2193 4757 E
2268 4722 2321 4759 ιι,

2161 4720 2193 4757 E
2228 4707 2321 4759 [’tt.

2185 4777 2300 4845 (95)
2349 4773 2428 4829 Ad
2466 4776 2721 4830 Zenonis.
2754 4780 2895 4831 Zeno
2942 4777 3029 4831 hic
3059 4784 3139 4832 est
3186 4774 3414 4839 Eleates,
3449 4775 3539 4847 qui
3589 4790 3718 4831 con-

2117 4855 2379 4915 templum
2408 4847 2596 4919 mortis
2636 4863 2667 4901 e
2716 4848 3058 4919 phil050phia
3090 4848 3408 4919 contingere
3458 4862 3581 4919 cum
3615 4863 3718 4899 as-

2118 4928 2317 4973 sereret
2344 4917 2844 4989 apudDionysium,
2859 4917 3132 4975 abeodem
3154 4917 3437 4974 tormentis
3454 4917 3717 4973 immani-

2118 4991 2219 5043 bus
2256 4989 2540 5053 cruciatus,
2597 4992 2960 5061 responsionis
2993 5006 3102 5046 suae
3130 4991 3407 5050 veritatem
3438 5005 3535 5045 sua
3579 5004 3722 5044 con-

2115 5061 2310 5113 stantia
2340 5062 2725 5130 comprobavit.
2758 5065 2832 5118 LE
2864 5065 2959 5118 Pa.

2187 5132 2302 5199 (96)
2332 5133 2395 5203 1n
2431 5132 2564 5203 Cyro
2595 5136 2715 5189 ursi
2743 5136 3056 5191 cicatrices.
3091 5132 3275 5189 Tradit
3324 5133 3474 5188 illum
3515 5133 3717 5187 Xeno-

2118 5202 2284 5279 phon,
2317 5202 2406 5279 li_b.
2431 5219 2469 5257 ι.
2521 5206 2660 5279 inter
2686 5208 2988 5261 venandum
3021 5222 3139 5279 cum
3176 5221 3303 5260 urso
3349 5220 3716 5279 congressum

2119 5272 2284 5349 fuisse
2308 5273 2519 5349 __Cyrum
2562 5276 2841 5349 minorem,
2874 5293 3037 5348 quem
3066 5277 3209 5332 idem
3256 5279 3431 5348 Cyrus
3458 5272 3722 5349 'acceptis

2119 5344 2427 5399 vulneribus
2457 5345 2739 5402 interemit.
2774 5350 2847 5403 LE
2878 5344 2972 5404 Pa.

2188 5417 2300 5483 (97‘)
2334 5418 2481 5492 Mora
2512 5421 2940 5476 resurrectionis
2968 5421 3092 5476 illic
3126 5421 3397 5476 luendum
3435 5424 3718 5492 interpre-

2125 5492 2331 5565 temtu'.
2370 5490 2425 5542 In
2456 5504 2607 5565 mora
2657 5492 3065 5565 resurrectionis
3119 5492 3340 5565 purgari
3386 5490 3618 5565 animas,
3661 5498 3717 5544 et

2123 5561 2671 5636 modicumhquodque
2692 5560 2952 5636 delictum
2974 5560 3180 5633 eluere,
3212 5560 3345 5636 quid
3372 5562 3517 5619 aliud
3546 5578 3707 5635 quam

2123 5633 2419 5705 purgatorii
2448 5647 2609 5704 pcena
2638 5634 2666 5687 εἰ
2689 5632 2765 5689 LI
2794 5632 2888 5690 Pa.
