4030 6184
264 337 369 400 797

1474 346 1668 410 LIBER
1707 346 1793 408 DE
1829 345 2048 409 CARNE
2086 348 2360 412 CHRISTI.

3454 362 3560 424 798

267 467 410 523 tione
445 467 834 538 promissorum
871 469 1252 527 charismatum
1281 471 1580 531 admiserit.
1611 473 1695 530 Ad
1731 491 1852 532 om-
1886 490 1934 571 Α
1965 477 2214 534 cessariae
2262 480 2557 539 curiositati
2606 485 2964 544 satisfecimus
3011 491 3079 546 ³4.
3119 492 3336 550 Euormi
3377 502 3556 550 autem

266 572 410 626 nem,
441 565 501 612 ut
529 558 777 628 arbitror,
806 559 1093 616 humanam
1123 576 1283 631 super
1311 562 1489 618 anima
1519 564 1850 635 Opinionem,

265 663 326 703 ex
371 646 612 704 doctrina
649 648 771 704 ﬁdei
817 651 1117 722 congressi,
1146 651 1304 720 justas
1350 652 1629 711 dumtaxat
1671 671 1734 711 ac
1765 671 1859 710 ne-

1965 576 2017 624 et
2046 569 2233 626 otiosa:
2281 578 2483 629 tantum
2540 573 2709 631 deerit
2755 577 2986 646 discere,
3019 590 3275 650 quantum
3337 583 3557 644 libuerit

1966 675 2254 730 inquirere.

1643 754 1832 820 Varia:
1873 761 2182 822 lectiones.

335 826 381 865 ³4
420 825 858 885 Satisfecerimus
886 830 1008 886 cod.
1053 833 1254 888 Wouw.

270 977 3546 1016 ἦ

469 1191 618 1343 Q,
759 1193 1250 1325 SEPT.
1423 1196 1928 1330 FLOR.
2060 1205 3333 1344 TERTULLIANI

1729 1472 2093 1560 LIBER

1287 1692 1450 1796 DE
1526 1689 1946 1803 CARNE
2012 1695 2535 1805 CHRISTI.

801 2054 1312 2114 ARGUMENTUM.

328 2160 462 2230 Cap.
511 2161 554 2216 Ι.
604 2161 687 2218 De
733 2161 912 2218 carnis
965 2161 1164 2218 Christi
1218 2162 1440 2220 veritate
1487 2162 1853 2236 disputaturus

253 2247 635 2314 Tertullianus,
686 2249 949 2322 imprimis
1003 2253 1186 2323 scripti
1241 2251 1585 2308 occasionem
1643 2253 1851 2326 signiﬁ-

251 2348 363 2404 cat;
405 2339 575 2411 quod,
621 2340 714 2414 qui
762 2341 1172 2398 resurrectionis
1239 2341 1396 2398 Iidem
1469 2343 1846 2416 inquietarent,

251 2426 413 2483 etiam
441 2443 656 2484 carnem
684 2430 879 2485 Christi
909 2430 1300 2502 quaestionibus
1327 2431 1704 2489 distraherent.

319 2516 455 2586 Cap.
489 2517 558 2572 II.
597 2519 680 2575 Ad
729 2517 1031 2576 institutum
1079 2529 1257 2576 autem
1307 2521 1558 2588 veniens,
1596 2521 1852 2579 adversus

250 2604 597 2673 Marcionem,
627 2606 717 2678 qui
747 2609 866 2677 ejus
905 2607 1181 2667 historiam
1220 2625 1293 2666 ex
1321 2609 1616 2682 Evangelia
1645 2609 1854 2666 aufere-

250 2693 358 2763 bat,
410 2695 712 2752 traditionis
795 2696 1108 2768 apostolicae
1185 2700 1592 2771 praescriptione
1655 2698 1852 2756 Christi

249 2783 580 2841 nativitatem
620 2786 829 2857 probat.

317 2873 449 2944 Cap.
499 2874 597 2930 III.
648 2874 851 2931 Deinde
894 2889 1068 2949 neque
1111 2877 1507 2948 impossibilem
1553 2877 1719 2934 fuisse
1761 2883 1854 2934 aut

261 2961 723 3021 inconvenientem
749 2966 886 3024 Deo.

329 3051 455 3120 Cap.
511 3053 607 3108 IV.
666 3055 853 3125 Neque
906 3054 1069 3111 etiam
1132 3056 1247 3112 Deo
1298 3055 1618 3128 indignam,
1677 3070 1852 3128 neque

253 3140 491 3195 stultam.

323 3230 452 3300 Cap.
505 3230 568 3285 V.
611 3232 733 3286 Non
779 3231 955 3304 itaque
1013 3234 1068 3290 in
1135 3234 1531 3306 phantasmate,
1581 3233 1675 3292 sed
1721 3251 1848 3292 vere

1887 2019 1930 2098 Β
1978 2079 1992 2098 Ι
2029 1991 2162 2091 Cap.
2191 1991 2358 2091 XVII.
2391 1989 2578 2098 Obiter
2607 1991 2842 2064 probans
2869 2007 2934 2048 ex
2962 1989 3255 2065 Scripturis
3283 1993 3555 2050 Christum

1961 2079 2029 2137 de
2064 2079 2274 2156 virgine
2300 2081 2652 2137 nasciturum.

2028 2170 2160 2239 Cap.
2174 2170 2370 2227 XVIII.
2381 2171 2500 2227 Non
2518 2180 2827 2242 competere
2839 2173 3002 2227 etiam
3012 2189 3076 2228 ex
3098 2173 3308 2229 semine
3323 2173 3556 2229 humano

1957 2260 2054 2316 Dei
2099 2260 2288 2316 Filium
2329 2261 2505 2329 nasci;
2557 2277 2624 2316 ne
2663 2260 2711 2315 si
2749 2272 2893 2318 esset
2931 2270 3076 2318 totus
3119 2261 3259 2318 ﬁlius
3302 2261 3555 2328 hominis,

1955 2349 2107 2420 juxta
2127 2348 2384 2404 Hebionis
2413 2350 2752 2419 opinionem,
2769 2367 2879 2406 non
2906 2352 3214 2407 crederetur
3234 2353 3329 2407 Dei
3370 2352 3556 2408 Filius.

2031 2441 2162 2510 Cap.
2195 2439 2347 2494 XIX.
2377 2440 2564 2512 Neque
2591 2450 2765 2495 tamen
2797 2441 3080 2497 Valentino
3115 2440 3298 2498 favere
3339 2441 3470 2495 illud
3493 2440 3558 2495 ab

1960 2541 2024 2581 eo
2062 2527 2420 2584 adulteratam
2469 2546 2480 2585 :
2527 2529 2646 2584 Non
2694 2546 2756 2585 ex
2812 2530 3096 2602 sanguine,
3130 2546 3230 2585 nec
3276 2545 3341 2585 ex
3383 2527 3560 2584 carnis

1960 2615 2257 2679 voluntate,
2285 2632 2386 2672 nec
2413 2633 2480 2672 ex
2511 2617 2630 2687 viri,
2663 2617 2756 2673 sed
2789 2633 2854 2672 ex
2890 2619 3002 2674 Deo
3032 2627 3194 2673 natus
3217 2625 3338 2673 ests

2033 2704 2166 2777 Cap.
2197 2705 2327 2770 XX,
2359 2706 2518 2765 XXI.
2552 2709 2719 2762 Porro
2758 2707 3024 2762 adversus
3060 2707 3279 2762 eosdem
3321 2720 3430 2761 non
3462 2721 3558 2774 per

1960 2791 2249 2865 virginem,
2281 2796 2375 2850 sed
2408 2812 2474 2850 ex
2511 2794 2722 2868 virgine
2762 2803 2944 2849 natum
2977 2793 3267 2859 Christum,
3298 2793 3557 2848 latissime

1962 2897 2029 2936 ex
2058 2883 2351 2955 Scripturis
2377 2883 2729 2939 demonstrat.

2033 2970 2168 3038 Cap.
2199 2972 2377 3036 XXII,
2410 2973 2611 3027 XXIII.
2647 2971 2876 3028 Proinde
2919 2971 3197 3042 adimpleri
3245 2970 3298 3026 in
3330 2972 3411 3028 his
3441 2987 3557 3027 om-

1963 3057 2122 3113 nibus
2169 3061 2533 3130 pr0pheticam
2599 3075 2789 3116 vocem
2849 3061 3118 3117 Simeonis
3164 3061 3230 3116 de
3279 3060 3488 3118 Christo
3542 3078 3556 3116 :

1963 3148 2104 3202 Ecce
2152 3146 2238 3202 hic
2283 3147 2487 3216 positus
2531 3157 2612 3203 cst
2661 3149 2713 3203 in
2763 3148 2977 3220 signum
3025 3149 3108 3204 cui
3147 3150 3554 3206 contradicetur.

2037 3235 2164 3308 Cap.
2217 3235 2418 3291 XXIV.
2456 3237 2523 3290 Et
2571 3234 2892 3309 suggillatos
2935 3252 3057 3292 esse
3109 3237 3390 3294 hwreticos
3440 3239 3559 3293 illos

249 3318 568 3375 cruciﬁxum
610 3327 665 3374 et
710 3331 984 3378 mortuum
1030 3321 1400 3394 (quantumvis
1436 3324 1598 3378 etiam
1646 3323 1701 3378 id
1750 3339 1852 3380 nc-
1887 3322 1932 3400 ε
1959 3341 2172 3391 omnes,
2205 3327 2602 3398 praedictosque
2629 3326 2686 3386 in
2720 3325 3036 3396 Scripturis.

247 3420 401 3479 geret
429 3409 716 3480 Marcion),
750 3428 872 3467 vere
901 3427 1120 3484 quoque
1152 3420 1336 3468 natum
1369 3413 1663 3470 Christum.

319 3507 452 3577 Cap.
492 3507 578 3563 VI.
607 3510 725 3564 Jam
754 3509 1008 3566 adversus
1037 3510 1281 3581 Apellem
1311 3510 1546 3578 deducit,
1577 3510 1847 3566 Christum

247 3595 322 3651 de
351 3597 625 3653 sideribus
656 3605 711 3654 et
737 3598 1054 3655 substantiis
1084 3599 1385 3670 superioris
1415 3600 1600 3656 mundi
1630 3615 1847 3656 carnem

244 3699 356 3740 non
395 3701 516 3740 esse
548 3695 870 3743 mutuatum.
1689 3705 1696 3711 ”

321 3776 457 3845 Cap.
494 3777 608 3832 VII.
654 3777 1002 3847 Interserens,
1036 3777 1169 3832 nihil
1215 3795 1313 3848 pro
1352 3778 1456 3833 illis
1504 3779 1681 3834 facere
1719 3777 1848 3833 illud

247 3864 449 3920 Christi
480 3885 492 3920 :
527 3865 660 3934 Quae
699 3866 828 3920 mihi
859 3875 1047 3932 mater,
1083 3875 1137 3922 et
1166 3867 1260 3938 qui
1291 3867 1420 3922 mihi
1452 3867 1686 3925 fratres?

320 3951 458 4024 Cap.
494 3953 633 4010 VIII.
665 3953 908 4018 Addens,
939 3954 1190 4027 angelum
1220 3955 1372 4010 illum
1411 3955 1628 4026 igneum
1672 3955 1846 4025 Apel-

243 4043 603 4110 lecianorum,
636 4042 931 4099 secundum
979 4057 1074 4098 eos
1122 4044 1282 4099 etiam
1327 4043 1574 4101 coelestia
1620 4060 1685 4100 ex
1726 4060 1849 4114 poc-

246 4131 472 4186 nitentia
521 4131 698 4188 delicti
743 4131 1059 4200 instituisse,
1095 4140 1256 4204 atque
1296 4134 1433 4187 adeo
1474 4133 1519 4186 si
1553 4132 1620 4185 de
1655 4131 1848 4186 sideri-

253 4221 355 4276 bus
379 4229 594 4288 structa,
625 4221 980 4292 peccatricem
1012 4221 1173 4278 fuisse
1195 4237 1410 4278 carnem
1444 4221 1663 4276 Christi.

319 4309 447 4380 Cap.
493 4309 591 4363 IX.
640 4310 705 4364 Et
753 4324 901 4374 vero,
941 4310 1122 4364 omnia
1167 4323 1307 4364 verae
1354 4307 1532 4364 carnis
1580 4307 1742 4380 signa
1790 4306 1845 4360 in

251 4397 460 4452 Christo
485 4396 674 4454 fuisse.

323 4485 451 4554 Cap.
480 4486 555 4541 X.
589 4487 847 4556 Rursum,
879 4485 1136 4544 adversus
1173 4485 1307 4542 alios
1345 4484 1632 4556 quosdam,
1663 4499 1845 4557 neque

251 4573 530 4630 animalem
560 4574 726 4630 fuisse
751 4575 950 4630 Christi
982 4590 1198 4632 carnem
1227 4573 1465 4631 deducit.

315 4661 446 4734 Cap.
482 4663 583 4721 XI.
617 4663 808 4735 Neque
837 4664 998 4720 etiam
1027 4661 1316 4720 carnalem.

317 4753 449 4824 Cap.
483 4752 610 4807 XII.
639 4753 868 4809 Venisse
902 4753 1062 4808 etiam
1100 4752 1394 4820 Christum,
1427 4765 1537 4808 non
1573 4757 1638 4808 ut
1664 4752 1844 4810 anima

243 4840 484 4912 seipsam
523 4847 900 4913 cOgnosceret,
933 4841 1028 4896 sed
1071 4848 1127 4895 ut
1165 4842 1342 4911 ipsam
1385 4839 1584 4898 salvam
1623 4841 1842 4898 faceret.

316 4929 450 4997 Cap.
483 4929 626 4983 XIII.
663 4929 851 4986 Fuisse
889 4931 1015 4985 item
1050 4932 1104 4986 in
1153 4930 1367 4987 Christo
1415 4929 1659 4987 diversas
1707 4933 1845 4987 sub-

243 5019 495 5088 stantius,
525 5034 737 5076 carnem
766 5027 820 5075 et
847 5021 1102 5077 animam.

317 5109 448 5180 Cap.
485 5106 630 5162 XIV.
662 5107 850 5164 Solum
891 5109 1052 5164 etiam
1100 5108 1369 5165 Christum
1411 5108 1577 5165 fuisse
1610 5110 1844 5168 salutiti-

247 5207 511 5264 calorem,
543 5212 651 5254 non
681 5199 956 5270 angelum.

325 5286 455 5357 Cap.
506 5286 628 5344 XV.
678 5287 956 5344 Adversus
1010 5297 1187 5342 autem
1244 5285 1613 5354 Valentinum,
1652 5289 1850 5347 Christi

251 5387 464 5429 carnem
497 5376 787 5446 spiritalem
820 5392 928 5431 non
961 5375 1150 5443 fuisse,
1186 5376 1550 5446 prosequitur.

330 5462 452 5532 Cap.
505 5463 652 5519 XVI.
703 5465 870 5520 Sicuti
934 5466 1095 5520 etiam
1161 5465 1419 5521 adversus
1481 5466 1848 5524 Alexandrum

248 5551 559 5620 quemdam,
611 5553 975 5623 peccatricem
1039 5552 1208 5610 753
1267 5569 1374 5608 non
1423 5552 1588 5608 fuisse
1631 5571 1845 5613 carnem

250 5640 471 5705 Christi,
503 5650 576 5702 et.
603 5643 813 5700 etiamsi
843 5661 951 5704 non
979 5660 1047 5703 ex
1079 5643 1303 5710 semine,
1333 5657 1512 5702 veram
1543 5651 1744 5702 tamen.

2029 3413 2161 3487 Cap.
2185 3415 2364 3471 XXV.
2392 3415 2636 3486 Denique
2662 3414 2865 3486 epilogi
2885 3415 2999 3471 vice
3029 3423 3278 3486 repetens
3295 3414 3423 3486 quid
3454 3417 3558 3469 hoc

1958 3503 2094 3560 libro
2113 3504 2441 3576 probaverit,
2465 3505 2533 3560 ad
2556 3513 2874 3576 sequentem
2896 3504 2962 3560 de
2988 3506 3404 3563 resurrectione
3434 3520 3557 3560 car-

1957 3595 2048 3651 nis
2077 3594 2274 3649 librum
2307 3594 2590 3650 transitum
2622 3593 2766 3650 facit.

2028 3682 2291 3738 Craterum
2339 3683 2730 3750 Tertullianus,
2763 3693 3120 3756 praeterquam
3161 3683 3303 3756 quod
3356 3682 3558 3737 librum

1955 3771 2062 3841 jam
2097 3771 2298 3826 dictum
2329 3771 2397 3826 de
2436 3774 2864 3830 Resurrectione
2897 3775 3098 3830 Carnis
3133 3773 3263 3828 citat
3293 3771 3431 3826 infra
3460 3771 3557 3826 lib.

1960 3878 1992 3915 v
2023 3861 2146 3916 adv.
2181 3860 2529 3930 Marcionem,
2561 3861 2614 3916 in
2657 3861 2754 3917 illo
2793 3865 2955 3918 etiam
2997 3861 3303 3934 argumenti
3334 3869 3387 3915 et
3417 3860 3558 3917 tituli

1955 3951 2123 4020 hujus
2169 3947 2229 4004 ﬁt.
2272 3950 2497 4006 mentio.
2553 3971 2578 4002 α
2622 3949 2934 4022 PrOpterea,
2966 3951 3159 4023 inquit,
3191 3968 3238 4007 c.
3275 3967 3334 4017 ιι,
3368 3958 3421 4005 et
3459 3965 3562 4006 nos

1955 4040 2208 4094 volumen
2249 4040 2607 4111 pramisimus
2637 4042 2704 4098 de
2735 4043 2917 4099 Carne
2953 4043 3186 4108 Christi,
3218 4056 3326 4112 quo
3359 4056 3480 4095 eam
3507 4049 3560 4094 et

1957 4128 2181 4182 solidam
2227 4129 2526 4198 probamus
2578 4129 2867 4187 adversum
2915 4131 3305 4200 phantasmatis
3360 4131 3558 4185 nativi-

1956 4223 2139 4282 tatem,
2169 4227 2222 4270 et
2266 4218 2554 4273 humanam
2587 4217 2928 4273 vindicamus
2968 4219 3232 4272 adversus
3279 4217 3560 4288 qualitatis

1957 4303 2358 4376 pr0prietatem.
2406 4328 2430 4354 υ
2472 4307 2536 4360 Et
2582 4321 2796 4360 rursum
2843 4323 2858 4358 :
2915 4325 2940 4357 ‹‹
2988 4307 3160 4379 Igitur
3203 4315 3461 4378 quantum
3493 4307 3558 4361 ad

1956 4393 2256 4458 haereticos,
2305 4393 2795 4451 demonstravimus
2860 4410 2967 4466 quo
3033 4409 3206 4450 cuneo
3263 4409 3555 4452 occurren-

1953 4485 2080 4538 dum
2119 4482 2187 4538 sit
2227 4500 2257 4538 a
2300 4483 2474 4551 nobis,
2503 4491 2557 4537 et
2603 4497 2887 4538 occursum
2934 4491 3016 4538 est
3049 4483 3162 4551 jam
3203 4499 3303 4538 suo
3339 4502 3558 4556 quoque

1956 4573 2113 4626 titulo
2161 4571 2225 4628 dc
2259 4574 2438 4630 Carne
2468 4572 2696 4628 Domini
2723 4572 2988 4628 adversus
3017 4571 3285 4635 haereses;
3316 4574 3381 4630 ad
3422 4576 3562 4632 hanc

1959 4663 2189 4719 maxime
2229 4663 2583 4736 quzestionem
2634 4663 3079 4733 prmstruendam.
3119 4683 3140 4712 ι
3187 4665 3554 4737 Praeterquam

1955 4763 2157 4819 autem,
2191 4755 2331 4826 quod
2372 4770 2472 4810 ms.
2525 4753 2776 4808 viderunt
2821 4751 2949 4807 olim
2997 4752 3138 4807 hunc
3186 4753 3384 4808 librum
3433 4756 3553 4809 Tri-

1957 4843 2191 4900 themius
2219 4845 2386 4898 abbas
2414 4849 2467 4896 et
2508 4839 2802 4898 Politianus
2841 4840 2977 4895 locis
3008 4857 3152 4911 szepc
3191 4841 3395 4910 citatis;
3435 4843 3553 4898 edi-

1954 4933 2032 4988 dit
2065 4933 2266 5005 primus
2293 4933 2347 4986 in
2375 4931 2551 4986 lucem
2573 4945 2636 4985 ex
2667 4928 3038 5000 Hirsaugiensi
3060 4937 3113 4982 et
3143 4929 3538 4988 Paterniaceusi

1954 5024 2240 5078 Rhenanus
2283 5039 2405 5078 cum
2454 5019 2694 5082 scholiis,
2742 5019 2942 5074 deinde
3012 5026 3064 5074 et
3109 5020 3549 5077 annotationibus

1955 5111 2276 5166 illustratum
2323 5109 2606 5180 castigavit
2649 5123 2723 5164 ex
2769 5108 3045 5164 Gorziensi
3095 5109 3303 5165 codice.
3337 5113 3543 5166 Interea

1955 5215 2106 5267 vero,
2138 5200 2282 5269 quod
2315 5199 2714 5254 desideraretur
2751 5198 2804 5252 in
2839 5197 3076 5253 Laelandi
3123 5196 3428 5255 Britannico
3457 5214 3554 5255 co-

1952 5288 2090 5354 dice,
2123 5305 2241 5345 cum
2273 5306 2301 5343 a
2331 5288 2558 5345 Gclonio
2589 5303 2698 5344 non
2735 5288 2804 5343 sit
2837 5287 3170 5360 recognitus,
3210 5304 3392 5359 operae
3424 5305 3550 5359 pre-

1957 5379 2089 5434 tium
2120 5378 2218 5434 fuit
2269 5377 2435 5435 75-21
2474 5378 2722 5436 conferre
2769 5394 2897 5434 cum
2928 5378 3096 5434 tribus
3127 5395 3256 5432 mss.
3289 5378 3548 5434 vaticanis

1957 5469 2267 5534 Codicibus,
2301 5486 2331 5526 e
2359 5469 2558 5540 quibus
2597 5485 2703 5524 non
2751 5484 2947 5538 paucos
2998 5468 3148 5524 locos
3181 5466 3548 5536 restituimus;

1955 5558 2151 5613 additis
2197 5558 2356 5613 etiam
2424 5566 2739 5632 argumento
2800 5571 2963 5628 novo,
3014 5565 3068 5613 et
3113 5553 3555 5610 adnotationibus

1955 5647 2175 5704 nostris.
2208 5648 2350 5702 Pan.
