4030 6184
324 299 420 356 801

1526 289 1717 351 LIBER
1758 291 1840 350 DE
1880 295 2096 356 CARNE
2137 296 2416 356 CHRISTI.

3523 308 3626 365 802

327 423 560 478 Marcion
590 436 754 476 ausus
801 428 882 476 est
914 419 977 486 ιθ,
1031 433 1104 472 ne
1149 432 1276 473 caro
1305 418 1424 486 ejus
1452 419 1788 486 probaretur.
1830 419 1916 474 Ex
1957 449 2003 528 Α
2033 421 2206 478 videri
2253 422 2474 478 omnino
2503 424 2551 461 29
2592 425 2868 482 voluisset.
2923 428 3114 484 Omnis
3163 431 3244 485 rei
3290 429 3628 503 diSplicentis

384 527 422 528 κγ
510 524 591 528 ,ηΑ
648 517 693 528 Α-
742 509 791 528 on
863 506 1172 528 ----ι-..2ι-ι-
1223 503 1382 528 ΙΙΙΧο
1428 505 1481 528 C2
1526 506 1782 528 ..-λ-λι-,.-
1839 523 1890 528 --
2042 511 2185 528 _.°,,,
2243 526 2253 528 Α
2309 511 2404 528 ',-,
2608 515 2621 528 ι
2683 523 2692 528 .
2836 514 2876 528 Λ
2923 515 2933 525 ο
3056 517 3086 528 ι.
3115 517 3144 528 ι.
3179 517 3191 528 ι
3242 527 3245 528 ,

328 527 452 582 qua,
500 524 599 565 oro
647 517 699 564 te
741 509 810 573 20,
860 506 1174 563 auctoritate
1221 503 1382 576 (it)?
1428 505 1483 560 Si
1526 506 1786 575 propheta
1834 523 1913 575 es,

327 598 628 669 prtenuntia
656 596 889 668 aliquid;
944 596 987 649 si
1038 595 1336 665 apostolus,
1388 593 1621 663 prmdica
1667 593 1916 664 publice;

325 689 368 742 si
400 687 730 758 apostolicus
757 687 893 756 (I2),
921 701 1041 740 cum
1071 683 1336 752 apostolis
1363 681 1536 749 senti;
1569 682 1612 736 si
1644 691 1848 738 tantum
1870 683 1916 719 ²¹

326 777 668 832 Christianus
723 791 804 844 es,
855 773 1017 829 crede
1065 772 1208 843 quod
1257 771 1506 825 traditum
1555 779 1638 826 est
1679 773 1821 840 (l3);
1872 770 1918 824 si

324 865 453 920 nihil
486 863 713 920 istorum
755 877 833 928 es,
888 861 1078 917 merito
1126 859 1382 926 dixerim,
1417 874 1631 915 morere
1663 877 1677 916 :
1711 876 1834 914 nam
1865 869 1920 914 et

323 962 571 1008 monuus
599 967 678 1016 es,
712 950 803 1021 qui
837 965 947 1004 non
993 965 1053 1004 es
1099 946 1456 1014 Christianus,
1503 963 1609 1002 non
1649 946 1920 1003 credendo

320 1044 468 1113 quod
520 1040 775 1096 traditum
823 1040 872 1077 ²²
921 1037 1253 1094 Christianos
1308 1035 1454 1092 facit.
1514 1038 1582 1090 Et
1637 1053 1702 1092 eo
1750 1036 1922 1110 magis

321 1139 569 1186 mortuus
595 1146 672 1200 es,
706 1144 814 1201 quo
844 1128 1017 1201 magis
1035 1129 1085 1166 33
1117 1142 1224 1182 non
1250 1143 1309 1182 es
1342 1126 1716 1182 Christianus:
1753 1128 1845 1199 qui
1871 1127 1921 1164 2⁵

319 1235 442 1276 cum
490 1219 703 1286 fuisses,
735 1217 985 1273 excidisti
1015 1216 1146 1287 (14),
1181 1215 1536 1271 rescindendo
1585 1217 1729 1286 quod
1779 1227 1921 1271 retro

321 1307 597 1363 credidisti
629 1307 790 1377 (15):
841 1305 980 1362 sicut
1028 1313 1081 1360 et
1128 1305 1247 1375 ipse
1285 1303 1556 1360 confiteris
1583 1305 1639 1359 in
1689 1304 1922 1376 quadam

321 1395 570 1468 epistola,
602 1403 654 1452 et
691 1396 768 1450 tui
798 1411 909 1450 non
948 1402 1166 1466 negant,
1215 1403 1269 1449 et
1315 1393 1485 1448 nostri
1529 1395 1777 1464 probant.
1808 1393 1922 1463 Igi-

326 1493 414 1542 tur
447 1484 755 1540 rescindens
794 1483 941 1555 quod
976 1480 1146 1540 756
1173 1479 1469 1552 credidisti,
1497 1482 1609 1552 jam
1639 1497 1747 1538 non
1795 1498 1924 1537 cre-

323 1573 460 1631 dens
507 1572 822 1630 rescidisti:
871 1587 983 1628 non
1035 1578 1213 1628 tamen
1262 1570 1393 1643 quia
1430 1569 1648 1627 credere
1696 1569 1920 1638 desiisti,

323 1667 468 1719 recte
497 1659 786 1718 rescidisti.
818 1661 998 1733 Atque
1045 1659 1102 1714 in
1150 1658 1507 1716 rescindendo
1556 1658 1704 1729 quod
1740 1658 1920 1715 credi-

2034 511 2192 564 etiam
2232 511 2418 581 Opinio
2445 515 2785 584 reprobatur.
2833 514 2970 584 Quia
3016 517 3147 571 nihil
3176 517 3419 590 interest,
3448 527 3627 576 utrum

2028 599 2097 654 sit
2123 599 2276 670 quid,
2326 616 2392 655 an
2441 616 2549 656 non
2579 602 2673 670 sit,
2703 603 2769 672 si,
2801 620 2924 658 cum
2956 618 3062 658 non
3092 606 3162 658 sit
3189 622 3312 661 esse
3343 608 3626 678 praesumi-

2029 703 2135 757 tur.
2167 688 2326 742 Plane
2356 688 2576 744 interest
2624 691 2751 744 illud
2775 692 2844 756 3°,
2895 698 2949 744 ut
3000 691 3138 746 falso
3161 694 3204 730 3'
3236 709 3344 747 non
3376 697 3628 767 patiatur,

2029 776 2172 845 quod
2222 791 2348 831 vere
2399 793 2507 832 non
2557 786 2658 836 est.
2712 800 2732 827 α
2791 779 2897 835 Sed
2945 779 3080 834 satis
3128 789 3244 836 erat
3280 782 3380 848 illi,
3422 782 3628 854 inquis,

2027 864 2370 920 conscientia
2404 880 2523 920 sua.
2576 866 2820 922 Viderint
2849 867 3122 933 homines,
3170 868 3217 923 si
3258 880 3442 925 natum
3473 881 3629 940 puta-

2028 952 2178 1020 bant,
2222 953 2350 1023 quia
2396 954 2668 1010 hominem
2715 956 2990 1012 videbant.
3027 975 3050 1005 ν
3094 955 3308 1024 Quanto
3355 973 3490 1028 ergo
3538 959 3630 1013 di-

2028 1039 2208 1110 gnius,
2239 1049 2546 1114 quantoque
2571 1043 2908 1099 constantius
2938 1046 3233 1099 humanam
3284 1045 3633 1102 sustinuisset

2031 1129 2493 1185 existimationem
2540 1147 2667 1186 vere
2718 1141 2897 1202 natus,
2947 1132 3104 1190 157
3153 1137 3399 1190 eamdem
3441 1135 3629 1192 existi-

2031 1219 2320 1273 mationem
2365 1218 2523 1275 etiam
2575 1235 2684 1274 non
2732 1231 2890 1276 natus
2936 1222 3213 1278 subiturus
3259 1240 3382 1278 cum
3431 1223 3631 1294 injuria

2030 1306 2376 1362 conscientiae
2407 1307 2544 1363 suae!
2581 1325 2741 1380 quam
2775 1319 2830 1363 tu
2859 1309 2926 1363 ad
2955 1308 3206 1367 fiduciam
3240 1321 3460 1382 reputas
3487 1313 3626 1384 (l6),

2033 1404 2090 1447 ut
2128 1410 2235 1450 non
2275 1403 2451 1456 natus.
2497 1397 2762 1453 adversus
2815 1399 3196 1454 conscientiam
3244 1417 3394 1456 suam
3445 1411 3628 1456 natum

2033 1498 2092 1536 se
2123 1482 2420 1538 existimari
2460 1485 2766 1542 sustineret.
2816 1485 2954 1556 Quid
3004 1487 3136 1543 tanti
3181 1489 3298 1556 fuit,
3349 1490 3540 1558 edoce,
3572 1496 3632 1545 ut

2033 1571 2310 1628 consciens
2331 1571 2379 1609 ³³
2405 1570 2650 1629 Christus
2691 1574 2822 1646 quid
2870 1584 3034 1642 esset,
3068 1573 3124 1631 id
3149 1576 3198 1615 33
3227 1593 3286 1632 se
3329 1576 3473 1646 quod
3520 1593 3630 1634 non

2031 1668 2164 1727 erat,
2197 1660 2512 1719 exhiberet?
2560 1663 2681 1718 Non
2727 1671 2884 1735 potes
2929 1664 3110 1721 dicere
3159 1682 3172 1720 :
3228 1686 3251 1717 κ
3287 1666 3335 1706 ³4
3364 1665 3422 1722 Si
3468 1673 3629 1723 natus

328 1751 474 1818 disti,
537 1751 754 1822 probas,
805 1756 1094 1820 antequam
1143 1747 1497 1814 rescinderes,
1547 1747 1707 1804 aliter
1757 1747 1926 1805 fuisse
1959 1738 2002 1816 Β
2033 1748 2247 1820 fuisset,
2294 1758 2350 1806 et
2402 1749 2673 1806 hominem
2704 1766 2830 1807 vere
2869 1751 3149 1820 induisset,
3197 1754 3344 1809 Deus
3390 1769 3510 1810 esse
3539 1757 3628 1810 dc-

333 1839 477 1911 quod
529 1835 816 1896 credidisti.
877 1837 1050 1893 Aliter
1095 1836 1246 1904 illud,
1300 1837 1372 1894 ita
1427 1844 1544 1894 erat
1601 1837 1853 1894 traditum
1903 1857 1918 1895 :

333 1943 515 1999 porro,
564 1929 703 2000 quod
756 1925 1010 1984 traditum
1050 1935 1186 1996 erat,
1233 1926 1287 1982 id
1337 1933 1452 1982 erat
1501 1943 1710 1994 verum,
1761 1936 1818 1983 ut
1854 1928 1922 1984 ab

327 2017 407 2074 eis
438 2017 708 2085 traditum,
741 2031 974 2089 quorum
1022 2014 1123 2072 fuit
1171 2017 1414 2088 tradere;
1463 2030 1593 2087 ergo
1634 2021 1778 2088 quod
1809 2024 1924 2072 erat

325 2105 576 2162 traditum
625 2105 960 2174 rescindens,
1019 2105 1167 2177 quod
1224 2112 1338 2160 erat
1387 2118 1575 2160 verum
1632 2103 1922 2174 rescidisti,

323 2195 468 2251 nullo
495 2197 618 2266 jure
649 2193 844 2251 fecisti.
881 2194 986 2252 Sed
1018 2195 1228 2266 plenius
1255 2193 1521 2264 ejusmodi
1551 2193 1921 2267 praescriptio-

322 2284 476 2340 nibus
528 2284 789 2342 adversus
836 2299 1029 2340 omnes
1067 2285 1325 2351 haereses,
1356 2282 1482 2338 alibi
1527 2284 1643 2353 jam
1689 2283 1773 2339 usi
1820 2301 1920 2338 su—

320 2389 440 2428 mus
465 2373 534 2429 25.
578 2375 705 2430 Post
750 2389 886 2444 quas
928 2388 1072 2428 nunc
1117 2387 1182 2428 ex
1225 2371 1524 2428 abundanti
1569 2380 1922 2428 retractemus

323 2462 696 2520 desiderantes
742 2463 1026 2532 rationem,
1057 2478 1168 2536 qua
1195 2463 1244 2502 26
1273 2478 1383 2522 non
1415 2462 1691 2536 putaveris
1735 2473 1920 2520 natum

323 2569 437 2610 esse
463 2552 754 2610 Christum.

943 2693 1170 2753 CAPUT
1207 2694 1299 2751 III.

390 2821 622 2878 Necesse
652 2827 755 2890 est,
799 2825 1066 2892 quatenus
1115 2825 1216 2876 hoc
1263 2827 1424 2890 putas
1470 2818 1692 2877 arbitrio
1724 2827 1815 2875 tuo
1847 2818 1919 2874 Ii-

329 2910 517 2977 cuisse,
579 2919 673 2966 aut
721 2920 780 2966 ut
831 2907 1242 2980 impossibilem,
1292 2917 1387 2964 aut
1440 2907 1917 2963 inconvenientem

330 3000 438 3054 Deo
467 2998 854 3055 existimaveris
884 2996 1239 3052 nativitatem.
1272 2997 1378 3052 Sed
1411 2998 1520 3052 Deo
1551 2995 1688 3052 nihil
1720 2998 1922 3067 impos-

2031 1839 2210 1908 sisset,
2265 1836 2513 1895 amittens
2562 1837 2706 1912 quod
2754 1846 2889 1905 erat,
2939 1840 3069 1896 dum
3117 1841 3343 1896 assumit
3386 1842 3434 1881 35
3479 1843 3628 1915 quod

2033 1943 2142 1986 non
2171 1938 2306 1985 erat.
2340 1948 2366 1981 io
2400 1929 2702 1986 Periculum
2731 1927 2875 1983 enim
2920 1936 3089 1984 status
3140 1928 3225 1982 sui
3271 1930 3384 1985 Deo
3416 1931 3628 1988 nullum

2033 2026 2136 2077 est.
2189 2036 2214 2069 α
2262 2016 2371 2073 Sed
2412 2015 2560 2085 ideo,
2589 2016 2790 2090 inquis,
2842 2031 2984 2088 nego
3032 2018 3205 2073 Deum
3253 2018 3307 2073 in
3356 2017 3627 2076 hominem

2031 2121 2158 2162 vere
2215 2119 2528 2162 conversum
2556 2147 2570 2175 ,
2625 2105 2703 2160 ita
2749 2113 2808 2160 ut
2851 2115 2903 2160 et
2958 2113 3314 2175 nasceretur,
3368 2114 3418 2164 et
3471 2122 3629 2164 carne

2028 2202 2405 2264 corporaretur
2445 2194 2523 2266 36;
2573 2193 2700 2266 quia
2744 2193 2837 2265 qui
2885 2194 3003 2250 sine
3048 2193 3159 2250 fine
3208 2203 3313 2266 est,
3345 2193 3506 2252 etiam
3536 2197 3625 2252 in-

2028 2282 2398 2340 convertibilis
2425 2283 2497 2337 sit
2533 2297 2757 2338 necesse
2787 2288 2868 2338 est
2901 2298 2916 2339 :
2946 2282 3186 2340 converti
3213 2283 3358 2340 enim
3388 2284 3444 2339 in
3473 2285 3623 2352 illud,

2028 2370 2153 2428 ﬁnis
2188 2379 2269 2426 est
2313 2369 2525 2442 pristini
2557 2387 2570 2427 :
2625 2385 2733 2426 non
2786 2373 3043 2441 competit
3077 2387 3212 2444 ergo
3243 2373 3522 2429 conversio
3555 2375 3624 2439 37,

2028 2460 2115 2517 cui
2160 2476 2267 2517 non
2313 2460 2573 2531 competit
2617 2457 2764 2517 finis.
2802 2482 2822 2510 η
2859 2460 3020 2514 Plane
3059 2465 3253 2516 natura
3299 2462 3627 2519 convertibi-

2029 2549 2160 2604 lium
2199 2565 2264 2604 ea
2300 2549 2419 2622 lege
2464 2557 2566 2617 est,
2599 2564 2666 2604 ne
2696 2558 3050 2620 permaneant
3089 2548 3146 2605 in
3194 2566 3260 2606 eo
3305 2552 3451 2622 quod
3499 2567 3630 2608 cono

2026 2637 2250 2696 Vertitur
2294 2638 2347 2692 in
2396 2637 2502 2708 eis;
2551 2646 2604 2692 et
2651 2638 2729 2692 ita
2773 2651 2883 2692 non
2925 2639 3292 2708 permanando
3329 2649 3548 2708 pereant
3575 2641 3626 2679 33

2029 2726 2160 2781 dum
2210 2725 2444 2796 perdunt
2490 2723 2858 2779 convertendo
2905 2723 3053 2793 quod
3082 2723 3319 2781 fuerunt.
3347 2726 3455 2781 Sed
3492 2728 3623 2784 nihil

2027 2816 2139 2871 Deo
2170 2831 2266 2887 par
2295 2820 2380 2869 est
2409 2832 2424 2866 :
2457 2825 2650 2868 natura
2679 2813 2797 2882 ejus
2842 2812 2908 2867 ab
2957 2812 3197 2866 omnium
3225 2827 3407 2868 rerum
3441 2816 3626 2870 condi-

2030 2905 2173 2962 tione
2219 2905 2400 2961 distat.
2433 2903 2490 2959 Si
2519 2919 2652 2976 ergo
2680 2919 2801 2975 quae
2827 2919 2859 2957 a
2885 2905 3000 2959 Deo
3036 2903 3257 2973 distant,
3290 2906 3338 2945 39
3366 2893 3624 2978 aquibus

2028 2993 2209 3059 distat,
2253 3008 2374 3049 cum
2429 3002 2842 3061 convertuntur,
2875 2992 3124 3048 amittunt
3169 2993 3314 3063 quod
3363 2993 3620 3056 fuerunt:

324 3087 500 3158 sibile,
529 3087 637 3143 nisi
679 3087 826 3159 quod
865 3102 974 3143 non
1006 3087 1143 3142 vult.
1174 3087 1261 3142 An
1290 3101 1423 3158 ergo
1453 3085 1748 3143 voluerit”
1779 3083 1923 3140 nasci
1955 3077 1997 3156 Β
2027 3082 2116 3137 ubi
2164 3080 2267 3136 erit
2314 3079 2594 3137 diversitas
2625 3080 2922 3137 divinitatis
2967 3097 2998 3136 a
3044 3081 3258 3137 cieteris
3306 3083 3487 3156 rebus,
3519 3083 3622 3139 nisi

327 3176 471 3249 (quia
502 3177 547 3233 si
575 3176 770 3240 voluit,
810 3184 864 3232 et
904 3175 1078 3246 potuit
1107 3175 1177 3244 28,
1227 3186 1281 3231 et
1332 3187 1490 3231 natus
1535 3176 1637 3245 est)
1669 3176 1918 3231 conside-

322 3280 522 3321 remus.
552 3262 638 3319 Ad
669 3262 1049 3334 compendium
1082 3263 1335 3319 decurro.
1387 3263 1445 3318 Si
1495 3265 1637 3318 enim
1681 3265 1827 3319 nasci
1859 3281 1917 3320 se

318 3353 460 3408 Deus
505 3352 769 3408 noluisset
809 3364 1132 3424 quacunque
1160 3353 1229 3408 de
1259 3349 1443 3419 causa,
1495 3367 1598 3408 nec
1642 3351 1914 3408 hominem

319 3455 376 3495 se
404 3439 575 3498 videri
621 3438 982 3512 praestitisset.
1034 3441 1168 3494 Nam
1216 3440 1357 3511 quis,
1390 3439 1663 3494 hominem
1703 3438 1910 3506 videns,

319 3544 440 3585 eum
487 3539 708 3601 negaret
751 3526 976 3583 natum?
1027 3526 1108 3583 Ita
1152 3527 1297 3599 quod
1336 3525 1595 3583 noluisset
1639 3541 1779 3594 esse,
1812 3542 1915 3584 nec

2030 3182 2092 3228 ut
2116 3169 2442 3228 contrarium
2491 3168 2730 3225 obtineat
2754 3170 2824 3240 ’10,
2856 3168 2911 3222 id
2935 3175 3039 3238 est,
3070 3177 3131 3224 ut
3160 3171 3306 3226 Deus
3336 3183 3390 3228 et
3417 3173 3471 3226 in
3493 3189 3621 3240 om-

2026 3263 2118 3316 nia
2173 3257 2414 3314 converti
2471 3257 2679 3328 possit,
2739 3265 2794 3315 et
2849 3257 3025 3330 qualis
3077 3265 3199 3326 est,
3258 3275 3622 3329 perseverare.

2023 3347 2426 3420 Alioquinpar
2473 3345 2574 3401 erit
2619 3361 2805 3403 eorum
2834 3388 2849 3412 ,
2898 3361 3021 3418 quae
3067 3361 3326 3404 conversa
3373 3349 3623 3406 amittunt

2021 3437 2171 3510 quod
2227 3441 2472 3507 luerunt;
2532 3450 2762 3507 quorum
2821 3436 3013 3507 utique
3068 3436 3214 3492 Deus
3264 3437 3319 3490 in
3370 3437 3624 3494 omnibus

2021 3525 2200 3597 impar
2227 3525 2274 3563 ἰι
2306 3537 2416 3579 non
2445 3530 2558 3592 est,
2586 3526 2632 3580 si
2662 3539 2762 3580 nec
2806 3523 2863 3580 in
2911 3524 3061 3581 exitu
3089 3524 3478 3582 conversionis.
3510 3527 3624 3582 An-

1685 3626 1876 3688 Variaa
1919 3629 2228 3689 lectiones.

389 3732 436 3772 19
463 3733 535 3789 Et
562 3732 738 3791 Rhen.
772 3734 930 3808 Pam.
958 3732 1023 3808 3°
1050 3731 1261 3808 Exhibe
1289 3731 1420 3808 add.
1452 3730 1754 3808 cod:_Agob.
1776 3730 2250 3808 auctoritatem]1
2285 3731 2682 3808 Tantummodo
2714 3732 3080 3808 Erantj’am.
3109 3729 3475 3808 2{Creditum
3497 3735 3620 3808 Rig.

319 3808 476 3861 Pam.
510 3809 645 3863 Par.
675 3807 847 3862 Fran.
877 3805 930 3876 723
958 3805 1052 3873 Es,
1084 3803 1176 3876 qui
1205 3805 1520 3876 nonRhen.
1552 3803 1602 3841 ²⁴

1685 3803 1790 3860 ιιοά
1847 3803 2145 3860 Wouw.lib.
2183 3804 2388 3862 Ursini.
2422 3803 2471 3841 2⁵
2500 3802 2683 3859 Simus
2723 3805 2848 3861 Ven.
2881 3803 2930 3841 ²δ
2959 3801 3097 3869 Quia
3143 3805 3270 3862 Ven.
3301 3802 3346 3841 2⁷
3377 3801 3625 3862 Noluerit

320 3879 488 3935 Seml.
520 3878 639 3948 Rig.
685 3878 811 3948 Ven.
843 3875 892 3948 2⁸
920 3876 984 3930 Et
1018 3873 1188 3946 pot'uit
1215 3875 1410 3948 omitt.
1442 3875 1618 3948 Rhen.
1656 3874 2163 3948 Seimls2°hHgmini
2197 3876 2292 3948 lib.
2323 3873 2487 3947 Agob.
2515 3875 2565 3914 30
2593 3875 2726 3948 Illud
2757 3876 2966 3934 abesto
2995 3876 3112 3948 Εἰς.
3139 3876 3280 3948 ili/en.
3304 3876 3359 3948 73,1
3386 3877 3624 3948 Falsum

317 3945 686 4022 PamJtlfen.
719 3946 767 3985 ³2
795 3947 993 4022 Edoce
1022 3945 1463 4022 ut_cum‘_sci_ens
1495 3946 1675 4022 ΙῖΙξθηζ
1699 3947 1880 4022 _Sen_i_l.
1909 3945 2114 4022 33-Es_se
2164 3945 2538 4022 Rhen._Pa_rn.
2589 3945 2641 4022 ἦῆ
2666 3948 2748 4022 ΝΘ
2778 3949 2954 4022 inser.
2980 3945 3098 4022 Rig.
3138 3947 3264 4022 lien.
3298 3947 3467 4022 35bit
3496 3951 3619 4022 Rig.

329 4021 453 4078 Ven.
485 4018 535 4057 35
562 4019 896 4091 Operaretur
925 4018 1066 4091 Rig._
1086 4019 1212 4091 Ven.
1239 4017 1283 4056 37
1309 4017 1438 4091 Ejus
1467 4017 1597 4091 add.
1638 4018 1762 4091 Βία.
1805 4019 1929 4073 Ven.
1953 4017 2004 4056 33
2031 4018 2259 4073 Pareant
2287 4019 2409 4089 Rig.
2446 4019 2574 4074 Ven.
2597 4016 2646 4057 39
2671 4019 2782 4073 Aut
2802 4021 2978 4074 inser.
3007 4016 3103 4075 lib.
3140 4019 3323 4076 Ursin.
3356 4019 3404 4058 4ο
3430 4016 3621 4078 Conti-

309 4101 440 4148 neat
476 4088 640 4147 Pam}
667 4091 801 4146 Par.
844 4093 1018 4146 Fran.
1051 4088 1096 4126 41
1130 4089 1234 4144 Par
1300 4089 1478 4146 Rhen.
1499 4088 1672 4145 Seml.
1702 4088 1864 4144 Pam.

1723 4183 2225 4250 Commentarios.

385 4295 497 4380 (11)
526 4298 775 4383 Ecqua,
794 4311 891 4379 oro
921 4297 997 4378 te,
1019 4293 1364 4383 auctoritate
1383 4288 1915 4383 {Recteqinfrajsub-
1946 4307 1992 4383 υ
2023 4293 2091 4383 de
2128 4290 2231 4383 hoc
2248 4288 2573 4383 “Marcionis.
2619 4288 2808 4383 aliide
2855 4290 3199 4383 etngcc‘lesia
3244 4307 3463 4349 recessu
3502 4292 3624 4352 vide

314 4357 514 4440 jungit:
537 4368 640 4424 Sed
649 4357 876 4440 plenius
889 4357 1165 4438 ejusmodi
1183 4364 1708 4440 praescriptionibus
1725 4357 1914 4420 adver-

319 4435 672 4515 sus‘htereses
701 4439 844 4515 alibi,
876 4435 1004 4509 jam
1047 4440 1139 4493 usi
1182 4435 1688 4515 sumusfalludens
1718 4450 1912 4515 nempe

316 4511 382 4564 ad
435 4513 554 4581 ejus
603 4511 745 4564 tituli
796 4508 991 4564 librum
1038 4524 1163 4581 mox
1211 4508 1451 4578 citatum,
1507 4508 1804 4577 praesertim
1855 4523 1905 4563 c.

311 4584 402 4646 20,
435 4579 524 4648 2'1,
557 4583 647 4651 31,
680 4584 770 4647 32,
801 4583 868 4634 35
899 4589 954 4634 et
981 4582 1070 4651 36.
1092 4579 1242 4651 Pin.

385 4645 594 4724 (i2)'Si
637 4645 995 4724 apostolicus.
1036 4650 1104 4724 Si
1140 4649 1518 4724 apostolorum
1566 4645 1908 4719 disciplinam

311 4722 721 4794 doetrinamque
752 4722 1109 4794 hausisti,”
1140 4722 1244 4778 Pa.

384 4795 495 4866 (l3)
527 4790 695 4867 Crede
725 4793 864 4867 quod
891 4793 1170 4849 traditum
1199 4797 1300 4867 est.
1335 4792 1564 4867 Pulcher
1591 4790 1743 4848 locus
1772 4806 1905 4846 con-

314 4864 404 4923 tra
427 4882 524 4921 eos
567 4865 660 4938 qui
699 4864 824 4920 cum
853 4881 1029 4936 neque
1059 4864 1448 4938 apostoliAsi.nt,
1482 4880 1663 4938 neque
1687 4871 1910 4935 aposto-

311 4938 426 5001 Iici,
459 4935 718 5010 perpetuo
749 4943 926 5010 tamen
945 4935 1024 5010 ide
1052 4937 1160 4990 fide
1189 4953 1256 5010 ei;
1278 4935 1586 5010 AScripturis
1614 4935 1914 5010 disputant,

313 5024 436 5064 cum
459 5005 725 5064 'sul'ticere
766 5008 844 5063 eis
891 5007 1082 5063 debeat
1112 5006 1349 5073 traditio,
1380 5005 1447 5063 de
1492 5022 1599 5078 qua
1651 5005 1914 5063 latissime

311 5080 403 5141 lib.
439 5080 505 5138 de
537 5082 754 5137 Corona
781 5079 931 5144 mil.,
967 5095 1016 5137 c.
1049 5082 1102 5134 3.
1135 5079 1277 5134 Pan.

381 5153 497 5226 (14)
533 5153 640 5220 Qui
669 5166 801 5206 cum
831 5153 1036 5222 fuisses
1059 5149 1349 5226 excidisti.
1371 5147 1728 5226 Adnotandus
1749 5147 1912 5226 etiam

315 5219 401 5279 hic
426 5219 580 5280 locus
627 5219 839 5278 contra'
863 5238 959 5277 eos
1002 5221 1095 5293 qui
1144 5220 1427 5293 haereticos
1458 5219 1791 5293 Christianos
1829 5221 1916 5274 diu

318 5308 432 5351 cere
481 5309 590 5350 non
637 5302 918 5364 verentur;
970 5291 1094 5349 cum
1143 5308 1207 5347 eo
1258 5292 1475 5364 nomine
1530 5291 1662 5364 nolit
1708 5291 1918 5364 Auctor

320 5366 592 5438 app-llari,
620 5365 735 5438 _qui
760 5359 1153 5438 resciderunt
1175 5363 1318 5438 quod
1347 5366 1502 5438 retro
1531 5359 1918 5438 crediderunt,

319 5433 504 5507 etluti
552 5433 692 5492 infra
739 5436 808 5492 de
861 5437 1055 5492 eodem
1103 5433 1376 5492 Marcione
1426 5434 1685 5507 loquitur)
1715 5433 1918 5507 adec-A

319 5504 485 5588 etesia
515 5513 572 5569 et
601 5510 712 5588 ﬁde
741 5511 1120 5588 recesserunt.
1149 5506 1531 5588 Quopertinet
1574 5504 1734 5588 etiam
1771 5504 1920 5588 illud

319 5579 458 5641 infra
477 5575 689 5658 capite
715 5599 728 5644 :
752 5582 1017 5644 Hceretici
1046 5575 1320 5642 credendo
1337 5593 1453 5641 non
1473 5576 1733 5638 credunt.
1755 5575 1924 5652 Atqui

2023 4364 2120 4419 lib.
2152 4363 2216 4420 de
2239 4361 2793 4433 Prazscriptionibus,
2823 4379 2871 4416 c.
2906 4366 2994 4418 30.
3028 4364 3169 4417 Pu.

2091 4437 2206 4509 (15)
2229 4431 2770 4509 Rescindéndo__quod
2784 4431 2940 4509 retro
2961 4434 3274 4490 credidisti.
3300 4437 3625 4509 Abrogando

2021 4504 2296 4578 nimirum.
2340 4507 2421 4578 Eii
2455 4521 2565 4578 usu
2596 4504 2808 4578 forensi
2857 4521 2958 4578 vox
3005 4516 3222 4573 sumpta
3260 4523 3369 4578 est;
3415 4504 3536 4563 nam
3566 4509 3623 4565 in

2021 4577 2184 4633 variis
2210 4576 2455 4632 formulis
2483 4575 2790 4641 adhibetur,
2841 4583 2898 4631 ut
2947 4576 3003 4629 in
3047 4575 3394 4641 testamentis,
3427 4580 3494 4634 de
3525 4597 3618 4635 re-

2021 4647 2328 4705 scindendis
2377 4647 2734 4714 testamentis,
2785 4647 2887 4702 hoc
2930 4654 3015 4702 (st
3065 4655 3273 4717 pactum
3321 4650 3465 4705 istud
3513 4653 3623 4708 sols

2017 4737 2144 4776 vere
2175 4733 2226 4778 et
2257 4718 2564 4776 invalidare.
2599 4719 2677 4774 LE
2709 4719 2805 4773 PR.

2089 4791 2203 4865 (16)
2243 4792 2513 4865 ραατῃνια
2541 4790 2614 4846 ad
2643 4790 2915 4865 ﬁduciam
2955 4793 3208 4865 reputas.
3243 4787 3492 4865 Dixerat,
3517 4790 3622 4865 Sed

2019 4867 2160 4920 satis
2184 4861 2323 4920 erat
2372 4863 2482 4931 illi,
2533 4864 2744 4934 inquis,
2776 4863 3124 4934 conscientia
3170 4877 3297 4917 sua.
3333 4861 3622 4934 Marcionis

2021 4936 2167 4990 enim
2213 4938 2487 4990 excusatio
2538 4932 2693 4998 erat,
2744 4933 2874 4988 nihil
2922 4932 3183 4988 interesse
3230 4934 3403 4988 Deum
3451 4933 3623 4990 videri

2023 5006 2318 5070 hominem,
2377 5005 2671 5076 dummodo
2728 5019 2854 5062 vere
2908 5019 3018 5062 non
3069 5014 3233 5072 esset,
3276 5005 3422 5076 quia
3479 5009 3626 5062 salva

2025 5077 2350 5149 conscientia
2396 5093 2495 5132 sua
2537 5074 2763 5149 fidenter
2796 5084 2864 5149 et
2905 5083 3220 5149 constanter
3263 5074 3406 5149 ferre
3437 5088 3626 5149 possit

2025 5148 2499 5214 existimationem,
2544 5164 2663 5218 qua
2716 5147 3058 5216 judicabatur
3113 5150 3296 5212 homo.
3357 5147 3478 5206 licet
3533 5151 3624 5206 in-

2025 5221 2356 5278 conveniens
2383 5230 2438 5275 et
2467 5217 2749 5290 indignum
2782 5219 2898 5274 Deo
2944 5219 3232 5276 videretur.
3280 5222 3358 5277 Ita
3405 5237 3624 5276 assere-

2026 5293 2117 5348 bat
2144 5293 2398 5358 Marcion,
2426 5300 2479 5346 et
2503 5290 2731 5361 addebat
2783 5291 2920 5346 hanc
2964 5290 3270 5361 opinionem
3318 5291 3509 5346 falsam
3541 5309 3624 5347 re-

2031 5363 2206 5434 putari
2254 5379 2287 5418 a
2332 5363 2444 5420 Deo
2484 5361 2555 5417 ad
2600 5360 2874 5434 fiduciam,
2924 5361 2978 5418 id
3005 5360 3134 5434 est,
3173 5362 3448 5434 judicabat
3476 5363 3623 5420 Deus

2029 5432 2164 5492 eatis
2205 5451 2327 5492 esse
2375 5444 2433 5491 ut
2478 5449 2600 5491 cum
2648 5433 2960 5490 fortitudine
3006 5442 3063 5490 et
3107 5432 3306 5490 ﬁducia
3350 5432 3536 5490 falsam
3566 5443 3622 5491 et

2029 5507 2304 5582 indignam
2333 5506 2534 5564 famam
2565 5505 2872 5564 sustineret.
2895 5503 3028 5563 Lac.
