3972 6190
379 286 482 345 803

1064 270 1505 336 TERTULLIANI
1542 268 1808 331 OPERUM
1846 269 2012 330 PARS
2054 268 2123 330 ll.
2160 300 2229 311 —
2258 269 2482 331 SERIES
2521 270 2575 341 Ι,
2604 269 2943 332 POLEMICA.

3558 269 3661 331 804

379 414 531 486 gelos
586 407 859 466 Creatoris
915 418 1215 463 conversos
1268 400 1324 456 in
1380 398 1623 471 efﬁgiem
1675 396 1965 489 humanam
1996 410 2042 489 Α
2075 394 2216 489 gulae
2244 398 2385 489 (19)ἴ
2416 397 2693 489 [avehere
2721 396 2833 470 jam
2865 400 2921 454 et
2949 398 3004 489 in
3032 396 3209 489 ipsum
3250 396 3496 489 mulieris
3543 398 3662 489 enig-

376 484 669 572 aliquando
707 496 907 567 legisti,
947 499 999 549 et
1038 489 1338 558 credidisti,
1376 496 1428 544 et
1474 494 1675 543 tantam
1724 484 1966 556 corporis

379 598 630 662 gestasse
657 588 957 654 veritatem,
988 589 1047 639 ut
1073 590 1126 638 et
1154 581 1320 652 pedes
1350 578 1430 635 eis
1458 576 1649 631 laverit
1675 576 1961 641 Abraham,

377 688 429 733 et
473 676 723 733 manibus
771 675 1014 745 ipsorum
1062 680 1282 740 ereptus
1327 668 1395 722 sit
1442 666 1730 722 Sodomitis
1786 665 1959 735 Loth;

378 767 696 824 colluctatus
742 778 961 834 quoque
1014 759 1219 815 homini
1275 756 1499 829 angelus
1556 763 1667 809 toto
1723 755 1967 825 corporis

380 855 618 926 pondere
654 850 853 906 dimitti
883 847 1211 904 desideravit
1256 846 1322 899 ab
1370 859 1436 899 eo
1467 844 1516 880 42
1545 858 1575 897 a
1604 857 1712 913 quo
1748 842 1962 898 detine-

377 948 552 1001 batur.
600 942 753 1009 Quod
799 956 931 1012 ergo
978 938 1187 1011 angelis
1234 933 1577 989 inferioribus
1628 933 1738 987 Deo
1789 932 1962 997 licuit,

377 1033 475 1100 uti,
506 1029 754 1088 conversi
802 1029 858 1083 in
906 1025 1301 1097 corpulentiam
1332 1025 1635 1091 humanam,
1668 1021 1845 1091 angeli
1874 1021 1964 1074 ni-

374 1122 667 1178 hilominus
706 1126 1102 1191 permanerent,
1155 1117 1255 1170 hoc
1303 1121 1360 1167 tu
1407 1111 1692 1183 potentiori
1721 1112 1836 1165 Deo
1867 1125 1965 1165 au-

376 1210 486 1267 fers
506 1211 574 1276 “3,
608 1208 766 1282 quasi
810 1222 920 1262 non
965 1204 1191 1259 valuerit
1234 1202 1500 1267 Christus,
1532 1214 1654 1255 vere
1691 1197 1965 1254 hominem

374 1300 620 1370 indutus,
662 1296 826 1353 758
858 1298 1003 1352 Deus
1033 1288 1421 1363 perseverare?
1465 1290 1573 1343 Aut
1616 1286 1876 1358 numquid
1914 1294 1969 1342 et

374 1388 553 1463 angeli
600 1387 676 1444 illi
719 1388 1099 1458 phantasmata
1127 1383 1177 1421 ’ίθι
1204 1379 1380 1437 carnis
1428 1376 1829 1450 apparuerunt?
1860 1376 1963 1431 Sed

374 1492 486 1533 non
515 1476 737 1531 audebis
766 1477 870 1531 hoc
900 1474 1099 1529 dicere.
1141 1472 1281 1527 Nam
1329 1470 1375 1525 si
1422 1467 1501 1522 sic
1546 1467 1685 1536 apud
1714 1472 1765 1519 te
1794 1464 1968 1535 angeli

375 1564 663 1633 Creatoris,
709 1563 849 1619 sicut
896 1569 950 1618 et
994 1559 1256 1626 Christus,
1309 1557 1427 1625 ejus
1476 1554 1575 1610 Dei
1602 1553 1653 1590 ‘15
1680 1553 1781 1607 erit
1808 1551 1966 1607 Chri-

2074 485 2237 542 tentis
2284 488 2565 558 pudorem,
2610 487 2697 545 vel
2745 501 2845 558 pro
2893 487 3136 557 periculo
3187 487 3564 543 honorandum
3594 486 3662 554 εδ,

2074 575 2159 630 vel
2209 590 2305 646 pro
2354 585 2541 632 natura
2574 576 2908 647 religiosum.
2941 575 3136 650 Horres
3184 577 3382 647 utique
3402 584 3455 630 et
3484 575 3665 631 infan-

2075 669 2213 733 tem,
2268 682 2391 721 cum
2438 665 2552 719 suis
2598 664 2993 734 impedimentis
3050 663 3326 736 profusum
3378 665 3566 735 utique
3615 672 3667 717 et

2074 755 2318 809 oblitum.
2367 754 2691 828 Dedignaris
2733 754 2813 819 57,
2864 755 3007 826 quod
3052 755 3248 824 pannis
3292 754 3549 826 dirigitur
3587 756 3663 826 ⁵⁸,

2074 843 2217 913 quod
2265 843 2627 898 vinctionibus
2656 844 2705 882 59
2734 842 3017 908 formatur,
3069 846 3217 915 quod
3260 843 3537 898 blanditiis
3575 845 3670 899 de-

2075 933 2294 989 ridetur.
2331 931 2499 990 759
2524 935 2670 989 Hanc
2698 934 3102 991 venerationem
3136 934 3187 973 ϐο
3215 942 3421 988 natura:
3451 933 3590 1004 (20),
3620 933 3662 970 δ¹

2072 1022 2344 1088 Marcion,
2392 1022 2649 1094 despuis;
2689 1032 2740 1079 et
2788 1039 2896 1095 quo
2938 1023 3100 1079 modo
3144 1032 3300 1078 natus
3348 1025 3445 1079 es?
3494 1022 3666 1079 Odisti

2075 1120 2384 1167 nascentem
2431 1112 2731 1185 hominem;
2766 1120 2819 1168 et
2848 1128 2956 1185 quo
2984 1114 3147 1169 modo
3178 1112 3358 1185 diligis
3401 1114 3669 1185 aliquem?

2075 1202 2152 1256 Te
2181 1201 2399 1272 quidem
2438 1201 2600 1272 plane
2648 1215 2756 1255 non
2804 1202 3014 1265 amasti,
3066 1217 3187 1256 cum
3235 1202 3301 1255 ab
3346 1201 3591 1258 Ecclesia
3619 1211 3671 1255 et

2076 1288 2181 1345 ﬁde
2205 1290 2403 1346 Christi
2433 1290 2723 1346 recessisti.
2764 1291 2869 1346 Sed
2911 1290 3134 1355 videris,
3178 1291 3223 1345 si
3266 1290 3361 1346 tibi
3391 1291 3665 1363 displices,

2076 1388 2169 1435 aut
2215 1380 2258 1434 si
2307 1380 2459 1434 aliter
2503 1396 2562 1435 es
2611 1387 2767 1434 natus
2795 1380 2864 1435 62.
2896 1379 3050 1434 Certe
3081 1380 3324 1436 Christus
3351 1381 3539 1436 dilexit
3569 1383 3670 1436 ho-

2076 1468 2273 1525 minem
2314 1469 2464 1525 illum
2510 1469 2565 1522 in
2611 1467 2987 1537 immunditiis,
3018 1468 3073 1524 in
3104 1476 3260 1524 utero
3299 1470 3671 1541 coagulatum,

2076 1557 2226 1613 illum
2257 1574 2358 1628 per
2383 1557 2637 1628 pudenda
2667 1559 2960 1629 prolatum,
2995 1557 3148 1612 illum
3179 1573 3275 1629 per
3306 1557 3540 1613 ludibria
3573 1575 3672 1612 nu-

376 1662 518 1720 stus,
570 1627 723 1723 cuius
772 1651 951 1723 angeli
980 1649 1032 1687 46
1078 1649 1212 1704 tales
1258 1645 1433 1718 qualis
1487 1650 1541 1698 et
1598 1642 1863 1698 Christus.
1909 1641 1966 1696 Si
2003 1627 2045 1704 Β
2077 1627 2302 1703 tritum:
2344 1627 2562 1718 prepter
2592 1627 2716 1702 eum
2745 1646 3051 1713 descendit;
3095 1627 3319 1718 propter
3362 1662 3489 1702 eum
3535 1664 3674 1717 prae-

377 1743 676 1814 Scripturas
705 1738 951 1812 Opinioni
996 1746 1097 1793 tuae
1135 1735 1445 1792 resistentes
1471 1745 1581 1786 non
1611 1730 1679 1786 de
1708 1729 1970 1785 industria

377 1831 509 1887 alias
557 1829 875 1897 rejecisses,
930 1825 1063 1879 alias
1119 1821 1495 1894 corrupisses,
1544 1819 1876 1876 confudisset
1919 1825 1969 1874 te

376 1920 432 1977 in
480 1921 582 1974 hac
632 1918 813 1987 specie
839 1914 889 1953 ’³⁷
936 1912 1290 1985 Evangelium
1344 1908 1606 1976 Joannis,
1667 1907 1971 1979 praedicans

373 2007 631 2079 Spiritum
681 2004 943 2060 columbae
988 2016 1218 2073 corpore
1264 2000 1468 2071 lapsum
1510 1997 1561 2035 4⁸
1608 1996 1884 2053 desedisse
1919 1994 1969 2033 49

376 2112 541 2168 super
571 2091 882 2150 Dominum.
931 2090 1034 2160 Qui
1080 2090 1314 2162 Spiritus
1357 2104 1479 2145 cum
1519 2088 1624 2143 hoc
1666 2092 1825 2155 esset,
1860 2092 1967 2140 tam

372 2200 502 2242 vero
546 2188 661 2240 erat
707 2191 758 2239 et
801 2182 1068 2251 columba,
1112 2196 1271 2251 quam
1323 2187 1375 2234 et
1420 2176 1654 2249 Spiritus
1700 2177 1835 2246 (l7),
1872 2192 1970 2233 nec

374 2271 721 2331 interfecerat
771 2270 1121 2327 substantiam
1170 2267 1461 2340 prepriam,
1510 2273 1785 2336 assumpta
1829 2267 1967 2321 sub-

374 2362 566 2420 stantia
596 2371 873 2418 extranea.
926 2358 1027 2415 Sed
1073 2358 1292 2431 quaris,
1340 2371 1537 2426 corpus
1582 2354 1847 2409 columbae
1876 2354 1969 2409 ubi

373 2453 462 2520 sit,
509 2458 788 2522 resumpto
832 2448 1036 2521 Spiritu
1082 2447 1137 2501 in
1182 2446 1395 2503 coelum.
1445 2446 1617 2516 IEque
1655 2451 1708 2499 et
1744 2444 1969 2516 angelo-

371 2558 490 2599 rum
520 2540 588 2609 ⁵ο,
621 2539 811 2595 eadem
852 2537 1063 2593 ratione
1095 2535 1452 2605 interceptum
1484 2540 1584 2601 est,
1620 2548 1724 2605 qua
1761 2540 1816 2587 et
1853 2534 1968 2588 edi-

372 2639 485 2686 tum
521 2629 714 2685 fuerat.
746 2627 803 2683 Si
831 2626 1081 2691 vidisses,
1116 2640 1238 2680 cum
1268 2625 1335 2680 de
1366 2622 1534 2678 nihilo
1577 2620 1964 2693 proferebatur,

370 2720 589 2785 scisses,
634 2732 760 2773 cum
807 2715 864 2771 in
911 2714 1138 2771 nihilum
1186 2710 1601 2768 subducebatur.
1635 2709 1691 2765 Si
1720 2725 1829 2765 non
1870 2710 1969 2766 fuit

372 2808 580 2864 initium
629 2804 866 2873 visibile,
915 2820 1016 2861 nec
1047 2802 1189 2858 ﬁnis.
1219 2802 1424 2857 Tamen
1452 2798 1697 2872 corporis
1726 2799 1969 2855 soliditas

371 2905 509 2962 erat,
540 2911 647 2968 quo
676 2896 723 2933 51
753 2903 1026 2949 momento
1055 2906 1256 2963 corpus
1303 2889 1603 2949 videbatur.
1634 2890 1755 2945 Non
1786 2895 1968 2962 potest

372 3001 479 3042 non
509 2985 675 3041 fuisse
705 2983 845 3055 quod
880 2982 1140 3052 scriptum
1169 2986 1274 3035 est.

998 3069 1226 3125 CAPUT
1265 3068 1354 3124 IV.

439 3162 612 3237 Igitur
638 3160 685 3219 si
713 3177 893 3234 neque
920 3166 981 3217 ut
1008 3158 1425 3230 impossibilem,
1466 3170 1641 3229 neque
1666 3163 1726 3213 ut
1751 3155 1965 3228 pericu-

373 3251 545 3307 losam
601 3252 716 3308 Deo
777 3248 1029 3321 repudias
1083 3245 1510 3318 corporationem
1537 3288 1551 3311 ,
1610 3254 1860 3316 superest
1906 3252 1967 3299 ut

370 3340 522 3413 quasi
554 3339 827 3413 indignam
858 3336 1075 3408 rejicias
1115 3344 1169 3391 et
1214 3350 1457 3393 accuses.
1490 3333 1575 3389 Ab
1604 3333 1722 3404 ipsa
1748 3333 1962 3405 quidem

373 3444 603 3485 exorsus
648 3428 698 3466 ⁵2
746 3427 1045 3499 nativitate,
1095 3440 1309 3497 perora,
1356 3438 1457 3494 age
1501 3424 1631 3493 jam,
1681 3420 1966 3492 spurcitiae

371 3518 689 3592 genitalium
735 3518 791 3574 in
839 3525 1000 3573 utero
1049 3514 1442 3571 elementorum
1471 3513 1605 3585 (18),
1636 3511 1876 3567 humoris
1912 3518 1966 3566 et

371 3607 646 3679 sanguinis
704 3606 852 3661 foeda
906 3603 1155 3675 coagula,
1206 3602 1382 3659 carnis
1438 3619 1502 3656 ex
1561 3599 1751 3656 eodem
1809 3615 1965 3656 οωηο

371 3697 571 3751 alendae
602 3710 916 3766 per.novem
943 3708 1176 3747 menses.
1205 3690 1463 3747 Describe
1510 3697 1716 3745 uterum
1762 3690 1828 3745 de
1874 3689 1965 3745 die

373 3784 427 3839 in
478 3784 620 3839 diem
664 3783 714 3820 53
764 3782 1144 3837 inolescentem
1175 3780 1246 3847 ⁵4,
1294 3794 1536 3851 gravem,
1586 3778 1821 3845 anxium,
1864 3795 1963 3836 nec

371 3887 562 3930 somno
608 3879 782 3928 tutum
827 3870 918 3942 55,
966 3869 1234 3924 incertum
1284 3867 1598 3923 libidinibus
1653 3867 1855 3923 fastidii
1910 3875 1966 3925 et

2075 1736 2297 1808 dicavit;
2357 1745 2576 1806 propter
2628 1750 2750 1791 eum
2807 1735 2955 1791 omni
3007 1750 3067 1789 se
3124 1735 3422 1792 humilitate
3477 1736 3673 1806 dejecit

2073 1843 2246 1900 usque
2283 1827 2357 1882 ad
2396 1829 2656 1893 mortem,
2706 1828 2763 1882 et
2803 1827 3047 1881 mortem
3094 1826 3280 1879 crucis
3318 1823 3550 1897 (Philip.
3584 1826 3669 1894 ιι).

2077 1916 2289 1974 Amavit
2338 1916 2541 1986 utique,
2594 1929 2753 1986 quem
2806 1928 3000 1986 magno
3030 1914 3081 1951 6³
3118 1912 3362 1968 redemit.
3419 1913 3475 1969 Si
3515 1912 3675 1969 Chri-

2077 2013 2193 2061 stus
2240 2005 2509 2061 Creatoris
2547 2004 2599 2043 6³
2646 2011 2744 2072 est,
2792 2019 2947 2058 suum
2993 2002 3185 2058 merito
3235 2001 3456 2068 amavit;
3507 2003 3555 2058 si
3605 2004 3676 2059 ab

2077 2095 2180 2151 alio
2224 2096 2340 2151 Deo
2388 2102 2489 2161 est,
2536 2092 2713 2165 magis
2738 2092 3025 2162 adamavit,
3079 2090 3293 2164 quando
3322 2090 3556 2148 alienum
3586 2109 3676 2148 re-

2074 2182 2263 2238 demit.
2320 2181 2536 2238 Amavit
2590 2195 2722 2252 ergo
2768 2195 2891 2237 cum
2936 2181 3154 2236 homine
3206 2178 3364 2236 etiam
3422 2180 3674 2237 nativita-

2077 2279 2204 2340 tem,
2237 2272 2396 2327 etiam
2426 2286 2642 2327 carnem
2672 2270 2812 2340 ejus.
2842 2269 2985 2325 Nihil
3018 2269 3183 2325 amari
3229 2277 3406 2341 potest
3435 2269 3553 2327 sine
3580 2287 3669 2339 eo,

2077 2377 2176 2431 per
2222 2360 2369 2432 quod
2411 2368 2492 2415 est
2528 2358 2584 2414 id
2627 2359 2771 2431 quod
2800 2366 2883 2415 est
2911 2360 2980 2413 6⁵.
3023 2359 3188 2414 Aufer
3227 2359 3579 2431 nativitatem,
3619 2369 3671 2417 et

2077 2449 2272 2505 exhibe
2313 2448 2621 2520 hominem;
2670 2446 2844 2503 adime
2886 2464 3126 2517 carnem,
3171 2455 3225 2504 et
3268 2457 3461 2519 praesta
3509 2468 3667 2524 quem

2074 2539 2218 2594 Deus
2247 2537 2494 2593 redemit.
2527 2536 2582 2593 Si
2615 2537 2730 2594 haec
2761 2547 2885 2594 sunt
2916 2539 3096 2604 homo,
3125 2554 3287 2609 quem
3336 2540 3481 2596 Deus
3520 2541 3669 2598 rede-

2074 2629 2195 2694 mit,
2244 2636 2302 2683 tu
2349 2626 2465 2683 haec
2510 2626 2882 2682 erubescenda
2928 2626 3004 2681 illi
3052 2626 3202 2696 facis,
3253 2644 3376 2700 quae
3415 2630 3663 2695 redemit,

2074 2726 2127 2773 et
2153 2716 2396 2789 indigna,
2428 2732 2570 2788 quae,
2604 2715 2706 2770 nisi
2734 2715 3030 2781 dilexisset,
3066 2729 3172 2771 non
3204 2716 3542 2774 redemisset.
3562 2719 3667 2774 Na-

2078 2805 2281 2863 tivitate
2331 2804 2625 2861 reformata
2653 2805 2703 2842 θδ
2733 2804 3144 2875 regeneratione
3188 2806 3418 2875 caelesti,
3449 2822 3668 2864 carnem

2072 2896 2140 2949 ab
2195 2894 2340 2949 omni
2382 2894 2670 2951 vexatione
2719 2891 2993 2959 restituit,
3045 2893 3314 2964 leprosam
3364 2898 3665 2966 emaculet,

2074 3001 2272 3041 caecam
2341 2982 2664 3057 perlumiuat
2711 2983 2758 3022 6⁷
2785 3025 2799 3049 ,
2877 2982 3226 3055 paralyticam
3299 2984 3663 3061 rediutegrat,

2002 3045 2046 3124 θ
2076 3045 2460 3129 daemoniaeam
2518 3071 2698 3142 expiat
2744 3072 2831 3138 68,
2896 3080 3159 3127 mortuam
3215 3045 3556 3147 resuscitat";
3616 3045 3667 3132 et

2072 3163 2219 3218 nasci
2249 3161 2303 3216 in
2333 3160 2480 3217 illam
2508 3159 2780 3233 erubescit
2808 3159 2894 3214 69?
2941 3159 2999 3215 Si
3046 3176 3232 3217 revera
3278 3162 3346 3216 de
3397 3161 3545 3233 lupa,
3576 3174 3665 3221 aut

2072 3268 2187 3319 sue,
2219 3260 2309 3307 aut
2336 3266 2498 3307 vacca
2538 3249 2755 3322 prodire
2801 3248 3074 3316 voluisset,
3124 3258 3177 3306 et
3220 3248 3349 3306 ferae
3378 3260 3467 3307 aut
3500 3268 3664 3325 peco-

2074 3342 2147 3398 ris
2194 3355 2419 3412 corpore
2464 3340 2706 3408 indutus,
2759 3352 2987 3411 regnum
3026 3336 3287 3396 caelorum
3325 3340 3657 3412 prazdicaret,

2070 3438 2189 3499 tua,
2241 3428 2465 3501 opinor,
2514 3427 2590 3483 illi
2631 3443 2858 3484 censura
2904 3429 3307 3500 praescriberet,
3361 3437 3515 3502 turpe
3561 3432 3661 3487 hoc

2072 3518 2212 3589 Deo,
2258 3525 2311 3574 et
2358 3517 2641 3591 indignum
2689 3518 2793 3574 hoc
2840 3517 2934 3573 Dei
2983 3517 3138 3586 Filio,
3175 3526 3229 3574 et
3260 3520 3481 3575 stultum
3534 3536 3660 3592 pro-

2072 3616 2256 3679 pterea
2299 3606 2392 3677 qui
2416 3607 2465 3646 7°
2495 3606 2567 3662 ita
2611 3607 2809 3663 credat.
2858 3606 2937 3663 Sit
2982 3606 3141 3678 plane
3183 3609 3426 3676 stultum,
3455 3608 3500 3665 si
3525 3609 3568 3647 Ἡ
3595 3610 3659 3667 de

2072 3706 2258 3753 nostro
2323 3712 2485 3752 sensu
2534 3697 2839 3768 judicemus
2894 3697 3092 3753 Deum.
3150 3698 3255 3754 Sed
3313 3700 3659 3772 circumspice

2074 3785 2127 3854 (Ι
2155 3785 2275 3840 Cor.
2300 3799 2338 3853 ι,
2375 3784 2487 3857 27),
2521 3783 2779 3853 Marcion,
2808 3784 2853 3840 si
2885 3792 3062 3842 tamen
3090 3801 3197 3843 non
3228 3787 3451 3845 delesti:
3477 3791 3659 3847 Stulta

2071 3874 2273 3930 mundi
2299 3876 2466 3948 elegit
2493 3877 2660 3948 Deus,
2681 3880 2748 3933 ut
2767 3876 3083 3947 con/undat
3111 3878 3395 3952 sapientes
3414 3878 3483 3935 ⁷2.
3514 3878 3662 3949 Quae-

1820 3968 2011 4033 Variae
2058 3976 2370 4037 lectiones.

442 4077 501 4154 42.
515 4076 671 4154 Adeo
702 4076 821 4154 Rig.
856 4076 980 4154 lfen.
1008 4073 1185 4154 _Seml.
1210 4071 1385 4154 Bhen.
1419 4072 1729 4154 “Auferes
1759 4075 1876 4154 Περ.
1913 4079 2038 4134 Ven.
2064 4080 2325 4154 _Par._"*}
2368 4080 2715 4154 _Phantasma
2747 4082 2916 4139 Seml.
2947 4083 3109 4139 Pam.
3138 4082 3188 4121 ⁸⁵
3215 4079 3471 4154 Ejusdem
3506 4084 3662 4140 subs-

375 4148 552 4224 tantiae
582 4145 819 4224 Parit."6
848 4146 1041 4224 Angeli
1073 4149 1270 4224 repet:
1286 4146 1530 4224 _Pam."I7
1552 4145 1784 4224 'l_‘e_hinc
1813 4145 1973 4206 Pam.
2007 4152 2184 4209 Rhen.
2216 4151 2267 4189 ’⁸⁸
2285 4151 2580 4224 Delapsum
2604 4156 2720 4224 Rig.
2760 4156 2882 4210 Ven.
2913 4155 2962 4192 49
2985 4145 3333 4211 Descendisse
3360 4158 3519 4213 Pam.
3566 4159 3659 4213 Va-

374 4222 470 4278 tic.
503 4222 620 4276 cod.
655 4218 705 4257 ⁵ο
732 4216 1067 4291 Angelorum
1113 4216 1163 4273 et
1237 4216 1687 4291 Rhen.ASeml.__51A

1721 4216 1948 4295 Quoquo
1977 4224 2095 4295 Rig.
2150 4225 2274 4280 Ven.
2308 4224 2357 4260 ⁵²
2387 4216 2527 4280 σάίο
2566 4216 2742 4281 habita
2773 4225 2902 4281 add.
2933 4228 3095 4282 Pam.
3134 4226 3183 4264 ⁵³
3211 4228 3270 4283 In
3305 4227 3446 4282 diem
3477 4230 3661 4284 omitt.

373 4294 492 4364 Rig.
537 4294 661 4349 Ven.
693 4290 742 4328 5"
768 4288 1188 4364 [insolescentem
1218 4292 1379 4364 Pani.
1405 4289 1577 4364 _Seml.
1604 4288 1653 4325 ⁵⁵
1680 4288 1912 4364 Νθξιιτὴ,
1946 4288 2117 4349 totum
2146 4298 2308 4353 Pam.
2343 4297 2508 4353 Seml.
2543 4295 2731 4352 nixum
2795 4304 2964 4352 totum
2998 4298 3092 4352 lib.
3141 4300 3258 4356 Urs.
3301 4299 3421 4354 cod.
3466 4302 3662 4357 Wouw.

373 4360 471 4419 nec
501 4378 634 4417 sono
674 4369 844 4416 totum
875 4360 993 4415 cod.
1026 4360 1188 4432 Agob.
1240 4360 1290 4398 55
1320 4361 1416 4416 Vel
1450 4375 1549 4431 pro
1589 4360 1828 4432 periculo
1860 4360 1965 4418 hon

375 4432 742 4477 “Heilm-alii
781 4433 831 4471 59
855 4433 1212 4477 [lnnlinnihns
1254 4434 1366 4477 Rin-
1412 4434 1534 4477 νηη-
1584 4434 1752 4477 Seml-
1791 4434 1960 4477 thn-

2078 4367 2231 4421 ndum
2273 4370 2460 4426 omitt.
2494 4368 2664 4424 Seml.
2698 4367 2745 4405 57
2802 4368 3193 4477 Dedégnaberis
3223 4373 3385 4428 Pam.
3419 4371 3590 4427 Seml.
3621 4370 3667 4406 ⁵⁸

2088 4438 2439 4477 νηηςιίίηηρπι
2508 4440 2652 4477 Phan
2714 4439 2860 4477 Qum]
2993 4440 3039 4477 Π
3076 4442 3232 4477 incon
3304 4444 3434 4477 Dnm
3501 4443 3640 4477 Dhon

375 4432 603 4489 Ducitur
621 4433 744 4488 alii.
781 4433 831 4471 ⁵9
855 4433 1212 4487 Unctionibus
1248 4434 1367 4503 Rig.
1412 4434 1534 4489 Ven.
1583 4434 1753 4488 Seml.
1786 4434 1962 4491 Rhen.
2009 4437 2058 4474 δο
2088 4438 2442 4494 Venationem
2501 4440 2675 4495 Rhea.
2710 4439 2881 4495 Seml.

2993 4440 3039 4495 Ο
3076 4442 3249 4497 inser.
3296 4444 3457 4499 Pam.
3493 4443 3665 4498 Rhea.

372 4506 538 4585 Aliter
590 4512 815 4585 pat‘uses
862 4506 1024 4585 Pam.
1074 4503 1227 4585 aliter
1264 4504 1567 4585 natus.“Et.
1612 4504 1790 4585 llhen.
1833 4506 1910 4585 63_
1941 4508 2115 4565 Pretio
2155 4510 2283 4566 add.
2315 4513 2478 4585 Pam.
2522 4512 2798 4585 lfatic.‘_3_
2820 4510 2935 4585 eod.
2966 4512 3047 4585 _6‘
3078 4513 3298 4585 Crealor
3346 4514 3469 4585 _ejus
3509 4517 3664 4569 Pam.

378 4578 565 4655 ζζΙιϐηἒ
570 4576 666 4655 Αδξ-
664 4578 769 4630 Aut
808 4576 932 4655 add.
963 4574 1336 4655 Pam._Rhen.
1360 4574 1418 4640 ,δδ
1438 4574 1792 4655 μεξίχίιξξεῳ
1822 4576 2137 4655 ςθῖιξτξηδιρ
2172 4589 2347 4655 morte
2358 4582 2497 4655 _Rig.
2538 4583 2665 4638 Ven.
2695 4580 2743 4655 9⁷
2766 4580 3075 4655 Βςίιιιιηίῃᾶι
3101 4585 3224 4640 alii.
3249 4584 3300 4621 6⁸
3329 4574 3523 4655 Captat
3553 4588 3666 4655 Rig.

387 4651 509 4728 Ven.
544 4645 602 4728 59_
621 4648 691 4703 Et
720 4663 821 4728 nos
849 4646 997 4728 illa_t_n
1029 4646 1417 4703 erubescamus
1438 4645 1467 4701 ‘l
1496 4646 1617 4702 alii.
1652 4644 1702 4685 7°
1739 4645 1875 4717 Quia
1914 4652 2032 4723 Rig.
2087 4653 2210 4710 Ven.
2242 4653 2288 4690 τι
2315 4652 2368 4707 Si
2400 4644 2552 4710 a5est
2578 4670 2613 4710 a
2644 4653 2761 4726 Rig.
2814 4654 2938 4711 Ven.
2983 4654 3032 4692 73
3072 4655 3345 4727 Sapientia
3383 4644 3502 4728 Ilig.
3550 4644 3669 4714 l’eiz.

377 4721 691 4793 sapientiam
723 4722 884 4776 Pam.
927 4721 1101 4775 Fran.

1756 4819 2259 4885 Commentarius.

448 4926 560 4997 (l7)
592 4927 721 5018 Tant
750 4939 879 5018 veLre
909 4926 1041 5018 erat.
1060 4928 1115 4978 et
1144 4923 1421 5018 eolamb‘a,
1452 4940 1620 5018 quam
1642 4929 1693 5018 et
1716 4926 1971 5018 spiritus.
2007 4941 2051 5018 η
2083 4944 2174 5018 sus
2203 4927 2534 5018 lliarcionem
2565 4927 2724 5018 tertio
2753 4946 2766 4987 :
2822 4949 2848 4982 α
2876 4933 2991 5002 Age
3038 4932 3166 5003 jam,
3214 4946 3407 5018 perora
3450 4931 3505 4987 in
3547 4949 3675 4989 san-

378 4995 654 5052 Consentit
704 4998 758 5050 in
804 4998 904 5051 hac
954 4997 1118 5063 hujus
1147 4995 1251 5050 loci
1279 4996 1620 5064 exposuione
1645 4995 1973 5053 Tertulliano

376 5075 560 5121 auctor
608 5065 737 5121 libri
781 5068 846 5123 de
892 5068 1075 5137 Agone
1124 5067 1443 5123 Christiano
1491 5066 1653 5136 (inter
1698 5083 1864 5137 opera
1907 5070 1969 5124 B.

375 5136 711 5210 Augustini),
742 5154 791 5194 c.
822 5142 908 5192 22.
943 5136 1050 5191 Sed
1096 5137 1214 5208 ipse
1251 5139 1611 5207 Augustinus,
1643 5136 1866 5210 eleO2
1898 5141 1970 5195 ad

373 5209 550 5267 Evod.
593 5217 647 5264 et
693 5210 786 5265 lib.
820 5209 885 5264 de
922 5210 1221 5274 Trinitate,
1253 5225 1302 5264 c.
1334 5212 1388 5262 5.
1420 5222 1606 5265 contra
1636 5209 1799 5264 sentit
1829 5227 1841 5265 :
1884 5212 1970 5267 cui

377 5280 719 5339 consentiunt
750 5280 905 5337 etiam
937 5280 1039 5334 BB.
1070 5283 1312 5337 Ambros.
1344 5280 1439 5335 lib.
1473 5296 1491 5335 ι
1522 5281 1587 5334 de
1615 5282 1888 5349 Sacram,
1920 5297 1969 5339 c.

377 5358 437 5426 ὃς
493 5352 752 5426 Chrysos.
808 5356 951 5410 hom.
1005 5354 1071 5406 l2
1111 5352 1175 5426 in
1224 5351 1443 5426 Mutila,
1477 5352 1532 5405 id
1562 5352 1974 5426 colligentesex

376 5413 555 5483 verbis
583 5413 709 5493 illis,
748 5426 915 5497 Quasi
945 5423 1329 5497 columba,et,
1363 5413 1439 5477 [η’
1473 5425 1654 5497 specie
1677 5413 1969 5483 Eolumbce.

453 5499 500 5565 (ι
510 5499 565 5567 8)
578 5495 906 5572 Perora,age_
910 5495 1373 5572 jam,spurcitias
1382 5499 1512 5568 geni
1519 5495 1720 5572 taliam
1735 5497 1800 5553 in
1811 5502 1974 5557 utero

382 5567 714 5631 clementer.
744 5567 1060 5631 Corisimilia
1088 5567 1213 5627 sunt
1245 5567 1363 5629 istis
1388 5567 1452 5627 ea
1478 5584 1598 5648 quae
1629 5569 1767 5629 libro
1794 5572 1976 5633 adver-

2081 4998 2317 5054 ctissima
2345 5009 2399 5055 et
2428 5004 2719 5058 reverenda
2747 5017 2913 5072 opera
2927 4998 3166 5059 naturae.
3206 4998 3230 5054 ἱ
3263 5006 3388 5059 Rm.

2153 5072 2266 5146 (19)
2298 5072 2644 5146 ιίῥίάίηίὸηδ
2672 5075 2898 5144 fastidii
2926 5079 2981 5130 et
3010 5077 3179 5146 gulae.
3214 5076 3489 5134 Libidines
3520 5087 3677 5137 vocat

2081 5145 2347 5217 quaslibet
2376 5144 2748 5201 inclinationes
2778 5157 2831 5200 et
2858 5144 3148 5217 appetitus.
3180 5147 3315 5203 Lac.

2153 5214 2265 5285 (20)
2288 5215 2448 5270 Hanc
2466 5214 3157 5293 veneratipaem’ﬁaturw.
3180 5220 3434 5293 Iutelligit
3457 5238 3676 5278 venera-

2085 5286 2287 5341 tionem
2317 5302 2439 5359 qua:
2470 5296 2675 5343 naturae
2702 5289 2947 5348 debetur.
2978 5291 3178 5347 Sensus
3211 5301 3291 5348 est
3331 5286 3557 5359 :'Quod
3587 5310 3676 5350 ve-

2084 5358 2260 5435 nerari
2305 5358 2593 5435 debueras,
2629 5367 2688 5417 tu
2716 5361 2957 5435 despuis.
3007 5363 3096 5418 Sic
3143 5364 3238 5421 lib.
3280 5380 3343 5421 ιιι
3388 5358 3512 5421 adv.
3547 5367 3678 5421 Mar-

2084 5430 2313 5513 cionem,
2364 5432 2755 5513 Sanctissima,
2806 5430 2999 5510 inquit,
3047 5439 3103 5494 et
3152 5437 3453 5496 reverenda
3509 5454 3675 5513 opera

2086 5508 2333 5565 natura.
2366 5502 2553 5566 Rana.
