4030 6184
259 305 362 368 805

1473 313 1664 374 LIBER
1705 312 1788 374 DE
1827 313 2042 376 CARNE
2080 315 2352 376 CHRISTI.

3451 335 3558 393 806

258 452 376 492 nam
429 439 546 494 haec
593 438 757 494 stulta
805 438 966 492 sunt?
1007 438 1286 496 conversio
1335 441 1569 496 hominis
1618 443 1686 498 ad
1732 441 1850 498 cul-
1883 456 1932 536 Α
1963 457 2142 498 nonne
2183 459 2314 500 vere
2363 445 2732 516 resuscitatus,
2768 457 2822 502 ut
2855 465 2982 506 vere
3020 453 3222 510 scilicet
3267 463 3554 515 mortuus?

259 535 364 580 tum
387 525 440 564 ⁷³
465 527 580 584 veri
605 527 747 583 Dei?
768 527 990 596 reiectio
1021 527 1262 583 erroris?
1289 529 1576 604 disciplina
1600 531 1849 604 justitire,

257 617 550 686 pudicitiae,
603 618 902 691 patientiae,
937 616 1112 675 760
1147 618 1556 690 misericordiae,
1597 620 1855 676 innocen-

255 705 377 762 tiae?
423 707 620 763 Omnia
666 709 790 776 haec
828 707 1051 779 quidem
1098 711 1258 764 stulta
1304 725 1414 766 non
1463 719 1602 766 sunt.
1655 711 1850 780 Quaere

251 809 382 866 ergo
411 795 482 848 de
513 797 712 866 quibus
741 796 964 862 dixerit;
997 805 1051 850 et
1078 798 1124 852 si
1155 805 1206 852 te
1235 798 1648 869 praesumpseris
1694 799 1851 856 inve-

251 882 414 948 nisse,
465 899 576 939 non
624 885 730 939 erit
768 895 874 940 tam
901 885 950 922 ττι
981 883 1224 954 stultum,
1275 902 1442 957 quam
1462 887 1510 925 75
1539 887 1758 944 credere
1795 887 1850 944 in

247 971 424 1026 Deum
472 979 678 1037 natum,
728 981 782 1028 et
831 973 1052 1045 quidem
1107 989 1172 1028 ex
1229 974 1475 1048 Virgine,
1526 983 1580 1032 et
1627 976 1850 1048 quidem

248 1076 530 1128 carneum,
582 1062 677 1134 qui
723 1079 822 1133 per
865 1063 989 1118 illas
1021 1070 1225 1118 naturae
1263 1065 1618 1121 contumelias
1644 1065 1848 1120 voluta-

247 1158 329 1204 tus
357 1150 448 1204 sit.
481 1151 636 1206 Dicat
682 1151 800 1206 heec
848 1151 1042 1224 aliquis
1088 1151 1250 1206 stulta
1301 1167 1408 1208 non
1455 1167 1593 1220 esse,
1643 1161 1698 1209 ct
1745 1154 1848 1208 alia

245 1238 372 1307 sint,
421 1255 548 1310 qua:
587 1241 733 1294 Deus
777 1240 832 1294 in
861 1239 1270 1296 aemulationem
1301 1242 1529 1313 elegerit
1568 1241 1846 1313 sapientiae

243 1329 542 1384 saecularis.
599 1331 668 1382 Et
725 1337 908 1383 tamen
956 1328 1098 1400 apud
1145 1329 1294 1384 illam
1341 1329 1550 1386 facilius
1607 1332 1846 1388 creditur

243 1417 458 1488 Jupiter
515 1427 706 1474 taurus
777 1417 946 1474 factus
1017 1422 1110 1474 aut
1183 1435 1420 1490 cycnus,
1489 1437 1650 1493 quam
1717 1436 1844 1478 vere

243 1507 408 1562 homo
437 1505 710 1574 Christus,
741 1521 910 1577 penes
939 1505 1290 1564 Marcionem.

878 1649 1102 1707 CAPUT
1143 1651 1208 1707 ν.

314 1774 454 1832 Sunt
479 1775 644 1848 plane
689 1783 742 1830 et
785 1776 893 1831 alia
943 1783 1048 1830 tam
1088 1776 1269 1846 stulta,
1304 1791 1422 1848 quae
1461 1777 1734 1850 pertinent
1769 1779 1839 1836 ad
1873 1741 1918 1821 Β

249 1867 602 1924 contumelias
648 1874 702 1921 et
745 1865 1028 1936 passiones
1063 1865 1192 1938 Dei;
1240 1875 1332 1921 aut
1377 1867 1717 1938 prudentiam
1756 1869 1841 1924 di-

247 1967 376 2014 cant
405 1956 456 1994 75
499 1957 666 2010 Deum
703 1953 1042 2011 cruciﬁxum.
1083 1955 1254 2011 Aufer
1281 1957 1328 1995 ’Π
1377 1957 1478 2013 hoc
1507 1957 1557 1996 ’⁸⁸
1599 1973 1837 2032 qqune,

237 2045 500 2110 Marcion,
533 2046 638 2102 imo
665 2046 768 2101 hoc
795 2046 1000 2118 potius.
1032 2045 1175 2116 Quid
1205 2047 1349 2103 enim
1399 2047 1672 2122 indignius
1697 2051 1840 2106 Deo?

239 2137 372 2206 quid
403 2134 580 2209 magis
605 2135 1054 2206 erubescendum,
1106 2136 1252 2192 nasci
1295 2153 1364 2192 an
1415 2136 1592 2192 mori?
1621 2155 1841 2197 carnem

239 2233 481 2295 gestare,
534 2239 602 2278 an
641 2222 889 2280 crucem?
939 2225 1271 2292 circumcidi,
1322 2241 1390 2282 an
1440 2225 1656 2297 sufﬁgi?
1707 2229 1842 2283 edu-

239 2313 371 2380 cari,
413 2329 478 2367 an
519 2312 779 2383 sepeliri?
810 2313 862 2366 in
897 2328 1138 2385 praesepe
1165 2313 1386 2384 deponi,
1435 2329 1502 2370 an
1549 2315 1602 2369 in
1653 2331 1844 2372 monu-

237 2409 426 2457 mento
468 2401 725 2458 recondi?
774 2400 1078 2474 Sapientior
1127 2402 1250 2472 eris,
1293 2401 1339 2458 si
1387 2417 1492 2460 nec
1519 2403 1621 2458 ista
1665 2405 1839 2460 credi-

231 2491 404 2547 deris.
460 2491 566 2546 Sed
609 2505 718 2546 non
765 2490 874 2546 eris
919 2489 1152 2561 sapiens,
1187 2491 1288 2547 nisi
1318 2492 1515 2548 stultus
1541 2491 1592 2530 79
1639 2494 1836 2550 saeculo

231 2582 435 2646 fueris,
487 2580 586 2636 Dei
633 2579 792 2634 stulta
837 2579 1127 2636 credendo.
1175 2581 1264 2636 An
1313 2581 1434 2636 ideo
1481 2581 1761 2652 passiones
1804 2599 1836 2638 a

230 2671 450 2727 Christo
489 2685 598 2726 non
647 2669 938 2738 rescidisti,
984 2669 1108 2742 quia
1153 2679 1212 2725 ut
1260 2669 1580 2742 phantasma
1615 2673 1836 2729 vacabat

231 2777 264 2815 a
297 2759 530 2816 sensu80
555 2759 783 2814 earum?
811 2758 1054 2814 Diximus
1097 2767 1241 2814 retro
1287 2775 1441 2830 aeque
1469 2759 1618 2814 illum
1649 2767 1704 2815 et
1733 2775 1833 2814 na-

229 2848 462 2904 tivitatis
509 2851 564 2903 et
609 2846 848 2903 infantiae
899 2845 1232 2918 imaginariae
1276 2847 1324 2885 31
1371 2864 1546 2904 vacua
1599 2847 1831 2904 ludibria

228 2937 424 2994 subire
469 2935 727 3008 potuisse.
779 2936 886 2993 Sed
930 2937 1038 3006 jam
1085 2937 1173 2992 hic
1201 2935 1250 2975 ⁸2
1281 2938 1569 3008 responde,
1601 2936 1828 2993 interfe-

226 3035 360 3081 ctor
385 3025 621 3082 veritatis
650 3026 786 3098 (21).
815 3027 1007 3082 Nonne
1033 3040 1163 3083 vere
1191 3025 1480 3082 cruciﬁxus
1527 3033 1610 3080 est
1649 3025 1830 3082 Deus?

1963 533 2122 588 Falso
2151 549 2286 606 ergo
2317 535 2368 570 3‘1
2399 535 2584 590 statuit
2613 535 2751 590 inter
2793 553 2892 592 nos
2920 539 3060 595 scire
3109 543 3302 601 Paulus
3347 557 3552 605 tantum

1957 621 2142 676 Jesum
2187 621 2238 660 ⁸⁵
2281 623 2652 679 cruciﬁxum?
2697 623 2832 681 falso
2891 629 3228 698 sepulturam
3283 633 3555 707 ingessit?

1961 709 2096 765 falso
2136 711 2516 766 resuscitatum
2575 713 2912 768 inculcavit?
2959 715 3113 770 Falsa
3161 727 3243 773 est
3299 721 3456 792 igitur
3501 733 3554 778 et

1957 797 2092 852 tides
2135 809 2334 864 nostra,
2365 809 2416 854 et
2447 801 2758 870 phantasma
2803 810 2884 856 est
2911 804 2962 840 δυ
2993 809 3156 859 totum
3187 809 3333 876 quod
3363 827 3552 881 spera-

1958 901 2078 940 mus
2103 903 2134 940 a
2176 885 2430 944 Christo?
2469 889 2862 945 Scelestissime
2911 892 3211 960 hominum,
3245 897 3334 966 qui
3373 897 3550 954 inter-

1957 983 2232 1046 emptores
2260 992 2484 1033 excusas
2534 979 2634 1035 Dei
2661 980 2796 1052 (23).
2847 981 3182 1060 Nihilenim
3211 985 3280 1040 ab
3315 988 3392 1043 eis
3423 1005 3552 1060 pas-

1957 1081 2052 1121 sus
2107 1075 2191 1122 est
2239 1066 2504 1134 Christus,
2555 1069 2603 1124 si
2645 1071 2778 1126 nihil
2833 1087 2958 1128 vere
3001 1081 3083 1130 est
3125 1089 3334 1147 passus.
3388 1079 3553 1136 Parce

1954 1154 2128 1210 unicae
2155 1155 2274 1226 spei
2303 1157 2464 1213 totius
2511 1156 2667 1214 761
2718 1160 2884 1218 orbis.
2918 1161 3058 1230 Quid
3089 1165 3138 1202 87
3167 1165 3402 1223 destruis
3445 1185 3548 1224 ne-

1953 1243 2245 1298 cessarium
2275 1245 2506 1301 dedecus
2533 1249 2584 1286 83
2612 1246 2734 1303 ﬁdei
2764 1249 2873 1320 (24)
2891 1251 2919 1305 ?
2945 1249 3316 1326 Quodcunque
3335 1257 3448 1313 Deo
3469 1256 3550 1312 in-

1951 1330 2180 1402 dignum
2209 1341 2310 1404 est,
2347 1333 2481 1388 mihi
2519 1335 2757 1404 expedit.
2803 1339 2994 1393 Salvus
3023 1355 3163 1408 sum,
3195 1342 3239 1396 si
3273 1358 3380 1399 non
3413 1359 3546 1402 con-

1951 1419 2146 1476 fundar
2216 1423 2284 1478 de
2353 1423 2584 1479 Domino
2651 1441 2798 1483 meo.
2873 1428 2978 1495 Qui
3039 1431 3155 1486 mei
3221 1433 3290 1502 39,
3349 1433 3544 1506 inquit,

1950 1510 2220 1582 confusus
2261 1513 2469 1582 fuerit,
2500 1515 2822 1584 con/under
2867 1521 2922 1572 et
2962 1533 3056 1588 ego
3105 1521 3228 1589 ejus
3274 1521 3343 1575 9°.
3396 1523 3548 1579 Alias

1951 1614 2058 1655 non
2111 1599 2332 1656 invenio
2389 1603 2642 1659 materias
2713 1603 3070 1672 confusionis,
3130 1623 3248 1680 quae
3305 1627 3394 1667 me
3445 1629 3546 1682 per

1950 1697 2314 1759 contemptum
2365 1689 2578 1746 ruboris
2621 1693 2852 1763 probent
2897 1693 3036 1749 bene
3081 1693 3451 1768 impudentem
3491 1709 3545 1758 et

1950 1775 2180 1834 feliciter
2227 1776 2473 1834 stultum.
2522 1779 2692 1834 Natus
2733 1787 2815 1835 est
2861 1781 2961 1834 Dei
2999 1781 3191 1850 Filius;
3237 1801 3344 1842 non
3379 1789 3542 1858 pudet

1949 1865 2074 1937 quia
2121 1865 2432 1936 pudendum
2493 1875 2615 1936 est;
2665 1875 2719 1923 et
2761 1877 3009 1926 mortuus
3053 1877 3137 1927 est
3185 1873 3284 1928 Dei
3333 1876 3540 1948 Filius;

1949 1971 2172 2026 prorsus
2210 1955 2468 2012 credibile
2503 1965 2606 2020 est,
2649 1957 2775 2029 quia
2819 1959 3062 2028 ineptum
3105 1967 3189 2016 est
3219 1979 3234 2018 :
3263 1971 3314 2018 et
3353 1969 3540 2038 sepul-

1949 2050 2054 2110 tus,
2096 2045 2420 2110 resurrexit;
2462 2052 2671 2101 certum
2719 2054 2820 2112 est,
2860 2046 2984 2118 quia
3031 2048 3384 2120 impossibile.
3435 2055 3540 2111 Sed

1948 2135 2066 2190 haec
2107 2133 2381 2206 quomodo
2429 2134 2486 2190 in
2519 2134 2612 2190 illo
2651 2151 2779 2192 vera
2828 2143 3005 2206 erunt,
3048 2137 3094 2192 si
3131 2138 3246 2210 ipse
3285 2157 3393 2198 non
3439 2141 3540 2202 fuit

1947 2236 2131 2290 verus,
2155 2221 2202 2275 si
2231 2235 2339 2277 non
2370 2237 2496 2278 vere
2525 2222 2710 2278 habuit
2741 2223 2796 2280 in
2826 2240 2886 2280 se
2915 2226 3056 2296 quod
3087 2225 3364 2298 ﬁgeretur,
3390 2235 3538 2303 quod

1945 2317 2263 2380 moreretur,
2300 2311 2444 2384 quod
2493 2312 2807 2382 sepeliretur
2853 2319 2906 2368 et
2951 2315 3378 2385 resuscitaretur,
3411 2335 3535 2375 car-

1947 2417 2070 2456 nem
2117 2400 2320 2458 scilicet
2362 2401 2627 2474 sanguine
2677 2401 2957 2472 suﬁ'usam,
2997 2403 3211 2460 ossibus
3255 2415 3534 2478 structam,

1945 2490 2124 2546 nervis
2181 2491 2460 2558 intextam,
2521 2491 2676 2547 venis
2733 2491 3046 2562 implexam,
3106 2509 3228 2567 quae
3283 2497 3432 2553 nasci
3484 2507 3538 2556 et

1945 2580 2081 2635 mori
2119 2581 2318 2636 novit?
2361 2582 2610 2637 Humana
2656 2581 2701 2620 91
2751 2582 2869 2640 sine
2905 2583 3091 2649 dubio,
3124 2593 3183 2640 ut
3223 2593 3346 2642 nata
3381 2589 3430 2626 9²
3465 2589 3535 2646 de

1943 2669 2197 2742 homine;
2228 2669 2462 2742 ideoque
2489 2671 2540 2709 93
2569 2671 2817 2727 mortalis
2843 2673 2961 2728 haec
2989 2673 3091 2728 erit
3125 2675 3176 2712 9's
3213 2675 3266 2729 in
3300 2677 3531 2746 Christo,

1942 2759 2066 2831 quia
2111 2758 2353 2814 Christus
2401 2759 2450 2798 95
2497 2761 2662 2816 homo
2709 2767 2764 2815 et
2801 2759 2941 2815 filius
2987 2761 3240 2817 hominis.
3285 2765 3396 2820 Aut
3433 2782 3534 2822 cur

1941 2848 2105 2902 homo
2143 2845 2385 2902 Christus
2414 2857 2468 2904 et
2493 2847 2642 2904 filius
2675 2847 2932 2914 hominis,
2965 2848 3010 2904 si
3041 2848 3174 2904 nihil
3219 2851 3452 2908 hominis
3481 2866 3535 2911 et

1937 2935 2068 2990 nihil
2098 2951 2164 2990 ex
2193 2935 2406 2992 homine
2426 2937 2454 2992 ?
2485 2937 2587 2991 nisi
2617 2937 2662 2992 si
2691 2938 2742 2976 95
2771 2945 2860 2994 aut
2890 2937 3032 2992 aliud
3064 2947 3148 2994 est
3173 2938 3337 2996 homo
3365 2959 3530 3013 quam

1937 3039 2084 3089 caro,
2115 3031 2208 3078 aut
2245 3024 2462 3080 aliunde
2507 3041 2633 3080 caro
2682 3025 2936 3092 hominis,
2967 3043 3130 3098 quam
3175 3043 3240 3085 ex
3271 3031 3490 3087 homine
3520 3057 3536 3107 ε

221 3131 418 3173 nonne
469 3133 591 3173 vere
645 3092 914 3184 mortuus,
976 3123 1035 3172 ut
1062 3117 1112 3154 ⁸³
1149 3131 1275 3174 vere
1332 3092 1904 3248 cmciﬁxusv(2g)?lc
1934 3119 2024 3245 qut
2069 3111 2216 3166 aliud
2251 3111 2300 3150 9"
2343 3111 2531 3184 Maria,
2563 3129 2723 3184 quam
2771 3116 2956 3186 homo,
2986 3092 3038 3154 δε
3066 3123 3158 3172 aut
3204 3117 3366 3176 homo
3416 3092 3531 3196 (25)

1663 3209 1796 3248 arta!
1873 3206 1940 3248 ec
1971 3203 2160 3246 tones.

1663 3209 1796 3250 ﬂl'la‘.
1848 3203 2160 3249 ιθοῐιοῐιθδ.

303 3267 354 3308 ’³³
409 3267 696 3324 Hominum
725 3267 790 3322 ad
823 3267 1024 3324 cultum
1065 3284 1252 3324 verum
1282 3269 1406 3324 alii.
1455 3268 1506 3304 ⁷4
1535 3267 1652 3322 Jam
1683 3270 1842 3324 Pam.
1875 3266 2052 3322 Rhen.
2099 3263 2146 3300 τε

2183 3263 2358 3334 Quam
2395 3263 2551 3322 abest
2579 3283 2614 3321 a
2641 3267 2802 3322 Pam.
2837 3267 3012 3326 Rhen.
3043 3265 3093 3307 ’⁷6
3122 3269 3308 3325 Dicam
3349 3272 3528 3330 Rhea.

225 3341 410 3398 Seml.
441 3339 486 3378 π
519 3341 716 3396 Aufers
749 3339 920 3396 Rhea.
945 3341 1116 3398 Seml.
1143 3341 1192 3378 ἰδ
1213 3341 1338 3394 Haec
1361 3342 1522 3396 Pam.
1545 3341 1726 3395 Paris.
1751 3339 1926 3394 Fran.
1959 3335 2007 3376 79
2036 3335 2278 3408 Iniiaser
2305 3337 2426 3408 Rig.
2461 3339 2590 3394 Ven.
2634 3338 2686 3408 ες)
2713 3338 2796 3392 Ad
2823 3353 3042 3394 sensum
3067 3342 3242 3398 Rhen.
3275 3343 3447 3400 Seml.
3478 3345 3526 3382 δι

221 3413 558 3486 lmaginaria
586 3421 640 3468 et
667 3414 827 3468 Pa—m.
881 3411 1048 3468 Seml.
1083 3410 1454 3482 imaginarium
1499 3410 1826 3518 imaginariae
1857 3409 2032 3465 Rhen.
2074 3407 2124 3443 ⁸2
2157 3407 2288 3461 Hinc
2329 3407 2448 3478 Ilig.
2500 3409 2625 3466 Ven.
2659 3407 2708 3445 ⁸³
2739 3409 2805 3462 Et
2836 3411 3005 3466 Seml.
3040 3411 3090 3450 ⁸4
3117 3413 3260 3484 Ergo
3290 3413 3446 3470 abest
3493 3431 3527 3470 a

230 3485 392 3518 ιριηι...
458 3485 602 3518 Comi
655 3483 704 3518 85
739 3483 913 3518 locum
947 3485 1098 3518 nimo!
1131 3501 1162 3518 η
1201 3483 1342 3518 Μυκη
1417 3483 1559 3518 Com]
1637 3481 1661 3518 ὓ
1691 3483 1800 3518 "rit
1841 3484 1934 3518 lh’n
1965 3485 1970 3488 ”
1997 3481 2098 3518 Van
2153 3477 2204 3515 87
2233 3479 2338 3518 (11ὶί
2377 3481 2505 3518 Dama
2570 3479 2718 3518 Rha.”
2772 3481 2823 3518 88
2856 3484 3028 3518 non"
3084 3485 3209 3518 Dnm
3277 3484 3422 3518 Diuma
3477 3486 3527 3518 89

223 3483 416 3540 Rheh.
453 3485 622 3540 Seml.
655 3483 704 3519 8⁵
731 3483 916 3538 Jesum
946 3485 1098 3540 abest
1130 3501 1164 3538 a
1195 3483 1366 3539 Rhen.
1409 3483 1580 3539 Seml.

1637 3481 1661 3518 ὓ
1691 3483 1804 3538 Erit
1839 3484 1970 3552 Rig.‘
1997 3481 2122 3552 Ven.
2153 3477 2204 3552 3?
2230 3479 2339 3552 Qui
2371 3477 2528 3535 Pam.
2565 3479 2740 3538 Rhe-n.
2772 3481 2823 3518 ⁸³
2854 3484 3030 3536 Decus
3076 3477 3234 3538 Pani}
3271 3484 3444 3539 Rhea.
3477 3486 3528 3524 89

223 3558 318 3610 Me
337 3557 496 3610 Pam.
523 3555 698 3612 Rhen.
727 3555 778 3592 9°
805 3553 938 3608 Eum
971 3557 1132 3612 Pam.
1155 3557 1326 3610 Fran.
1356 3551 1402 3589 91
1424 3553 1718 3608 Humanam
1751 3551 1912 3608 Pam.
1943 3551 2116 3608 Rhen.
2147 3551 2199 3588 92
2227 3551 2420 3606 Natam
2445 3553 2597 3608 Pam.
2633 3553 2807 3608 Rhea.
2837 3552 2888 3590 9³
2917 3553 3050 3620 Quia
3083 3555 3255 3610 Rhen.
3283 3556 3454 3612 Seml.
3477 3556 3528 3596 9"

221 3627 328 3682 Est
351 3627 526 3682 Seml.
557 3629 718 3681 Pam.
751 3625 800 3663 95
829 3623 964 3692 Quia
992 3626 1236 3681 Christus
1259 3625 1412 3682 abest
1431 3641 1466 3682 a
1487 3625 1663 3682 Rhea.
1697 3625 1867 3682 Seml.
1899 3623 1950 3661 95
1975 3624 2032 3677 Si
2057 3622 2213 3678 abest
2241 3639 2275 3678 α
2299 3623 2416 3694 Rig.
2451 3623 2575 3680 Ven.
2609 3623 2657 3661 97
2681 3625 2773 3678 Est
2789 3623 2916 3680 add.
2941 3627 3101 3680 Pam.
3127 3628 3298 3684 Fran.
3327 3628 3458 3684 Par.
3475 3629 3528 3667 98

221 3701 341 3754 Aut
371 3699 534 3754 homo
555 3699 742 3754 omitt.
765 3699 926 3752 Pam.
959 3697 1135 3756 Rhea.

1612 3767 2108 3832 Commentarius.

304 3849 418 3920 (2t)
453 3849 790 3919 Interfector
819 3849 1092 3908 veritatis.
1127 3845 1572 3920 Haereticos‘olim
1602 3848 1821 3920 gravio-

219 3918 384 3974 ribus
415 3918 616 3976 verbis
640 3927 852 3992 uotatos
891 3919 1282 3992 nemoiestqui
1309 3918 1541 3976 dubitet.
1573 3918 1696 3992 Non
1727 3936 1820 3992 se-

215 3991 332 4046 mel
369 3995 574 4048 Auctor
617 3991 738 4062 hic;
771 4008 894 4048 nam
925 3993 1019 4046 lib.
1053 3991 1074 4044 Ι
1104 3991 1178 4048 ad
1210 3991 1564 4054 Marcionem,
1605 3991 1821 4048 haereti-

213 4078 363 4134 cum
409 4062 562 4134 illum
619 4061 768 4134 veris
824 4063 1094 4134 coloribus
1147 4061 1385 4134 efﬁngit,
1433 4065 1821 4134 _et_tetriorem

213 4133 370 4189 omni
423 4133 752 4216 immanitate
807 4133 1106 4216 profitetur,
1159 4131 1307 4216 quae:
1327 4133 1381 4216 in
1431 4131 1822 4216 ipsi-us‘patria

216 4207 476 4277 occurrit.
529 4205 652 4277 Non
707 4203 940 4261 absimili
989 4203 1472 4277 sensu—epist.‘ad
1520 4203 1821 4277 Trallianos

223 4275 264 4348 ὃ
301 4317 315 4330 .
387 4275 630 4348 Ignatius
695 4285 853 4334 vocat
915 4277 1200 4334 haereticos
1239 4271 1423 4335 ’κακὰς
1475 4271 1808 4348 παρᾳθυάδοξς,

209 4344 462 4475 ἔπιὲὼρ
485 4349 874 4428 progagine-m.
907 4349 962 4405 S.
997 4349 1230 4420 Pr05per
1257 4363 1422 4405 carm.
1463 4346 1531 4401 de
1555 4344 1817 4422 ingratis,

251 4435 284 4475 e
363 4434 394 4474 e
421 4436 546 4475 amo
577 4437 593 4475 :

251 4435 284 4476 e
315 4434 546 4492 Pelagio
577 4437 593 4475 :

344 4531 584 4585 Pestifero
616 4535 816 4586 vomuit
850 4535 1056 4587 coluber
1080 4548 1310 4586 sermone
1347 4532 1642 4582 Britannus.

205 4633 292 4706 De
322 4634 387 4689 Β.
421 4634 748 4706 Hieronymo
799 4643 1002 4691 norunt
1049 4649 1240 4692 omnes
1293 4633 1579 4690 haereticos
1623 4631 1819 4689 acriter

203 4705 540 4761 insectatum
571 4705 758 4762 fuisse.
793 4707 870 4763 LE
899 4709 995 4764 PR.

283 4781 404 4846 (22)
441 4779 636 4834 Nonne
672 4796 798 4834 vere
847 4783 1127 4846 moﬁuus,
1177 4781 1244 4834 ut
1287 4793 1416 4834 vere
1465 4775 1822 4846 cruciﬁxus?

199 4849 423 4904 Christi
454 4859 603 4902 ortus
647 4865 712 4903 ex
737 4863 926 4924 _morte
955 4852 1232 4924 probatur.
1283 4849 1412 4924 ldeo
1461 4855 1640 4924 autem
1671 4847 1820 4924 infa-

197 4935 358 4993 mem
419 4927 664 4993 mortem
703 4921 914 4993 elegit,
943 4918 1026 4978 θυι
1081 4919 1443 4993 spectaculum
1507 4918 1820 4993 ignominiae

239 4991 466 5061 lenum,
517 4999 576 5046 ut
621 4991 687 5046 ab
735 4991 985 5048 omnibus
1025 4991 1221 5049 veritas
1249 5001 1656 5063 agnosceretur,
1689 4991 1819 5063 nul-

215 5079 288 5119 us
345 5064 415 5136 de
465 5069 803 5136 veramorte
829 5063 1133 5136 dubitaret,
1153 5061 1442 5136 nullusque
1471 5061 1819 5136 resurrectio-

193 5151 336 5190 nem
384 5133 442 5188 in
489 5133 713 5188 dubium
744 5143 1037 5190 revocaret.
1069 5132 1410 5190 Abstineo'a
1457 5132 1683 5188 citandis
1711 5133 1816 5188 Pa-

191 5205 384 5260 tribus
415 5223 445 5276 :7
466 5203 647 5274 allego
687 5215 892 5261 tantum
940 5221 1037 5261 seu
1085 5205 1264 5261 indico
1311 5205 1368 5259 S.
1416 5203 1614 5276 lgnat.,
1655 5204 1816 5276 epist.

187 5278 268 5330 ad
303 5275 498 5344 'l‘rall.,
531 5277 628 5331 ulti
657 5276 773 5332 fuse
802 5277 867 5332 de
898 5277 996 5334 hac
1025 5277 1272 5332 materia.
1305 5277 1381 5330 Le
1413 5275 1512 5329 Pa.

273 5344 398 5420 (23)
431 5349 872 5420 lntere-mptores
922 5365 1160 5404 excusas
1193 5347 1309 5404 Dei.
1359 5347 1618 5420 Marcion,
1659 5363 1818 5420 quem

181 5419 554 5476 vehementer
603 5419 765 5492 urget
810 5421 1226 5492 ATertullianus,
1279 5419 1610 5492 praedicabat
1657 5419 1816 5492 Chri-

181 5499 490 5562 stuminon
521 5507 648 5549 vere
675 5489 949 5546 hominem
980 5491 1170 5558 fuisse,
1203 5489 1297 5562 sed
1339 5492 1616 5562 putative,
1651 5491 1818 5545 nihil-

183 5577 306 5635 que
343 5561 414 5638 _de
443 5563 666 5620 homine
693 5563 1078 5638 assumpsisse.
1123 5563 1177 5622 Si
1225 5560 1396 5638 igitur
1442 5569 1642 5618 certum
1674 5569 1817 5618 esset

183 5631 392 5696 carnis
419 5644 622 5695 nostrae
669 5631 1028 5700 substantiam
1056 5650 1167 5696 non
1196 5631 1486 5716 accepisse,
1520 5647 1694 5710 neque
1722 5647 1816 5716 ve-

1721 5715 1746 5740 ι

1928 3861 2046 3922 rum
2075 3841 2250 3922 fuisse
2269 3841 2739 3922 hominem_,‘certe_
2755 3861 2883 3922 vere
2911 3846 3160 3922 ιῃρτῑαιις
3177 3863 3285 3906 non
3307 3847 3524 3922 fuisset,

1928 3919 2114 3989 sicque
2150 3916 2366 3972 Iudaeos
2409 3915 2685 3992 carnifices
2725 3919 2894 3992 impio
2923 3913 3014 3970 illo
3045 3929 3098 3978 et
3127 3929 3390 3980 venenato
3419 3913 3522 3979 do;

1927 3997 2108 4062 gmate
2139 3997 2432 4062 excusaret.
2465 3989 2542 4045 Ls:
2571 3990 2668 4046 Pa.

2001 4061 2120 4136 (24)
2163 4061 2311 4136 Quid
2355 4061 3033 4136 destruishnecessart‘um
3077 4063 3311 4122 dedecus
3342 4063 3528 4136 ﬁdei?

1928 4130 2041 4186 Hoc
2062 4130 2178 4210 .dici
2208 4138 2385 4210 potest
2409 4133 2566 4187 etiam
2587 4131 2665 4210 iis
2693 4133 2808 4205 qui,
2836 4135 3098 4210 adversus
3127 4130 3444 4210 Tertulliani
3474 4145 3528 4192 et

1929 4201 2169 4256 omnium
2212 4209 2456 4257 veterum
2495 4201 2820 4272 scriptorum
2855 4205 3220 4272 traditionem,
3255 4207 3524 4264 Christum

1929 4279 2134 4350 statura
2189 4273 2951 4350 vultuque_formosissimum
2995 4276 3098 4330 sibi
3145 4276 3522 4350 imaginantur.

1930 4343 2020 4418 Sic
2049 4342 2194 4418 enim
2224 4342 2444 4418 omnino
2475 4342 2765 4418 legendum
2794 4353 2893 4412 est,
2917 4361 3024 4401 non
3043 4355 3100 4418 ut
3121 4342 3303 4418 vulgt'),
3329 4348 3520 4406 decus.

1929 4415 2071 4488 Nam,
2117 4415 2220 4488 hoc
2275 4413 2550 4488 adversus
2591 4415 2912 4488 Marcionem
2970 4413 3518 4488 probare'instituit,

1929 4487 2110 4542 omnia
2161 4486 2281 4554 ista,
2343 4487 2525 4558 Deum,
2572 4486 2740 4550 nasci,
2800 4486 2980 4558 Deum
3027 4487 3291 4558 crucifigi,
3351 4486 3522 4546 Deum

1927 4560 2083 4628 mori,
2119 4559 2286 4614 Deum
2314 4556 2552 4628 sepeliri,
2591 4573 2713 4627 quae
2743 4557 3038 4612 secundum
3065 4556 3284 4613 sensum
3325 4559 3522 4615 huma-

1927 4627 2087 4704 num;
2117 4627 2414 4704 pudenda,
2457 4629 2647 4694 stulta,
2707 4628 2852 4683 fatua
2884 4627 3235 4704 judicaretur,
3293 4646 3523 4704 quaeque

1927 4699 2131 4759 Marcio
2181 4699 2508 4774 destruebat,
2552 4707 2816 4774 tanquam
2883 4699 3106 4774 indigna
3164 4702 3275 4756 Deo
3309 4699 3373 4774 ':_
3407 4699 3524 4774 haec

1927 4775 2127 4838 omnia,
2179 4773 2416 4840 inquam,
2470 4787 2500 4825 a
2549 4769 2874 4827 Deo—electa
2921 4769 3102 4838 fuisse,
3156 4779 3216 4826 ut
3261 4771 3522 4841 sapientia

1927 4843 2196 4900 saecularis
2241 4843 2678 4898 confunderetur.
2713 4843 2806 4898 Ait
2851 4842 3018 4914 igitur
3066 4843 3362 4914 Septimius
3405 4843 3522 4900 haec

1925 4917 2196 4988 dedecora
2225 4931 2345 4988 quae
2377 4923 2784 4988 putamus,cnon_
2811 4915 3106 4988 esseiapud
3142 4914 3316 4971 Deum
3345 4914 3520 4988 dede-

1927 5002 2079 5052 cora,
2119 4983 2564 5043 imo'necessaria
2601 5002 2720 5042 esse
2758 4985 2880 5042 ﬁdei
2916 4983 3251 5043 Christianae.
3303 5005 3328 5038 α
3379 4983 3520 5056 Quid

1926 5057 2454 5140 destruisuinquit,
2499 5059 2786 5140 _d_ede_cus__.
2811 5059 3174 5140 pecessarium
3239 5057 3412 5114 ﬁdei?
3471 5079 3513 5140 ,ιο

1924 5129 2190 5202 Georgius
2217 5128 2464 5204 Baeticus,
2499 5131 2592 5188 lib.
2626 5130 2692 5186 de
2723 5128 2854 5186 Fide
2883 5149 2902 5186 :
2937 5149 2960 5180 α
3003 5131 3167 5204 Vides
3193 5145 3355 5202 quam
3394 5131 3518 5204 pul-

1924 5204 2135 5266 chrum,
2169 5217 2394 5274 quamve
2428 5203 2686 5274 decorum
2735 5209 2934 5274 nostrae
2977 5203 3165 5259 salutis
3211 5203 3520 5260 sacramen-

1925 5285 2058 5330 tum.
2107 5273 2278 5330 In’eo
2325 5273 2471 5345 quod
2521 5273 2661 5329 filius
2705 5281 2806 5340 est,
2857 5273 3153 5332 minoratus
3196 5275 3514 5331 ostenditur.

1923 5347 2208 5414 Quomodo
2262 5360 2394 5417 ergo
2451 5345 2518 5399 ad
2580 5345 2948 5401 offuscandam
3006 5347 3340 5402 divinitatem
3396 5348 3515 5414 ejus

1923 5420 2284 5486 imprOperas,
2315 5417 2458 5488 quod
2503 5417 2816 5488 exsequitur
2859 5417 2928 5471 ad
2974 5417 3276 5488 decorem?
3323 5437 3346 5467 ι
3390 5417 3514 5488 Bm.

1997 5490 2110 5562 (25,)
2141 5493 2250 5548 Aut
2281 5489 2440 5562 homo
2469 5489 2604 5562 deus
2635 5487 2946 5548 Marcionis.
2971 5489 3144 5562 Homo
3165 5487 3517 5562 scilicetima-

1922 5557 2168 5631 ginarius
2205 5567 2258 5618 et
2294 5561 2480 5617 falsus.
2529 5559 2620 5616 Sic
2655 5561 2800 5634 enim
2845 5573 2985 5634 mox
3015 5557 3466 5634 ipse_declarabit
3497 5573 3512 5618 :

1925 5629 1951 5688 ἀ
2013 5633 2084 5696 Ut
2135 5647 2350 5694 carnem
2404 5639 2638 5708 gestaret
2689 5631 2807 5694 sine
2859 5629 3073 5694 ossibus
3126 5631 3336 5704 duram,
3393 5629 3514 5692 sine
