3972 6190
406 279 512 338 807
1108 278 1547 339 TERTULLIAM
1586 279 1851 340 UPERUM
1890 280 2057 340 PARS
2096 280 2163 338 ll.
2203 309 2273 319 —
2309 276 2537 336 SERIES
2575 278 2616 350 l,
2658 277 3003 337 POLEMICA.
3596 281 3707 339 808

407 404 542 461 deus
573 403 860 459 Marcionis
886 404 956 459 99.
992 404 1181 470 Aliter,
1215 420 1321 460 non
1353 405 1623 460 diceretur
1654 406 1814 461 homo
1843 407 1998 462 Chri-
2030 420 2077 499 Α
2113 414 2328 460 tuorum
2359 402 2752 469 suseitatorem,
2804 405 2899 459 sed
2941 404 3188 460 vivorum
3216 412 3557 461 avocatorem
3590 408 3715 477 (28)

405 504 541 560 stus,
590 494 708 549 sine
754 511 949 566 carne;
1001 511 1102 550 nec
1148 496 1383 551 hominis
1433 495 1594 560 filius,
1643 495 1764 551 sine
1817 496 2000 567 aliquo
2030 492 2077 499 ”
2113 494 2226 551 Nisi
2259 493 2401 565 quod
2432 500 2484 548 et
2513 493 2557 547 si
2587 507 2780 566 magns
2809 492 2926 560 fuit,
2954 502 3110 547 natus
3136 500 3237 547 est.

404 593 626 653 parente
654 584 871 639 homine
908 601 921 637 :
955 584 1093 639 sicut
1122 600 1222 640 nec
1250 586 1414 651 Deus,
1447 584 1564 639 sine
1607 584 1813 655 Spiritu
1858 586 1957 640 Dei
1987 606 2001 654 ;
2726 580 2947 635 CAPUT
2984 583 3075 637 VI.

403 686 504 727 nec
531 672 629 726 Dei
660 672 849 739 Filius,
886 674 1003 728 sine
1051 675 1160 729 Deo
1208 674 1378 729 Patre.
1414 675 1492 728 Ita
1540 674 1821 745 utriusque
1870 676 2001 729 sub-
2190 668 2297 724 Sed
2347 668 2565 739 quidam
2597 668 2643 705 ιο
2687 669 2956 724 discentes
3008 669 3207 726 Pontici
3252 669 3396 725 illius
3436 670 3577 740 (29),
3607 687 3719 724 su—

403 760 611 817 stantim
661 777 853 817 census
898 762 1172 818 hominem
1218 770 1269 817 et
1315 765 1488 818 Deum
1534 763 1776 817 exhibuit
1815 780 1829 818 :
1878 764 2005 819 hinc
2113 774 2207 829 pra
2238 756 2559 829 magistrum
2604 772 2793 827 sapere
2841 757 3128 827 compulsi,
3156 758 3457 814 concedunt
3486 759 3722 814 Christo

403 857 607 916 natum,
639 849 767 906 inde
813 867 922 906 non
970 860 1187 915 natum;
1221 851 1350 906 hinc
1394 867 1666 921 carneum,
1707 852 1833 906 inde
1882 854 2002 925 spi-
2110 846 2286 902 carnis
2321 843 2488 901 763
2532 845 2831 914 veritatem,
2876 846 2997 901 sine
3042 846 3354 916 prirjudicio
3395 851 3573 902 tamen
3611 862 3725 901 re-

404 937 617 993 ritalem
644 957 658 1006 ;
688 937 814 993 hinc
851 938 1142 1004 inﬁrmum,
1174 940 1299 994 inde
1340 939 1689 1011 praefortem;
1724 940 1847 996 hinc
1887 956 2002 995 mo-
2111 937 2340 991 nnendae
2390 933 2704 1000 nativitatis,
2766 933 3051 1000 Habuerit,
3108 936 3397 1008 inquiunt,
3451 952 3673 991 carnem
3706 976 3725 999 ,

402 1029 655 1093 rientem,
686 1028 811 1083 inde
839 1029 1127 1085 viventem.
1162 1027 1294 1096 Quae
1327 1028 1343 1065 1
1376 1028 1684 1099 proprietas
1725 1030 2005 1086 conditio-
2111 1024 2238 1079 dum
2286 1023 2505 1079 omnino
2537 1024 2581 1061 ιι
2616 1038 2725 1078 non
2753 1032 2953 1078 natam.
2985 1025 3337 1080 Pervenimus
3372 1026 3416 1062 12
3445 1025 3607 1097 igitur
3640 1026 3729 1078 de

402 1130 554 1181 num,
612 1116 808 1172 divina:
871 1128 926 1172 et
993 1119 1267 1187 humanm,
1324 1133 1479 1188 aequa
1544 1119 1728 1189 utique
1798 1127 2003 1175 naturae
2111 1113 2355 1183 calcaria,
2403 1113 2551 1184 quod
2599 1112 2731 1168 dicit
2769 1114 2921 1181 solet,
2957 1113 3010 1167 in
3041 1114 3432 1181 carbonariam,
3480 1131 3511 1169 a
3558 1115 3731 1168 Mar-

402 1205 685 1277 utriusque
716 1206 739 1242 ²
760 1206 983 1261 veritate
1004 1205 1049 1271 3,
1074 1206 1357 1275 dispuncta
1378 1214 1460 1261 est
1486 1206 1649 1263 762
1671 1209 1857 1264 eadem
1878 1208 1999 1277 ﬁde,
2112 1202 2273 1258 cionc
2320 1201 2387 1255 ad
2434 1200 2682 1270 Apellem
2711 1242 2725 1269 γ
2786 1201 2877 1271 qui
2932 1211 3283 1273 posteaquam
3342 1219 3373 1257 ει
3425 1203 3737 1272 disciplina

403 1302 458 1347 et
496 1292 717 1359 spiritus
763 1301 816 1347 et
853 1294 1028 1347 carnis
1057 1294 1099 1347 ει.
1135 1294 1370 1348 Virtutes
1419 1294 1675 1364 Spiritum
1721 1295 1841 1361 Dei,
1874 1313 2003 1366 pas-
2110 1288 2397 1346 Marcionis
2426 1288 2482 1343 in
2512 1289 2793 1344 mulierem
2844 1306 3005 1345 carne
3040 1291 3087 1329 13
3117 1292 3321 1362 lapsus,
3354 1300 3407 1347 et
3439 1294 3482 1330 “1
3510 1293 3739 1348 dehinc

403 1382 585 1436 siones
644 1398 859 1436 carnem
924 1382 1155 1436 hominis
1226 1384 1610 1453 probaverunt-
1671 1384 1725 1438 Si
1782 1386 2005 1443 virtules
2112 1379 2164 1433 in
2200 1378 2459 1449 Virginem
2488 1378 2860 1434 Philumenem
2910 1380 3102 1451 spiritu
3136 1381 3181 1417 15
3214 1397 3434 1437 eversus
3459 1386 3737 1454 esl(;30),

402 1486 511 1525 non
558 1470 675 1525 sine
720 1470 932 1541 spiritu,
981 1472 1209 1544 proinde
1248 1472 1271 1508 ⁵
1301 1482 1355 1528 et
1404 1473 1684 1543 passiones
1729 1490 1837 1529 non
1885 1477 2004 1530 sine
2114 1468 2345 1523 solidum
2396 1467 2591 1522 Christi
2642 1483 2861 1539 corpus,
2892 1468 2988 1524 sed
3021 1469 3068 1506 ιδ
3095 1470 3212 1525 sine
3242 1470 3528 1543 nativitate,
3571 1487 3737 1531 sus-

406 1575 603 1628 carne;
654 1558 700 1613 si
745 1574 871 1615 caro
916 1575 1041 1615 cum
1098 1560 1444 1631 passionibus
1497 1561 1638 1627 ﬁcta,
1679 1570 1733 1618 et
1780 1562 2009 1635 spiritus
2109 1556 2253 1628 cepit
2300 1557 2367 1611 ab
2404 1552 2468 1611 ea
2516 1556 2811 1629 praedicare
2855 1555 2923 1612 1".
2972 1558 3041 1613 Et
3087 1558 3285 1629 angelo
3318 1559 3364 1597 ιθ
3408 1560 3629 1631 quidem
3674 1560 3737 1598 19

403 1663 538 1720 ergo
565 1664 689 1704 cum
718 1648 1010 1705 virtutibus
1038 1647 1227 1704 falsus.
1261 1648 1404 1717 Quid
1433 1648 1686 1705 dimidias
1714 1651 1997 1708 mendacio
2043 1697 2084 1720 ,.,
2118 1645 2193 1700 illi
2242 1644 2583 1701 Philumenes
2611 1645 2661 1683 ²⁰
2690 1645 2881 1702 eadem
2909 1661 3046 1703 voce
3074 1642 3374 1719 Apostolus
3422 1650 3743 1720 responde-

402 1697 680 1792 Ch‘i‘istum
727 1737 888 1809 (26)?
936 1739 1101 1794 Totus
1146 1697 1343 1795 verit‘its
1392 1737 1515 1794 fuit.
1568 1738 1773 1807 Maluit,
1822 1741 2001 1807 crede,
2043 1697 2086 1774 Β
2119 1734 2213 1789 bit.
2269 1749 2375 1805 qua
2404 1734 2451 1772 21
2494 1732 2673 1805 ipsum
2716 1734 2867 1790 illum
2914 1737 3023 1805 jam
3071 1697 3198 1791 tuiic
3234 1697 3569 1807 praecinebzit,
3612 1737 3737 1791 di-

400 1825 570 1892 nasci,
613 1841 780 1897 quam
827 1841 891 1882 ex
933 1826 1108 1898 aliqua
1146 1826 1172 1865 δ
1209 1835 1362 1898 parte
1410 1827 1651 1895 mentiri,
1682 1836 1737 1884 et
1784 1830 2002 1901 quidem
2117 1836 2243 1877 cens
2272 1822 2483 1891 (Galat.
2516 1837 2553 1889 ι,
2588 1824 2644 1892 8)
2679 1839 2691 1876 :
2727 1824 2972 1879 Etiamsi
2999 1826 3234 1896 angelus
3261 1825 3326 1882 de
3353 1826 3499 1882 caelis
3530 1826 3739 1884 aliter

399 1913 455 1968 in
506 1913 889 1983 semetipsum;
949 1922 1008 1969 ut
1053 1929 1273 1971 carnem
1330 1924 1567 1989 gestaret
1613 1916 1730 1973 sine
1789 1917 2002 1975 ossibus
2111 1910 2581 1982 euangelizaverit
2618 1912 2784 1978 vobis,
2826 1929 2996 1983 quam
3031 1929 3132 1970 nos
3169 1916 3737 1993 evangelizavimuS.

400 2001 608 2071 duram,
641 2001 756 2057 sine
784 2001 1042 2059 musculis
1072 2002 1321 2074 solidam,
1356 2006 1474 2060 sine
1513 2007 1777 2076 sanguine
1806 2021 2001 2064 cruen-
2111 1998 2423 2056 anathema
2450 2000 2547 2055 δίε.
2580 1998 2673 2053 Hi8
2699 2014 2825 2055 vero
2857 2016 2979 2071 (111$
3001 2000 3049 2038 ²²
3077 2000 3299 2073 insuper
3328 2011 3744 2075 argumentan-

400 2097 529 2160 tim,
548 2091 671 2145 sine
700 2090 874 2147 tunica
896 2093 1007 2162 (27)
1036 2093 1303 2159 vestitam,
1335 2093 1449 2149 sine
1480 2094 1617 2149 fame
1639 2097 1995 2165 esurientem,
2114 2093 2221 2158 tur,
2268 2103 2367 2143 nos
2414 2086 2728 2143 resistemus
2756 2086 2824 2141 2³.
2875 2086 3289 2145 Conﬁtentur“
3333 2104 3458 2146 vere
3503 2104 3740 2160 corpus

398 2179 513 2234 sine
555 2180 809 2236 dentibus
849 2182 1117 2247 edentem,
1162 2182 1280 2238 sine
1328 2184 1515 2254 lingua
1562 2184 1911 2256 loquentem;
1944 2197 2002 2241 ιιι
2113 2175 2366 2231 habuisse
2395 2175 2691 2232 Christum.
2726 2176 2881 2232 Unde
2909 2177 3153 2244 materia,
3186 2177 3232 2232 si
3261 2193 3367 2234 non
3395 2193 3461 2234 ex
3485 2194 3549 2234 ea
3573 2196 3742 2251 qua-

400 2272 721 2338 phantasma
750 2269 973 2326 auribus
1002 2269 1168 2325 fuerit
1205 2285 1386 2326 sermo
1423 2272 1544 2340 ejus
1582 2287 1675 2340 per
1713 2272 2000 2344 imaginem
2111 2263 2281 2329 litate,
2330 2265 2385 2319 in
2436 2279 2545 2336 qua
2588 2263 2909 2321 Videbalur?
2938 2264 3084 2321 unde
3112 2280 3327 2338 corpus.
3359 2266 3405 2322 Si
3433 2281 3539 2322 non
3576 2283 3742 2327 caro

398 2358 569 2411 vocis.
601 2356 723 2411 Fuit
752 2359 932 2426 itaque
981 2358 1303 2428 phantasma
1348 2359 1510 2412 etiam
1557 2366 1681 2428 post
1724 2375 2001 2417 resurrec—
2112 2353 2352 2424 σοι’ροδῖ
2383 2355 2527 2409 unde
2554 2367 2701 2425 caro,
2728 2353 2777 2409 Si
2800 2369 2907 2410 non
2938 2355 3100 2411 nata?
3129 2355 3256 2426 (mia
3284 2355 3431 2412 naSCi
3460 2356 3741 2425 haberet,

401 2444 622 2513 tionem,
652 2460 778 2499 cum
808 2460 1001 2499 manus
1030 2452 1084 2499 et
1113 2445 1281 2515 pedes
1310 2460 1439 2500 suos
1477 2445 1759 2518 discipulis
1786 2448 2002 2519 conspi-
2111 2458 2178 2499 ea
2204 2440 2386 2499 futura
2430 2458 2551 2514 qua:
2599 2441 2855 2498 nascitur.
2902 2444 2984 2499 De
3030 2444 3318 2514 sideribus,
3347 2445 3630 2517 inquiunt,
3672 2457 3747 2503 et

400 2530 625 2587 ciendos
652 2530 891 2588 offerret.
925 2532 945 2570 Ἰ
976 2534 1244 2605 Aspicite,
1272 2533 1449 2605 inquit
1476 2535 1519 2599 8,
1553 2536 1696 2606 quod
1724 2552 1819 2608 ego
1850 2554 1997 2604 sum,
2110 2532 2179 2586 de
2226 2530 2535 2586 substantiis
2583 2530 2880 2600 superioris
2926 2532 3112 2588 mundi
3158 2542 3431 2587 mutuatus
3475 2543 3558 2589 est
3592 2550 3745 2589 car-

402 2621 537 2691 quia
566 2619 807 2691 spiritus
832 2635 955 2676 ossa
982 2637 1098 2677 non
1121 2621 1302 2687 habet,
1322 2624 1474 2677 sicut
1493 2639 1583 2679 me
1604 2623 1905 2681 habentem
1920 2629 2002 2681 vi-
2112 2635 2232 2674 nem
2269 2637 2281 2676 :
2314 2628 2365 2675 et
2392 2619 2578 2690 utique
2606 2628 2919 2690 preponuot
2946 2636 3056 2676 non
3082 2637 3203 2678 esse
3244 2622 3548 2677 mirandum
3576 2639 3741 2679 cor-

401 2709 546 2764 detis
591 2710 746 2780 (Luc.
796 2709 970 2779 xxxv),
1022 2709 1139 2765 sine
1190 2710 1354 2765 dubio
1404 2726 1596 2766 manus
1640 2722 1691 2768 et
1733 2716 1901 2786 pedes
1949 2725 2003 2771 et
2112 2724 2217 2780 pus
2245 2707 2361 2763 sine
2389 2707 2686 2777 nativitate,
2720 2724 2844 2764 cum
2874 2718 2926 2765 et
2953 2711 3097 2780 apud
3144 2724 3244 2765 nos
3289 2708 3491 2781 angelis
3542 2710 3741 2769 licue-

402 2813 545 2863 ossa,
580 2813 703 2868 quae
751 2798 973 2867 spiritus
1020 2814 1128 2854 non
1163 2800 1341 2863 habet,
1376 2801 1473 2854 sed
1520 2816 1666 2860 caro.
1718 2801 2001 2869 Quomodo
2113 2797 2181 2851 rit
2210 2796 2358 2851 nulla
2388 2798 2526 2851 uteri
2555 2811 2719 2867 Opera
2749 2797 2802 2851 in
2830 2814 3048 2853 carnem
3074 2798 3122 2835 2⁵
3152 2797 3492 2869 processisse.
3517 2798 3742 2869 Agna.

404 2885 541 2940 hanc
597 2900 784 2941 vocem
840 2887 1231 2958 interpretaris,
1291 2887 1551 2959 Marcion,
1599 2890 1693 2962 qui
1736 2891 1760 2928 9
1801 2907 1833 2944 a
1888 2893 2001 2948 Deo
2113 2884 2315 2940 scimus
2345 2884 2561 2952 quidem
2612 2884 2684 2939 ita
2737 2887 2994 2956 relatum;
3052 2888 3145 2940 sed
3195 2896 3374 2940 tamen
3416 2886 3574 2958 quale
3606 2898 3743 2959 est,

403 2976 631 3045 Optimo,
666 2982 720 3029 et
750 2974 1007 3046 simplici,
1040 2983 1093 3031 et
1120 2977 1264 3030 bono
1305 2982 1538 3043 tantum,
1573 2976 1741 3052 infers
1768 2979 2001 3035 Jesum‘?
2111 2983 2167 3029 ut
2204 2973 2426 3028 alterius
2459 2972 2661 3045 regulm
2692 2970 2829 3027 ﬁdes
2875 2975 2941 3029 ab
2988 2989 3049 3027 ea
3093 2973 3195 3028 ﬁde
3232 2991 3389 3046 quam
3427 2974 3751 3046 impugnat

404 3063 544 3119 Ecce
575 3063 711 3119 fallit
740 3074 794 3119 et
836 3065 1058 3136 decipit,
1090 3072 1145 3121 et
1182 3066 1538 3124 circumvenit
1584 3069 1823 3124 omnium
1871 3085 2004 3126 ocu.
2038 3086 2081 3165 ο
2110 3062 2522 3118 instrumentum
2565 3062 3124 3132 argumentationibus
3173 3064 3286 3117 suis
3332 3070 3614 3119 mutuetur
3654 3066 3746 3122 1’5.

406 3154 507 3223 los,
542 3154 783 3209 omnium
830 3170 1042 3220 sensus,
1076 3154 1314 3211 omnium
1360 3171 1610 3214 accessus
1657 3167 1710 3213 et
1747 3166 2000 3214 contrac-
2040 3150 2079 3165 '
2111 3150 2253 3221 Quid
2288 3150 2363 3205 illi
2403 3166 2527 3204 cum
2566 3150 2771 3222 Moyse,
2801 3150 2896 3221 qui
2927 3150 3095 3206 Deum
3122 3151 3295 3223 Moysi
3325 3152 3371 3190 ²⁷
3404 3152 3634 3220 reiicit?
3672 3153 3747 3210 Si

406 3250 513 3297 tus.
561 3242 708 3315 Ergo
748 3243 858 3312 jam
913 3242 1182 3300 Christum
1226 3260 1334 3301 non
1364 3246 1433 3302 de
1461 3246 1599 3302 caelo
1648 3246 1860 3305 deferre
1903 3247 1999 3304 de-
2109 3241 2247 3296 alius
2277 3241 2420 3294 Deus
2466 3248 2571 3309 est,
2620 3240 2780 3294 aliter
2827 3239 2933 3296 sint
2973 3255 3062 3295 res
3109 3242 3245 3311 ejus.
3274 3239 3379 3295 Sed
3406 3240 3455 3277 2⁸
3482 3252 3749 3298 utantur

406 3330 620 3398 bueras,
652 3330 750 3385 sed
781 3331 847 3386 de
875 3330 1057 3404 aliquo
1097 3332 1437 3391 circulatorio
1478 3344 1657 3400 coetu;
1691 3350 1791 3391 nec
1829 3336 2001 3392 Deum
2110 3329 2347 3386 haeretici
2378 3343 2566 3384 omnes
2595 3327 2888 3399 Scripturis
2917 3329 3057 3400 ejus,
3089 3332 3246 3398 cujus
3288 3338 3511 3385 utuntur
3541 3330 3744 3387 etiam

407 3427 607 3491 praeter
642 3419 942 3489 hominem,
983 3421 1079 3478 sed
1117 3438 1332 3494 magum
1371 3422 1680 3492 hominem;
1724 3440 1820 3480 nec
1858 3426 2006 3481 salu-
2116 3419 2318 3477 mundo
2351 3436 2364 3474 :
2408 3420 2511 3474 erit
2537 3418 2644 3473 illis
2673 3420 2776 3474 hoc
2805 3432 3023 3492 quoque
3054 3418 3108 3474 in
3138 3419 3507 3475 testimonium
3538 3419 3586 3458 29
3617 3423 3743 3491 ju-

410 3508 479 3565 tis
524 3507 858 3581 pontiﬁcem,
888 3510 984 3567 sed
1030 3511 1323 3584 spectaculi
1371 3508 1671 3578 artiﬁcem;
1717 3527 1815 3569 nec
1861 3528 2009 3570 mor-
2118 3509 2265 3575 dicii,
2296 3507 2441 3581 quod
2472 3506 2540 3563 de
2570 3508 2837 3579 exemplis
2875 3508 3050 3581 ipsius
3076 3509 3437 3580 blaSphemias
3467 3524 3594 3565 suas
3636 3509 3748 3566 in-

1793 3662 1984 3726 Variaa
2024 3666 2334 3726 lectiones.

480 3790 530 3828 99
558 3789 999 3862 Deus,Marcion
1019 3792 1180 3862 Pam.
1213 3789 1482 3862 Denique,
1514 3793 1769 3851 Marcion.
1794 3794 1948 3848 Haud
1973 3796 2143 3849 Fran.
2180 3792 2274 3849 lib.
2305 3790 2669 3862 UrsinLDeus
2699 3789 2983 3847 Marcionis
3013 3797 3102 3846 aut
3134 3790 3311 3850 Rhen.
3346 3791 3514 3851 Seml.
3543 3792 3559 3831 ¹
3588 3791 3745 3862 Qua

408 3862 551 3918 Jun.
582 3861 932 3936 {Utriusque
972 3861 1127 3936 abest
1148 3879 1211 3936 pa
1236 3860 1408 3936 Rhen.
1446 3865 1603 3936 Pam.
1643 3863 1667 3902 3
1707 3864 1982 3936 Cujusque
2033 3864 2163 3921 add.
2195 3866 2359 3919 Pam.
2386 3863 2424 3936 f
2449 3860 2582 3936 Fide
2611 3863 2833 3936 Spiritus
2866 3874 2917 3936 et
2945 3877 3071 3936 caro
3111 3865 3271 3936 codd.
3309 3867 3492 3923 Ursin.
3527 3871 3583 3922 et
3620 3860 3741 3923 Di-

406 3935 556 3988 vion.
593 3933 764 4004 Seml.
796 3932 820 3969 ⁵
869 3932 1099 4004 Perinde
1139 3933 1261 4004 Rig.
1286 3935 1447 4004 _Ven.
1478 3934 1503 3972 θ
1540 3935 1611 3990 Se
1663 3932 1797 3991 add;
1830 3932 1990 3992 Pam.
2023 3938 2155 3993 Par.
2189 3937 2359 3990 Fran.
2385 3933 2407 3971 ⁷
2436 3932 2612 3989 Ol‘fert
2641 3932 2815 3992 Rhen.
2851 3933 3019 3991 Seml.
3052 3934 3076 3971 ⁸
3106 3933 3304 3991 Dicens
3335 3939 3495 3994 Pam.
3535 3937 3745 3996 Rhen.

404 4004 579 4080 Sentl.
608 4004 633 4041 9
657 4003 796 4080 Quia
823 4002 999 4080 Rhen.
1034 4005 1161 4080 Ven.
1196 4002 1243 4041 ίῖ)
1270 4002 1413 4080 Quid
1437 4005 1977 4080 jamiRhen.»Paris.
2012 4005 2695 4080 “iDominus_cod._Agob.
2737 4004 2939 4080 Pithm.
2979 4006 3024 4080 ἓξ
3052 4006 3343 4080 Paruimus
3384 4007 3509 4080 cod,
3545 4009 3738 4080 Agob.

409 4073 991 4150 Pithw.__lthen._.lun.
1014 4073 1503 4150 [)Aariamu‘s_alz'i.'13
1524 4079 1750 4133 Muliere
1772 4078 1979 4150 lapsum
2009 4079 2186 4135 Rhen.
2212 4076 2392 4150 Seml._
2417 4075 2558 4150 “ﬁt
2580 4073 2754 4150 abest.
2775 4093 2814 4150 ρ
2834 4078 2953 4147 Rig.
2977 4075 3024 4150 1?
3046 4076 3279 4148 Spiritus
3312 4081 3437 4137 Ven.
3467 4073 3737 4137 EtPIzm.

406 4146 582 4221 Rhen.
617 4144 663 4221 [ι
693 4144 1190 4221 lji-mdicansPam,
1236 4146 1413 4221 Rhea.
1462 4158 1774 4220 susceptum
1805 4144 1872 4205 a'b
1907 4166 1974 4206 eo
2004 4150 2264 4221 praedicat
2294 4147 2414 4205 cod.
2444 4149 2653 4221 _Wouw.
2688 4148 2842 4221 18_Ut_
2851 4144 3102 4221 angelus
3129 4151 3249 4206 cod.
3310 4152 3514 4208 Wouw.
3550 4153 3737 4209 Pam.

401 4217 578 4292 Rhen.
610 4216 661 4292 ﬂ?
689 4216 922 4292 Quidam
951 4220 1074 4292 Lat,
1106 4218 1256 4292 Illius
1274 4220 1433 4292 Pani.
1461 4216 1643 4277 Fran.‘
1666 4221 1715 4258 ²ο
1745 4216 2087 4277 Philumenas
2116 4220 2269 4278 abest
2295 4237 2331 4277 a
2359 4219 2493 4292 cod.
2523 4220 2719 4292 Wouw.
2751 4216 3089 4292 Philonienes
3124 4221 3252 4279 alii.
3284 4221 3329 4260 ²¹
3363 4222 3500 4292 Quia
3531 4222 3735 4279 Rhea.

405 4290 575 4365 Sent}.
606 4288 654 4327 ²²
685 4288 791 4365 Qu_i
819 4290 985 4365 Pam.
1006 4289 1180 4365 Rhen,
1212 4289 1603 4365 3§Resistimus
1633 4292 1807 4349 Rhen.
1839 4293 1889 4365 2ft
1913 4293 2231 4349 Conﬁtentis
2258 4294 2418 4347 Pam.
2448 4290 2497 4328 2⁵
2526 4290 2684 4365 C_arni
2713 4292 2832 4365 Rig.
2878 4292 3002 4365 Ven.
3022 4291 3085 4365 725
3109 4288 3532 4365 Mutentur'Rig.
3583 4294 3733 4353 Ven.

402 4361 453 4397 Ἠ
496 4362 643 4417 Mose
669 4379 723 4433 q.
755 4361 823 4416 D.
855 4361 990 4417 Mosi
1029 4362 1201 4421 Seml.
1233 4361 1282 4399 2⁸
1318 4364 1384 4419 Et
1415 4363 1592 4420 Rhen.
1624 4366 1799 4422 Seml.
1830 4363 1879 4403 29
1905 4364 2056 4421 Illius
2085 4366 2187 4421 hoc
2214 4378 2428 4437 quoque
2453 4361 2821 4418 testimonium
2850 4362 2966 4423 cod.
2990 4364 3155 4435 Agob.

1792 4517 2290 4583 Commentarius.

404 4645 664 4747 musculis
720 4647 975 4731 solidam,
1035 4648 1155 4747 sine
1210 4647 1471 4731 sanguine
1526 4655 1851 4747 cruentam,“
1882 4651 1999 4709 sine
2034 4668 2079 4747 ο
2150 4724 2160 4735 .
2186 4653 2311 4747 (28L
2332 4648 2436 4710 Sed
2464 4650 2718 4710 vivorum
2748 4650 3258 4747 apoclgforem.LQui
3288 4654 3440 4740 vivos
3469 4669 3660 4747 av‘omt
3691 4670 3725 4747 a_

404 4719 583 4797 tunica
627 4722 895 4786 vestitam,
928 4724 1046 4797 sine
1092 4722 1236 4777 fame
1283 4719 1627 4797 esurientem,
1661 4723 1778 4780 sine
1811 4719 2001 4797 lingua
2035 4719 2079 4747 ¹¹
2112 4719 2221 4781 vita
2248 4719 2316 4780 ad
2346 4734 2595 4797 mortem,
2622 4738 2655 4776 a
2687 4731 2834 4779 recta
2869 4724 2973 4780 ﬁde
3023 4727 3086 4781 ad
3134 4719 3409 4795 haeresim,
3443 4745 3473 4783 a
3504 4730 3619 4785 Deo
3653 4732 3725 4783 ad

399 4792 731 4869 loquentem,
791 4807 848 4869 u_t
904 4795 1222 4869 phantasma
1278 4794 1441 4849 fuciit
1498 4812 1673 4851 sermo
1732 4797 1854 4866 ejus
1898 4792 2005 4869 ’ρετ
2115 4794 2643 4869 Satanam.‘R_io.—
2684 4796 2935 4869 Vivorum
2976 4804 3350 4855 avocatorem.
3398 4792 3723 4856 Frustrato-

400 4864 696 4941 imaginem
723 4866 888 4941 vocis.
932 4866 1120 4941 Διο-Βιις.
1245 4936 1258 4941 _
1340 4937 1349 4941 Α
1422 4938 1463 4941 μ
1526 4939 1533 4941 _
1708 4937 1724 4941 Α
1764 4864 1772 4866 ἡ
1913 4864 1926 4869 ⁷
2118 4865 2533 4941 τειηᾼὶῑξιειιὶεξθ
2577 4875 2631 4941 et
2675 4868 3054 4941 deceptorem;
3108 4887 3282 4941 neque
3330 4871 3538 4927 insulse
3588 4873 3725 4927 ludit

476 4935 593 5005 (26)
628 4936 768 5009 Quid
797 4935 1066 5009 dimidius
1087 4936 1381 4993 mendacio
1404 4937 1728 4995 Christum?
1752 4943 1900 4995 totus
1920 4956 2005 4998 ve—
2118 4937 2401 5009 vocabulo,
2452 4935 2705 5009 quoniam
2746 4935 3089 4995 mortuorum
3139 4935 3329 4996 anima:
3375 4944 3595 4997 avocari
3626 4944 3720 4998 di-

400 5008 550 5083 ritas
601 5011 705 5083 est.
734 5006 1123 5083 lgnati_us,__ep_._
1148 5009 1218 5062 ad
1258 5009 1566 5083 _'l‘_rallianos
1610 5029 1624 5067 ;
1670 5009 1913 5083 ⁸Ἐγίιῃδὲ
1952 5013 2004 5064 σὺ
2117 5020 2330 5083 cuntur.
2364 5006 2492 5083 Lac:

399 5084 474 5157 τῷ
531 5077 699 5157 δοιιεέξν⁸
724 5076 966 5157 ’ἔῇωυτὰςλ-
998 5077 1203 5157 ἐλπίδαὲ
1369 5088 1443 5153 τῷ
1471 5080 1644 5157 ιῦπὲρη
1667 5076 1787 5157 Epeo
1817 5081 1967 5135 ἀποοο

2188 5082 2302 5157 (29)
2317 5081 2419 5157 Sed
2436 5080 2955 5157 quidanidiscentes
2966 5084 3191 5141 Pontici
3210 5084 3394 5157 illius.
3410 5083 3723 5157 Discipulos

396 5146 545 5236 ξόξξι,
620 5146 749 5236 illa:
801 5155 874 5222 τῷ
944 5150 1045 5202 ὄντι
1086 5172 1098 5185 ·
1129 5150 1378 5236 ,ἀληθείᾳ
1418 5146 1525 5236 ’γὰρ
1574 5146 1862 5236 ’ἀλὶςότριον
1946 5174 1964 5236 't

2154 5146 2370 5236 itel‘lli'git
2402 5146 2750 5236 _lilareionis_,
2811 5157 2950 5236 inter
2986 5170 3122 5236 quos
3162 5156 3557 5236 antesignanus
3568 5146 3581 5157 ’
3608 5164 3722 5236 erat

395 5219 589 5298 ψεῠξοςς
612 5220 720 5290 Ego
750 5219 876 5298 vero
906 5237 1023 5278 non
1051 5222 1313 5293 Opinione
1331 5219 1726 5298 tantummodo
1757 5219 1911 5298 spem
1942 5229 2001 5281 in
2115 5219 2361 5298 Apelle—3.
2390 5226 2659 5282 Ponticus
2690 5225 2932 5282 Marcion
2968 5219 3181 5293 dicitur,
3232 5235 3291 5282 ut
3336 5219 3391 5282 ἔῐ
3438 5228 3599 5285 initio
3629 5229 3719 5285 lib.

398 5307 457 5349 eo
486 5290 680 5371 habeo,
702 5294 800 5371 qui
825 5309 925 5371 pro
953 5308 1043 5371 me
1058 5290 1327 5371 mortuus
1344 5298 1453 5371 est,
1472 5297 1564 5352 sed
1587 5290 1818 5371 revera;
1841 5313 2001 5353 omne
2115 5311 2136 5353 ι
2165 5290 2289 5353 adv.
2324 5298 2594 5371 eumdem,
2626 5312 2756 5371 mus
2788 5300 3091 5366 Ponticus;
3126 5290 3223 5355 fuit
3251 5298 3395 5356 enim
3427 5301 3609 5371 patria
3641 5303 3721 5357 Si-

397 5365 551 5439 enim
589 5363 953 5439 mendacium
983 5365 1242 5421 alienum
1271 5382 1307 5421 a
1336 5368 1577 5423 veritate
1615 5372 1719 5435 est,
1751 5366 1806 5421 id
1840 5376 1939 5433 est,
1973 5386 2003 5425 a
2115 5370 2372 5439 nepensis
2402 5370 2452 5423 in
2487 5363 2674 5423 Ponto.
2708 5368 2790 5424 Ln
2819 5372 2917 5425 Pa.

397 5436 651 5518 Christo;
666 5437 797 5518 hac.
895 5510 904 5518 _
1025 5508 1066 5518 __
1149 5510 1160 5518 _
1423 5510 1436 5518 ἡ
1498 5509 1511 5518 ⁸
1802 5511 1811 5518 _
2121 5512 2149 5518 _
2186 5436 2300 5518 (30)
2324 5442 2385 5496 In
2406 5440 2684 5512 virginem
2714 5440 3109 5518 Philumenam
3130 5443 3342 5518 spiritu
3363 5458 3599 5502 eversus
3620 5449 3717 5503 est.

472 5506 583 5581 (27)
615 5509 743 5565 Sine
776 5510 991 5569 tunica.
1025 5508 1244 5569 Tunicae
1292 5509 1550 5570 vocabulo
1589 5518 1765 5570 cutem
1798 5510 1999 5570 intelli-
2115 5506 2383 5569 Seductus
2409 5506 2606 5639 nempe
2654 5526 2688 5567 a
2734 5513 3003 5582 daemone,
3055 5506 3172 5588 quo
3210 5514 3409 5571 infame
3441 5518 3720 5588 prostibu-

472 5595 499 5634 ι.
530 5580 719 5639 linum.
2112 5584 2224 5639 lum
2254 5582 2538 5639 intercinte
2578 5589 2721 5639 atur.
2758 5585 2836 5639 La:
2868 5587 2963 5639 Pii.

397 5579 499 5650 git.
530 5580 719 5641 Busa.
2112 5584 2224 5641 lum
2254 5579 2721 5656 intercipiebatur.
2758 5585 2836 5643 La
2868 5587 2963 5645 Pa.
