3972 6190
145 346 237 408 809
1317 339 1511 400 LIBER
1551 339 1636 399 DE
1673 336 1892 398 CARNE
1929 331 2210 395 CHRISTI.
3305 331 3414 394 810

151 477 362 529 struunt.
395 468 570 526 Facile
614 474 699 524 est
741 467 951 526 veritati
1000 466 1157 523 etiam
1188 465 1324 521 nihil
1370 466 1473 522 tale
1521 465 1721 522 adver-
1753 483 1798 562 Α
1830 464 1910 518 nis
1935 463 2005 518 42.
2038 461 2096 517 Si
2127 476 2234 517 non
2266 458 2520 562 probant,
2562 457 2688 556 quia
2736 472 2839 562 ne‘c
2867 459 3126 530 scriptum
3167 470 3266 531 est,
3303 477 3415 562 inec

152 579 235 619 sus
275 576 366 618 eos
410 557 781 630 praescribenti
839 555 1006 614 764
1053 556 1318 612 obtinere.
1366 556 1569 627 Igitur,
1627 555 1722 628 qui
1753 544 1798 562 "
1829 551 2024 608 Christi
2061 563 2185 606 caro
2214 547 2338 605 inde
2367 546 2486 613 erit,
2539 544 2625 602 cui
2667 544 2976 617 angelorum
3005 548 3416 604 accommodant

153 667 348 708 carnem
379 649 574 706 Christi
605 647 674 702 ad
715 647 1022 718 exemplum
1053 653 1360 718 proponunt
1378 645 1717 718 angelorum,
1832 639 2155 708 exemplum.
2207 637 2426 708 Constat
2481 635 2696 706 angelos
2743 651 2958 691 carnem
2997 651 3104 691 non
3146 638 3418 708 pr0priam

153 756 251 798 non
297 746 483 796 natum
532 738 772 793 dicentes
799 778 812 803 ,
860 735 988 791 licet
1035 750 1250 791 carnem
1299 734 1366 799 ³ο,
1412 739 1724 806 comparent
1837 726 2002 786 765
2039 735 2282 800 gestasse
2313 726 2446 798 (34),
2479 732 2664 794 utpote
2693 725 2742 761 4³
2781 733 3001 780 naturas
3030 725 3078 761 τά
3109 725 3418 781 substantia)

152 826 307 884 velim
353 833 406 881 et
457 840 646 880 causas
694 829 801 878 tam
857 820 1051 876 Christi
1090 837 1247 892 quam
1294 820 1339 859 31
1385 819 1723 891 angelorum,
1833 819 2109 890 spiritalis,
2142 826 2216 885 et,
2248 817 2296 873 si
2345 815 2588 887 corporis
2635 814 2881 884 alicujus,
2927 813 3011 870 sui
3043 820 3223 868 tamen
3255 831 3423 887 gene-

155 917 219 971 ob
246 929 376 986 quas
424 914 478 968 in
517 927 736 968 carnem
766 911 816 950 ³³
864 910 1246 981 processerint.
1277 910 1326 948 33
1372 909 1566 964 Nullus
1594 924 1722 964 um-
1835 908 1910 963 ris
1938 926 1954 979 ;
1985 907 2038 962 in
2076 923 2292 963 carnem
2321 913 2504 960 autem
2534 905 2827 959 humanam
2866 903 3329 974 transﬁgurabiles
3355 903 3424 958 ad

155 1021 303 1078 quam
341 1003 572 1076 angelus
610 1001 730 1056 ideo
777 1000 1073 1066 descendit,
1106 1008 1165 1054 ut
1190 998 1624 1071 cruciﬁgeretur,
1669 1005 1728 1053 ut
1835 1005 2064 1067 tempus,
2098 1003 2156 1050 ut
2187 995 2236 1032 4⁵
2262 993 2428 1051 videri
2457 1000 2508 1048 et
2530 991 2786 1063 congredi
2815 1007 2936 1048 cum
2968 991 3274 1046 hominibus
3301 1008 3428 1062 pos-

157 1101 371 1149 mortem
417 1089 773 1160 experiretur,
823 1097 949 1145 uta
994 1096 1164 1143 morte
1207 1088 1620 1144 resuscitaretur
1656 1086 1726 1156 ³⁵,
1839 1093 1955 1142 sent
1981 1085 2050 1139 ίιδ.
2083 1083 2273 1155 Igitur,
2323 1098 2446 1138 cum
2492 1083 2721 1136 relatum
2761 1096 2869 1136 non
2917 1080 2984 1136 sit
3012 1081 3156 1136 unde
3185 1097 3430 1151 sumpse-

159 1182 215 1238 Si
257 1195 551 1252 numquam
596 1177 867 1250 ejusmodi
912 1175 1014 1232 fuit
1040 1192 1204 1233 causa
1234 1175 1550 1248 angelorum
1597 1191 1728 1231 cor-
1837 1174 1947 1232 rint
1973 1188 2210 1238 carnem,
2245 1171 2562 1242 relinquitur
2613 1168 2906 1226 intellectui
2954 1177 3139 1226 nostro
3169 1185 3279 1226 non
3320 1170 3429 1226 du-

163 1270 542 1346 porandorum,
585 1268 750 1323 habes
794 1282 1008 1324 causam
1056 1282 1155 1322 cur
1201 1282 1307 1321 non
1335 1265 1604 1323 nascendo
1635 1281 1732 1322 ac-
1841 1269 2036 1335 bitare,
2090 1269 2194 1324 hoc
2239 1282 2359 1322 esse
2408 1264 2688 1338 proprium
2719 1263 2977 1338 angelicae
3016 1266 3314 1336 potestatis,
3366 1281 3434 1324 ex

163 1357 398 1430 ceperint
458 1370 695 1412 carnem.
756 1355 882 1410 Non
925 1364 1183 1411 venerant
1241 1353 1417 1420 mori,
1467 1353 1588 1410 ideo
1635 1368 1736 1408 nec
1846 1357 1998 1414 nulla
2026 1355 2255 1413 materia
2283 1369 2485 1426 corpus
2515 1353 2615 1409 sibi
2646 1369 2877 1409 sumere.
2916 1374 2940 1405 α
2987 1353 3204 1422 Quanto
3234 1353 3432 1427 magis,

166 1447 325 1504 nasci.
354 1445 426 1501 At
456 1460 585 1500 vero
615 1443 862 1500 Christus
891 1443 1029 1499 mori
1075 1442 1295 1509 missus,
1347 1443 1494 1498 nasci
1521 1457 1739 1516 quoque
1847 1447 2051 1520 inquis,
2096 1462 2162 1502 ex
2208 1445 2392 1517 aliqua
2429 1453 2635 1500 certum
2683 1443 2800 1498 est!
2854 1461 2878 1492 ι
2916 1442 3025 1498 Sed
3069 1443 3205 1498 nihil
3251 1445 3321 1499 de
3372 1458 3438 1502 eo

165 1535 461 1594 necessario
506 1532 716 1603 habuit,
757 1539 817 1589 ut
861 1532 998 1589 mori
1045 1541 1233 1605 posset
1260 1533 1398 1604 (3i).
1451 1533 1568 1588 Non
1598 1533 1740 1589 enim
1847 1541 2080 1600 constat,
2137 1533 2265 1605 quia
2338 1532 2614 1604 Scriptura
2667 1548 2774 1588 non
2846 1531 3080 1587 exhibet.
3149 1532 3437 1604 Caeterum,

166 1626 300 1684 mori
327 1625 487 1692 solet,
518 1622 622 1678 nisi
664 1623 808 1695 quod
837 1621 1094 1678 nascitur.
1125 1623 1366 1677 Mutuum
1395 1621 1633 1678 debitum
1660 1628 1745 1678 est
1785 1665 1828 1742 Β
1855 1625 1947 1698 qui
1988 1624 2035 1662 ἠ
2091 1623 2274 1678 valent
2326 1620 2505 1676 facere
2546 1621 2864 1692 semetipsos
2910 1621 3055 1692 quod
3102 1631 3295 1678 natura
3332 1637 3443 1680 non

169 1718 301 1742 2-4--
357 1730 415 1742 -.ι
469 1713 728 1742 ..-ιζπειηις
790 1728 907 1742 nam
968 1711 1294 1742 mﬁnln‘:In.n
1374 1710 1564 1742 Ωιι-..κη
1622 1727 1725 1742 mn,
1860 1719 1984 1742 πη...
2043 1727 2138 1742 nun
2179 1725 2286 1742 nnn
2329 1709 2536 1742 υηιιιαηθ
2574 1709 2732 1742 Aliam
2791 1711 2841 1742 48
2885 1725 2948 1742 ιν
3004 1709 3151 1742 ..νη-11η
3195 1712 3443 1742 manu..-

168 1718 301 1773 inter
357 1730 415 1772 se
469 1713 731 1770 nativitati
787 1728 908 1767 cum
968 1711 1316 1767 mortalitate.
1374 1710 1568 1768 Forma
1622 1727 1748 1768 mo-
1785 1709 1828 1742 ¹³
1859 1719 2009 1778 sunt,
2042 1727 2138 1768 cur
2179 1725 2290 1766 non
2329 1709 2541 1766 valeant
2574 1709 2736 1764 etiam
2791 1711 2841 1747 48
2885 1725 2950 1763 ex
3004 1709 3158 1765 nulla
3195 1712 3448 1768 substan-

167 1804 339 1861 riendi
376 1818 538 1861 causa
584 1800 843 1857 nascendi
885 1809 969 1856 est
989 1801 1120 1872 (32).
1152 1799 1208 1855 Si
1252 1807 1475 1872 propter
1519 1799 1573 1854 id
1605 1800 1746 1872 quod
1857 1801 1932 1858 tia
1977 1801 2029 1840 49
2059 1798 2280 1856 facere?
2309 1798 2361 1853 Si
2394 1795 2528 1852 ﬁunt
2571 1797 2715 1869 quod
2761 1813 2872 1852 non
2917 1806 3064 1868 sunt,
3098 1813 3195 1854 cur
3241 1817 3350 1856 non
3379 1817 3448 1857 ex

174 1892 402 1950 moritur
446 1899 689 1947 mortuus
735 1899 817 1945 est
847 1887 1129 1958 Christus,
1183 1888 1238 1942 id
1295 1897 1470 1944 autem
1525 1889 1752 1944 moritur
1859 1907 1923 1947 eo
1954 1887 2081 1946 ﬁant
2111 1888 2255 1960 quod
2301 1903 2410 1944 non
2447 1889 2576 1943 est?
2624 1887 2780 1955 Quod
2828 1893 3007 1943 autem
3037 1903 3144 1943 non
3175 1898 3278 1955 est,
3325 1906 3450 1946 cum

175 1983 323 2055 quod
372 1992 422 2038 et
447 1980 700 2047 nascitur,
747 1994 1085 2050 consequens
1113 1978 1162 2016 35
1203 1985 1340 2043 erat,
1388 1978 1495 2032 imo
1545 1993 1752 2050 prtece-
1863 1979 1949 2048 sit,
2003 1995 2069 2034 ex
2123 1977 2287 2033 nihilo
2337 1985 2437 2033 est.
2494 1977 2779 2046 Propterea
2837 1991 2936 2032 nec
2991 1976 3300 2049 requiritur,
3351 1992 3456 2034 nec

177 2073 334 2137 deus,
366 2079 424 2126 ut
449 2087 602 2142 atque
632 2075 938 2125 nasceretur
967 2075 1188 2139 pr0pter
1217 2065 1271 2122 id
1308 2068 1452 2140 quod
1483 2067 1753 2136 nascitur;
1863 2067 2184 2135 ostenditur,
2243 2068 2371 2138 quid
2403 2075 2592 2139 postea
2619 2065 2817 2123 factum
2859 2067 2927 2122 sit
2982 2068 3300 2139 corporibus
3328 2066 3456 2125 illo-

175 2160 301 2233 quia
328 2166 545 2231 prOpter
581 2158 814 2229 idipsum
870 2155 1010 2212 mori
1058 2155 1306 2224 habebat,
1341 2157 1508 2228 quod,
1555 2155 1681 2228 quia
1709 2155 1758 2196 ³6
1865 2175 1985 2216 rum
2018 2157 2152 2232 (35).
2201 2156 2357 2228 Quod
2407 2158 2476 2214 de
2530 2157 2699 2212 nihilo
2755 2157 2877 2227 fuit,
2925 2157 3059 2213 nihil
3115 2157 3314 2213 factum
3352 2166 3455 2218 est.

172 2249 426 2314 nascitur,
468 2245 717 2303 moritur.
760 2245 884 2301 Non
920 2244 1256 2316 competebat
1301 2258 1412 2300 non
1441 2245 1607 2311 nasci,
1655 2259 1757 2316 pro
1866 2248 2098 2304 Possunt
2153 2246 2288 2301 nihil
2354 2245 2533 2317 ipsum
2590 2254 2910 2302 convertere
2965 2246 3020 2300 in
3068 2263 3309 2315 carnem,
3367 2246 3462 2319 qui

171 2354 276 2412 quo
315 2337 452 2393 mori
500 2336 861 2408 competebat.
897 2355 921 2386 ι
954 2333 1157 2404 Atquin
1185 2333 1234 2372 ³⁷
1264 2342 1389 2389 tunc
1431 2348 1645 2406 quoque
1674 2333 1758 2388 in-
1868 2336 2190 2406 semetipsos
2241 2344 2535 2408 potuerunt
2583 2343 2896 2393 convertere
2939 2335 2995 2391 in
3050 2351 3291 2392 carnem.
3332 2337 3465 2392 Plus

173 2434 255 2484 ter
272 2424 636 2500 illosangelos
655 2423 702 2463 ³⁷
724 2423 840 2496 ipse
859 2423 1119 2479 Dominus
1136 2423 1384 2494 apparuit
1399 2422 1630 2477 Abrahae
1647 2420 1758 2494 (33)
1869 2434 1949 2482 est
1977 2434 2224 2480 naturam
2267 2425 2562 2492 demutare,
2596 2441 2754 2496 quam
2786 2425 2964 2481 facere
3010 2427 3310 2482 materiam.
3356 2425 3465 2481 Sed

178 2515 292 2571 sine
338 2514 613 2571 nativitate
654 2529 776 2568 cum
819 2527 1004 2568 carne.
1056 2531 1084 2563 υ
1136 2511 1382 2578 Scilicet,
1422 2526 1523 2582 pro
1572 2511 1764 2567 eadem
1873 2523 1927 2572 et
1958 2516 2010 2555 ⁵ο
2038 2513 2084 2570 si
2123 2516 2190 2571 de
2228 2516 2452 2571 materia
2483 2530 2698 2572 necesse
2729 2515 2922 2571 fuisset
2971 2514 3015 2553 ⁵1
3050 2515 3279 2590 angelos
3309 2531 3465 2571 sum-

177 2620 363 2662 causae
417 2603 749 2660 diversitate.
801 2601 908 2658 Sed
935 2616 1032 2658 vos
1077 2601 1180 2657 hoc
1208 2615 1318 2657 non
1361 2599 1622 2671 recipitis,
1654 2613 1765 2656 non
1875 2606 2047 2679 psisse
2104 2621 2345 2671 carnem,
2396 2604 2705 2661 credibilius
2753 2606 2940 2676 utique
2998 2613 3078 2661 est
3133 2607 3200 2661 de
3256 2613 3468 2662 terrena

177 2709 301 2750 eum
335 2693 607 2750 Christum
638 2689 980 2761 recipientes,
1010 2688 1102 2762 qui
1139 2687 1188 2728 39
1211 2689 1321 2759 jam
1363 2695 1492 2744 tunc
1527 2695 1579 2743 et
1609 2688 1766 2746 adlo-
1875 2693 2119 2763 materia,
2152 2711 2312 2766 quam
2359 2695 2427 2750 de
2477 2694 2588 2749 ullo
2619 2709 2821 2766 genere
2871 2695 3166 2750 caelestium
3211 2695 3469 2750 substan-

177 2782 288 2854 qui,
331 2789 392 2837 et
433 2780 684 2847 liberare,
719 2785 774 2834 et
809 2778 1045 2850 judicare
1092 2780 1382 2834 humanum
1431 2793 1605 2850 genus
1643 2777 1766 2833 edi-
1879 2785 2114 2854 tiarum;
2157 2797 2283 2838 cum
2322 2781 2460 2838 adeo
2505 2791 2729 2836 terrenae
2770 2781 3038 2852 qualitatis
3089 2783 3370 2850 exstiterit,
3411 2793 3474 2841 ut

176 2871 367 2927 scebat
421 2869 476 2925 in
538 2871 716 2926 carnis
757 2867 966 2938 habitu,
1021 2881 1130 2922 non
1184 2876 1322 2923 natae
1379 2868 1584 2934 adhuc,
1645 2867 1771 2939 quia
1880 2870 2114 2927 terrenis
2145 2869 2359 2942 pabulis
2405 2878 2556 2941 pasta
2586 2869 2675 2926 sit.
2707 2869 2891 2926 Fuerit
2920 2871 2969 2908 ⁵2
2999 2886 3143 2927 nunc
3179 2871 3228 2910 53
3263 2887 3476 2944 quoque

177 2959 420 3017 nondum
464 2957 772 3026 moriturae,
815 2956 920 3012 nisi
966 2956 1116 3028 prius
1159 2963 1214 3012 et
1256 2956 1520 3011 nativitas.
1553 2957 1675 3026 ejus
1719 2963 1772 3012 et
1881 2959 2090 3015 siderea
2121 2960 2313 3016 eodem
2333 2960 2380 2998 ⁵4
2401 2961 2563 3016 modo
2586 2960 2816 3016 terrenis
2843 2961 3052 3031 pabulis
3072 2969 3244 3032 pasta,
3262 2961 3478 3033 quando

178 3049 483 3105 mortatitas
531 3047 991 3105 adnuntiarentur.
1050 3045 1220 3119 Igitur
1273 3046 1505 3118 probent
1551 3045 1775 3116 angelos
1813 3119 1842 3124 Α
1885 3057 2098 3104 terrena
2158 3063 2262 3104 non
2322 3057 2500 3120 esset;
2549 3065 2656 3120 quo
2704 3057 2915 3106 terrena
2964 3051 3280 3108 coelestibus
3324 3058 3482 3124 pasta

171 3140 310 3196 illos
337 3139 388 3178 ἰο
423 3137 490 3196 de
529 3137 803 3196 sideribus
847 3135 1118 3210 accepisse
1158 3135 1208 3176 ἰι
1256 3135 1606 3192 substantiam
1651 3150 1774 3191 car-
1805 3119 1850 3198 Β
1880 3146 1982 3205 est,
2017 3137 2234 3212 quando
2257 3138 2496 3196 caelestis
2524 3119 2633 3195 non
2663 3148 2809 3196 esset
2837 3139 3085 3213 (legimus
3112 3142 3255 3198 enim
3285 3119 3484 3198 manna

1597 3249 1790 3318 Variae
1827 3255 2146 3320 lectiones.

260 3365 318 3408 30
354 3359 573 3421 Scilicet
600 3379 850 3420 eameam
886 3363 1047 3418 Pam.
1083 3355 1259 3434 (then:
1291 3359 1335 3398 ³¹
1363 3360 1436 3434 ίΕι
1481 3359 1610 3415 add.
1643 3363 1802 3434 Pam.
1837 3362 2010 3418 (then.
2043 3364 2091 3401 ³2
2129 3364 2188 3417 In
2231 3377 2391 3419 carne
2423 3364 2542 3434 Rig.
2584 3364 2710 3420 Ven.
2741 3364 2790 3402 33
2817 3363 3090 3421 Venerunt
3119 3369 3280 3422 Pam.
3313 3371 3485 3425 Fran.

180 3442 328 3499 Par.
355 3444 759 3509 processerunt
789 3434 889 3509 Ri}.
933 3435 1106 3509 Seml.
1140 3432 1187 3472 3"
1217 3431 1577 3509 _S_uscitar_etur
1609 3433 1898 3509 [tigni/en.
1921 3435 1968 3472 ³⁵
1991 3435 2192 3509 ΔΑιιίεξᾳι
2223 3434 2351 3509 add.
2384 3431 2576 3509 ΙῖΙέξηζ
2595 3435 2924 3509 δβγηιηὶιθῐη
2955 3439 3111 3494 Pam.
3145 3441 3317 3494 Fran.
3350 3441 3484 3498 Par.

195 3514 248 3552 36
307 3502 392 3564 Id'
419 3508 565 3580 quod
609 3506 965 3580 addalthen.
1013 3504 1263 3580 Parin}?
1310 3502 1473 3580 A_t_qui
1503 3502 1693 3580 Segni.
1739 3504 1789 3542 ³⁸
1832 3505 2073 3580 Angelos
2112 3505 2250 3580 illos
2283 3507 2400 3576 Rig.
2449 3506 2508 3580 39V
2541 3503 2677 3580 Quia
2723 3506 2911 3580 Ithcn.
2952 3510 3122 3564 Scml.
3171 3511 3222 3546 ἰο
3261 3510 3489 3566 Carnem

197 3581 348 3640 add.
382 3574 501 3649 Rig.
565 3580 689 3635 Ven.
723 3577 771 3616 ιιι
819 3577 1149 3646 Concupisse
1178 3576 1311 3649 Rig._
1343 3576 1466 3631 Ven.
1497 3575 1548 3649 ξι²
1576 3574 1944 3630 Substantiam
1981 3577 2155 3632 carnis
2194 3574 2564 3649 abest—aliig.
2617 3578 2739 3634 Ven.
2773 3579 2821 3616 4³
2871 3579 3067 3649 Utputa
3106 3583 3266 3635 Pam.
3307 3582 3486 3638 Rhen.

183 3657 236 3694 ⁵4
287 3645 497 3708 Natura
540 3649 642 3705 Rh.
680 3649 850 3705 Seml.
900 3663 929 3701 a
977 3645 1166 3702 natura
1211 3645 1330 3702 cad.
1381 3645 1542 3753 Agob.
1593 3657 1796 3700 natura-3
1838 3650 1999 3703 Pam.
2049 3650 2231 3703 Paris.
2284 3649 2333 3686 4⁵
2383 3647 2451 3702 Ut
2495 3645 2682 3704 omitt.
2726 3651 2848 3720 Rig.
2900 3645 3022 3706 l'én.
3068 3652 3117 3688 ίιδ
3164 3653 3326 3708 Posse
3367 3655 3485 3753 Rig.

193 3728 305 3753 II-..
380 3721 430 3753 In
477 3718 614 3753 ﬁnio
677 3719 822 3753 Πιιοω
908 3719 1051 3753 Com]
1127 3717 1323 3753 nime-II:
1391 3717 1414 3753 ΙΙ
1487 3717 1554 3753 ΠΙ
1611 3717 1752 3753 Phan
1832 3720 1976 3753 ροιηιι
2051 3718 2245 3753 mm“).
2321 3720 2372 3753 49
2416 3719 2774 3753 inmtnntinm
2839 3721 2984 3753 IIl-nm
3060 3724 3200 3753 Ωηηιι
3267 3725 3426 3753 Πιιηκι

193 3728 332 3784 Ven.
380 3721 430 3760 ἰτ
477 3718 620 3788 Quia
669 3719 845 3775 Rhen.
901 3719 1072 3775 Seml.
1126 3717 1345 3788 Oberth.
1391 3717 1442 3754 ἰδ
1487 3717 1557 3770 Ει
1603 3717 1778 3773 Rhen.
1824 3720 1995 3775 Seml.
2050 3718 2270 3777 Oberlh.
2321 3720 2372 3757 49
2416 3717 3007 3778 5ιιὺδῐεηῑὶδη1’1ἒ1ιεη.
3053 3724 3218 3778 Scml.
3266 3717 3488 3781 Oberth.

179 3798 235 3837 5°
281 3795 353 3851 Et
395 3787 557 3850 abest
602 3807 639 3847 α
686 3789 862 3848 Rhen.
899 3791 1061 3846 Pam.
1091 3787 1136 3827 ⁵¹
1189 3788 1308 3846 Fuit
1350 3789 1472 3860 Rig.
1516 3789 1644 3845 Ven.
1673 3789 1722 3827 ⁵³
1769 3789 1952 3845 Fuerit
1979 3792 2169 3848 omitt.
2211 3790 2388 3847 Rhen.
2436 3791 2609 3848 Seml.
2643 3791 2692 3829 ⁵³
2737 3791 2792 3848 Si
2831 3793 2963 3849 add.
3002 3794 3175 3851 Rhen.
3201 3795 3252 3834 ⁵4
3287 3795 3489 3852 Eadem

181 3867 375 3927 Rhen.

1551 3931 2050 3998 Commentarius.

254 4043 397 4118 (3I)_
429 4041 683 4118 Christus
719 4041 869 4118 mori
895 4040 1131 4118 missus,
1158 4039 1320 4118 nasci
1346 4053 1785 4118 quoque-necem
1898 4042 1987 4118 Sic
2001 4040 2210 4118 Seneca
2239 4041 2311 4118 de
2338 4042 2558 4099 Remed.
2591 4045 2820 4118 fortuit.
2847 4044 2975 4100 Lac.

181 4110 578 4190 sai-io'habag't
598 4117 667 4190 at
694 4114 840 4190 mari
853 4115 1056 4190 posset.
1085 4110 1506 4190 Nond_um_’l_)en‘e_
1531 4110 1788 4190 Christia-
1914 4187 1938 4190 Α
1969 4112 2084 4190 (33)
2115 4114 2183 4167 At
2210 4115 2352 4184 quin
2381 4118 2516 4190 tunc
2539 4110 2758 4190 gitoque
2784 4116 2937 4190 inter
2957 4117 3184 4190 angelos
3213 4117 3343 4190 illos
3371 4117 3494 4190 ipse

188 4205 304 4244 nus
337 4194 455 4259 erat
500 4183 704 4259 Marius
736 4182 1058 4259 Yictorinus,
1075 4199 1217 4259 _cum
1243 4183 1297 4235 in
1328 4182 1790 4259 [Rhetoricon
1910 4182 2178 4259 Dominus
2207 4182 2483 4259 appar-uit
2511 4182 2764 4259 Abrahae.
2799 4185 2925 4259 llaec
2954 4182 3340 4259 interpretatio,
3372 4182 3493 4259 quae

187 4255 478 4315 Ciceronis
527 4254 600 4309 ita
646 4255 949 4328 scriberet:
1003 4274 1029 4306 ct
1074 4255 1306 4310 Tantum
1333 4252 1497 4328 _inter
1541 4253 1790 4328 homines
1829 4324 1863 4328 _
1905 4263 2085 4328 ort_um
2133 4252 2258 4328 inde
2279 4252 2487 4308 habere
2517 4254 2746 4328 videtur,
2785 4256 2929 4326 quod
2961 4252 3172 4328 legatur
3215 4259 3346 4314 Gen.
3378 4252 3443 4313 in
3476 4275 3491 4314 :

184 4334 386 4402 potest
418 4326 778 4402 necessarium
803 4334 1110 4402 ,__quantum
1150 4323 1441 4402 secundum
1487 4324 1792 4402 opinionem
1827 4324 1934 4401 οι
1967 4325 2100 4402 Tres
2127 4323 2278 4389 vidit,
2310 4340 2479 4402 unum
2508 4325 2748 4402 adoravit
2780 4323 2850 4402 εξ»
2895 4342 2925 4380 a
2961 4323 3358 4402 B.‘_’_Augus_tino
3383 4343 3495 4386 non

179 4393 497 4458 humanam
543 4396 682 4453 valet
727 4417 740 4455 :
789 4393 988 4468 alioqui
1038 4393 1333 4470 secundum
1376 4393 1798 4470 Christianorum
1831 4393 1870 4401 '
1909 4397 2185 4470 probatur,
2219 4411 2383 4470 quem
2430 4395 2763 4470 ideovideat
2811 4396 2982 4452 lector
3029 4398 3120 4452 lib.
3145 4393 3194 4452 ἷι
3223 4397 3288 4456 de
3343 4402 3494 4456 Trin.

182 4471 548 4545 Opinionem,
594 4482 706 4545 non
750 4475 833 4524 est
870 4465 1248 4545 necessarium
1293 4473 1667 4545 argumentum
1701 4483 1715 4522 :
1745 4467 1801 4522 Si
1911 4465 2030 4545 cap.
2076 4471 2181 4545 _1‘7.
2237 4465 2402 4545 Porro
2443 4465 2693 4545 legimus
2739 4465 2942 4522 iterum
2985 4483 3049 4521 ex
3098 4485 3200 4522 ms.
3235 4473 3266 4523 3
3322 4470 3494 4526 Vatic.

261 4541 443 4616 perit,
483 4555 603 4595 cum
647 4539 768 4616 viro
809 4538 1135 4616 concubuit;
1182 4553 1356 4616 neque
1401 4539 1504 4593 hoc
1549 4554 1740 4616 rursus
1786 4556 1800 4593 :
1913 4538 2129 4616 Atquin
2158 4554 2261 4616 pro
2289 4540 2469 4616 atqui.
2506 4539 2646 4616 Pan.

261 4557 443 4616 perit,
483 4557 603 4595 cum
647 4557 763 4596 νιΓο
809 4557 1135 4610 οοηουοιιιι;
1182 4557 1250 4592 ne
1287 4557 1356 4593 ue
1403 4557 1504 4593 HOC
1549 4557 1734 4593 I'III'SUS
1786 4557 1800 4593 Ξ
1913 4557 1984 4598 Αἱ
2024 4557 2129 4595 um
2196 4557 2261 4594 1'0
2289 4557 2469 4612 azqm.
2506 4557 2646 4593 ΓΔΗ.

179 4561 459 4672 gnatus
493 4622 596 4685 est,
639 4611 915 4666 morietur.
961 4611 1095 4664 Nam
1141 4557 1285 4681 apud
1317 4624 1414 4665 eos
1457 4609 1806 4685 manifestum
1985 4557 2098 4681 ἵ34)
2146 4557 2380 4685 ἕοῃβίαι
2410 4609 2639 4680 angelos
2669 4624 2900 4665 carnem
2935 4611 3377 4685 non‘propriam
3407 4630 3498 4685 ge-
3561 4641 3566 4646 -

176 4694 274 4743 est
307 4687 438 4740 sine
465 4681 580 4738 viro
608 4688 812 4746 natum,
844 4688 900 4736 et
937 4695 1045 4737 non
1075 4679 1364 4737 mortuum.
1397 4700 1424 4733 ι)
1457 4683 1570 4737 Imo
1599 4679 1793 4736 Domi-
1913 4679 2110 4740 stasse.
2144 4681 2360 4737 Scilicet
2390 4679 2503 4735 non
2526 4696 2643 4735 esse
2670 4695 2894 4736 carneos
2924 4679 3164 4746 omnino,
3187 4679 3252 4735 ‘et
3283 4679 3500 4751 prop'rie

175 4773 328 4812 num
359 4763 634 4833 nostrum,
675 4769 832 4833 quem
860 4767 989 4810 vere
1017 4761 1204 4807 natum
1233 4754 1453 4822 scimus,
1484 4755 1626 4809 hunc
1669 4767 1796 4833 vere
1915 4762 1974 4809 ut
1995 4767 2116 4833 nos,
2143 4769 2241 4807 nec
2270 4752 2510 4821 pondere
2537 4751 2780 4833 corporis
2802 4765 3012 4825 graves.
3045 4752 3180 4832 Illud
3207 4756 3501 4833 propriam

173 4823 779 4898 mortuum_fatemur,
819 4823 963 4879 hunc
1007 4840 1133 4881 vere
1179 4839 1394 4898 quoque
1437 4826 1798 4882 resurrexisse
1916 4825 2153 4896 appellat
2183 4839 2347 4893 supra
2389 4825 2633 4898 angelos,
2675 4823 2866 4898 nempe
2906 4823 3505 4898 _propriam’sibi_,_non

174 4900 466 4956 dicimus.
495 4895 625 4951 Κίρ.
922 4964 954 4967 μ
1197 4894 1212 4898 ⁷
1307 4894 1322 4896 ⁷
1711 4965 1726 4967 _
1785 4965 1793 4967 _
1918 4894 2084 4967 supra
2115 4912 2364 4967 car-nera.
2400 4895 2533 4948 Nam
2574 4903 2626 4950 et
2675 4894 2854 4950 statim
2904 4895 3121 4962 indicat,
3152 4902 3206 4950 et
3250 4895 3378 4949 alibi
3407 4897 3506 4951 do-

248 4971 388 5042 (32)
429 4969 632 5024 Forma
657 4964 1179 5042 Δ’πον-ἱεηίίᾑείηιςςᾳ
1225 4967 1492 5042 nascendi
1529 4972 1636 5025 est.
1693 4965 1800 5035 Qui
1917 4964 2006 5042 cet
2045 4967 2266 5038 angelos
2306 4965 2425 5020 illos
2482 4967 2752 5042 prOpriam
2800 4982 3014 5042 carnem
3047 4984 3158 5038 pra)
3202 4982 3260 5022 se
3298 4968 3506 5042 tulisse,

175 5037 336 5096 dixit
362 5037 617 5094 mutuum
652 5037 818 5093 fuisse
864 5037 1110 5093 debitum
1159 5037 1301 5092 inter
1329 5040 1491 5092 vitam
1547 5046 1601 5092 et
1647 5053 1799 5093 mor—
1918 5039 2010 5096 sed
2066 5037 2420 5106 assumptum,
2469 5037 2593 5092 non
2625 5037 2727 5091 sibi
2758 5040 3026 5108 propriam
3050 5037 3059 5038 ί
3086 5049 3138 5094 et
3167 5041 3506 5106 naturalem,

178 5121 328 5180 tem,
391 5111 563 5182 modo
618 5111 691 5164 ait
749 5109 978 5182 formam
1028 5125 1169 5182 esse
1238 5125 1479 5182 causamA
1525 5109 1799 5182 nascendi.
1920 5119 1978 5166 nt
2007 5112 2061 5164 in
2093 5111 2194 5164 hoc
2224 5109 2562 5182 Augustinus
2593 5118 2644 5164 et
2673 5109 2978 5164 Bernardus
3006 5109 3207 5164 citandi
3225 5110 3510 5182 aliquando

177 5183 400 5238 Forma
434 5181 603 5253 igitur
624 5181 798 5253 mutui
845 5190 926 5235 est
958 5179 1126 5253 veluti
1167 5180 1412 5253 quaedam
1456 5179 1695 5236 formalis
1748 5181 1804 5253 in
1921 5182 2220 5252 ambigunt.
2255 5180 2386 5233 Lac.

177 5261 395 5326 mutuo
426 5250 685 5326 qualitas,
718 5252 773 5306 in
802 5267 867 5308 eo
888 5250 1154 5326 residens.
1184 5250 1406 5326 Sensus
1434 5267 1564 5323 ergo
1592 5251 1804 5307 Tertul-
1928 5324 1948 5326 ᾉ
1993 5250 2106 5326 (35)
2145 5253 2284 5320 Quid
2317 5255 2512 5326 postea
2539 5253 2760 5326 [actum
2804 5252 2880 5307 sit
2909 5252 3228 5326 corporibus
3259 5253 3511 5326 illorum.

176 5325 336 5380 liani
365 5322 463 5381 est
483 5341 498 5378 :
533 5325 607 5378 De
651 5333 807 5394 pacto
851 5329 907 5378 et
934 5322 1546 5394 conditionemorimur,
1577 5332 1636 5379 ut
1663 5338 1804 5378 non-
1927 5322 2265 5379 Latinissime
2293 5322 2512 5378 dictum.
2547 5322 2606 5394 Id
2627 5330 2879 5394 _est,quo
2909 5322 3274 5394 pervenerint.
3310 5324 3516 5394 Subaug

173 5396 301 5452 nisi
339 5395 479 5467 quia
535 5392 664 5467 nati
691 5393 1369 5467 adstringamur‘hacglege
1415 5394 1623 5467 mortis,
1655 5394 1809 5466 quasi
1927 5396 2074 5450 ditur
2119 5395 2186 5450 dc
2217 5395 2546 5467 praepositio.
2583 5392 2672 5448 Sic
2699 5392 2886 5467 Cicero
2910 5392 2982 5448 in
3011 5395 3234 5467 verrem
3270 5410 3282 5447 :
3321 5412 3344 5444 ι
3377 5393 3516 5467 Quid

174 5463 462 5524 conditio
488 5465 675 5522 mortis
714 5473 860 5521 esset
902 5463 1049 5538 velut
1087 5463 1559 5538 ﬁnalisgnascendi
1599 5463 1808 5538 causa;
1930 5474 1982 5522 te
2015 5463 2250 5522 futurum
2289 5465 2416 5521 est?
2446 5480 2555 5538 quo
2586 5465 2920 5538 confugies?
2953 5484 2976 5514 ››
3014 5465 3231 5538 Plautus
3265 5481 3279 5517 :
3317 5465 3515 5538 {Quid

172 5540 330 5612 quia
378 5551 496 5592 non
544 5537 971 5612 nascimurtnisi
1019 5537 1120 5592 sub
1161 5536 1471 5612 conditione
1521 5535 1810 5612 moriendi,
1929 5549 2153 5612 argento
2198 5539 2401 5612 factum
2456 5535 2726 5612 estquod
2779 5535 2919 5589 dedi.
2945 5555 2982 5612 ’ς
3041 5537 3274 5590 Rursum
3325 5535 3518 5592 Cicero

171 5605 231 5667 et
267 5614 610 5668 contractus
649 5607 773 5664 vitae
829 5607 1004 5665 factus
1057 5614 1138 5665 est
1192 5610 1294 5664 sub
1333 5609 1436 5666 hac
1481 5605 1807 5665 conditione.
1927 5605 2027 5680 pro
2066 5609 2312 5665 Cluentio
2345 5627 2356 5664 :
2394 5629 2416 5659 α
2448 5606 2587 5675 Quid
2603 5605 2720 5676 'est,
2743 5625 2772 5657 η
2805 5614 2911 5661 etc.
2945 5605 3126 5660 ΒηΕΝ.

435 5714 678 5778 Pauca.
705 5715 775 5774 Il.
1755 5765 1766 5774 .
3240 5715 3308 5768 26
