4030 6184
438 333 539 394 811
630 345 636 352 ‘

1130 319 1566 383 TERTULLIANI
1604 320 1872 382 OPERUM
1910 321 2076 382 PARS
2114 321 2178 379 Il.
2219 350 2291 360 —
2327 319 2554 378 SERIES
2605 321 2643 387 Ι,
2690 320 3034 380 POLEMICA.

3616 330 3718 392 812

437 457 556 515 esui
585 453 783 528 populo
831 450 999 508 fuisse
1029 467 1045 506 :
1079 451 1315 516 Panem,
1366 447 1538 520 inquit
1569 447 1739 520 (Psal.
1781 447 2022 520 Lxxvu),
2056 467 2103 546 Α
2134 453 2286 501 tusne
2331 449 2495 513 esset,
2528 461 2598 502 an
2649 461 2760 502 non
2792 465 2806 518 ;
2855 447 2902 502 si
2929 447 3073 504 enim
3101 451 3206 507 hoc
3233 453 3451 525 negavit
3487 470 3713 530 respon-

436 547 765 619 angelorum
790 543 905 599 edit
931 537 1146 610 homo);
1179 555 1287 594 non
1321 546 1498 592 tamen
1527 535 1840 608 infringitur
1858 537 2023 592 semel

437 642 688 708 separata
736 631 968 688 conditio
1017 626 1312 683 Dominica:
1355 625 1550 694 carnis,
1585 641 1652 680 ex
1691 640 1850 680 causa
1887 625 2023 680 alte-

435 725 549 781 rius
605 718 994 793 dispositionis.
1057 718 1228 772 Homo
1287 729 1413 769 vere
1472 713 1685 768 futurus
1739 729 1910 784 usque
1957 713 2024 768 ad

435 824 663 873 mortem
695 829 815 869 eam
845 826 1057 868 carnem
1089 808 1372 879 oportebat
1402 814 1462 861 ut
1490 805 1538 842 55
1569 806 1832 870 indueret,
1866 806 2022 875 cujus

435 914 517 962 est
534 921 682 960 mors
715 921 728 957 :
757 917 876 958 eam
910 899 953 955 7
961 897 1081 955 66
1111 912 1268 968 porro
1296 911 1530 961 carnem,
1561 895 1716 965 cujus
1745 907 1828 951 est
1856 908 2018 960 mors,

433 993 681 1051 nativitas
708 989 998 1046 antecedit.

1054 1074 1282 1132 CAPUT
1320 1073 1429 1130 VII.

503 1168 609 1226 Sed
657 1168 908 1241 quotiens
959 1165 1027 1221 de
1085 1163 1365 1220 nativitate
1420 1159 1780 1228 contenditur,
1831 1174 2021 1217 omnes

430 1259 527 1332 qui
583 1265 847 1330 respuunt
891 1271 1008 1312 eam
1053 1262 1112 1309 ut
1154 1253 1596 1326 praajudicantem
1636 1251 1705 1307 de
1741 1251 1916 1307 carnis
1962 1250 2017 1305 in

431 1348 639 1404 Christo
678 1348 920 1410 veritate,
970 1345 1146 1416 ipsum
1201 1343 1374 1398 Deum
1413 1341 1606 1398 volunt
1654 1355 1853 1414 negare
1900 1356 2019 1396 esse

429 1445 636 1502 natum,
667 1435 813 1508 quod
860 1433 1050 1488 dixerit
1097 1432 1322 1503 (Matth.
1353 1446 1460 1496 xu,
1510 1430 1597 1500 48)
1633 1447 1647 1487 ;
1695 1431 1830 1498 Quae
1872 1427 2020 1484 mihi

427 1532 637 1592 mater,
651 1530 706 1583 et
727 1525 821 1597 qui
837 1524 980 1580 mihi
1000 1525 1206 1592 fratres
1221 1521 1248 1575 ?
1268 1519 1466 1575 Audiat
1484 1519 1646 1592 igitur
1667 1531 1719 1572 et
1767 1517 2014 1588 Apelles,

425 1617 556 1688 quid
600 1616 714 1685 jam
766 1627 1081 1685 responsum
1109 1610 1240 1665 sita
1285 1608 1442 1663 nobis
1488 1608 1601 1678 (36)
1651 1605 1906 1662 Marcioni
1947 1620 2014 1662 eo

425 1706 631 1772 libello,
684 1718 794 1774 quo
840 1703 908 1756 ad
955 1699 1005 1736 55
1063 1697 1422 1768 Evangelinm
1477 1695 1647 1767 ipsius
1701 1693 2012 1764 provocavi-

2133 535 2213 590 sio
2244 535 2386 604 ejus,
2432 537 2536 592 hoc
2588 536 2818 606 captavit
2887 539 3150 596 nuntiatio
3226 544 3523 600 tentatoris.
3605 546 3706 604 Sed

2132 625 2277 681 nulla
2322 626 2545 682 tentatio
2600 626 2824 682 tendens
2871 629 2937 683 ad
2978 630 3310 700 agnitionem
3341 635 3480 703 ejus,
3513 637 3581 692 de
3608 655 3708 710 quo

2131 715 2422 771 dubitando
2458 723 2639 786 tentat,
2695 717 2767 770 ita
2817 718 2997 774 subito
3041 720 3297 788 procedit,
3330 731 3390 777 ut
3435 741 3546 780 non
3593 737 3712 786 ante

2130 806 2398 874 praecedat
2440 805 2666 878 quaestio
2722 803 2885 862 767
2934 824 3074 879 quae,
3132 810 3519 869 dubitationem
3578 815 3710 873 infe-

2131 909 2276 963 rens,
2317 901 2479 966 cogat
2513 893 2885 951 tentationem.
2931 896 3118 965 Porro,
3150 898 3196 952 si
3229 916 3492 972 nusquam
3519 903 3590 959 de
3616 920 3707 960 na-

2128 983 2333 1040 tivitate
2369 983 2566 1039 Christi
2590 985 2881 1040 volutatum
2911 993 3009 1053 est,
3044 988 3170 1058 quid
3200 997 3257 1044 tu
3296 996 3704 1067 argumentaris,

2125 1071 2366 1130 voluisse
2394 1072 2519 1128 illos
2548 1089 2642 1145 per
2689 1073 3036 1131 tentationem
3073 1076 3336 1134 sciscitari
3385 1082 3534 1153 quod
3567 1099 3706 1139 nun-

2127 1177 2291 1234 quam
2318 1162 2688 1235 produxerunt
2707 1162 2764 1218 in
2791 1164 3183 1236 quaestionem?
3211 1167 3287 1223 Eo
3317 1168 3602 1239 adjicimus
3630 1173 3704 1232 ωε

2126 1250 2336 1306 etiamsi
2365 1251 2650 1308 tentandus
2679 1261 2820 1310 esset
2838 1253 2905 1309 de
2932 1254 3223 1323 nativitate,
3254 1273 3362 1313 non
3392 1259 3582 1332 utique
3609 1263 3709 1319 hoc

2125 1340 2290 1397 modo
2321 1344 2618 1398 tentaretur
2641 1382 2656 1406 ,
2687 1357 2866 1398 earum
2897 1358 3251 1414 personarum
3281 1348 3708 1419 adnuntiatione,

2125 1445 2246 1500 quae
2270 1438 2534 1501 poterant,
2564 1430 2726 1485 etiam
2755 1438 2878 1489 nato
2906 1431 3141 1503 Christo,
3170 1449 3278 1490 non
3302 1434 3484 1494 fuisse.
3504 1438 3709 1497 Omnes

2123 1518 2412 1586 nascimur,
2446 1528 2498 1572 et
2536 1524 2715 1574 tamen
2744 1534 2852 1574 non
2885 1535 3074 1576 omnes
3101 1529 3194 1576 aut
3223 1521 3418 1580 fratres
3447 1527 3710 1584 habemus

2121 1614 2215 1661 aut
2243 1613 2490 1663 matrem.
2521 1605 2718 1662 Adhuc
2750 1615 2928 1678 potest
2974 1617 3028 1665 et
3065 1617 3271 1680 patrem
3301 1613 3473 1686 magis
3510 1617 3711 1673 habere

2121 1711 2282 1766 quam
2304 1704 2609 1761 matrem,et
2627 1698 2926 1752 avunculos
2947 1699 3121 1770 magis
3141 1715 3301 1771 quam
3322 1701 3535 1758 fratres.
3550 1706 3712 1764 Adeo

424 1810 547 1851 mus
603 1793 737 1861 (37),
794 1786 1242 1844 considerandam
1299 1783 1505 1839 scilicet
1560 1783 1837 1838 materiam
1892 1798 2016 1854 pro-
2048 1780 2091 1857 Β
2122 1800 2230 1840 non
2291 1784 2549 1857 competit
2595 1786 2816 1842 tentatio
2874 1787 3184 1854 nativitatis,
3218 1805 3379 1860 quam
3428 1793 3718 1853 licebatet

422 1880 774 1939 nuntiationis
817 1876 987 1932 istius.
1041 1875 1220 1930 Primo
1249 1873 1486 1946 quidem,
1545 1888 1821 1944 nunquam
1867 1871 2010 1944 quis-

421 1986 586 2044 quam
629 1965 1001 2023 adnuntiasset
1045 1963 1124 2019 illi
1160 1971 1388 2019 matrem
1433 1972 1487 2020 et
1534 1962 1723 2018 fratres
1770 1963 1887 2032 ejus
1926 1962 2008 2018 fo-

420 2061 496 2116 ris
544 2067 684 2114 stare
720 2057 794 2122 57,
835 2055 928 2126 qui
966 2071 1072 2111 non
1119 2063 1299 2110 certus
1343 2060 1486 2109 esset
1531 2052 1582 2090 53
1627 2053 1825 2108 habere
1857 2053 2005 2108 illum

417 2151 643 2205 matrem
671 2155 724 2202 et
752 2145 962 2216 fratres,
1005 2150 1058 2200 et
1092 2142 1238 2215 ipsos
1287 2159 1430 2210 esse,
1462 2159 1600 2214 quos
1627 2150 1757 2198 tunc
1785 2142 2005 2198 nuntia-

415 2238 527 2308 bat,
549 2237 633 2296 vel
664 2243 807 2290 retro
829 2233 1096 2306 cognitos,
1127 2231 1214 2287 vel
1237 2239 1360 2287 tunc
1383 2231 1582 2286 ibidem
1608 2239 1912 2300 compertos
1931 2231 2000 2298 59,

415 2327 541 2384 licet
613 2332 900 2398 pr0pterea
973 2321 1296 2378 abstulerint
1371 2321 1604 2375 haereses
1676 2319 1777 2375 ista
1830 2319 1880 2356 σο
1935 2318 2003 2375 de

416 2413 732 2485 Evangelio,
782 2411 924 2484 quod
959 2416 1014 2465 et
1058 2408 1322 2464 creditum
1379 2419 1586 2478 patrem
1633 2408 1752 2477 ejus
1801 2407 1997 2478 Josepb

411 2504 643 2571 fabrum,
693 2509 747 2559 et
803 2507 1030 2556 matrem
1079 2497 1321 2567 Mariam,
1356 2505 1410 2551 et
1448 2495 1640 2552 fratres
1684 2504 1736 2551 et
1781 2511 1999 2552 sorores

409 2595 529 2664 ejus
555 2592 753 2664 optime
782 2599 940 2645 notos
969 2586 1071 2643 sibi
1117 2601 1238 2642 esse
1275 2585 1551 2654 dicebant,
1601 2584 1691 2656 qui
1721 2584 1994 2640 miraban-

408 2690 495 2738 tur
550 2680 850 2738 doctrinam
900 2679 1037 2747 ejus.
1079 2695 1105 2727 α
1143 2674 1245 2730 Sed
1290 2673 1534 2729 tentandi
1563 2672 1731 2746 gratia
1784 2674 1995 2729 nuntia-

405 2781 592 2832 verant
616 2770 661 2809 δί
694 2777 749 2827 et
777 2776 1000 2824 matrem
1029 2775 1082 2822 et
1111 2766 1323 2832 fratres,
1364 2778 1498 2835 quos
1531 2777 1638 2817 non
1679 2764 1933 2818 habebat.
1965 2784 1989 2814 ι)

405 2863 521 2918 Hoc
561 2860 774 2931 quidem
824 2856 1104 2928 Scriptura
1133 2868 1243 2908 non
1273 2851 1420 2919 dicit,
1453 2851 1585 2908 alias
1639 2867 1746 2908 non
1785 2860 1986 2918 tacens,

399 2967 521 3007 cum
577 2947 708 3020 quid
771 2943 1080 3002 tentationis
1129 2941 1301 3016 gratia
1348 2940 1547 2998 factum
1604 2949 1684 2997 est
1739 2940 1885 2998 circa
1939 2942 1989 2980 62

395 3055 556 3107 cum;
590 3040 746 3102 Ecce,
793 3034 966 3107 inquit
995 3033 1216 3104 (Matth.
1240 3033 1410 3103 χχιι),
1439 3031 1698 3088 surrexit
1735 3030 1868 3104 legis
1900 3032 1994 3088 do-

393 3142 517 3194 ctor
534 3138 759 3192 tentans
780 3148 927 3188 eum.
959 3131 1028 3186 Et
1045 3128 1172 3185 alibi
1197 3128 1418 3200 (Matth.
1449 3126 1572 3199 xxx)
1605 3147 1619 3184 :
1653 3130 1724 3184 Et
1745 3143 1988 3186 accesse-

395 3230 536 3282 runt
563 3225 635 3281 ad
654 3241 787 3282 eum
811 3221 1111 3287 Pharisaei,
1147 3222 1462 3276 tentantes.
1494 3216 1656 3284 Quod
1678 3233 1839 3272 nemo
1871 3233 1988 3289 pro-

391 3315 606 3372 hibebat
627 3313 716 3370 hic
735 3326 954 3384 quoque
979 3308 1273 3381 signiﬁcari
1307 3306 1543 3363 tentandi
1572 3305 1743 3378 gratia
1773 3305 1988 3362 factum.

388 3405 510 3462 Non
540 3403 740 3475 recipio
778 3401 923 3474 quod
953 3405 1104 3454 extra
1161 3397 1490 3467 Scripturam
1521 3396 1637 3464 (38)
1668 3393 1734 3449 de
1777 3403 1870 3450 tuo
1899 3395 1986 3450 in-

388 3493 519 3551 fers.
581 3492 806 3562 Dehinc,
861 3490 1096 3545 materia
1152 3485 1462 3542 tentationis
1518 3483 1677 3540 debet
1732 3483 1981 3542 subesse.

388 3583 530 3652 Quid
577 3581 893 3638 tentandum
941 3582 1268 3650 putaverunt
1295 3574 1351 3628 in
1401 3572 1494 3630 illo
1521 3573 1550 3627 ‘2
1610 3571 1819 3644 Utique,
1872 3588 1976 3627 na-

2120 1873 2238 1928 sine
2283 1873 2485 1939 matris,
2518 1881 2573 1929 et
2614 1873 2730 1930 sine
2776 1873 3002 1932 fratrum
3031 1877 3394 1935 nominatione
3435 1892 3712 1940 constare.

2119 1961 2354 2019 Facilius
2388 1961 2542 2033 plane
2574 1970 2674 2030 est,
2706 1970 2786 2032 ut,
2815 1963 2950 2021 certi
2979 1965 3129 2019 illum
3167 1973 3219 2020 et
3247 1975 3473 2023 matrem
3502 1977 3555 2024 et
3585 1970 3708 2027 fra-

2113 2059 2226 2107 tres
2245 2051 2468 2116 habere,
2485 2051 2816 2108 divinitatem
2841 2053 3023 2125 potius
3044 2056 3359 2112 tentaverint
3377 2058 3515 2128 ejus,
3539 2077 3715 2132 quam

2115 2141 2449 2196 nativitatem
2482 2158 2496 2196 :
2530 2157 2595 2194 an
2624 2142 2766 2197 intus
2799 2157 2985 2215 agens,
3017 2143 3178 2200 sciret
3207 2144 3337 2216 quid
3365 2146 3496 2202 foris
3526 2159 3708 2216 esset,

2113 2231 2392 2286 mendacio
2427 2232 2623 2301 petitus
2647 2231 2697 2270 64
2724 2233 3009 2303 praesentia
3037 2234 3086 2272 6⁵
3135 2249 3326 2290 eorum
3361 2239 3452 2308 qui
3483 2237 3536 2293 in
3559 2256 3715 2309 prae-

2112 2320 2252 2375 senti
2277 2319 2330 2358 δδ
2359 2336 2465 2375 non
2503 2329 2697 2376 erant:
2749 2322 2853 2377 nisi
2896 2324 3060 2392 quod,
3092 2325 3194 2380 etsi
3261 2325 3308 2364 67
3355 2328 3627 2384 vacuisset
3659 2332 3720 2370 53

2110 2409 2420 2465 tentationis
2488 2410 2762 2482 ingenium
2802 2452 2818 2478 ,
2875 2419 3086 2484 poterat
3140 2414 3356 2471 evenire
3385 2456 3401 2486 ,
3458 2425 3517 2472 ut
3562 2434 3726 2489 quos

2104 2497 2181 2552 illi
2223 2498 2539 2554 nuntiabant
2584 2497 2718 2554 foris
2764 2506 2929 2570 stare,
2972 2500 3061 2556 ille
3098 2518 3191 2559 eos
3241 2503 3402 2560 sciret
3450 2506 3728 2564 absentes

2104 2601 2222 2641 esse
2273 2586 2389 2658 (39)
2435 2588 2518 2642 vel
2565 2586 2886 2644 valetudinis
2915 2588 2965 2628 69
3011 2589 3102 2645 vel
3149 2591 3375 2667 negotii,
3407 2595 3490 2652 vel
3536 2611 3721 2662 pere-

2100 2674 2418 2748 grinationis
2447 2683 2574 2730 nota
2622 2674 2673 2714 7°
2695 2675 2808 2745 jam
2855 2679 3192 2736 necessitate.
3221 2681 3394 2737 Nemo
3424 2689 3598 2740 tentat
3629 2701 3708 2742 eo

2100 2763 2287 2828 modo,
2332 2779 2442 2835 quo
2487 2780 2646 2836 posse
2695 2779 2755 2819 se
2785 2767 2920 2823 sciat
2961 2770 3214 2824 ruborem
3265 2771 3574 2828 tentationis
3610 2790 3718 2830 re-

2099 2853 2255 2909 ferre.
2298 2853 2462 2909 Nulla
2490 2853 2658 2925 igitur
2701 2856 2925 2912 materia
2967 2857 3282 2916 tentationis
3326 2869 3714 2932 competente,

2098 2942 2351 2999 liberatur
2388 2942 2699 3015 simplicitas
2742 2945 3067 3002 nuntiatoris
3096 2945 3167 3014 71,
3215 2948 3362 3018 quod
3408 2964 3539 3007 vere
3565 2967 3713 3007 ma-

2096 3040 2181 3088 ter
2210 3040 2262 3087 et
2293 3031 2483 3088 fratres
2532 3034 2654 3102 ejus
2701 3035 3160 3103 supervenissent.
3214 3036 3343 3106 Sed,
3386 3054 3511 3112 quae
3556 3041 3710 3098 ratio

2094 3120 2362 3193 reSponsi,
2406 3127 2629 3175 matrem
2678 3129 2733 3176 et
2771 3123 2966 3178 fratres
3009 3124 3079 3179 ad
3133 3141 3375 3196 praesens
3420 3132 3705 3202 negantis,

2018 3187 2061 3266 θ
2093 3187 2265 3265 discat
2321 3187 2481 3266 etiam
2544 3209 2784 3280 Apelles.
2843 3211 3054 3268 Fratres
3087 3187 3310 3278 ,D-omini
3351 3231 3460 3272 non
3490 3187 3701 3275 ‘credi;

2096 3301 2284 3356 derant
2327 3299 2375 3336 73
2419 3298 2475 3353 in
2522 3297 2695 3366 illum,
2741 3299 2878 3358 sicut
2925 3308 2978 3356 et
3025 3302 3078 3356 in
3125 3301 3174 3341 73
3211 3303 3512 3379 Evangelio
3560 3315 3695 3364 ante

2094 3389 2424 3443 Marcionem
2472 3387 2619 3444 edito
2663 3389 2985 3446 continetur.
3037 3393 3206 3448 Mater
3233 3408 3382 3465 aeque
3428 3410 3540 3452 non
3590 3399 3692 3454 de-

2093 3486 2422 3536 monstratur
2449 3478 2740 3534 adhaesisse
2786 3479 2864 3536 illi
2907 3481 3044 3553 (40),
3075 3498 3198 3538 cum
3246 3486 3452 3541 Martha
3482 3494 3537 3544 et
3563 3487 3686 3543 Ma-

2089 3568 2171 3624 ria
2216 3568 2320 3625 alia
2361 3569 2411 3608 7's
2455 3568 2511 3624 in
2561 3569 2887 3627 commercio
2933 3571 3055 3642 ejus
3102 3572 3531 3648 frequententur.
3571 3579 3688 3635 Hoc

1740 3686 1927 3750 Varia}
1972 3691 2283 3751 lectiones.

474 3804 523 3842 55
561 3804 631 3858 Ut
676 3801 866 3858 omitt.
911 3797 1089 3871 Rhea.
1125 3794 1324 3871 _Seml._
1345 3792 1407 3871 _55
1445 3791 1976 3871 Ad~omitt.“Pa_m.
2015 3793 2205 3871 _Rhen.
2251 3793 2298 3831 57
2326 3792 2595 3871 _Stantes‘
2620 3792 2747 3871 eqd.
2797 3794 2961 3871 Agob,
3001 3795 3155 3871 sam
3199 3798 3330 3854 add.
3373 3801 3493 3871 Rig-
3555 3801 3678 3859 Ven.

399 3877 448 3914 ⁵ο
502 3875 768 3944 Βορετιοε
835 3870 958 3944 aut
994 3867 1242 3944 ,φο-ωδε
1292 3866 1470 3944 1W"-
1747 3862 1804 3944 3‘
1854 3864 2254 3944 .Nsnliai'ewm
2288 3867 2489 3944 ,ξηιΖῦ
2547 3864 2622 3944 σῖ,
2653 3865 2807 3944 Ere.
2843 3862 2966 3944 eod.
3035 3869 3239 3944 Agor)..-
3269 3871 3318 3908 δα
3344 3862 3679 3944 εΑεῆεςίηιυε

385 3934 782 4002 Ῥατη.”1τ⁹ναη.
824 3943 962 4011 Par.
989 3938 1039 4011 δξί
1085 3937 1268 3993 Potius
1310 3935 1793 4011 ltiten.__S_eml._55
1837 3936 1989 4011 A_d_nu

2100 3943 2183 3990 ttae
2209 3934 2356 4011 _add.
2410 3937 2534 4011 Ιίίὶςἐ
2560 3934 2808 4011 γαπ-[6⁵
2847 3934 3135 4011 Praesentia
3176 3941 3298 4011 Rig.
3343 3934 3469 3999 Ven:
3501 3943 3548 3981 6⁷
3593 3943 3678 3998 Sic

391 4019 514 4074 cod.
565 4014 728 4086 Agob.
778 4013 829 4050 6⁸
873 4007 1145 4086 Yaluisset
1199 4011 1336 4086 Pa_r.
1385 4005 1976 4086 °9_-Y‘aletudine__Rig_.
2028 4009 2152 4086 lien.
2208 4007 2260 4046 7°
2302 4005 2618 4080 Notae‘Rig.
2679 4008 2804 4064 Ven.
2855 4007 2900 4048 ⁷1
2953 4005 3314 4069 Nuntiationis
3369 4015 3493 4086 Βία.
3551 4015 3673 4072 Ven.

396 4090 445 4127 η
475 4076 838 4144 Crediderunt
863 4085 1025 4139 Pam.
1052 4083 1226 4138 Fran.
1255 4082 1388 4136 Par.
1419 4076 1468 4116 ’⁷³
1495 4078 1560 4133 Ει
1591 4077 1646 4132 in
1674 4079 1859 4134 oniitt.
1891 4076 2010 4150 Itig.
2049 4080 2174 4140 Ven.

1767 4195 2269 4261 Commentarius.

456 4313 568 4385 (36)
621 4309 760 4381 Quid
778 4310 915 4385 jam
937 4319 1274 4385 responsum
1304 4305 1382 4385 sit
1414 4319 1450 4358 τι
1478 4301 1636 4385 nobis
1675 4302 1961 4385 Marciam,

383 4376 803 4456 Intelli'git'haud
829 4379 991 4436 dubie
1024 4376 1193 4456 libros
1230 4393 1282 4433 1v
1313 4376 1438 4456 adv.
1472 4376 1638 4455 Marc.
1658 4393 1692 4456 ς.
1716 4376 1790 4428 ibi
1823 4376 1965 4456 enim

382 4446 784 4513 ctiamviisdcm
841 4467 998 4519 pene,
1059 4450 1154 4506 sed
1220 4449 1378 4519 paulo
1435 4446 1781 4519 paucioribus
1837 4447 1973 4519 hanc

383 4470 542 4513 etiam
591 4470 784 4508 usucm
881 4470 998 4517 ene,
1059 4470 1154 4506 seu
1221 4470 1378 4519 paulo
1436 4470 1781 4517 puucwnuus
1837 4470 1966 4502 uuuc

383 4531 708 4598 scripturam
737 4470 966 4598 explicat
995 4521 1200 4585 verbis,
1249 4519 1410 4591 paulo
1460 4526 1581 4589 post
1627 4517 1966 4598 adlegandis.

385 4589 617 4655 Proinde
649 4589 822 4651 ctiam'
839 4595 964 4669 hinc
1004 4599 1215 4649 constat
1244 4589 1430 4649 verum
1463 4606 1582 4669 esse
1614 4589 1803 4644 eodem
1833 4605 1970 4669 pene

384 4679 623 4742 tempore
642 4667 1048 4742 scriptosihunc
1078 4671 1130 4718 et
1159 4670 1477 4742 sequentem
1507 4660 1706 4742 librum
1740 4675 1807 4742 ac
1837 4661 1965 4742 libb.

375 4759 435 4799 ιν
476 4733 678 4814 primos
706 4733 831 4795 adv.
876 4737 1210 4814 Marcionem
1237 4733 1255 4790 Ξ
1285 4734 1370 4814 his
1398 4747 1523 4790 vero
1543 4733 1824 4814 absolutis,
1855 4741 1966 4787 tum

377 4803 592 4870 domum
649 4828 770 4866 esse
827 4807 1190 4879 conscriptum
1246 4805 1494 4876 quintum
1543 4803 1639 4859 lib.
1707 4803 1967 4859 adversus

373 4887 643 4958 eumdem.
661 4883 818 4958 _P_AM.
925 4951 961 4958 __
1118 4952 1126 4958 _
1785 4945 1871 4958 "ﬂ

449 4959 562 5028 (37)
596 4953 674 5028 Ad
697 4951 1061 5028 Egangcttu-m
1105 4952 1283 5022 ipsius
1309 4963 1750 5028 provocavmtus:
1785 4945 1966 5028 Utitur

380 5018 672 5098 aliquando
738 5018 1438 5098 Tertullianusevangtlio
1499 5018 1780 5098 Marcionis
1840 5018 1961 5098 adv.

379 5091 626 5154 eumdem
661 5115 675 5151 :
723 5105 999 5163 retorquet
1045 5091 1317 5158 nimirum,
1359 5101 1418 5146 ut
1445 5091 1638 5163 quavis
1670 5091 1964 5163 sponsione

379 5113 626 5154 eumdem
661 5115 675 5151 :
723 5113 866 5150 ΓριοΓ
909 5113 999 5150 uet
1045 5113 1317 5158 mmlrum,
1359 5113 1418 5146 nt
1445 5113 1638 5163 quavxs
1670 5113 1964 5162 sponswue

374 5169 554 5241 ipsum
600 5175 826 5240 premat.
976 5167 1132 5241 Luca;
1179 5164 1563 5241 Evangelium,
1599 5162 1825 5241 rejectis
1845 5160 1964 5241 aliis

373 5232 568 5307 tribus,
600 5232 674 5295 'in
704 5240 885 5294 multis
913 5237 1214 5302 recusabat,
1269 5244 1322 5290 et
1341 5232 1595 5307 quintum
1650 5249 1760 5287 sua:
1801 5232 1964 5307 fatui-

363 5314 456 5370 tati
511 5304 818 5386 congruens
850 5319 946 5386 _et
1006 5309 1282 5366 cout'orme
1335 5304 1673 5364 commentus
1724 5309 1824 5358 est.
1883 5304 1964 5358 De

363 5386 470 5443 hoc
501 5383 810 5459 agitamus
849 5383 948 5459 Pa.
1123 5449 1135 5459 .
1250 5452 1260 5459 _
1382 5448 1411 5459 η
1490 5448 1500 5459 ,

437 5448 701 5530 (38ῖΝοη
751 5455 962 5530 recipio
992 5449 1135 5530 quod
1164 5448 1759 5530 e.7:trag_Scripturam.
1789 5448 1953 5526 .Inter

357 5517 616 5585 articulos
670 5517 1028 5599 quadraginta
1071 5521 1139 5576 ab
1195 5517 1461 5574 haereticis
1498 5517 1512 5518 ί
1535 5517 1804 5599 superiori
1837 5532 1952 5599 ’δεε-

357 5602 485 5656 culo
543 5587 1015 5666 exardtostunus
1087 5599 1190 5666 est,
1241 5605 1348 5666 quo
1399 5605 1458 5666 se
1526 5588 1661 5666 nihil
1698 5587 1948 5666 __credere

354 5681 449 5726 aut
477 5673 673 5726 docere
722 5660 1054 5739 proﬁtentur,
1087 5661 1193 5720 nisi
1241 5660 1294 5718 in
1325 5663 1492 5721 sacris
1537 5660 1816 5720 codicibus
1863 5675 1946 5718 rc-

2074 4304 2337 4377 periatur,
2379 4310 2441 4377 ut
2494 4301 2695 4377 scilicet
2750 4303 3066 4362 traditiones
3117 4305 3368 4364 Ecclesiae
3415 4307 3669 4364 amanda-

2079 4375 2218 4433 rent.
2268 4375 2346 4430 La
2395 4375 2493 4451 ξιξ.
2537 4404 2611 4417 -
2647 4376 3098 4451 Ne_fo_rte‘quis
3154 4378 3291 4434 istud
3351 4380 3670 4451 detorqueat

2077 4455 2266 4503 contra
2296 4447 2612 4504 traditiones
2656 4447 3078 4514 ecclesiasticas,
3119 4451 3424 4506 meminerit
3460 4447 3666 4510 Aucto-

2078 4535 2195 4575 rem
2223 4518 2492 4584 docuisse,
2540 4519 2583 4573 I.
2617 4519 2682 4576 de
2725 4521 2848 4576 Cor.
2897 4521 3077 4576 milit.
3110 4536 3159 4576 c.
3204 4525 3258 4587 3,
3313 4522 3471 4579 etiam
3502 4525 3665 4579 tradi-

2077 4592 2280 4647 tionem
2310 4607 2416 4648 non
2446 4590 2699 4660 scriptam
2730 4590 2925 4646 debere
2952 4592 3138 4662 recipi.
3174 4593 3316 4649 PAM.

2147 4663 2262 4732 (39)
2313 4662 2416 4716 Ille
2459 4678 2548 4718 eos
2593 4664 2761 4719 sciret
2804 4662 3056 4721 absentes
3102 4678 3238 4722 esse.
3276 4665 3357 4721 De
3400 4673 3576 4722 matre
3615 4677 3664 4724 et

2074 4732 2488 4808 consanguineis
2525 4732 2723 4808 Christi
2767 4743 2852 4808 est
2889 4734 3139 4808 quazstio,
3165 4751 3328 4808 _quos
3374 4745 3466 4792 aut
3517 4754 3666 4808 spre-

2072 4804 2231 4881 visse,
2283 4803 2380 4858 aut
2425 4803 2733 4881 neglexisse
2755 4803 3179 4881 _dic_ebant_illi
3209 4803 3659 4881 ‘_vitilitigato'res.

2074 4875 2271 4930 Probat
2324 4889 2452 4931 vero
2502 4874 2594 4930 hic
2637 4893 2704 4931 ex
2755 4878 2814 4932 B.
2869 4878 3012 4933 Luca
3050 4874 3662 4936 Tertullianus'contu-

2072 4946 2350 5020 meliosum
2399 4947 2455 5002 in
2504 4954 3090 5020 parentesuumquam
3138 4948 3320 5018 fuisse,
3373 4951 3468 5007 sed
3521 4968 3663 5008 sem-

2072 5033 2168 5088 per
2195 5019 2524 5089 morigerum
2555 5030 2608 5074 ct
2632 5019 2925 5076 subditum.
2949 5019 3035 5075 LE
3065 5023 3161 5077 Pn.

2144 5089 2258 5161 (40)
2279 5091 2464 5147 Mater
2483 5106 2637 5161 (eque
2648 5108 2765 5148 non
2784 5093 3207 5150 demonstratur
3223 5093 3522 5151 adhaesisse
3543 5097 3654 5153 illi.

2071 5160 2206 5239 illud
2258 5170 2433 5239 potest
2483 5160 2716 5239 intelligi
2787 5164 2854 5219 de
2907 5164 3216 5239 adhaesione
3255 5174 3548 5239 perpetua
3603 5169 3654 5222 in

2069 5233 2282 5307 Christi
2343 5233 2709 5307 concionibus,
2767 5251 2902 5307 quas
2973 5233 3400 5307 frequentabant
3453 5239 3656 5296 Martha

2074 5313 2128 5359 et
2155 5304 2344 5379 Maria.
2372 5305 2580 5379 Deinde
2611 5307 2663 5362 id
2682 5304 2840 5379 quod
2857 5304 3126 5378 sequitur,
3159 5309 3538 5368 incredulitas
3568 5327 3653 5369 eo-

2071 5391 2225 5449 rum,
2280 5375 2345 5449 ad
2391 5377 2577 5433 fratres
2630 5375 2865 5446 Domini,
2915 5375 3026 5434 non
3063 5379 3131 5435 ad
3167 5379 3409 5449 Mariam,
3466 5381 3652 5438 referri

2071 5447 2422 5522 debet._PAu_.
2457 5476 2528 5490 —
2555 5449 2650 5504 Vel
2679 5450 2962 5522 dicendum
2991 5461 3074 5506 est
3102 5451 3211 5520 hic,
3249 5461 3306 5507 ut
3331 5447 3653 5522 quandoque

2065 5517 2220 5589 alias,
2245 5517 2564 5576 dormitasse
2592 5521 2797 5576 bonum
2827 5517 3230 5578 Tertullianum.
3261 5517 3462 5580 Annon
3483 5517 3655 5582 enim-

2060 5605 2190 5648 vero
2221 5590 2432 5666 Christo
2459 5590 2569 5648 filio
2613 5592 2942 5666 adhaerebat,
2974 5608 3096 5666 quae
3126 5609 3299 5666 usque
3324 5595 3394 5651 ad
3435 5611 3655 5655 crucem

2060 5662 2392 5734 compaticns
2430 5665 2858 5736 prosequebatur
2881 5706 2896 5733 ,
2929 5662 3296 5739 et'postquam
3335 5669 3655 5730 ascenderat
