4030 6184
252 436 360 500 813

253 567 494 636 denique
533 564 590 619 in
636 564 756 622 loco
783 571 1004 637 apparet
1042 563 1390 622 incredulitas
1447 582 1636 623 eorum
1671 583 1684 621 :
1725 580 1848 622 cum

247 654 298 710 is
319 656 368 695 75
391 654 612 711 doceret
627 654 772 710 viam
799 654 944 722 vitae,
969 671 1089 711 cum
1119 654 1222 710 Dei
1245 671 1478 728 regnum
1507 655 1840 726 praedicaret,

251 761 376 800 cum
437 744 790 817 languoribus
843 751 896 798 et
946 744 1090 802 vitiis
1153 745 1432 802 medendis
1505 753 1844 816 operaretur,

257 831 424 890 768
477 833 752 888 extraneis
809 832 998 888 deﬁxis
1043 833 1100 889 in
1157 835 1332 902 illum,
1369 842 1478 889 tam
1530 835 1580 874 75
1617 834 1846 906 proximi

249 923 498 979 aberant.
539 923 780 994 Denique
816 925 1225 996 superveniunt,
1276 932 1329 980 et
1367 923 1498 982 foris
1529 925 1846 990 subsistunt,

251 1028 352 1068 nec
407 1011 710 1081 introeunt,
771 1028 880 1068 non
927 1022 1302 1084 computantes
1357 1013 1556 1070 scilicet
1594 1013 1720 1085 quid
1768 1014 1854 1068 in-

249 1109 338 1157 tus
378 1108 635 1172 ageretur
667 1119 678 1154 :
713 1117 812 1157 nec
841 1101 1110 1162 sustinent
1139 1099 1355 1172 saltem,
1386 1103 1541 1177 quasi
1597 1119 1851 1159 necessa-

247 1191 362 1247 rius
390 1190 594 1262 aliquid
627 1189 745 1262 (41)
774 1191 1036 1248 afferrent
1078 1209 1143 1249 eo
1173 1193 1314 1264 quod
1347 1193 1434 1248 ille
1467 1203 1580 1249 tum
1624 1191 1852 1248 maxime

247 1279 446 1354 agebat
474 1298 488 1352 ;
525 1280 622 1336 sed
653 1280 884 1349 amplius
914 1283 1276 1354 interpellant,
1333 1290 1385 1340 et
1428 1300 1458 1338 a
1507 1291 1654 1338 tanto
1685 1297 1850 1353 Opere

247 1378 566 1426 revocatum
592 1369 798 1426 volunt.
831 1369 942 1425 Oro
975 1377 1046 1436 te,
1079 1371 1316 1444 Apelles,
1365 1373 1450 1428 vel
1487 1381 1562 1442 tu,
1592 1371 1846 1440 Marcion,

243 1461 288 1516 si
325 1459 474 1516 forte
506 1459 701 1515 tabula
731 1459 924 1514 ludens
955 1459 1091 1532 (42),
1140 1462 1224 1518 vel
1271 1461 1338 1517 de
1375 1461 1730 1518 histrionibus
1757 1471 1852 1517 aut

245 1549 454 1622 aurigis
506 1549 860 1615 contendens,
917 1549 1006 1605 tali
1052 1551 1240 1608 nuntio
1289 1553 1610 1620 avocareris,
1668 1567 1848 1608 nonne

256 1639 489 1694 dixisses
521 1656 535 1694 :
564 1637 696 1706 Quae
729 1636 858 1692 mihi
884 1645 1078 1710 mater,
1111 1649 1203 1698 aut
1246 1641 1340 1713 qui
1379 1641 1570 1698 fratres
1591 1641 1619 1695 ?
1675 1642 1847 1698 Deum

253 1727 560 1798 praedicans
586 1735 636 1782 et
665 1726 898 1797 probans
929 1728 1200 1796 Christus,
1239 1729 1417 1802 legem
1473 1739 1526 1788 et
1557 1731 1849 1802 prOphetas

257 1816 586 1888 adimplens,
623 1816 758 1872 tanti
815 1825 962 1874 retro
1021 1819 1120 1876 aevi
1162 1819 1448 1894 caliginem
1507 1820 1852 1892 dispergens,

1447 439 1644 500 LIBER
1695 437 1779 498 DE
1830 437 2046 499 CARNE
2082 435 2356 498 CHRISTI.

3441 440 3548 504 814

1957 563 2055 620 Dei
2085 565 2327 630 verbum,
2369 561 2484 636 ipse
2521 561 2622 619 Dei
2667 562 2912 628 verbum,
2977 565 3216 620 nuntiata
3269 575 3442 626 matre
3495 576 3552 626 et

1957 653 2308 720 fraternitate,
2370 651 2680 709 desereret?
2741 652 2970 724 Negavit
3035 653 3211 724 itaque
3272 667 3548 727 parentes,

1955 743 2228 814 quomodo
2255 742 2437 798 docuit
2464 741 2742 816 negandos
2791 757 2892 814 pro
2921 741 3022 798 Dei
3048 759 3230 816 opere.
3279 747 3386 804 Sed
3416 747 3553 805 alias

1957 831 2134 904 ﬁgura
2161 840 2241 888 est
2283 847 2574 904 synagogas
2619 831 2674 886 in
2724 839 2893 888 matre
2941 832 3190 901 abjuncta
3231 833 3302 902 81,
3353 842 3408 893 et
3453 839 3554 896 Ju-

1957 921 2198 976 decorum
2241 923 2294 977 in
2323 921 2577 978 fratribus
2613 921 2928 978 incredulis.
2979 919 3134 978 Foris
3177 933 3290 980 erat
3345 923 3400 980 in
3447 925 3553 982 illis

1961 1009 2158 1082 Israel;
2220 1009 2468 1082 discipuli
2525 1018 2704 1066 autem
2775 1009 2901 1066 novi
2953 1011 3102 1067 intus
3155 1012 3461 1082 audientes,
3499 1023 3556 1070 et

1961 1100 2262 1166 credentes,
2299 1103 2352 1155 et
2393 1101 2730 1156 cohaerentes
2787 1099 3019 1172 Christo,
3073 1101 3374 1160 Ecclesiam
3421 1103 3556 1160 deli-

1960 1190 2272 1260 niabant82,
2315 1205 2476 1261 quam
2519 1190 2782 1261 potiorem
2831 1198 3078 1263 matrem,
3138 1200 3192 1247 et
3247 1193 3554 1266 digniorem

1961 1277 2368 1346 fraternitatem,
2398 1287 2648 1336 recusato
2677 1281 2878 1336 carnali
2899 1295 3121 1356 genere,
3153 1283 3554 1356 nuncupavit83

1958 1368 2164 1424 Eodem
2215 1366 2384 1426 769
2430 1385 2593 1426 sensu
2647 1370 2884 1442 denique
2939 1379 2994 1426 et
3047 1371 3125 1428 illi
3181 1375 3554 1432 exclamationi

1959 1457 2259 1529 respondit,
2307 1474 2417 1515 non
2471 1458 2659 1514 matris
2713 1467 2930 1516 uterum
2987 1467 3040 1517 et
3099 1459 3271 1519 ubera
3324 1479 3552 1535 negans,

1958 1547 2054 1602 sed
2083 1545 2350 1604 feliciores
2379 1546 2690 1618 designans,
2721 1547 2814 1617 qui
2844 1547 3072 1606 verbum
3099 1549 3200 1608 Dei
3231 1551 3480 1608 audiunt.

2549 1687 2776 1744 CAPUT
2815 1689 2959 1745 VIII.

2033 1811 2176 1870 Solis
2231 1812 2346 1870 istis
2398 1810 2666 1884 capitulis,
2733 1813 2928 1884 quibus
3001 1814 3232 1872 maxime
3306 1817 3556 1877 instructi

263 1903 488 1978 indigne
533 1921 662 1962 usus
710 1915 790 1962 est
846 1907 952 1964 hoc
1005 1907 1148 1963 dicto
1215 1909 1284 1963 ad
1325 1909 1726 1982 percutiendum
1772 1910 1854 1966 in-
1887 1897 1931 1973 Β
1962 1904 2062 1961 sibi
2091 1905 2342 1962 videntur
2371 1905 2421 1942 84
2450 1903 2690 1961 Marcion
2730 1911 2784 1960 et
2809 1903 3044 1974 Apelles,
3085 1907 3384 1962 secundum
3410 1909 3556 1966 veri-

261 1995 634 2052 credulitatem
687 1995 822 2053 foris
885 1999 1164 2069 stantium,
1221 2001 1304 2058 vel
1360 2001 1426 2056 ad
1477 2001 1854 2058 excutiendam

257 2081 718 2154 importunitatem
775 2086 843 2140 ab
881 2102 1050 2157 opere
1105 2088 1512 2144 revocantium?
1566 2090 1852 2162 Caeterum,

253 2172 326 2228 ad
359 2173 660 2245 negandam
691 2173 1044 2242 nativitatem,
1069 2175 1206 2232 alius
1235 2178 1567 2234 necessarius
1619 2180 1666 2218 τι
1711 2178 1854 2234 fuis-

253 2270 338 2317 set
380 2269 432 2316 et
471 2259 646 2328 locus,
707 2271 762 2319 et
816 2271 1051 2335 tempus,
1107 2273 1159 2320 et
1213 2265 1348 2322 ordo
1403 2269 1687 2337 sermonis,
1740 2284 1854 2324 non

253 2351 373 2422 ejus
418 2349 515 2424 qui
571 2359 756 2423 posset
802 2349 852 2389 ’⁷⁸
903 2353 1244 2424 pronuntiari
1295 2354 1456 2410 etiam
1521 2357 1587 2410 ab
1624 2371 1710 2422 eo,
1765 2355 1858 2413 cui

253 2443 309 2496 et
337 2445 514 2496 mater
544 2449 684 2497 esset
724 2449 778 2498 et
827 2439 1036 2512 fratres,
1079 2459 1201 2498 cum
1255 2443 1548 2516 indignatio
1605 2453 1858 2515 parentes

251 2544 366 2585 non
397 2532 584 2603 neget,
631 2529 728 2585 sed
769 2529 1020 2603 obiurget
1060 2531 1130 2586 79.
1171 2532 1432 2603 Denique,
1465 2533 1705 2604 potiores
1733 2533 1857 2590 fecit

253 2618 414 2690 alios,
480 2625 534 2673 et
591 2617 841 2674 meritum
879 2619 1212 2690 prrelalionis
1268 2622 1582 2694 ostendens,
1630 2621 1854 2678 audien-

253 2709 380 2763 tiam
437 2707 642 2763 scilicet
694 2708 846 2764 verbi
897 2709 1034 2780 (43),
1104 2710 1438 2767 demonstrat
1510 2727 1618 2783 qua
1671 2711 1857 2769 condi-

253 2795 408 2852 tione
435 2795 719 2870 negaverit
767 2804 994 2852 matrcm
1043 2807 1094 2853 et
1143 2797 1355 2856 fratres.
1397 2799 1516 2865 Qua
1552 2799 1696 2856 enim
1724 2801 1859 2857 alios

263 2887 372 2942 sibi
399 2885 698 2958 adoptavit,
729 2886 824 2960 qui
851 2887 901 2942 ei
929 2887 1302 2956 adhaerebant,
1358 2906 1420 2946 ea
1469 2891 1760 2965 abnegavit
1785 2891 1854 2946 il-

255 2974 369 3042 los,
399 2975 492 3046 qui
524 2975 588 3030 ab
619 2991 684 3032 eo
713 2975 1064 3033 absistebant.
1097 2977 1244 3034 Solet
1273 2979 1436 3034 etiam
1464 2979 1518 3034 id
1553 2979 1779 3052 implere
1807 2979 1860 3019 δο

264 3062 536 3130 Christus,
567 3064 710 3140 quod
739 3065 878 3122 alios
907 3065 1088 3124 docet.
1122 3066 1292 3137 Quale
1331 3083 1463 3142 ergo
1493 3075 1626 3137 erat,
1675 3068 1718 3124 si
1755 3069 1861 3125 do-

1962 2003 2126 2052 tatem
2167 1993 2364 2066 integri
2401 2001 2455 2050 et
2511 1993 2807 2064 incorrupti
2851 1993 3128 2068 Evangelii
3173 1994 3554 2069 interpretatis,

1962 2085 2091 2140 satis
2121 2099 2240 2140 esse
2269 2083 2524 2138 debuerat
2560 2082 2630 2136 ad
2659 2083 3036 2154 probationem
3081 2083 3258 2139 carnis
3311 2085 3558 2142 humanae

1963 2171 2018 2226 in
2051 2171 2264 2226 Christo
2291 2187 2386 2240 per
2415 2169 2783 2226 defensionem
2813 2171 3126 2228 nativitatis.
3163 2171 3270 2230 Sed
3301 2172 3558 2244 quoniam

1963 2269 2016 2318 et
2043 2259 2132 2316 isti
2173 2259 2500 2332 Apellcciani
2537 2259 2586 2297 8⁵
2615 2259 2790 2316 carnis
2817 2259 3170 2334 ignominiam
3213 2263 3561 2334 praetendunt

1963 2347 2215 2414 maxime,
2246 2364 2410 2418 quam
2437 2347 2624 2406 volunt
2669 2350 2736 2404 ab
2781 2348 2944 2419 igneo
2997 2349 3091 2405 illo
3148 2353 3382 2422 praeside
3430 2353 3561 2410 mali

1963 2439 2327 2496 sollicitatis86
2355 2439 2634 2496 animabus
2671 2447 2956 2496 astructam
2988 2439 3058 2506 3",
3107 2451 3160 2498 et
3187 2443 3390 2502 idcirco
3416 2443 3561 2502 indi-

1965 2543 2124 2604 gnam
2153 2527 2388 2598 Christo,
2427 2535 2480 2584 et
2507 2529 2711 2586 idcirco
2753 2529 2822 2584 de
2869 2528 3138 2586 sideribus
3191 2531 3268 2587 illi
3311 2533 3562 2591 substan-

1964 2618 2092 2675 tiam
2130 2618 2473 2690 competisse,
2504 2617 2676 2674 debeo
2723 2617 2844 2674 illos
2890 2619 2957 2674 de
2993 2635 3092 2676 sua
3141 2633 3394 2693 paratura
3443 2625 3560 2699 (44)

1964 2719 2333 2784 repercutere.
2361 2712 2628 2784 Angelum
2657 2712 2944 2784 quemdam
2981 2712 3228 2770 inclitum
3257 2717 3558 2791 nominant,

1963 2802 2056 2874 qui
2109 2803 2371 2858 mundum
2453 2801 2598 2856 hunc
2671 2801 2986 2872 instituerit,
3045 2810 3100 2859 et
3173 2803 3419 2864 instituto
3491 2823 3558 2865 eo

1966 2889 2343 2962 paenitentiam
2403 2887 2755 2946 admiscuerit
2803 2889 2874 2945 ⁸8.
2939 2889 3008 2945 Ει
3085 2892 3190 2950 hoc
3253 2909 3354 2950 suo
3436 2895 3558 2953 loco

1965 2976 2346 3048 tractavimus;
2437 2993 2562 3033 nam
2655 2985 2740 3034 est
2827 2979 2986 3036 nobis
3075 2981 3334 3040 adversus
3434 2983 3560 3042 illos

1971 3067 2174 3124 ibellus
2199 3067 2342 3140 (45),
2377 3083 2446 3122 an
2473 3066 2570 3138 qui
2599 3067 2856 3140 spiritum
2899 3077 2953 3126 et
2981 3069 3310 3132 voluntatem
3337 3080 3392 3131 et
3443 3073 3556 3133 vir-

255 3167 386 3210 cens
425 3169 532 3211 non
581 3153 710 3210 tanti
763 3153 942 3213 facere
987 3165 1217 3214 matrem
1273 3163 1364 3214 aut
1410 3157 1623 3227 fratres,
1672 3156 1858 3230 quanti
1888 3145 1931 3224 C
1963 3163 2132 3213 tutem
2163 3155 2362 3213 Christi
2391 3155 2646 3212 habuerit
2672 3155 2738 3212 ad
2768 3171 2834 3212 ea
2861 3165 3048 3232 Opera,
3079 3159 3308 3232 dignum
3351 3163 3556 3238 aliquid

1623 3273 1818 3339 Variae
1849 3278 2162 3339 lectiones.

331 3403 380 3442 7"
408 3403 632 3480 Martha;
681 3411 753 3480 et
783 3403 968 3480 Mariae
996 3404 1114 3462 aliae
1143 3407 1262 3480 Ilig.
1307 3409 1434 3480 Pen.
1480 3407 1656 3464 Rhen.
1699 3407 1951 3480 Seml.75
1981 3407 2074 3480 His
2110 3405 2236 3480 cod.
2285 3403 2448 3480 Agob.
2479 3401 2543 3480 ’τῇ
2569 3406 2708 3480 Tum
2755 3407 2892 3462 Jun.
2924 3405 2972 3446 ’Π
3000 3407 3354 3465 Necessarias
3399 3409 3554 3466 abest

257 3475 441 3554 (read.
491 3475 655 3554 Ag_o_b.
693 3477 814 3554 liig.
875 3479 1012 3554 Ven.
1047 3475 1386 3554 necessarior
1413 3479 1531 3554 cogi.
1587 3481 1769 3537 Ursin.
1803 3479 1851 3554 ἶξδ
1877 3479 2060 3554 Possit
2097 3479 2255 3554 Pam.
2295 3475 2470 3554 R’hen.
2501 3477 2563 3554 73
2593 3477 2846 3554 Parentes
2885 3487 3073 3554 negat,
3105 3495 3212 3554 non
3247 3489 3429 3554 negat,
3457 3482 3554 3554 sed

258 3547 666 3622 objurgatﬂ'Rig.
712 3547 837 3622 im.
871 3553 1110 3622 auctore
1155 3551 1386 3622 Cujacio
1423 3550 1496 3606 ad
1539 3567 1664 3622 cap.
1697 3567 1770 3607 ex
1801 3551 2006 3608 litteris
2043 3549 2079 3604 l.
2113 3564 2172 3604 Ill
2199 3549 2482 3622 Decretal.
2516 3550 2586 3603 80.
2617 3549 2788 3604 Etiam
2835 3547 3130 3622 adim'plere
3160 3547 3348 3608 Seml:
3359 3547 3554 3609 81'Ad-

249 3619 443 3694 juncta
495 3619 658 3674 Pam.
689 3619 758 3694 fi?
799 3619 1162 3694 Delineabant
1213 3619 1348 3694 Jan.
1396 3621 1446 3660 88
1475 3619 1808 3694 Νιωὶιιρθηι
1865 3623 2061 3694 Rhen.
2104 3620 2272 3678 Seml.
2333 3624 2820 3694 nuncupatFran.
2873 3619 3004 3678 Par:
3053 3637 3334 3694 nuncupas
3389 3627 3552 3681 Pam.

253 3689 611 3766 ιξίμὶζίάθηῑιιι·
647 3689 762 3766 sibi
807 3692 1001 3766 Rhen.
1037 3695 1198 3766 Pam.
1244 3693 1293 3730 ⁸⁵
1330 3689 1754 3766 Apelleiacilib.
1807 3693 2119 3766 Agabaltig.
2161 3695 2284 3766 Ven.
2333 3689 2633 3764 Appelliaci
2662 3693 2768 3766 lib.
2805 3695 3008 3766 Urs-ini.
3058 3689 3410 3766 Apelliaciani
3461 3697 3553 3754 lib.

251 3761 466 3837 Pithae.
499 3761 850 3837 appellationi
902 3763 1022 3820 cod.
1057 3765 1275 3821 Divion.
1325 3761 1647 3837 Apellaciani
1683 3761 1870 3823 Rhen:
1891 3767 1942 3804 ⁸6
1979 3761 2259 3821 Societatis
2295 3761 2457 3821 Pani.
2504 3765 2789 3822 mendose.
2819 3761 3124 3822 Abstructis
3153 3765 3322 3824 Seml.
3353 3767 3404 3806 38
3445 3767 3554 3826 Ad-

247 3831 462 3889 miserit
489 3831 652 3890 eam.
685 3833 859 3891 Rhen.

1636 3937 2135 4003 Commentarius.

248 4038 306 4113 in
336 4038 559 4113 coelum,
591 4037 707 4110 ipsa
730 4056 852 4098 cum
885 4041 1142 4113 apostolis
1160 4041 1215 4098 iu
1245 4044 1522 4102 caenaculo
1543 4061 1767 4100 manens
1795 4053 1848 4102 et

247 4112 306 4191 in
337 4111 584 4166 oratione
613 4111 1429 4191 perseveranSLpromissionem
1467 4117 1656 4184 Patris,
1685 4137 1846 4191 quam

247 4181 374 4262 ipsa
407 4181 646 4262 quoque
699 4199 800 4262 per
842 4201 904 4242 os
933 4181 1074 4262 gas
1121 4181 1847 4262 audiverat,_ex5pectabat?

251 4253 422 4324 Atqui
448 4253 568 4328 haec
595 4253 814 4328 singula
840 4273 906 4311 ex
933 4253 1232 4328 Evangelia
1258 4253 1478 4314 Joannis
1525 4253 1580 4316 ei
1625 4261 1848 4320 Actibus

255 4323 624 4401 apostolorum
643 4323 808 4401 nullo
838 4329 1058 4401 negotio
1085 4323 1534 4386 demonstramus.
1569 4333 1712 4389 Enn.

329 4395 444 4478 (41)
483 4397 651 4478 Quasi
675 4395 1031 4478 necessari-us
1057 4403 1300 4478 aliquid,
1344 4405 1452 4458 etc.
1495 4405 1848 4463 Necessarias

253 4466 620 4540 dixit,_magis
648 4471 1033 4527 necessarium.
1057 4466 1244 4529 RnnN.

473 4539 528 4594 Si
542 4537 702 4610 'forte
733 4543 926 4601 tabula
951 4544 1170 4602 ludens.
1200 4543 1459 4600 Tabulam
1495 4545 1748 4604 lusoriam
1767 4545 1851 4602 in-

353 4615 474 4662 le’lt.
503 4625 598 4662 seu
627 4614 1084 4662 latrunculariam,
1120 4617 1171 4662 in
1212 4633 1315 4662 mm
1365 4619 1581 4662 tngqprie
1636 4627 1686 4662 at
1734 4621 1850 4662 mal-

255 4608 477 4690 telligit,
627 4614 1088 4690 latrunculariam,
1109 4617 1173 4690 in
1212 4633 1325 4690 qua
1360 4619 1581 4690 tesseris
1636 4627 1690 4676 et
1734 4621 1850 4676 cal-

255 4680 400 4764 culis
462 4681 770 4764 ludebatur.
829 4687 932 4764 Qui
979 4680 1501 4764 tabulam-fritillum
1561 4691 1847 4764 explicant,

257 4749 402 4808 forte
447 4753 628 4808 minus
666 4757 825 4812 bene.
850 4749 1010 4814 'Nam
1075 4759 1328 4816 fritillum
1378 4771 1461 4819 est
1524 4749 1759 4820 alveolus
1795 4749 1849 4818 in

257 4837 422 4910 quem
451 4831 672 4910 tessera
725 4843 818 4885 seu
876 4831 1000 4886 cubi
1046 4833 1404 4910 conjiciuntur
1449 4835 1846 4910 agitanturque,

265 4893 504 4978 aforma
537 4897 770 4978 oblonga
797 4917 1002 4976 pyrgus
1060 4893 1277 4978 dicitur,
1307 4893 1518 4978 πύργοςῗ
1561 4909 1649 4964 Sic
1677 4893 1850 4963 liora;

259 4970 334 5050 tio
363 4970 598 5050 mittere
645 4970 732 5050 in"
763 4970 1222 5050 pyrgilm_talos.
1267 4970 1544 5035 Martialis
1589 4979 1852 5034 alveolum

259 5036 402 5094 hunc
433 5036 780 5099 turriculani
799 5036 984 5103 "vocat.
1019 5047 1096 5102 La
1126 5047 1224 5103 Ρη.

285 5179 296 5190 _
328 5109 448 5182 (43)
479 5111 842 5172 Audientiam
873 5119 1094 5176 scilicet
1121 5119 1294 5186 verbi,
1327 5121 1612 5178 Audientia
1638 5137 1740 5178 vox
1760 5121 1859 5177 La-

263 5187 372 5268 tina
399 5193 486 5238 est
521 5199 629 5264 qua
665 5197 742 5268 et"
765 5191 1111 5268 ususjl‘uli‘us
1157 5193 1223 5248 de
1273 5195 1567 5268 Senect._«
1603 5193 1860 5266 Fecitque

259 5267 521 5330 persaepe
541 5258 662 5326 ipsa
683 5258 786 5312 sibi
814 5261 1164 5330 audientiam,
1199 5283 1222 5313 in
1249 5273 1354 5320 etc.
1387 5265 1464 5319 LE
1493 5265 1594 5319 Pn.

337 5325 456 5408 (43)
485 5325 797 5408 Paratum.
829 5325 1161 5392 Paraturum'
1180 5343 1338 5393 vocat
1381 5335 1434 5390 id
1466 5335 1612 5406 quod
1647 5341 1864 5408 praestat

259 5399 566 5453 materiam.
597 5399 866 5458 BBENAN.

287 5465 458 5549 “(45)
501 5467 736 5549 Libellus
772 5473 1326 5549 scilicet_adversus_
1353 5475 1734 5549 Apellatianos,
1775 5476 1869 5548 qui

265 5535 408 5594 liber
436 5535 602 5595 hodie
625 5557 736 5598 non
765 5555 962 5602 exstat.
995 5547 1168 5602 SEML.
1205 5577 1274 5589 -—
1303 5535 1570 5604 An'liber
1614 5535 1733 5604 iste,
1761 5535 1868 5605 A'd-

265 5625 464 5690 uersus
493 5611 768 5690 Annam!
794 5633 870 5690 an
918 5619 1180 5676 adversus
1229 5619 1606 5690 Apelletianos
1655 5619 1873 5676 inscribi

267 5681 488 5763 debeat,
531 5683 846 5763 aliquandiu
899 5705 986 5763 me
1037 5681 1286 5746 dubitare
1341 5689 1484 5756 fecit,
1519 5693 1682 5763 quod
1739 5691 1880 5763 inter

271 5761 506 5813 ceteros
545 5755 859 5833 haereticos,
893 5761 1152 5821 adversus
1181 5775 1316 5834 quos
1343 5755 1878 5834 scripsit’Tertullia-

1953 4061 2077 4112 nus,
2121 4049 2398 4100 enumeret
2425 4041 2756 4115 _Vincentius
2807 4041 3094 4099 Lirinensis
3147 4043 3426 4115 Apellem;
3484 4061 3551 4104 ex

1991 4132 2060 4172 uo
2091 4115 2250 4170 etiam
2305 4113 2670 4186 haasitavimus
2707 4131 2830 4168 num
2863 4115 3042 4186 plures
3073 4113 3255 4170 essent
3285 4115 3451 4172 libelli
3481 4117 3549 4172 ab

2003 4186 2504 4256 uctoreﬂadversus
2563 4185 2738 4256 ipsum
2812 4193 2864 4256 et
2908 4185 3199 4256 discipulos
3241 4187 3358 4254 ejus
3412 4201 3547 4256 con-

1953 4257 2161 4326 scripti.
2193 4255 2390 4311 Verum
2437 4254 2598 4320 cum,‘
2624 4254 2782 4326 toties
2829 4255 2966 4309 facta
3013 4255 3219 4324 Apellis
3273 4255 3550 4326 mentione

1958 4325 2117 4400 atque
2146 4325 2343 4381 nullius
2371 4327 2610 4400 alterius,
2638 4325 2841 4400 nullam
2863 4335 3042 4380 tamen
3091 4327 3212 4380 libri
3242 4327 3328 4400 c_uj
3338 4325 3546 4400 uspiam

1955 4397 2214 4468 adversus
2233 4397 2484 4468 eumdem
2509 4397 2838 4452 mentionem
2865 4405 3224 4468 praeterquam
3259 4397 3370 4468 hoc
3404 4397 3548 4456 loco

1955 4472 2134 4540 faciat,
2175 4467 2234 4524 fit
2259 4467 2393 4523 mihi
2410 4468 2694 4540 credibile,
2729 4475 2782 4540 et
2809 4469 3026 4524 unicum
3046 4482 3201 4540 esse
3226 4467 3293 4520 ab
3321 4482 3385 4522 eo
3413 4483 3548 4524 con-

1955 4537 2232 4614 scriptum,
2267 4547 2322 4596 et
2349 4539 2609 4614 adversus
2639 4539 3016 4614 Apelletiangs
3041 4537 3400 4614 inscriptum:
3433 4555 3547 4596 ma-

1955 4609 2114 4680 xime,
2155 4629 2276 4668 cum
2325 4613 2482 4668 etiam
2528 4609 2906 4680 Apelletianos
2953 4612 3014 4665 B.
3063 4609 3363 4680 Cyprianus
3400 4626 3547 4666 nun-

1958 4683 2342 4759 cupetApellis
2370 4680 2680 4759 discipulos,
2712 4685 2948 4759 ep._'73,_
2979 4680 3044 4736 ab
3075 4681 3347 4759 _._I_ubt_zian.
3379 4680 3548 4759 Atqui

1958 4751 2270 4816 obscuriora
2301 4751 2522 4827 quidem
2551 4751 2876 4827 sunt__verba
2907 4751 3252 4827 Tertulliani;
3287 4751 3406 4827 sed
3447 4751 3548 4808 hoc

1959 4832 2060 4886 sibi
2089 4829 2222 4894 vult,
2249 4823 2630 4898 argumentum
2675 4825 2798 4882 libri
2850 4825 3114 4898 adversus
3164 4823 3548 4898 Apelletianos

1959 4893 2525 4973 potissimum_'fuisse,
2561 4913 2646 4973 _an
2699 4918 2727 4973 «_
2775 4899 3000 4973 angelus
3051 4893 3550 4973 illeui'gneusmali

1961 4966 2180 5046 praises,
2221 4966 2694 5046 qui__et_nundum_
2717 4966 2874 5046 hunc
2893 4969 3066 5038 (juxta
3117 4966 3267 5040 illos)
3295 4967 3550 5024 institue-

1961 5041 2064 5110 rat,
2139 5048 2194 5098 et
2259 5041 2555 5098 sollicitatis
2611 5041 2892 5096 animabus
2959 5055 3174 5095 carnem
3232 5047 3552 5108 astruxerat,

1965 5116 2032 5170 ad
2062 5113 2204 5186 quod
2245 5119 2426 5168 tamen
2455 5111 2738 5186 spiritum,
2774 5119 2828 5167 et
2870 5113 3220 5186 voluntatem,
3277 5121 3330 5166 et
3379 5111 3554 5186 virtu-

1969 5181 2094 5243 tem'
2127 5185 2324 5240 Christi
2385 5181 2650 5250 habuerit,
2691 5184 2912 5256 dignum
2960 5181 3169 5256 aliquid
3232 5182 3559 5256 poenitentia

1972 5259 2180 5315 fecerit.
2220 5279 2240 5304 »
2275 5258 2476 5328 Utpote
2501 5255 2592 5328 qui
2621 5253 2880 5320 dicerent,
2929 5253 3084 5328 sicuti
3134 5253 3458 5328 legiturlib.
3489 5253 3559 5328 _de

1971 5332 2295 5402 Prwscript.
2323 5325 2474 5402 ode.
2510 5325 2702 5385 itaret.
2734 5343 2780 5402 c.
2816 5331 2906 5402 3t,
2958 5346 2984 5378 α
3015 5325 3168 5402 illum
3196 5325 3563 5402 inundoi_nfc-

1973 5403 2103 5457 riori
2169 5395 2546 5475 permiscuisse
2619 5395 3178 5475 pmnitentiam,_quia
3241 5411 3350 5475 non
3407 5395 3567 5475 illum

1977 5483 2084 5530 tam
2117 5466 2354 5542 perfecte
2383 5466 2635 5538 fecisset;
2660 5487 2818 5542 quam
2850 5466 3096 5542 superior
3139 5466 3376 5542 mundus
3403 5466 3568 5520 insti-

1982 5535 2130 5600 tutus
2159 5543 2366 5600 fuisset.
2405 5563 2430 5594 υ
2475 5535 2630 5611 Quod
2657 5535 2834 5612 ipsum
2872 5535 3100 5612 interim
3157 5535 3382 5612 pulchre
3439 5551 3572 5590 con-

1985 5623 2069 5670 tra
2099 5614 2220 5668 illos
2249 5609 2549 5690 retorquet,
2580 5609 2691 5690 illic
2727 5611 3124 5690 ubi__loqui_tur,
3159 5609 3226 5690 de
3252 5624 3360 5663 sua.
3380 5623 3579 5690 ,ρατη-

1990 5691 2122 5743 tura
2151 5679 2628 5756 repeirfc-ziticns....
2651 5685 2730 5756 De
2747 5679 3262 5756 sollicilotisautcm
3283 5679 3584 5756 animabus

1991 5759 2056 5816 ab
2085 5748 2244 5828 igneo
2273 5753 2366 5811 illo
2395 5753 2514 5820 deo,
2547 5755 2746 5824 angelo
2779 5753 2932 5822 juxta
2951 5749 3218 5821 Apellem,
3255 5748 3377 5809 vide
3399 5750 3492 5806 lib.
3521 5750 3590 5808 de
