4030 6184
453 388 561 448 815

413 506 762 584 ptenitentia
803 508 1007 574 fecerit,
1054 523 1177 564 cum
1224 507 1482 578 angelum
1536 505 1697 564 etiam
1755 507 1822 560 de
1873 503 2044 579 ﬁgura

406 625 410 630 τ
455 600 700 656 erraticas
737 599 860 655 ovis
897 599 1336 669 interpretentur.
1387 598 1545 653 Teste
1576 596 1738 667 igitur
1776 595 2044 666 poeniten-

410 717 413 721 -
456 689 533 744 tia
563 688 890 744 institutoris
919 687 1021 753 sui,
1073 687 1323 742 delictum
1356 685 1456 740 erit
1486 683 1748 754 mundus;
1780 682 2047 754 siquidem

457 777 635 834 omnis
679 777 995 850 paenitentia
1050 774 1315 831 confessio
1369 783 1453 830 est
1501 773 1684 830 delicti
1728 771 1876 844 (46),
1927 771 2052 843 quia

460 853 640 924 locum
673 882 780 923 non
813 868 972 922 habet
1029 865 1132 920 nisi
1183 865 1237 919 in
1279 864 1494 919 delicto.
1543 862 1601 918 Si
1651 864 1881 918 mundus
1913 860 2048 918 deli-

460 964 605 1012 ctum
639 963 719 1010 est
747 954 872 1026 quia
899 955 950 993 89
997 969 1193 1026 corpus
1235 959 1286 1008 et
1333 951 1595 1016 membra,
1655 951 1908 1008 delictum
1951 949 2054 1006 erit

459 1044 686 1117 proinde
713 1043 764 1083 9°
802 1052 854 1100 et
889 1042 1106 1106 coelum,
1138 1048 1191 1096 et
1219 1039 1456 1096 caelestia
1487 1057 1607 1096 cum
1639 1041 1800 1097 ccelo.
1848 1039 1904 1095 Si
1939 1055 2054 1096 eoe-

460 1133 615 1190 lestia
642 1132 711 1200 91,
745 1141 799 1187 et
835 1130 1097 1202 quidquid
1128 1130 1251 1184 inde
1297 1137 1617 1203 conceptum
1671 1129 2053 1199 prolatumque

463 1230 563 1288 est,
604 1221 746 1276 mala
785 1220 946 1275 arbor
982 1219 1152 1274 malos
1188 1217 1357 1274 770
1400 1218 1609 1275 fructus
1652 1219 1776 1273 edat
1833 1231 2056 1274 necesse

466 1322 550 1368 est
585 1312 809 1383 (Matth.
841 1308 986 1381 Vin).
1022 1309 1159 1364 Caro
1196 1307 1361 1379 igitur
1401 1307 1599 1364 Christi
1631 1308 1698 1364 de
1748 1307 2056 1363 caelestibus

467 1409 694 1472 structa,
725 1400 792 1454 de
816 1399 1016 1469 peccati
1045 1396 1283 1454 constitit
1301 1397 1351 1436 92
1372 1398 1670 1462 elementis,
1695 1397 1968 1470 peccatrix
1991 1396 2058 1452 de

468 1489 767 1562 peccatorio
795 1504 958 1544 censu
998 1487 1065 1553 93,
1097 1495 1149 1542 et
1182 1503 1276 1555 par
1311 1488 1362 1525 9"
1413 1489 1530 1557 jam
1556 1487 1607 1525 95
1647 1487 1747 1542 erit
1776 1488 1897 1556 ejus
1926 1487 2060 1541 sub-

468 1579 698 1644 stantiae,
759 1576 813 1631 id
865 1584 948 1631 est
1001 1583 1223 1640 nostrae,
1268 1592 1426 1648 quam
1459 1576 1815 1644 peccatricem
1851 1574 2062 1628 Christo

468 1668 828 1739 dedignantur
873 1665 1124 1720 inducere
1169 1663 1240 1716 95.
1292 1665 1367 1718 Ita
1405 1664 1452 1717 si
1483 1663 1614 1718 nihil
1660 1663 1728 1718 de
1766 1662 2064 1735 ignominia

469 1756 711 1819 interest,
742 1761 834 1807 aut
863 1753 1018 1806 aliam
1040 1750 1274 1820 purioris
1294 1758 1435 1805 notae
1454 1751 1732 1807 materiam
1759 1752 2065 1824 excogitant

1126 382 1571 443 TERTULLIANI
1609 381 1872 442 OPERUM
1937 379 2104 439 PARS
2139 379 2210 438 ΙΙ.
2262 407 2334 422 -
2370 376 2598 436 SERIES
2633 376 2675 442 ι,
2719 375 3064 435 POLEMICA.

2143 505 2301 560 etiam
2357 501 2626 558 Christum
2670 501 2726 556 in
2771 517 2930 559 carne
2988 511 3199 558 terrena
3222 498 3396 555 fuisse
3442 497 3737 566 caelestem,

3636 371 3742 430 816

2153 593 2291 649 sicut
2317 591 2339 628 5
2370 598 2494 646 sunt
2521 588 2618 663 qui
2648 591 2695 645 ei
2721 590 3092 662 adaequamur.

2773 739 2997 796 CAPUT
3031 739 3131 796 IX.

2227 864 2618 921 Praetendimus
2645 864 2843 935 adhuc,
2872 863 3003 919 nihil
3043 864 3185 936 quod
3216 877 3282 917 ex
3318 857 3423 914 alio
3469 862 3747 926 acceptum

2161 953 2252 1021 sit,
2283 964 2342 1010 ut
2383 953 2526 1010 aliud
2557 953 2625 1008 sit
2652 970 2809 1026 quam
2854 953 2906 1007 id
2949 953 3014 1008 de
3061 967 3168 1024 quo
3206 950 3275 1005 sit
3314 955 3617 1020 acceptum,
3677 943 3749 1000 ita

2166 1041 2213 1100 τ
2226 1041 2322 1100 71
2362 1041 2507 1098 aliud
2538 1042 2563 1081 δ
2581 1058 2699 1100 esse
2725 1043 2769 1110 ’⁷,
2794 1050 2980 1099 utnon
3007 1048 3260 1115 suggerat
3278 1040 3303 1078 8
3331 1039 3471 1095 unde
3502 1039 3570 1094 sit
3596 1055 3752 1096 acce-

2160 1141 2332 1205 ptum.
2363 1131 2554 1190 Omnis
2580 1132 2802 1189 materia
2844 1131 2960 1187 sine
3001 1130 3308 1186 testimonio
3357 1128 3582 1202 originis
3638 1145 3750 1185 sua:

2163 1237 2274 1278 non
2324 1229 2425 1290 est,
2481 1221 2580 1276 etsi
2629 1221 2931 1277 demutetur
2984 1219 3039 1274 in
3084 1235 3275 1275 novam
3341 1217 3749 1292 prOprietatem.

2165 1311 2346 1382 Ipsum
2373 1317 2514 1368 certe
2543 1325 2739 1382 corpus
2757 1309 2782 1349 9
2817 1315 3078 1377 nostrum,
3127 1308 3272 1380 quod
3301 1308 3368 1362 de
3399 1306 3528 1361 limo
3557 1306 3753 1380 ﬁgula-

2168 1407 2280 1455 tum
2326 1399 2373 1438 ιο
2409 1398 2574 1455 etiam
2632 1399 2673 1438 11
2715 1399 2782 1454 ad
2839 1398 3045 1454 fabulas
3089 1397 3361 1453 nationum
3393 1396 3508 1469 (47)
3556 1396 3755 1452 veritas

2169 1489 2482 1555 transmisit,
2524 1497 2812 1559 utrumque
2859 1486 3084 1560 originis
3130 1484 3452 1542 elementum
3485 1485 3531 1523 ι²
3577 1482 3751 1540 conﬁ-

2171 1584 2341 1646 tetur;
2371 1593 2531 1633 carne
2568 1585 2838 1632 terrenum
2893 1577 2976 1644 13;
3019 1573 3297 1646 sanguine,
3355 1588 3626 1644 aquenum
3685 1571 3751 1625 1".

2171 1666 2306 1722 Nam
2337 1665 2412 1736 15,
2449 1665 2573 1722 licet
2617 1665 2722 1721 alia
2768 1665 2838 1720 sit
2893 1665 3100 1736 species
3149 1663 3443 1734 qualitatis,
3481 1663 3585 1718 hoc
3647 1668 3751 1725 est,

2171 1755 2317 1825 quod
2348 1756 2394 1792 1⁸
2431 1771 2494 1810 ex
2528 1754 2631 1809 alio
2678 1753 2824 1808 aliud
2862 1753 2940 1819 fit,
2999 1763 3276 1817 caeterum,
3319 1749 3444 1822 quid
3495 1759 3578 1804 est
3623 1764 3756 1802 san-

471 1835 704 1908 Christo,
738 1840 936 1912 quibus
965 1837 1211 1909 displicet
1250 1845 1456 1907 nostra,
1495 1848 1587 1894 aut
1615 1840 1854 1895 eamdem
1886 1823 2060 1911 agno-
2095 1823 2137 1900 Β
2169 1823 2308 1914 guis,
2340 1860 2501 1914 quam
2531 1842 2730 1897 rubeus
2767 1842 2999 1898 humor?
3054 1841 3188 1912 quid
3234 1854 3356 1894 caro
3408 1853 3568 1909 quam
3620 1846 3762 1891 terra

470 1939 621 1989 scant
649 1932 718 1996 97,
750 1945 854 2000 qua
884 1929 1041 1983 etiam
1079 1927 1320 1984 caelestis
1359 1928 1552 1984 melior
1580 1945 1698 1984 esse
1729 1946 1836 1986 non
1868 1932 2060 2001 potuit.

470 2020 724 2092 Legimus
751 2018 912 2088 plane
945 2016 997 2087 (Ι
1019 2017 1140 2073 Cor.
1165 2016 1264 2086 xv)
1291 2035 1303 2070 :
1343 2019 1570 2075 Primus
1603 2019 1761 2077 homo
1800 2020 1864 2076 de
1895 2023 2067 2077 terra:

473 2111 607 2168 limo
631 2128 650 2174 ;
678 2107 961 2164 secundus
993 2106 1152 2163 homo
1181 2106 1246 2164 de
1284 2109 1438 2164 caelo.
1483 2109 1600 2164 Non
1639 2118 1812 2164 tamen
1843 2109 1909 2164 ad
1951 2124 2069 2163 ma-

469 2198 618 2255 teriae
647 2196 1007 2251 differentiam
1036 2203 1260 2265 spectat,
1305 2197 1403 2251 sed
1433 2204 1639 2252 tantum
1670 2206 1896 2254 terrente
1923 2207 2066 2254 retro

419 2328 424 2330 -
469 2285 783 2343 substantiae
820 2284 997 2340 carnis
1027 2284 1185 2355 primi
1217 2284 1471 2352 hominis,
1505 2285 1557 2340 id
1590 2294 1672 2340 est
1708 2287 1860 2353 Adae,
1892 2285 2065 2343 coele-

467 2385 603 2432 stem
653 2375 719 2432 de
769 2373 962 2444 spiritu
1001 2372 1350 2428 substantiam
1407 2375 1628 2446 opponit
1683 2375 1906 2430 secundi
1965 2375 2065 2431 ho-

468 2465 650 2537 minis,
680 2463 736 2518 id
765 2470 847 2520 est
875 2461 1091 2519 Christi.
1133 2463 1198 2516 Et
1228 2463 1362 2518 adeo
1390 2463 1456 2516 ad
1515 2463 1781 2534 spiritum,
1841 2480 1948 2520 non
1998 2465 2065 2520 ad

420 2585 423 2587 >
466 2570 706 2617 carnem,
738 2553 1018 2608 ccelestem
1049 2551 1324 2606 hominem
1363 2551 1574 2608 refert:
1609 2562 1667 2608 ut
1704 2568 1841 2624 quos
1891 2553 1968 2610 sic
2015 2555 2066 2593 98

467 2649 765 2711 comparat,
815 2647 1024 2697 constet
1070 2639 1126 2694 in
1188 2641 1287 2694 hac
1332 2654 1492 2696 carne
1548 2649 1762 2696 terrena
1817 2643 2066 2700 caelestes

429 2731 604 2798 ﬁeri,
649 2731 846 2802 spiritu
891 2728 1113 2786 scilicet.
1173 2727 1328 2794 Quod
1396 2729 1440 2782 si
1498 2730 1801 2786 secundum
1848 2747 2061 2787 carnem

465 2836 685 2893 quoque
711 2818 946 2876 caelestis
983 2818 1249 2884 Christus,
1282 2832 1389 2872 non
1431 2828 1878 2890 compararentur
1906 2820 1956 2858 99
1985 2819 2062 2874 illi

465 2926 572 2966 non
607 2910 625 2946 ι
653 2908 952 2964 secundum
980 2921 1194 2960 carnem
1225 2904 1494 2962 caelestes.
1529 2907 1586 2962 Si
1615 2923 1746 2982 ergo
1768 2908 1862 2978 qui
1881 2909 1904 2945 ²
1927 2907 2065 2965 ﬁunt

464 2998 734 3061 caelestes,
769 2994 950 3064 qualis
978 3001 1032 3047 et
1058 2994 1082 3032 3
1110 2993 1373 3064 Christus,
1408 3004 1668 3051 terrenam
1714 2996 1892 3052 carnis
1921 2998 2058 3053 sub-

2176 1946 2432 1988 conversa
2480 1931 2536 1985 in
2593 1929 2795 2004 ﬁguras
2840 1945 2965 1985 suas
3018 1926 3114 1983 17‘?
3172 1925 3462 1982 Considera
3514 1925 3763 1996 singulas

2175 2021 2480 2091 qualitates,
2524 2021 2797 2076 musculos
2835 2027 2893 2074 ut
2935 2018 3123 2090 glebas
3161 2016 3292 2090 (48),
3330 2031 3458 2072 ossa
3516 2022 3574 2070 ut
3609 2030 3761 2080 saxa,

2175 2110 2331 2165 etiam
2363 2109 2566 2166 circum
2595 2109 2824 2180 papillas
2855 2105 3091 2163 calculos
3108 2105 3366 2177 quosdam
3405 2104 3512 2176 (49)
3537 2121 3552 2170 ;
3580 2101 3765 2173 aspice

2175 2215 2460 2256 nervorum
2495 2208 2713 2254 tenaces
2740 2212 3009 2252 connexus
3039 2195 3171 2265 (50),
3230 2204 3288 2248 ιιι
3335 2193 3582 2248 traduces
3611 2191 3762 2246 radi-

2174 2305 2316 2355 cum,
2357 2297 2409 2342 et
2462 2302 2722 2344 venarum
2762 2299 3005 2341 ramosas
3052 2282 3349 2352 discursus,
3408 2289 3466 2336 ut
3506 2282 3766 2352 ambages

2173 2380 2432 2446 rivorum,
2464 2385 2514 2432 et
2555 2375 2835 2448 lanugines
2864 2382 2922 2429 ut
2949 2387 3190 2436 muscas,
3221 2379 3273 2426 et
3324 2385 3533 2426 comam
3561 2377 3620 2424 ut
3677 2385 3768 2425 ce-

2174 2466 2360 2537 pitem,
2402 2474 2456 2519 et
2502 2464 2653 2535 ipsos
2689 2463 3045 2520 medullarum
3099 2461 3152 2516 in
3205 2461 3389 2516 abdito
3439 2461 3751 2523 thesauros,

2172 2563 2230 2609 nt
2261 2553 2470 2609 metalla
2507 2552 2701 2608 carnis.
2733 2552 2858 2606 Haec
2914 2549 3095 2607 omnia
3131 2559 3361 2606 terrenae
3416 2549 3642 2621 originis
3681 2547 3765 2602 si-

2173 2659 2278 2714 gna
2307 2642 2441 2701 etin
2475 2641 2686 2696 Christo
2717 2642 2937 2697 fuerunt
2970 2657 2983 2693 :
3023 2641 3136 2695 haec
3166 2638 3214 2678 1⁸
3261 2645 3386 2694 sunt
3433 2654 3555 2710 quae
3608 2636 3766 2692 illum

2172 2733 2268 2789 Dei
2305 2733 2499 2788 Filium
2551 2730 2811 2797 celavere,
2846 2747 2954 2786 non
3002 2729 3132 2784 alias
3182 2729 3553 2784 tantummodo
3584 2727 3768 2781 homi-

2171 2839 2293 2879 nem
2333 2821 2716 2886 existimatum,
2777 2837 2899 2891 qam
2976 2835 3041 2874 ex
3096 2817 3317 2873 humani
3372 2817 3418 2856 19
3465 2817 3768 2872 substantia

2171 2911 2402 2982 corpori.
2438 2913 2542 2966 Aut
2589 2909 2731 2965 edite
2777 2907 2981 2980 aliiuid
3013 2908 3068 2963 in
3118 2907 3211 2963 illo
3261 2907 3478 2963 cceleste
3515 2905 3582 2964 de
3619 2905 3766 2978 Sep-

2173 3000 2572 3066 temtrionibus,
2608 3009 2662 3055 et
2717 2995 2873 3054 772
2921 2995 3185 3069 Vergiliis
3212 2997 3263 3034 2ο
3293 3003 3345 3051 et
3382 2994 3598 3052 Suculis
3645 2995 3763 3070 (51)

463 3085 719 3140 stantiam
740 3089 977 3158 gestant;
1011 3083 1137 3138 hinc
1165 3085 1189 3122 ει
1218 3099 1434 3155 quoque
1470 3083 1837 3152 conﬁrmatur,
1877 3087 2059 3159 ipsum
2091 3069 2133 3145 ε
2165 3089 2583 3143 emendicatum.
2615 3087 2750 3141 Nam
2795 3099 2915 3158 quae
2960 3084 3415 3154 enumeravimus,
3473 3082 3606 3139 adeo
3645 3069 3760 3139 ter?

540 3267 592 3306 89
633 3221 806 3336 Quam
859 3265 976 3336 Rig.

475 3340 673 3411 Ligalt.
709 3338 870 3411 _V61_1_.

1829 3187 2021 3250 Variae

1031 3263 1204 3338 Seml.
1271 3265 1395 3338 Veii.
1445 3265 1497 3303 90
1543 3265 1770 3338 Perinde
1826 3268 1944 3338 Rig.
2001 3269 2053 3324 Ve

2169 3199 2243 3306 [9110
2249 3207 2410 3322 Πὲιῗξῐι
2454 3264 2611 3321 caelo.
2661 3264 2743 3338 Sig
2761 3262 2997 3338 caelestia
3041 3278 3184 3338 ῃρη-
3211 3261 3371 3318 habet
3422 3260 3541 3338 cod.
3586 3261 3751 3338 flgob.

951 3281 976 3319 ν.
1031 3280 1204 3320 bemt.
1274 3280 1395 3320 Ven.
1445 3280 1497 3303 νυ
1543 3280 1770 3321 Hermae
1826 3280 1944 3338 mg.
2002 3280 2126 3324 Ven.
2175 3280 2221 3306 νι
2276 3280 2410 3322 Cum
2454 3280 2611 3321 caete.
2661 3280 2715 3320 Si
2761 3280 2997 3319 caelesua
3041 3280 3158 3319 non
3211 3280 3371 3318 navet
3422 3280 3541 3318 coa.
3592 3280 3630 3317 Α
3671 3280 3732 3317 ου

951 3335 973 3372 2
1027 3334 1249 3411 Constat
1292 3337 1408 3407 Rig.
1472 3338 1614 3411 Ve_n._
1643 3337 1693 3375 93
1739 3337 1910 3392 Sensu
1953 3342 2086 3411 Par.
2139 3339 2399 3411 Lugduni
2434 3337 2482 3375 94
2529 3338 2660 3390 Pars
2712 3335 2825 3405 Rig.
2882 3336 3006 3411 Ινθζι.
3054 3334 3104 3372 9⁵
3157 3334 3293 3411 lam.
3345 3280 3732 3411 omittL_Rl€i_.’en

436 3402 630 3466 'Pam.
702 3408 789 3480 9°,
808 3406 1054 3462 Christus
1127 3402 1455 3480 dedignatur
1529 3407 1749 3480 induere
1805 3411 1964 3464 Pam.
2022 3402 2303 3466 Riten.'97
2359 3409 2490 3463 Eam
2521 3402 2872 3480 cognoscant
2941 3408 3098 3480 Pam.
3169 3405 3343 3480 liberi.
3392 3402 3492 3480 _93_
3515 3403 3578 3457 Ei
3606 3407 3751 3480 μεθ.

480 3484 608 3539 Ven.
655 3480 712 3552 99,
753 3478 1163 3552 Compar-eatur;
1197 3473 1318 3552 Ilii).
1349 3479 1498 3552 _Ve_n.
1538 3477 1588 3552 _1_
1618 3479 1737 3552 Non
1787 3480 1942 3535 abest
1985 3498 2019 3536 a
2065 3483 2184 3552 Rig.
2219 3483 2376 3552 rVen.
2436 3480 2460 3516 2
2505 3473 2813 3552 Οιιὶνίαὺᾳιςί
2857 3492 2893 3530 a
2949 3477 3125 3532 Rhen.
3174 3478 3342 3552 Praei.
3367 3474 3414 3552 ‘3
3451 3473 3548 3528 Est
3585 3473 3750 3552 Pam.

436 3553 647 3609 .Rhen.
697 3551 722 3588 4
769 3545 1093 3606 Hic—Rhea.
1128 3545 1370 3620 Scml._5
1398 3547 1452 3620 _Ii
1480 3547 1606 3603 add.
1657 3550 1777 3619 Rig.
1831 3553 1957 3607 Ven.
2008 3552 2032 3589 δ
2073 3545 2233 3605 Aliud
2282 3552 2471 3607 omitt.
2513 3551 2682 3606 Seml.
2727 3545 2784 3602 in
2834 3554 3005 3602 totum
3043 3548 3312 3620 praemitt.
3357 3547 3516 3620 Pam.
3577 3546 3748 3620 liberi.

467 3624 488 3661 7
520 3626 614 3677 Est
641 3621 817 3693 Rhen,
856 3622 1018 3693 Pam.
1059 3620 1208 3693 (an;
1245 3620 1270 3656 8
1308 3617 1444 3693 Quia
1475 3617 1744 3693 suggerat
1765 3623 1912 3693 7.12m.
1965 3631 2021 3677 ut
2058 3630 2312 3693 suggerat
2360 3622 2527 3678 Seml.
2576 3621 2661 3674 cui
2699 3634 2806 3693 non
2853 3617 3106 3693 suggerat
3152 3618 3328 3693 Rhea.
3373 3619 3535 3693 Pam.
3575 3618 3616 3693 9‘
3641 3618 3753 3693 Hoc

467 3693 596 3748 add.
633 3692 808 3747 Rhen.
860 3690 1033 3745 Seml.
1083 3687 1130 3726 1°
1166 3689 1260 3742 Est
1297 3687 1634 3761 a-dd._Sen7ll'.
1678 3690 1719 3727 ιι
1764 3692 1832 3746 Ut
1865 3694 1976 3760 jam
2025 3687 2247 3748 Lati'i2
2294 3693 2590 3761 Utriusque
2636 3687 3189 3760 originem‘e'lementi
3239 3689 3356 3760 Rig.
3403 3689 3530 3744 Vc-n.
3581 3687 3750 3745 Seml.

443 3763 516 3821 ,η
545 3765 762 3817 Terram
808 3761 925 3833 Βία,
959 3761 1112 3833 ⁸ἴση.
1161 3762 1321 3833 Pam.
1371 3759 1548 3833 _R_hen.
1582 3761 1752 3817 Seml.
1806 3761 1851 3799 ¹4
1891 3765 1980 3819 Sic
2017 3765 2137 3819 cod.
2191 3765 2375 3822 Ursin.
2435 3759 2633 3819 Wouw.
2670 3759 2888 3833 Aquam
2934 3763 3050 3833 Rig.
3113 3762 3234 3833 Ven.
3280 3759 3537 3833 aquanam
3588 3763 3750 3833 Pam.

469 3833 643 3890 Rhcn.
677 3830 848 3888 Seml.
879 3829 929 3904 ξε)
958 3829 1092 3882 Nam
1142 3829 1536 3904 omitt.__Rhcn.
1569 3835 1730 3886 Pam.
1775 3835 1943 3890 Seml.
1981 3835 2025 3871 ιϐ
2054 3836 2172 3902 Quo
2204 3838 2336 3891 Jun.
2380 3833 2425 3872 Π
2463 3833 2630 3904 Terra
2666 3829 2940 3904 inﬁgura
2990 3829 3088 3887 sua
3134 3832 3258 3886 alii.
3291 3829 3342 3869 1³
3365 3831 3430 3886 Ει
3459 3831 3580 3902 Rig.
3623 3831 3749 3888 Ven.

470 3905 517 3942 19
545 3905 857 3958 Exstantem
884 3901 1123 3953 humana
1157 3901 1274 3971 Itig.
1322 3901 1446 3957 Ven.
1476 3917 1543 3956 ex
1570 3903 1800 3958 humana
1832 3905 1952 3961 cod.
1984 3901 2210 3962 Pithcei.
2244 3906 2294 3944 ²⁰
2321 3903 2558 3978 Virgiliis
2596 3905 2770 3961 Seml.

1861 4003 2360 4071 Commentarius.

465 4081 692 4150 Anima,
723 4094 770 4133 c.
803 4080 892 4133 23.
921 4076 1000 4132 De
1028 4076 1240 4133 mundo
1276 4077 1341 4133 ab
1384 4079 1481 4137 illo
1523 4081 1792 4141 instituto
1848 4081 1942 4138 lib.
1992 4085 2058 4141 dc

464 4151 794 4225 Prwscript.
834 4149 987 4225 c.734
1015 4156 1067 4225 et
1095 4152 1183 4225 5t.
1216 4151 1291 4206 De
1321 4165 1494 4225 carae
1539 4153 1778 4225 hominis
1833 4155 2055 4225 proinde

463 4226 530 4279 ab
558 4223 750 4277 eodem
781 4224 1097 4294 exstructa,
1138 4221 1364 4290 insuper
1404 4222 1496 4279 lib.
1516 4223 1584 4278 de
1613 4221 2049 4294 ResurrIcarm,

463 4311 512 4350 c.
548 4298 601 4348 5.
635 4297 707 4348 Dc
743 4292 953 4368 Christi
976 4292 1207 4368 denique
1245 4308 1460 4368 carae,
1483 4309 1589 4349 non
1619 4297 1687 4348 ab
1737 4296 1827 4350 illo
1859 4292 2054 4368 angelo

461 4374 659 4432 creata,
699 4365 790 4418 sed
825 4380 895 4420 em
925 4363 1242 4434 retulestibus
1267 4365 1542 4421 sideribus
1589 4370 1837 4434 structa,
1866 4363 2054 4424 coiitra

458 4436 702 4507 Apellem
751 4436 857 4507 late
903 4433 1189 4507 disputavit
1231 4436 1436 4490 Auctor
1493 4437 1652 4506 hujus
1707 4438 1847 4507 libri,
1895 4447 1948 4493 et
1995 4444 2048 4507 6,

460 4505 522 4562 et
539 4509 629 4563 lib.
664 4522 727 4561 ιι.
759 4505 880 4560 adv.
918 4506 1273 4562 Marcionem.
1319 4505 1594 4562 Consentit
1637 4508 1690 4561 in
1737 4505 1841 4562 his
1871 4505 2048 4565 omni;

459 4578 562 4633 bus
581 4577 930 4649 Epiphanius,
968 4589 1327 4647 praeterquam
1356 4579 1499 4646 quod
1529 4578 1841 4635 inferiorem
1887 4581 2052 4637 deum

459 4656 756 4725 nuncupet,
778 4663 937 4718 quem
981 4649 1203 4725 Auctor‘
1231 4649 1501 4725 angelum
1520 4719 1532 4725 _
1552 4651 1778 4725 igneam
1811 4671 1834 4725 ί
1873 4669 2049 4725 quem

457 4719 675 4791 interim
714 4721 1121 4791 agnoscunt_B.
1175 4718 1468 4791 Augustin.
1520 4718 1651 4787 liter,
1683 4724 1772 4791 23,
1812 4718 2051 4780 Isidorus

455 4791 550 4846 lib.
602 4789 979 4852 adu—Marc”
1025 4789 1290 4843 [tabanus
1319 4801 1517 4855 noster,
1562 4791 1623 4848 B.
1682 4789 1953 4850 Honorius
1994 4805 2049 4852 et

456 4862 741 4916 Gratianus
772 4859 1120 4931 iu_Catalogo
1171 4859 1422 4929 hazrctic.
1472 4863 1587 4917 Hoc
1620 4864 1894 4931 peculiare
1932 4866 2049 4922 Au-

453 4933 611 4996 ctori,
645 4929 787 5002 quod
818 4929 886 5006 de
932 4932 1272 5006 pcenitentm
1310 4934 1499 5006 angeli
1530 4929 1801 4992 creatoris
1827 4939 1933 5006 jam
1965 4938 2045 4994 di-

450 4998 743 5076 ctum-est;
799 4998 1236 5076 sicutietuillud,
1290 4998 1435 5071 quod
1490 5007 1734 5076 ﬁguram
1781 4998 2046 5065 εἰναιίειε

449 5076 562 5151 ouis
603 5071 887 5151 (buc._xv)
914 5069 1114 5151 de‘illo
1156 5069 1498 5151 interpretati
1530 5069 1661 5151 sint,
1694 5079 1848 5149 quasi
1904 5097 2042 5151 gau-

449 5139 792 5198 dium'fuerit
820 5139 874 5215 in
906 5141 1044 5215 cmlo
1100 5144 1242 5213 apud
1291 5139 1511 5215 angelos
1565 5139 1663 5202 Dei
1713 5139 1780 5204 de
1816 5139 2042 5206 illovuno

447 5220 726 5288 peccatore
777 5212 844 5264 ad
893 5212 1590 5288 pmnitentiamgconverso,
1641 5235 1800 5288 quam
1858 5230 2041 5276 contra

444 5284 635 5360 maluit
669 5283 884 5360 .Auctor
938 5284 1282 5360 interpretari
1349 5289 1418 5360 de
1470 5283 1721 5360 homine,
1753 5289 1928 5360 lapso,
1986 5300 2041 5349 et

442 5373 540 5430 per
567 5354 827 5430 Christum
885 5354 1167 5428 requisito,
1229 5357 1386 5411 sicuti
1451 5354 1619 5412 etiam
1679 5359 1768 5414 alii
1807 5354 2038 5418 'veteres

440 5428 651 5485 omnes.
687 5428 825 5483 PAM.

509 5501 622 5571 (46)
659 5497 1219 5571 Οζιῃηὶδ-ραζηκιεηιία
1247 5500 1524 5571 confessio
1553 5504 1635 5556 est
1658 5500 1871 5557 delicti.
1915 5505 2034 5562 Non

435 5568 567 5642 ergo
602 5568 816 5650 sufﬁcit
861 5568 1282 5624 Lutheranorum
1336 5569 1625 5628 deﬁnitio:
1684 5573 2030 5650 Poenitentia,

435 5641 576 5698 nova
606 5641 734 5697 vita.
766 5641 906 5694 Pan.

504 5712 620 5782 (47)
660 5711 741 5768 Ad
781 5708 1008 5781 fabulas
1045 5710 1369 5772 nationum.
1418 5713 1729 5776 Promethei
1769 5716 2023 5776 fabulam.

2165 4085 2344 4140 Innuit
2392 4081 2570 4152 Japeti
2626 4081 2816 4147 ﬁlium,
2866 4081 2958 4153 qui
3018 4079 3268 4153 homines
3299 4077 3533 4153 primum
3577 4079 3751 4153 epilth

2164 4153 2432 4211 formavit.
2460 4149 2543 4210 De
2571 4153 2674 4210 hoc
2703 4149 2899 4224 Satyra
2926 4155 2990 4208 13
3030 4149 3322 4224 Juvenalis.
3374 4150 3536 4207 Ovid.
3583 4151 3679 4206 lib.
3731 4151 3753 4206 ι

2163 4229 2385 4282 illatam.
2420 4227 2605 4280 Horat.
2636 4226 2729 4281 lib.
2762 4223 2992 4281 ICarm.
3025 4225 3099 4279 LE
3133 4223 3222 4280 Pa.

2230 4299 2345 4368 (48)
2377 4297 2649 4354 Musculos
2669 4302 2736 4352 ut
2761 4295 2973 4367 glebas.
2999 4294 3216 4366 Optime
3240 4292 3513 4368 musculos
3533 4309 3759 4368 compa-

2160 4365 2463 4441 rat'glebis;
2497 4383 2617 4441 nam
2648 4365 2783 4441 sicut
2803 4369 2886 4422 hae
2905 4382 3014 4422 non
3041 4365 3168 4421 sunt
3197 4365 3332 4441 adeo
3362 4365 3570 4441 solidae,
3593 4374 3655 4420 ut
3678 4365 3758 4420 la-

2162 4436 2336 4511 pidé's,
2371 4455 2471 4495 nec
2500 4438 2633 4494 adeo
2672 4438 2852 4511 fluxae,
2874 4446 2956 4511 ,ut
2990 4445 3133 4492 terra
3169 4436 3474 4511 pulverea_;_
3505 4438 3579 4491 ita
3622 4453 3756 4492 mu-

2159 4507 2292 4566 sculi
2322 4507 2562 4582 medium
2594 4509 2844 4582 estinter
2874 4509 3267 4582 ligament_um,_
3282 4507 3424 4582 quod
3446 4508 3666 4582 durum,
3700 4516 3758 4582 et

2160 4598 2401 4650 nervum,
2433 4581 2524 4652 qui
2553 4581 2789 4652 mollior,
2830 4587 2887 4652 ut
2918 4578 3185 4652 expendit
3228 4578 3461 4652 Galenus
3488 4578 3585 4634 lib.
3619 4595 3638 4634 ι
3689 4579 3758 4636 de

2157 4669 2264 4725 asa
2287 4649 2520 4725 partfet
2553 4649 2794 4725 Vesalius
2816 4651 2908 4708 lib.
2937 4667 2978 4725 it
2998 4649 3063 4706 de
3098 4652 3353 4725 corporis
3372 4651 3614 4725 humani
3639 4654 3757 4725 Far

2157 4721 2351 4792 brica;
2381 4738 2504 4776 nam
2544 4722 2703 4777 aliter
2755 4721 3000 4788 musculi,
3051 4722 3143 4792 qui
3199 4721 3404 4790 Organa
3459 4721 3755 4792 voluntarii

2155 4805 2356 4858 motus,
2381 4793 2662 4848 commode
2688 4791 2830 4848 ciere
2852 4791 3085 4846 humana
3117 4794 3428 4861 nequissent
3452 4791 3587 4848 LAC.

2226 4865 2825 4945 (49)_Etia-m'circzntm
2868 4865 3114 4945 papillas
3159 4864 3421 4945 calculos.
3455 4864 3752 4945 quosdam.

2152 4933 2453 4991 AttreCtata
2472 4935 2691 5006 papilla,
2731 4933 3024 5006 Septimius
3060 4933 3328 5006 grumulis
3371 4933 3753 5006 glandularum

2151 5004 2486 5062 duriusculis'
2506 5004 2856 5078 impleriﬂsibi
2886 5004 3106 5078 manum
3134 5014 3394 5078 senserat.
3430 5004 3520 5061 Sic
3575 5006 3676 5062 lib.
3707 5020 3752 5061 ιι

2149 5078 2214 5132 ad
2245 5079 2500 5133 Nationes
2528 5076 2678 5146 dixit,
2712 5077 2889 5132 Ubera
2916 5076 3248 5147 lapilliscere.
3271 5077 3395 5131 Bia.

2221 5150 2336 5222 (50)
2366 5151 2669 5222 Nervoram
2698 5153 2917 5222 tenaces
2937 5163 3250 5222 connexus.
3270 5147 3629 5222 Syndesmata
3649 5160 3749 5222 seu

2151 5214 2442 5292 ligamenta
2497 5220 2825 5292 solidissima
2877 5219 3096 5273 humani
3133 5214 3380 5292 corporis
3432 5227 3606 5292 notat,

2149 5289 2218 5346 ab
2274 5293 2542 5363 aliquibus
2589 5291 2740 5363 nervi
2789 5299 3069 5363 vocantur,
3105 5289 3225 5363 sed
3283 5304 3416 5363 non,
3443 5290 3652 5355 stricte,
3682 5289 3746 5343 de

2147 5363 2346 5433 quibus
2368 5359 2568 5418 'Galen.
2601 5362 2697 5419 lib.
2730 5377 2875 5416 xxxi
2905 5361 2971 5416 de
3003 5362 3139 5416 locis
3169 5364 3363 5431 affect.
3397 5359 3529 5418 LAC.

2218 5434 2332 5505 (51)
2363 5437 2437 5491 De
2470 5433 3002 5506 Septemtrionibus,
3025 5430 3383 5506 et__Vergiliis,
3417 5437 3474 5488 et
3497 5430 3743 5506 Suculis.

2144 5503 2343 5561 Stella's
2386 5506 2504 5561 illas
2535 5503 2686 5574 dicit,
2727 5520 2846 5575 quae
2877 5503 3271 5576 prope_Ursam
3301 5503 3748 5576 minoremgplau-

2142 5577 2239 5632 stri
2286 5576 2512 5647 ﬁguram
2559 5573 2822 5646 referunt,
2871 5573 2994 5647 qusi
3050 5573 3480 5647 septemtriones
3537 5573 3655 5630 sive
3714 5588 3748 5630 ε

2141 5644 2507 5705 forma—boum
2533 5644 2846 5716 junctorum
2876 5644 2970 5716 Qui
3019 5644 3244 5714 triones,
3274 5644 3450 5716 quasi
3480 5647 3742 5712 teriones,

2137 5719 2251 5779 sive
2287 5735 2320 5775 a
2347 5726 2551 5790 septem
2580 5717 2865 5788 trionibus,
2893 5715 3174 5790 quoniam
3219 5715 3326 5772 tria
3377 5717 3596 5789 trigona
3642 5731 3743 5774 re-
