4030 6184
239 469 343 537 817

1455 480 1650 540 LIBER
1689 479 1772 540 DE
1809 477 2020 542 CARNE
2057 477 2332 540 CHRISTI.

3431 484 3538 551 818

243 621 386 662 renae
421 604 728 661 testimonia
758 603 935 660 carnis
971 611 1118 670 sunt,
1141 613 1200 658 ut
1230 611 1282 661 et
1301 613 1520 662 nostrae.
1554 607 1659 661 Sed
1703 607 1838 662 nihil
1876 606 1996 700 Asit
2023 605 2182 672 facta,
2224 620 2356 678 ergo
2385 613 2439 662 et
2485 605 2609 662 caro
2645 605 2840 676 anima,
2885 611 2938 660 et
2985 603 3122 662 sicut
3163 622 3289 664 caro
3336 609 3544 670 anima.

241 711 464 760 novum,
487 693 620 749 nihil
653 691 994 766 peregrinum
1023 693 1386 763 deprehendo.
1413 695 1675 768 Denique,
1705 713 1833 752 ver-

245 785 324 840 bis
359 783 734 839 tantummodo
779 789 833 838 et
883 781 1053 848 factis,
1086 783 1331 838 doctrina
1373 791 1428 840 et
1481 784 1676 840 virtute
1721 783 1836 840 sola

245 873 465 942 Christi,
505 873 755 928 homines
809 871 854 909 ²¹
912 872 1386 941 obstupescebant.
1439 875 1730 930 Notaretur
1786 875 1834 912 ²²

246 963 404 1018 etiam
445 961 621 1018 carnis
669 959 724 1015 in
781 959 872 1016 illo
933 961 1144 1015 novitas
1199 961 1458 1018 miraculo
1496 964 1696 1018 habita.
1733 965 1838 1020 Sed

247 1049 426 1106 carnis
459 1059 681 1104 terrenae
723 1063 834 1103 non
884 1047 1019 1102 mira
1065 1049 1328 1105 conditio:
1377 1051 1492 1121 ipsa
1539 1059 1676 1118 erat,
1717 1069 1836 1124 qua}

247 1147 446 1194 caetera
475 1137 592 1206 ejus
621 1135 869 1192 miranda
909 1135 1153 1192 faciebat.
1195 1139 1332 1193 Cum
1377 1139 1650 1198 dicerent:
1692 1142 1838 1199 Unde

249 1226 382 1282 huic
409 1224 676 1281 doctrina
721 1229 774 1281 et
827 1227 990 1297 signa
1015 1228 1128 1281 ista
1159 1224 1187 1278 .9
1232 1226 1392 1283 etiam
1437 1229 1839 1300 despicientium

247 1315 480 1370 formam
511 1316 630 1385 ejus
660 1315 777 1370 haec
805 1323 916 1368 erat
943 1329 1065 1373 vox.
1097 1313 1248 1372 Adeo
1297 1332 1397 1372 nec
1441 1317 1689 1374 humanae
1733 1319 1839 1374 ho-

247 1403 479 1458 nestatis
508 1417 708 1474 corpus
749 1401 846 1456 fuit
874 1403 1010 1474 (52),
1053 1403 1251 1458 nedum
1284 1404 1514 1460 caelestis
1562 1405 1835 1464 claritatis.

247 1491 576 1547 Tacentibus
595 1490 742 1561 apud
767 1505 865 1544 nos
893 1490 942 1527 23
969 1507 1184 1562 quoque
1207 1489 1482 1564 pr0phetis
1511 1494 1576 1548 dc
1615 1493 1838 1566 ignobili

251 1589 476 1651 aspectu
526 1579 664 1648 ejus,
699 1579 830 1650 ipsae
874 1581 1181 1651 passiones,
1223 1581 1463 1653 ipsaeque
1501 1583 1840 1638 contumelia:

249 1667 580 1741 loquuntur:
633 1667 914 1738 passiones
966 1668 1182 1739 quidem
1247 1671 1535 1726 humanam
1599 1687 1836 1742 carnem,

251 1755 594 1812 contumeliaa
653 1771 780 1812 vero
833 1757 1168 1812 inhonestam
1220 1757 1332 1828 (33)
1415 1759 1710 1830 probavere
1768 1763 1840 1817 24.

257 1849 342 1899 An
373 1861 538 1899 ausus
575 1853 714 1901 esset
759 1845 954 1918 aliquis
997 1863 1181 1920 ungue
1219 1863 1428 1904 summo
1477 1851 1842 1925 perstringere

1949 695 2035 760 lis,
2075 694 2148 750 ita
2177 701 2230 749 et
2256 695 2434 750 anima
2460 693 2715 750 carnalis.
2747 695 2810 750 Et
2847 693 2936 751 hic
2984 695 3161 768 itaque
3203 713 3396 754 causas
3453 717 3540 757 re-

1946 785 2126 856 quiro.
2161 783 2238 850 Si,
2269 791 2326 838 ut
2364 782 2596 839 animam
2624 785 2828 839 salvam
2880 783 3098 850 faceret,
3147 784 3202 840 in
3250 788 3540 860 semetipso

1944 873 2176 942 suscepit
2207 871 2440 927 animam
2479 873 2740 938 Christus,
2775 872 2900 944 quia
2929 873 3076 930 salva
3105 887 3214 928 non
3261 881 3406 929 esset
3435 877 3541 934 nisi

1945 977 2046 1032 per
2073 961 2268 1028 ipsum,
2305 960 2430 1014 dum
2461 959 2516 1015 in
2545 960 2664 1032 ipso
2687 981 2702 1032 ;
2727 977 2837 1016 non
2866 959 3022 1017 video
3053 978 3148 1018 cur
3175 978 3294 1018 eam
3325 979 3540 1020 carnem

1947 1047 2131 1104 fecerit
2185 1048 2484 1116 animalem,
2557 1049 2828 1104 induendo
2879 1066 3110 1120 carnem,
3167 1052 3324 1122 quasi
3391 1051 3544 1108 aliter

1946 1138 2180 1192 animam
2229 1137 2432 1195 salvam
2489 1137 2669 1195 facere
2725 1154 2834 1194 non
2874 1149 3076 1210 posset,
3126 1140 3230 1196 nisi
3287 1155 3543 1204 eameam

1947 1228 2160 1284 factam.
2193 1231 2328 1285 Cum
2359 1229 2500 1284 enim
2531 1239 2746 1286 nostras
2789 1229 2996 1284 animas
3026 1247 3134 1286 non
3167 1237 3376 1287 tantum
3431 1247 3542 1287 non

1947 1332 2190 1382 carneas,
2250 1317 2344 1372 sed
2403 1317 2562 1392 etiam
2600 1335 2632 1374 a
2687 1317 2737 1357 33
2795 1333 2954 1375 carne
3001 1319 3305 1390 disjunctas
3355 1320 3542 1376 salvas

1946 1411 2200 1476 praestet;
2229 1415 2429 1476 quanto
2479 1406 2648 1478 magis
2702 1405 2870 1472 illam,
2902 1423 3064 1478 quam
3095 1407 3216 1479 ipse
3267 1407 3537 1480 suscepit,

1948 1493 2108 1550 etiam
2156 1510 2266 1550 non
2321 1511 2570 1550 carneam
2625 1495 2870 1567 redigere
2921 1497 3094 1566 potuit
3141 1497 3196 1551 in
3270 1495 3536 1554 salutem!

1947 1584 2082 1639 Item
2128 1599 2246 1638 cum
2295 1591 2621 1654 praesumant
2679 1583 2727 1622 33
2783 1600 2890 1640 non
2931 1585 3129 1652 carnis,
3190 1583 3286 1639 sed
3340 1585 3540 1640 animae

1949 1679 2145 1728 nostrae
2200 1673 2313 1744 (56)
2378 1673 2545 1728 solius
2604 1673 2902 1729 liberandae
2965 1689 3128 1730 causa
3207 1675 3541 1746 processisse

1950 1762 2258 1829 Christum;
2307 1762 2503 1834 primo,
2533 1779 2695 1834 quam
2724 1762 3019 1816 absurdum
3066 1769 3168 1828 est,
3201 1771 3260 1816 ut
3307 1765 3542 1820 animam

1951 1851 2118 1905 solam
2147 1851 2498 1922 {liberaturus,
2531 1849 2586 1904 id
2639 1867 2810 1924 genus
2856 1849 3106 1921 corporis
3155 1865 3270 1906 eam
3328 1851 3539 1919 fecerit,

261 1947 464 2002 corpus
505 1947 702 1989 novum
748 1933 890 2006 (54),
929 1935 979 1972 ²⁵
1023 1935 1420 2008 sputaminibus
1477 1903 1846 1994 contamizare
1877 1903 1921 1980 Β
1953 1941 2098 2010 quod
2155 1955 2266 1994 non
2315 1949 2430 1995 erat
2475 1937 2819 1995 liberaturus!
2874 1939 3096 2006 Deinde,
3121 1939 3166 1994 si
3222 1941 3398 1994 anima
3452 1956 3546 1997 no-

257 2021 476 2088 faciem,
523 2022 626 2078 nisi
669 2031 964 2079 merentem
997 2025 1112 2096 (55)
1137 2027 1166 2081 Τ
1207 2025 1350 2094 Quid
1389 2027 1524 2083 dicis
1569 2027 1844 2085 caelestem

251 2127 494 2178 carnem,
534 2128 698 2183 quam
745 2114 888 2170 unde
942 2115 1218 2170 caelestem
1257 2116 1550 2192 intelligas,
1581 2135 1688 2174 non
1745 2119 1844 2174 ha-

249 2200 388 2256 bes?
415 2200 558 2270 Quid
588 2209 852 2258 terrenam
881 2219 1070 2277 negas,
1100 2220 1262 2280 quam
1299 2206 1438 2260 unde
1491 2213 1758 2263 terrenam
1795 2209 1845 2248 26

249 2307 540 2364 agnoscas,
599 2293 817 2349 habes?
867 2295 1070 2352 Esuriit
1117 2297 1218 2352 sub
1277 2295 1512 2366 diabolo,
1555 2297 1690 2352 sitiit
1743 2299 1843 2354 sub

253 2391 592 2457 Samaritide,
627 2392 950 2464 lacrymatus
981 2401 1064 2449 est
1091 2411 1254 2466 super
1291 2395 1576 2466 Lazarum,
1607 2395 1843 2468 trepida-

251 2481 329 2536 vit
355 2481 404 2518 2⁸³
432 2481 500 2536 ad
531 2489 781 2537 mortem.
819 2481 985 2540 773
1014 2485 1151 2541 Caro
1181 2484 1342 2549 enim,
1367 2485 1557 2558 inquit,
1590 2488 1841 2556 inﬁrma.

255 2568 590 2640 Sanguinem
645 2569 784 2625 fudit
835 2578 1114 2642 postremo
1167 2573 1218 2610 2⁸
1273 2573 1396 2629 Hzec
1451 2583 1596 2640 sunt,
1627 2574 1841 2647 Opinor,

253 2658 408 2732 signa
445 2659 702 2716 coelestia.
738 2660 844 2716 Sed
884 2661 1174 2732 quomodo,
1207 2661 1426 2733 inquam
1457 2661 1528 2730 39,
1571 2665 1842 2720 contemni

255 2759 308 2802 et
347 2747 456 2818 pati
487 2757 692 2820 posset,
724 2749 860 2804 sicut
907 2757 958 2804 et
994 2749 1126 2816 dixi,
1167 2751 1214 2804 si
1267 2751 1393 2821 quid
1442 2752 1494 2806 in
1543 2751 1637 2806 illa
1685 2769 1846 2810 carne

255 2835 324 2890 de
354 2837 406 2874 3°
433 2837 644 2892 cmlesti
677 2825 1040 2911 generositate
1087 2839 1350 2894 radiasset
1377 2839 1406 2894 ?
1449 2841 1526 2896 Ex
1573 2842 1675 2897 hoc
1711 2858 1846 2916 ergo

255 2924 630 2981 convincimus
660 2927 790 2982 nihil
823 2927 874 2982 in
917 2927 1005 2981 illa
1037 2927 1100 2982 de
1146 2929 1296 2984 cmlis
1345 2928 1530 3000 fuisse,
1563 2939 1850 3002 propterea

260 3021 323 3067 ut
355 3015 620 3070 contemni
652 3023 707 3071 et
737 3015 842 3088 pati
875 3025 1079 3088 posset.

896 3105 1118 3163 CAPUT
1147 3105 1215 3161 Χ.

329 3190 624 3249 Convertor
661 3191 726 3246 ad
773 3192 908 3249 alios
954 3193 1000 3231 ³1
1042 3211 1195 3266 aeque
1235 3193 1340 3249 sibi
1398 3195 1712 3266 prudentes,
1757 3195 1846 3266 qui

1955 2037 2092 2083 stras
2121 2044 2215 2098 per
2235 2028 2398 2096 illam,
2433 2044 2591 2100 quam
2635 2027 2880 2104 gestavit,
2926 2029 3152 2084 liberare
3211 2037 3542 2099 susceperat,

1953 2117 2098 2171 illam
2173 2133 2406 2188 quoque,
2461 2135 2619 2189 quam
2693 2117 2938 2189 gestavit,
2998 2125 3236 2174 nostram
3301 2125 3546 2189 gestasse

1950 2206 2229 2272 debuerat,
2273 2206 2326 2260 id
2373 2213 2473 2272 est,
2505 2213 2702 2261 nostra
2735 2205 2942 2276 formae,
2985 2205 3376 2277 cujuscumque
3429 2205 3542 2261 for-

1955 2311 2058 2348 mae
2087 2303 2168 2350 est
2197 2293 2248 2348 in
2279 2293 2486 2350 occulto
2518 2295 2694 2348 anima
2724 2303 2928 2358 nostra,
2961 2309 3069 2349 non
3101 2303 3279 2350 tamen
3309 2309 3522 2350 carneaa

1953 2383 2240 2448 Caeterum,
2290 2397 2398 2437 non
2443 2389 2678 2437 nostram
2731 2380 2963 2436 animam
3013 2381 3280 2450 liberavit,
3337 2385 3383 2438 si
3437 2399 3549 2439 car-

1953 2489 2108 2528 neam
2137 2471 2357 2542 habuit;
2387 2479 2574 2526 nostra
2603 2470 2746 2525 enim
2774 2485 2971 2526 carnea
3009 2487 3117 2528 non
3151 2479 3249 2526 est.
3299 2473 3468 2527 Porro
3499 2473 3546 2528 si

1955 2587 2065 2626 non
2121 2577 2352 2626 nostram
2402 2569 2674 2637 liberavit,
2707 2569 2833 2642 quia
2889 2585 3142 2625 carnaem
3185 2569 3430 2626 liberavit
3474 2571 3545 2642 ³4,

1956 2658 2088 2714 nihil
2146 2659 2213 2713 ad
2266 2673 2367 2713 nos
2420 2659 2488 2723 35,
2521 2659 2646 2730 quia
2701 2667 2938 2712 nostram
2991 2658 3260 2714 liberavit.
3292 2660 3397 2714 Sed
3448 2678 3548 2717 nec

1954 2747 2232 2804 liberanda
2260 2755 2394 2817 erat,
2425 2763 2545 2818 quae
2573 2761 2682 2802 non
2709 2755 2822 2801 erat
2861 2753 3060 2814 nostra,
3089 2754 3144 2800 ut
3185 2746 3280 2801 scil
3303 2755 3387 2801 cet
3423 2764 3546 2802 ear-

1957 2855 2091 2893 nea:
2127 2853 2231 2892 non
2263 2836 2408 2891 enim
2435 2833 2853 2908 periclitabatur,
2885 2833 2930 2888 si
2960 2849 3067 2890 non
3113 2844 3230 2890 erat
3259 2843 3461 2900 nostra,
3497 2836 3550 2889 id

1957 2937 2059 2990 est,
2091 2941 2201 2982 non
2229 2939 2440 2980 carnea.
2473 2923 2582 2980 Sed
2606 2923 2886 2978 liberatam
2918 2929 3128 2980 constat
3171 2921 3336 2978 illam.
3395 2925 3546 2998 Ergo

1959 3033 2068 3074 non
2115 3017 2213 3071 fuit
2265 3031 2494 3086 carnea;
2554 3023 2606 3070 et
2645 3013 2743 3070 fuit
2792 3022 2992 3080 nostra,
3026 3015 3070 3068 si
3122 3029 3186 3068 ea
3214 3013 3264 3052 36
3295 3012 3393 3068 fuit
3428 3031 3548 3084 quae

1955 3107 2287 3172 liberaretur,
2327 3105 2578 3177 quoniam
2623 3103 2670 3142 37
2703 3103 3116 3174 periclitabatur.
3160 3104 3280 3158 Jam
3310 3118 3463 3175 ergo,
3498 3103 3545 3158 si

1956 3196 2132 3250 anima
2161 3211 2268 3250 non
2307 3193 2405 3248 fuit
2434 3191 2660 3248 carnalis
2708 3191 2762 3248 in
2791 3191 3024 3262 Christo,
3056 3207 3158 3250 nec
3195 3207 3323 3248 caro
3373 3198 3551 3260 potest

255 3294 474 3335 carnem
501 3279 697 3338 Christi
717 3280 1008 3338 animalem
1035 3262 1326 3353 affirmant,
1349 3262 1495 3356 quod
1515 3283 1693 3339 anima
1721 3299 1849 3340 caro
1880 3262 1924 3338 θ
1949 3283 2196 3338 animalis
2226 3283 2416 3340 fuisse.

1630 3399 1822 3464 Variae
1855 3406 2166 3466 lectiones.

326 3503 370 3540 2!
413 3501 1002 3578 gliristnm___hominem
1042 3506 1330 3578 Μαίνῃ.
1369 3505 1418 3544 ²²
1452 3505 1652 3578 ίΑιιιθηι
1690 3506 1816 3564 add.
1871 3507 1988 3578 Εἰς).
2045 3509 2170 3564 Ven.
2223 3507 2272 3544 23
2317 3505 2424 3578 Vos
2471 3505 2646 3578 Rhea.
2687 3502 2862 3578 Segni.
2913 3502 2962 3540 2³
3011 3501 3312 3578 Probavere
3357 3502 3546 3578 om_i_tt.

255 3573 376 3648 mg.
419 3575 546 3648 Ven.
589 3575 637 3611 2⁵
681 3573 828 3648 Illam
875 3575 1006 3631 add.
1040 3572 1174 3648 Jn'n.
1207 3577 1364 3630 ullam
1399 3577 1572 3633 Rhen.
1605 3578 1653 3615 26
1679 3572 1968 3634 Terrenam
2014 3579 2208 3634 aberat
2257 3595 2292 3634 a
2327 3577 2444 3648 cod.
2480 3576 2639 3648 Agob.
2685 3574 2730 3612 ²Ἷ
2771 3572 3302 3648 Lacrymatursxltt
3313 3574 3551 3648 trepidat

255 3643 434 3720 [Πίσῃ.
459 3647 627 3720 fam.
673 3647 727 3720 ?8
757 3647 1345 3720 Postremofudithcod.
1377 3649 1542 3720 Agod.
1595 3649 1642 3685 29
1689 3649 1920 3720 Inquitis
1949 3650 2066 3705 cod.
2101 3649 2261 3720 Agob.
2301 3647 2351 3686 3°
2393 3648 2472 3720 De
2510 3643 2698 3720 omittt.
2721 3643 3163 3720 _Rhen._Sep_tl‘._
3205 3643 3248 3720 ξι
3285 3643 3546 3699 Μοςεοιί.

255 3718 416 3788 ίᾌθοὸ.
453 3715 625 3772 Rhea.
659 3717 826 3774 Seml.
866 3717 1087 3774 Obcrth.
1121 3719 1170 3756 32
1199 3719 1256 3772 In
1295 3714 1464 3776 Rhea.
1491 3721 1662 3776 Seml.
1700 3714 1919 3777 Oberth.
1952 3721 2000 3758 33
2037 3714 2329 3774 Praé'sumat
2375 3719 2549 3776 Rhen.
2585 3715 2753 3788 Seml.
2795 3715 3013 3788 Oberth.
3042 3716 3096 3788 ίδέ
3125 3714 3264 3782 Quia
3299 3729 3549 3770 carneam

253 3785 502 3844 liberavit
533 3789 738 3844 absunt
767 3807 802 3844 a
833 3788 1006 3846 Rhen.
1047 3790 1096 3828 35
1135 3791 1337 3845 Carnea
1375 3805 1486 3847 non
1517 3800 1619 3860 est,
1649 3793 1780 3848 add.
1815 3793 1990 3848 Rhea.
2025 3793 2075 3830 35
2100 3793 2220 3848 Non
2251 3793 2402 3847 inser
2431 3791 2557 3845 alii.
2590 3790 2635 3828 37
2666 3787 2956 3857 Quomodo
2994 3787 3118 3842 alii.

1645 3889 2133 3954 Commentarius
2148 3937 2161 3951 .

253 3991 909 4066 praesentant.Vergiliaa,
967 4009 1085 4066 quae
1142 4003 1194 4051 et
1259 3995 1494 4051 Pleiades
1570 3995 1836 4066 dicuntur,

255 4071 466 4140 septem
524 4071 650 4118 sunt
697 4065 868 4140 stellae
915 4065 1035 4120 ante
1079 4066 1238 4122 Tauri
1286 4083 1482 4140 genua,
1515 4083 1624 4121 una
1663 4065 1842 4140 tamen

257 4135 588 4209 occultatur;
622 4136 946 4209 eae_incunte
975 4153 1102 4193 vere
1137 4135 1422 4208 apparent,
1465 4139 1607 4192 unde
1653 4139 1846 4209 Vergi-

259 4205 342 4280 liae
371 4205 644 4262 dicuntur.
687 4207 919 4280 Suculas
945 4225 1064 4278 quae
1109 4205 1345 4280 Hyades,
1374 4209 1565 4280 eodem
1603 4205 1846 4280 tempore

261 4276 526 4401 priuignum
576 4285 806 4350 suntque
853 4276 1010 4334 etiam
1069 4276 1278 4350 septem
1335 4279 1388 4334 in
1441 4279 1616 4334 fronte
1649 4276 1836 4336 Tauri.

309 4363 342 4401 Β
413 4363 465 4401 ιι.

309 4363 342 4402 Β
372 4363 465 4403 ιἰι.

331 4418 449 4488 (52)
479 4419 622 4492 Adeo
637 4435 738 4477 nec
756 4421 1022 4478 humanae
1052 4421 1358 4477 honestatis
1381 4437 1582 4492 corpus
1595 4421 1736 4492 fuit.
1760 4419 1850 4474 Sic

263 4487 404 4544 libro
433 4491 690 4564 adversus
728 4493 974 4551 Judaeos:
1012 4509 1083 4548 ne
1129 4495 1362 4564 aspecta
1409 4487 1633 4564 quidem
1682 4493 1852 4564 hone-

263 4563 410 4635 stus.
440 4559 566 4629 Quae
593 4565 755 4635 verba
794 4565 1108 4620 confirmant
1135 4559 1280 4635 qnod
1305 4559 1480 4635 supra
1528 4563 1849 4635 notavimus,

263 4633 530 4706 nomisma
559 4634 738 4688 visum
765 4635 952 4690 Romae
981 4633 1166 4706 penes
1188 4633 1412 4706 Laelium
1453 4633 1848 4706 Pasqualinum,

266 4703 384 4778 dein
417 4719 582 4778 penes
610 4707 766 4778 βαι-(1.
803 4703 1172 4778 Altempsium,
1204 4707 1271 4778 ad
1315 4705 1410 4760 lib.
1441 4710 1514 4763 De
1543 4703 1850 4778 Patientia.

268 4774 564 4848 Gregorius
609 4774 996 4842 Baeticus,sivé
1040 4777 1162 4848 quis
1208 4777 1348 4832 alius
1403 4787 1588 4833 auctor
1637 4777 1728 4830 lib.
1781 4779 1854 4832 Dc

266 4845 574 4922 ﬁde,’_lsaia2
608 4849 770 4922 verba
795 4849 874 4904 sic
909 4845 1124 4922 reddit:
1157 4851 1278 4906 Non
1308 4853 1390 4906 est
1405 4850 1614 4922 species
1639 4850 1724 4922 ei,
1760 4865 1854 4922 rte-

265 4933 371 4988 que
401 4916 578 4973 honor
604 4921 836 4988 formae:
870 4925 924 4976 et
949 4919 1195 4976 vidimus
1224 4937 1374 4986 eum,
1408 4916 1464 4977 εἰ
1491 4936 1608 4976 non
1627 4919 1856 4976 habebat

263 4989 510 5114 speciei;
541 5005 714 5063 neque
757 4993 1032 5061 decorem,
1079 4991 1173 5050 sed
1197 4993 1404 5064 species
1443 4991 1564 5064 ejus
1602 4993 1725 5047 sine
1763 4989 1857 5046 ho-

265 5073 417 5114 nore.
509 5075 582 5114 ιο.

265 5073 417 5117 nare.
455 5073 582 5114 ﬂlG.

334 5131 454 5209 (53)
498 5132 849 5209 Contumelia
895 5151 1022 5209 vero
1055 5135 1434 5209 inhonestam.
1477 5133 1747 5209 Rigaltius
1794 5130 1856 5185 ad

1948 3996 2208 4066 apostoli;
2244 4011 2341 4050 nec
2368 3993 2460 4065 qui
2499 3993 2568 4049 ad
2595 3985 3161 4066 comprehendendum
3185 4005 3316 4066 eum
3375 4005 3550 4066 vene-

1953 4060 2073 4121 rant
2125 4060 2474 4122 corruisse'nt.
2519 4084 2542 4114 ι
2607 4065 2672 4118 Α.
2706 4063 3132 4132 Chrysostomus
3185 4060 3334 4117 hom.
3371 4064 3438 4115 28
3486 4063 3552 4132 in

1958 4139 2150 4192 Matth.
2178 4156 2196 4192 :
2231 4157 2256 4186 (ι
2287 4139 2422 4190 Nam
2448 4141 2509 4190 ut
2533 4133 2794 4190 faciendis
2822 4131 2992 4203 Signis
3021 4139 3133 4186 erat
3155 4132 3436 4203 mirabilis,
3451 4131 3554 4188 ,εἰσ

1955 4205 2529 4280 visurgratiosissimus
2576 4205 2740 4280 fuisse
2772 4201 3102 4280 traditur.)
3135 4201 3550 4280 _Bonaventura,

1955 4279 2010 4332 in
2046 4272 2248 4350 ,Specq
2313 4277 2441 4330 citat
2503 4272 2786 4350 Augustini
2841 4274 3004 4350 verba
3051 4273 3104 4350 in
3133 4273 3276 4326 hunc
3309 4287 3546 4350 sensum.

1955 4341 2362 4404 Deformitatem
2420 4341 2621 4414 quam'
2649 4344 2788 4397 inter
2831 4342 3195 4414 patiendum
3261 4341 3546 4414 contraxit,

1958 4421 2162 4490 optime
2203 4412 2452 4490 explicat'
2487 4415 2549 4469 B.
2611 4412 2938 4476 Bernardus.
2971 4416 3126 4467 tract.
3161 4412 3225 4467 de
3281 4413 3436 4470 Pass.
3473 4413 3554 4468 LE

1960 4493 2063 4548 Pn.

2030 4563 2140 4632 (54)
2179 4563 2262 4617 An
2291 4575 2462 4616 ausus
2495 4560 2636 4614 esset
2670 4555 2878 4632 algqat's
2925 4567 3111 4632 ungue
3149 4569 3386 4632 sum-mo-
3412 4572 3550 4632 per-

1960 4623 2240 4706 stringere
2258 4647 2472 4706 corpus
2501 4645 2710 4706 novam
2726 4623 2992 4706 {corpus
3012 4623 3294 4706 inusitatae
3321 4623 3552 4706 alicujus

1961 4695 2400 4778 pulchritudinis,
2434 4709 2528 4778 aut
2556 4697 2794 4778 crete-stis.
2815 4695 3096 4778 claritatis.
3129 4695 3462 4778 Augustinus
3489 4699 3553 4776 in

1965 4767 2110 4832 Psal.
2145 4791 2361 4830 cxxvu:
2403 4795 2424 4824 α
2469 4773 2530 4846 Iit
2559 4769 2662 4846 nisi
2693 4768 2895 4822 foedum
2936 4773 3206 4846 putarent,
3261 4779 3366 4818 non
3417 4767 3556 4846 insi,-

1963 4849 2137 4917 lirent,
2163 4863 2267 4902 non
2299 4843 2528 4917 flagellis
2546 4840 2834 4905 caederent,
2851 4837 3556 4917 non_spinis_coronarent,

1967 4936 2074 4974 non
2125 4907 2307 4990 'sputis
2355 4907 2784 4990 iiihonestarent.
2850 4907 3108 4990 lilirabilis
3175 4907 3350 4989 forma
3380 4923 3563 4990 _exar-

1965 4979 2176 5044 massat'
2193 4997 2439 5052 tortores,
2461 4995 2620 5057 atque
2648 4982 2812 5040 etiam
2849 4982 2968 5036 sine
2997 4995 3130 5037 voce
3179 4979 3562 5036 remissionem

1966 5062 2326 5132 impetrasset.
2362 5079 2387 5110 ι»

2041 5125 2154 5200 (ὃὸ)
2186 5128 2616 5204 Spataminibus
2630 5129 3048 5204 Δσοηιαιιηιηςινϐ⁸
3059 5125 3290 5204 faciem,
3313 5125 3428 5204 nisi
3449 5139 3565 5204 rne-

269 5193 382 5272 cap.
427 5193 461 5258 Β
517 5203 677 5271 hujus
731 5207 850 5261 libri
899 5205 1198 5261 deformem
1247 5205 1516 5262 Christum
1549 5193 1747 5272 "putat,
1807 5211 1860 5257 et
1892 5193 1936 5270 Β
1969 5193 2237 5260 νειιισιηξ)
2266 5201 2398 5270 Quis
2423 5215 2528 5252 non
2563 5199 2842 5272 exhorreat
2861 5193 3140 5272 audaciam
3163 5193 3294 5249 dicti
3323 5197 3352 5250 ξ)
3373 5195 3563 5272 faciem

271 5271 402 5345 item
435 5275 682 5328 nonnulli
716 5277 804 5330 alii
849 5279 952 5332 hoc
989 5279 1110 5332 loco
1143 5279 1450 5332 abutuntur.
1491 5271 1702 5344 Quibus
1737 5271 1861 5345 pas-

271 5343 440 5418 sionis
468 5347 794 5418 iDominicae
841 5350 1102 5403 memoria
1149 5363 1210 5401 os
1273 5343 1532 5402 obturare
1577 5343 1778 5418 posset,
1821 5345 1865 5400 si

270 5414 378 5488 hoc
405 5429 438 5467 a
465 5417 795 5472 Tertulliano
828 5419 932 5474 dici
975 5419 1464 5488 animadverterent
1511 5414 1590 5472 de'
1625 5425 1867 5488 tempore

269 5485 537 5562 dolorum.
571 5487 1048 5562 Namﬂformosum
1085 5491 1252 5546 fuisse
1287 5487 1517 5562 plurima
1553 5485 1870 5562 argumenta

271 5557 627 5632 convincunt.
685 5561 838 5617 Mitto
903 5563 1138 5632 picturas
1201 5577 1232 5615 a
1285 5557 1346 5618 B.
1408 5559 1546 5632 Luca
1601 5557 1864 5632 e'xaratas.

275 5629 504 5706 Sanetus
553 5629 932 5706 hieronymus
987 5635 1144 5706 epist.
1195 5635 1294 5687 140
1352 5631 1866 5706 αᾴμΡνίηείρίαιῃι

278 5721 300 5748 ι
329 5701 450 5776 Nisi
477 5701 624 5776 enim
659 5699 940 5759 habnisset
967 5699 1034 5758 et'
1057 5706 1108 5760 in
1159 5706 1304 5760 vultu
1335 5703 1590 5776 quiddam,
1625 5699 1868 5776 occulis-

276 5789 375 5843 que
405 5773 707 5843 sidereum,
732 5791 1006 5849 nunquam
1052 5791 1174 5833 eum
1213 5772 1388 5832 statim
1427 5774 1595 5832 secuti
1639 5772 1872 5830 fuissent

1975 5275 2172 5347 Christi
2209 5267 2502 5347 merentem
2539 5267 2804 5347 conSpuil
2848 5268 3065 5347 dignam
3115 5283 3235 5347 quae
3293 5267 3564 5347 sputami-

1976 5363 2103 5400 num
2155 5344 2350 5413 jaculis
2389 5337 2872 5413 contaminaretur!
2927 5339 3006 5393 Da
3039 5339 3270 5413 veniam,
3303 5337 3562 5413 _Christe,

1971 5419 2086 5473 Hoc
2118 5407 2358 5472 deforme
2389 5425 2534 5470 tuum
2565 5411 2942 5467 deosculamur
2972 5410 3266 5478 supplices.
3300 5407 3362 5460 Et
3384 5407 3568 5478 prosit

1976 5491 2134 5545 nobis
2164 5489 2362 5544 dixisse
2389 5497 2630 5540 nostrum
2658 5499 2776 5538 esse
2798 5482 2942 5552 quod
2965 5475 3148 5536 debita
3168 5487 3346 5533 nostra
3375 5475 3568 5532 fecere.

1975 5561 2102 5617 Rm.

2053 5631 2164 5700 (56)
2211 5631 2332 5700 Non
2387 5625 2724 5700 carnistsed
2767 5622 3254 5700 animaaﬁostrw.
3301 5617 3572 5700 Hactenus

1979 5690 2253 5772 exemplar
2282 5690 2792 5772 Agebardiz'jtaque
2812 5690 3181 5772 resdeinceps
3209 5698 3403 5758 agetur
3443 5697 3572 5744 tan-

1979 5781 2093 5830 tum
2114 5761 2236 5829 cum
2268 5761 2544 5826 codicibus
2563 5761 2746 5824 Ursini
2772 5771 2826 5819 et
2844 5761 3058 5818 Pithcei.
3091 5761 3218 5816 th.
3517 5777 3522 5780 ·
