4030 6184
389 407 497 468 819

996 543 1221 602 CAPUT
1274 546 1379 603 XI.

460 639 570 696 Sed
597 638 754 696 aliam
792 642 1313 714 argumentationem
1359 658 1549 700 eorum
1609 647 1983 716 convenimus,

391 729 689 805 exigentes,
724 748 819 788 cur
847 733 1132 789 animalem
1162 749 1379 790 carnem
1431 735 1714 791 subeundo
1746 736 1990 794 Christus

390 819 626 876 animam
677 821 941 876 carnalem
988 823 1237 879 videatur
1291 823 1566 878 habuisse.
1611 825 1781 879 Deum
1827 827 1990 896 enim,

393 911 662 984 inquiunt,
703 911 753 949 33
782 912 996 987 gestivit
1026 913 1075 951 39
1114 913 1343 969 animam
1375 913 1642 971 visibilem
1680 917 1991 974 hominibus

393 1000 664 1066 exhibere,
690 1001 932 1058 faciendo
965 1019 1084 1058 eam
1113 1019 1328 1074 corpus,
1366 1020 1485 1074 quae
1516 1014 1658 1061 retro
1690 1004 1995 1062 invisibiliis

399 1088 567 1147 774
607 1091 892 1161 exstiterit,
941 1100 1129 1148 natura
1177 1093 1337 1160 nihil,
1375 1111 1479 1151 nec
1525 1096 1866 1169 semetipsum
1898 1097 1990 1152 vi-

393 1180 548 1250 dens,
589 1196 701 1252 pra:
737 1181 1115 1253 impedimento
1146 1183 1323 1239 carnis
1354 1184 1550 1257 hujus,
1580 1195 1638 1241 ut
1676 1187 1837 1242 etiam
1878 1187 1993 1242 dis-

395 1264 726 1342 ceptdi‘etur,
757 1279 880 1327 nata
926 1272 976 1311 4ο
1021 1272 1198 1328 anima
1225 1289 1296 1329 an
1341 1290 1473 1342 non,
1528 1275 1840 1332 mortalisne
1899 1276 1990 1346 sit,

395 1376 465 1415 an
485 1374 592 1416 non
611 1359 680 1416 41.
698 1362 884 1434 Itaque
913 1363 1147 1418 animam
1166 1379 1366 1436 corpus
1391 1363 1638 1422 effectam
1675 1365 1732 1420 in
1755 1365 1988 1434 Christo,

396 1456 457 1505 ut
503 1466 626 1507 eam
668 1458 720 1506 et
761 1459 1070 1509 nascentem
1113 1463 1168 1509 et
1219 1453 1561 1522 morientem,
1616 1461 1685 1521 et,
1729 1456 1875 1528 quod
1924 1455 1994 1514 sit

396 1538 644 1608 amplius,
675 1547 1049 1614 resurgentem
1078 1541 1408 1600 videremus.
1459 1543 1524 1598 Et
1559 1543 1609 1581 42
1657 1544 1758 1598 hoc
1812 1551 1992 1598 autem

395 1627 556 1700 quale
586 1637 701 1686 erat
724 1631 792 1697 ‘3,
820 1639 878 1686 ut
908 1648 1004 1702 per
1045 1647 1262 1688 carnem
1311 1631 1765 1689 demonstraretur
1812 1631 1990 1686 anima

396 1717 501 1775 sibi
528 1727 620 1776 aut
649 1720 827 1790 nobis,
855 1736 976 1792 quae
1008 1737 1103 1793 per
1143 1736 1362 1777 carnem
1410 1737 1514 1776 non
1558 1728 1767 1789 poterat
1812 1737 1988 1794 agno-

398 1807 508 1868 sci:
551 1816 612 1866 ut
639 1810 717 1865 sic
763 1811 1153 1875 ostenderetur,
1197 1809 1326 1863 dum
1364 1808 1415 1864 id
1449 1808 1525 1875 ﬁt,
1558 1809 1644 1865 cui
1685 1809 1902 1878 latebat,
1935 1810 1988 1865 id

1101 407 1534 471 TERTULLIAN]
1573 411 1837 474 OPERUM
1874 412 2040 476 PARS
2064 411 2138 474 II.
2185 441 2255 455 -
2283 411 2510 472 SERIES
2537 412 2580 480 Ι,
2600 412 2942 475 POLEMICA.

3581 415 3690 477 820

2018 555 2066 634 Α
2095 539 2273 612 posito
2294 540 2427 634 ejus
2472 541 2854 634 congruentius
2901 542 3262 614 competebat,
3312 558 3453 634 nova
3505 541 3686 616 aliqua

2097 629 2338 702 corporis
2376 629 2552 698 specie
2592 645 2707 684 eam
2739 631 3126 700 demonstrare,
3161 647 3323 704 quam
3381 632 3483 688 ista
3523 648 3681 689 com-

2097 717 2246 773 muni
2282 717 2541 788 omnium,
2581 717 2801 773 alterius
2851 720 2964 788 (57)
2987 720 3098 789 jam
3149 720 3379 776 notitiae:
3441 736 3511 776 ne
3566 722 3686 778 sine

2098 822 2258 862 causa
2304 805 2565 864 visibilem
2615 823 2680 861 ex
2736 807 2988 864 invisibili
3038 808 3215 865 facere
3274 809 3526 882 gestisset
3565 810 3688 865 ani-

2103 911 2261 961 mam,
2309 895 2428 950 istis
2485 895 2691 951 scilicet
2732 897 3120 968 quaestionibus
3158 907 3540 969 opportunam,
3595 916 3691 970 per

2101 987 2281 1043 carnis
2310 987 2363 1040 in
2401 987 2551 1042 illam
2581 987 2624 1024 ⁵¹
2678 988 2926 1043 humanae
2974 989 3362 1045 defensionem.
3414 990 3523 1045 Sed
3569 1005 3681 1045 non

2101 1083 2310 1148 poterat
2347 1075 2590 1131 Christus
2648 1076 2787 1131 inter
2842 1078 3086 1132 homines
3133 1077 3236 1131 nisi
3287 1079 3446 1132 homo
3494 1077 3686 1134 videri.

2101 1165 2287 1220 Redde
2316 1165 2482 1239 igitur
2521 1164 2730 1220 Christo
2760 1163 2921 1219 tidem
2953 1182 3100 1220 suam
3130 1184 3143 1232 ;
3178 1174 3233 1221 ut
3261 1167 3350 1238 qui
3384 1167 3549 1223 homo
3587 1182 3688 1223 vo-

2100 1254 2261 1310 luerit
2289 1254 2558 1324 incedere,
2591 1254 2819 1310 animam
2861 1270 3075 1327 quoque
3119 1256 3367 1313 humanae
3416 1255 3692 1312 conditio-

2099 1345 2184 1399 nis
2213 1345 2530 1412 ostenderit,
2561 1359 2668 1399 non
2716 1341 2918 1400 faciens
2965 1361 3084 1400 eam
3139 1361 3404 1416 carneam,
3436 1345 3532 1402 sed
3597 1345 3688 1402 in-

2101 1433 2270 1490 duens
2300 1449 2420 1488 eam
2452 1449 2633 1490 carne.

2608 1591 2774 1650 775
2805 1593 3035 1652 CAPUT
3064 1593 3191 1650 XII.

2168 1717 2400 1774 Ostensa
2430 1718 2498 1774 sit
2527 1733 2669 1775 nunc
2688 1718 2866 1774 anima
2896 1734 2992 1791 per
3017 1734 3260 1784 carnem,
3306 1717 3352 1774 si
3383 1720 3694 1777 constiterit

2097 1806 2240 1862 illam
2273 1807 2666 1863 ostendendam
2705 1823 2925 1879 quoquo
2967 1808 3128 1865 modo
3181 1809 3230 1846 ⁵²
3276 1809 3464 1876 fuisse,
3506 1810 3559 1864 id
3608 1819 3697 1866 est

397 1904 480 1954 est
514 1899 678 1955 caro?
704 1897 952 1952 tenebras
977 1897 1227 1954 videlicet
1274 1899 1504 1968 accepit,
1539 1905 1599 1955 ut
1639 1898 1815 1955 lucere
1855 1915 1982 1970 pos-
2023 1914 2067 1992 Β
2103 1896 2430 1972 incognitam
2488 1897 2594 1952 sibi
2653 1904 2707 1953 et
2738 1897 2894 1952 nobis
2953 1898 3089 1970 (58).
3121 1897 3438 1970 Quanquam
3489 1899 3542 1953 in
3584 1899 3694 1955 hoc

398 1995 481 2043 set
531 1988 602 2042 υ.
643 1988 907 2059 Denique,
957 1988 1133 2044 adhuc
1187 1989 1236 2026 4⁵
1293 1988 1440 2059 prius
1489 1995 1857 2056 retractemus,
1918 2006 1990 2045 an

396 2072 500 2129 isto
553 2075 716 2130 modo
768 2075 1101 2130 ostendenda
1158 2075 1316 2132 fuerit
1365 2077 1562 2146 anima,
1595 2093 1661 2132 an
1719 2077 1775 2133 in
1826 2086 1992 2134 totum

393 2162 719 2219 invisibilem
748 2179 863 2218 eam
894 2175 1038 2221 retro
1061 2165 1332 2240 allegent;
1375 2175 1557 2222 utrum
1608 2166 1763 2238 quasi
1807 2168 1995 2224 incor-

396 2251 656 2322 poralem,
682 2266 753 2307 an
781 2253 939 2308 etiam
973 2254 1259 2311 habentem
1288 2254 1506 2327 aliquod
1537 2271 1713 2328 genus
1744 2256 1992 2328 corporis

396 2340 620 2412 proprii.
653 2343 721 2397 Et
749 2349 930 2398 tamen
969 2358 1090 2398 cum
1129 2343 1454 2400 invisibilem
1486 2345 1686 2411 dicant,
1729 2361 1992 2416 corpora-

395 2428 506 2486 lem
543 2446 662 2485 eam
702 2430 1049 2497 constituunt,
1087 2432 1373 2488 habentem
1413 2433 1560 2503 quod
1597 2432 1869 2491 invisibile
1899 2434 1969 2489 sit

396 2517 543 2574 Nihil
572 2519 716 2573 enim
745 2519 951 2574 habens
978 2517 1261 2587 invisibile,
1297 2522 1568 2592 quomodo
1613 2529 1793 2591 potest
1851 2521 1994 2577 invi-

397 2606 568 2664 sibilis
599 2607 741 2664 dici?
779 2607 884 2664 Sed
915 2614 990 2664 'ne
1022 2625 1142 2666 esse
1173 2608 1395 2682 quidem
1430 2617 1632 2683 potest,
1662 2609 1766 2665 nisi
1798 2611 1846 2649 46
1892 2611 1989 2665 ha-

396 2695 531 2754 bens
564 2713 661 2768 per
699 2699 844 2770 quod
883 2697 970 2753 sit.
1001 2697 1135 2754 Cum
1171 2708 1352 2754 autem
1390 2699 1480 2768 sit,
1532 2699 1726 2754 habeat
1771 2714 1992 2756 necesse

396 2794 482 2843 est
518 2787 738 2859 aliquid,
772 2804 869 2862 per
915 2787 1060 2859 quod
1098 2796 1199 2846 est.
1246 2787 1304 2844 Si
1345 2790 1507 2844 habet
1547 2789 1593 2826 ’τι
1641 2787 1841 2861 aliquid
1898 2805 1994 2859 per

395 2878 542 2949 quod
592 2885 695 2947 est,
727 2879 830 2934 hoc
894 2877 996 2934 erit
1039 2872 1236 2949 corpus
1292 2879 1429 2948 ejus.
1477 2877 1652 2936 Omne
1687 2878 1831 2950 quod
1883 2885 1990 2943 est,

396 2979 596 3038 corpus
635 2975 715 3021 est
743 2967 827 3021 sui
856 2965 1100 3040 generis;
1154 2966 1288 3022 nihil
1348 2975 1432 3024 est
1481 2967 1842 3039 incorporale,
1887 2968 1990 3022 nisi

397 3056 542 3126 quod
567 3072 677 3111 non
707 3066 806 3113 est.
833 3056 1070 3114 Habente
1117 3057 1282 3130 igitur
1330 3060 1509 3114 anima
1547 3057 1822 3117 invisibile
1857 3073 1984 3113 cor-

395 3160 520 3218 pus,
562 3145 654 3218 qui
702 3144 965 3202 visibilem
1025 3163 1142 3202 eam
1198 3146 1380 3204 facere
1419 3157 1751 3220 susceperat,
1798 3149 1984 3218 utique

2102 2001 2239 2041 vana
2277 1984 2548 2041 distinctio
2578 1993 2687 2052 est;
2718 1986 2873 2058 quasi
2917 2001 3025 2042 non
3065 2002 3122 2042 se
3178 2001 3361 2042 orsum
3408 1986 3476 2041 ab
3514 1986 3696 2041 anima

2104 2075 2293 2144 simus,
2340 2090 2464 2130 cum
2511 2081 2699 2144 totum,
2763 2077 2906 2148 quod
2957 2092 3167 2145 sumus,
3223 2075 3404 2131 anima
3439 2077 3509 2131 sit
3554 2077 3692 2147 (59).

2103 2163 2340 2234 Denique
2380 2163 2493 2220 sine
2521 2163 2696 2220 anima
2724 2165 2858 2220 nihil
2905 2181 3109 2230 sumus,
3160 2180 3227 2220 ne
3280 2164 3520 2220 hominis
3564 2165 3692 2236 qui-

2103 2252 2249 2324 dem,
2281 2252 2375 2307 sed
2401 2253 2673 2310 cadaveris
2701 2268 2916 2310 nomen.
2951 2253 3008 2310 Si
3055 2269 3186 2326 ergo
3221 2253 3538 2327 ignoramus
3567 2256 3689 2310 ani-

2103 2359 2267 2410 mam,
2303 2341 2421 2413 ipsa
2470 2359 2528 2398 se
2573 2343 2784 2414 ignorat
2812 2345 2942 2415 (60).
2995 2344 3177 2415 Itaque
3213 2344 3262 2382 ⁵³
3305 2352 3553 2414 superest
3590 2345 3698 2400 hoc

2103 2429 2440 2486 solummodo
2470 2431 2754 2502 inspicere,
2789 2419 2856 2486 an
2883 2449 2940 2488 se
2969 2432 3150 2488 anima
3193 2432 3284 2486 hic
3313 2433 3358 2470 ⁵⁵
3409 2433 3691 2506 ignorarit,

2104 2526 2162 2572 ut
2188 2528 2314 2573 nota
2339 2533 2556 2589 quoquo
2604 2519 2653 2556 ⁵⁵
2700 2519 2863 2574 modo
2912 2517 3085 2575 ﬁeret.
3138 2519 3364 2591 Opinor,
3427 2519 3696 2576 sensualis

2104 2615 2186 2661 est
2215 2607 2405 2662 animae
2434 2615 2643 2663 natura.
2675 2607 2847 2674 Adeo,
2890 2608 3024 2663 nihil
3065 2610 3291 2664 animale
3337 2609 3454 2664 siue
3496 2625 3692 2678 sensu;

2102 2695 2235 2750 nihil
2261 2696 2510 2752 sensuale
2540 2697 2656 2752 sine
2681 2697 2883 2754 anima.
2914 2697 2979 2752 Et
3009 2704 3066 2754 ut
3094 2697 3410 2770 impressius
3437 2698 3488 2737 ⁵⁵
3534 2698 3697 2752 dixe-

2104 2782 2224 2854 rim,
2257 2785 2452 2841 anima:
2491 2785 2669 2842 anima
2705 2803 2900 2842 sensus
2931 2793 3027 2842 est.
3071 2787 3242 2862 Igitur
3268 2803 3391 2842 cum
3435 2787 3696 2843 omnibus

2101 2873 2284 2929 anima
2339 2874 2534 2930 sentire
2609 2881 2847 2946 praestet,
2910 2883 2966 2929 et
3025 2877 3145 2945 ipsa
3198 2875 3394 2931 sentiat
3449 2875 3695 2931 omnium

2101 2963 2262 3019 etiam
2293 2980 2506 3030 sensus,
2549 2965 2747 3021 nedum
2785 2965 3070 3035 qualitates
3104 2965 3245 3036 (61),
3273 2965 3364 3037 qui
3402 2965 3449 3003 57
3502 2964 3694 3020 verisi-

2098 3053 2226 3109 mile
2267 3060 2367 3118 est,
2409 3060 2466 3107 ut
2511 3051 2627 3125 ipsa
2665 3070 2883 3109 sensum
2929 3054 3012 3110 sui
3050 3055 3120 3110 ab
3167 3054 3320 3110 initio
3353 3054 3540 3111 sortita
3583 3071 3696 3110 non

2094 3142 2206 3198 sit?
2245 3142 2399 3200 Unde
2426 3142 2526 3208 illi,
2568 3143 2709 3199 scire
2735 3145 2878 3216 quod
2911 3143 3180 3200 interdum
3231 3144 3334 3200 sibi
3380 3145 3450 3202 sit
3496 3161 3694 3202 neces-

394 3233 616 3306 dignius
652 3234 706 3289 id
737 3237 853 3305 ejus
890 3235 1102 3293 visibile
1133 3237 1364 3304 fecisset,
1403 3239 1549 3310 quod
1597 3238 1860 3295 invisibile
1892 3238 1989 3292 ha-
2023 3210 2065 3289 Β
2098 3231 2321 3304 sarium,
2371 3247 2442 3288 ex
2491 3232 2819 3288 naturalium
2855 3233 2905 3271 ⁵8
2951 3234 3289 3301 necessitate,
3339 3235 3386 3290 si
3433 3250 3542 3290 non
3590 3234 3694 3289 scit

395 3324 648 3394 bebatur,
687 3325 816 3398 quia
861 3341 959 3382 nec
1011 3326 1098 3382 hic
1144 3327 1484 3383 mendacium
1553 3336 1647 3381 aut
1709 3326 1991 3382 inﬁrmitas

395 3413 513 3470 Deo
542 3416 823 3486 competit:
854 3415 1217 3486 mendacium,
1252 3414 1300 3470 si
1333 3416 1478 3470 aliud
1527 3414 1778 3481 animam,
1829 3431 1990 3486 quam

397 3504 543 3576 quod
571 3511 704 3570 erat,
736 3504 1148 3572 demonstravit;
1180 3503 1487 3573 inﬁrmitas,
1519 3503 1564 3559 si
1612 3503 1667 3558 id
1707 3505 1848 3575 quod
1875 3512 1992 3560 erat

397 3593 766 3648 demonstrare
823 3609 930 3648 non
985 3592 1169 3649 valuit.
1216 3593 1387 3648 Nemo
1456 3593 1738 3649 ostendere
1802 3593 1990 3650 volens

398 3681 689 3749 hominem,
733 3681 999 3737 cassidem
1051 3691 1142 3736 aut
1193 3695 1482 3751 personam
1523 3680 1574 3735 ei
1614 3679 1836 3738 inducit.
1878 3683 1992 3739 Hoc

401 3779 580 3826 autem
613 3770 811 3825 factum
834 3778 917 3825 est
943 3770 1156 3836 animae,
1189 3771 1236 3826 si
1264 3771 1320 3825 in
1349 3786 1512 3826 carne
1541 3770 1591 3808 48
1631 3785 1888 3827 conversa
1940 3772 1990 3810 49

399 3859 627 3913 alienam
658 3858 831 3912 induit
859 3859 908 3896 ⁵ο
937 3859 1294 3930 superficiem.
1331 3858 1438 3914 Sed
1465 3868 1518 3915 et
1558 3861 1604 3915 si
1632 3859 1991 3931 incorporalis

399 3946 576 4001 anima
605 3946 915 4016 deputetur,
963 3955 1022 4001 ut
1058 3948 1234 4019 aliqua
1281 3949 1335 4006 vi
1381 3947 1604 4007 rationis
1643 3951 1868 4018 occulta,
1925 3951 1992 4006 sit

398 4036 618 4105 quidem
648 4033 845 4105 anima,
892 4051 1092 4108 corpus
1123 4046 1300 4094 tamen
1331 4055 1436 4096 non
1481 4039 1569 4107 sit,
1599 4039 1860 4113 quidquid
1910 4046 1991 4094 est

398 4121 612 4192 anima;
643 4123 870 4196 proinde
907 4123 1243 4197 impossibile
1271 4126 1384 4184 Deo
1425 4143 1533 4186 non
1571 4137 1706 4195 erat,
1761 4137 1814 4185 et
1852 4143 1987 4200 pro-

2102 3337 2251 3376 suam
2300 3321 2638 3392 qualitatem,
2688 3323 2777 3378 cui
2817 3322 2949 3395 quid
2994 3325 3358 3382 necessarium
3397 3325 3528 3381 est?
3578 3325 3692 3379 Hoc

2102 3411 2321 3483 quidem
2359 3410 2415 3466 in
2451 3413 2596 3466 omni
2627 3411 2806 3466 anima
2855 3427 3243 3487 recognoscere
3280 3420 3395 3485 est;
3443 3413 3692 3469 notitiam

2099 3498 2184 3554 sui
2205 3499 2361 3567 dico;
2399 3497 2513 3554 sine
2543 3515 2650 3571 qua
2677 3498 2867 3555 notitia
2894 3500 2979 3556 sui
3019 3501 3169 3558 nulla
3203 3500 3380 3556 anima
3409 3517 3468 3556 se
3508 3501 3560 3540 59
3591 3500 3691 3555 mi-

2097 3588 2322 3644 nistrare
2381 3587 2665 3658 potuisset.
2722 3588 2862 3644 Puto
2922 3595 3096 3646 autem
3151 3591 3327 3664 magis
3392 3591 3688 3659 hominem,

2097 3677 2294 3734 animal
2332 3676 2509 3732 solum
2532 3677 2808 3744 rationale,
2841 3685 3144 3751 compotem
3191 3688 3245 3736 et
3288 3678 3520 3735 animam
3569 3694 3691 3736 esse

2098 3770 2368 3839 sortitum,
2400 3787 2524 3842 quae
2560 3770 2711 3825 illum
2748 3771 2875 3828 facit
2923 3773 2974 3811 δο
3020 3773 3212 3828 animal
3252 3774 3538 3844 rationale,
3570 3773 3692 3844 ipsa

2098 3859 2153 3914 in
2186 3858 2373 3930 primis
2403 3858 2698 3915 rationalis.
2730 3860 2918 3927 Porro,
2947 3861 3222 3932 quomodo
3243 3861 3534 3925 rationalis,
3569 3877 3690 3935 qua}

2097 3946 2262 4004 efﬁcit
2290 3947 2564 4004 hominem
2603 3949 2861 4005 rationale
2909 3950 3123 4021 animal,
3173 3952 3220 4008 si
3263 3951 3384 4024 ipsa
3419 3951 3690 4008 rationem

2099 4053 2251 4093 suam
2278 4036 2471 4104 nescit,
2513 4037 2772 4108 ignorans
2817 4039 3208 4111 semetipsam‘?
3245 4041 3351 4097 Sed
3395 4040 3533 4096 adeo
3577 4055 3691 4095 non

2099 4127 2334 4198 ignorat,
2370 4134 2430 4182 ut
2455 4133 2747 4197 auctorem,
2779 4136 2833 4184 et
2880 4127 3145 4186 arbitrum
3183 4135 3238 4186 et
3287 4137 3489 4186 statum
3527 4145 3692 4185 suum

1772 4243 1964 4308 Varire
2007 4244 2316 4304 lectiones.

460 4321 726 4395 33_Inquit
762 4320 939 4395 Rhen.
970 4319 1303 4395 ?9_Gestavit
1349 4324 1467 4395 Rig.
1513 4325 1565 4364 ἰο
1600 4327 1695 4383 Est
1738 4326 1866 4383 add.
1910 4324 2083 4380 Rhen.
2126 4321 2173 4358 ταί
2224 4319 2471 4395 Mortalis
2506 4321 2687 4395 ne_sit
2728 4337 2908 4379 annon
2947 4325 3152 4380 absunt
3188 4341 3224 4379 a
3284 4325 3455 4380 Vatic.
3505 4324 3667 4380 codd.

387 4398 444 4450 et
472 4393 556 4452 ed.
585 4392 836 4450 LRhen.
880 4393 1072 4463 abjicit
1101 4394 1276 4449 etiam
1313 4392 1447 4451 Jun.
1491 4396 1540 4433 ¹ι²
1577 4395 1652 4452 Ex
1698 4399 1871 4455 Rhcn.
1919 4399 2050 4451 Par.
2083 4395 2242 4448 Pam.
2292 4392 2342 4430 43
2391 4392 2500 4447 Erit
2544 4393 2715 4450 Rhen.
2766 4396 2926 4451 Pam.
2973 4396 3144 4453 Semt.
3195 4396 3243 4435 ἰει
3296 4396 3470 4450 Possit
3515 4397 3684 4452 Pam.

389 4467 561 4522 Rhea.
616 4467 784 4523 Seml.
824 4465 872 4502 ’⁸⁵
905 4465 988 4518 Ad
1035 4467 1136 4520 hoc
1174 4466 1356 4525 Rhein.
1406 4468 1576 4523 Scml.
1623 4469 1838 4524 Oberth.
1873 4469 1922 4506 46
1968 4464 2112 4520 Nihil
2151 4463 2276 4519 alii.
2323 4463 2371 4500 ιη
2420 4464 2591 4519 Habet
2637 4465 2790 4522 abest
2837 4483 2872 4520 a
2912 4467 3088 4524 Rhea.
3139 4465 3307 4524 Scml.
3361 4467 3408 4504 4⁸
3450 4466 3691 4522 Carnem

383 4538 506 4594 alii.
539 4537 588 4576 49
627 4537 948 4592 Conversam
987 4538 1145 4594 Pam.
1199 4538 1374 4593 Ithcn.
1423 4539 1595 4594 Smel.
1634 4540 1684 4576 ⁵ο
1729 4539 1908 4593 Induis
1937 4539 2096 4592 Pam.
2129 4533 2178 4606 5i
2226 4536 2285 4588 In
2330 4534 2496 4590 illam.
2544 4536 2738 4593 aberat
2784 4553 2814 4591 a
2855 4537 2980 4595 cod.
3027 4539 3258 4596 Pithan’.
3309 4538 3359 4576 ⁵2
3389 4537 3684 4606 Quomodo

384 4609 561 4665 Rhen.
596 4609 765 4666 Seml.
797 4608 847 4646 ⁵³
887 4608 958 4662 Ita
986 4609 1156 4664 Semt.
1186 4607 1236 4646 ⁵4
1273 4610 1369 4663 Hic
1397 4610 1546 4666 abest
1587 4626 1620 4663 a
1649 4609 1824 4667 Rhen.
1858 4610 2028 4665 Scml.
2073 4607 2120 4643 ⁵⁵
2151 4605 2431 4674 Quomodo
2464 4607 2638 4662 Rhen.
2691 4609 2859 4665 Scml.
2911 4609 2960 4647 ⁵6
3006 4610 3253 4666 Pressius
3282 4605 3457 4668 mm.
3493 4609 3541 4648 57
3583 4610 3690 4665 Cui

383 4682 544 4737 Pam.
576 4683 741 4738 Fran.
774 4679 821 4718 57
849 4679 1092 4748 Naturali
1121 4681 1280 4736 Pam.
1313 4683 1482 4736 Fran.
1514 4682 1647 4736 Par.
1679 4681 1728 4718 59
1756 4683 1801 4735 Λ
1831 4697 1888 4735 se
1919 4684 2087 4737 Fran.
2113 4681 2246 4736 Par.
2277 4681 2436 4736 Pam.
2468 4677 2520 4717 60
2549 4678 2722 4735 Faciat
2754 4680 2934 4738 Rhen.
2971 4682 3142 4738 Seml.

1790 4779 2288 4845 Commentarius.

452 4859 566 4933 (57)
601 4860 868 4933 ᾼΖέθνὶαδ.
899 4857 1150 4914 Alterius
1177 4855 1332 4926 dixit,
1362 4872 1461 4928 pro
1490 4859 1658 4929 alius,
1679 4859 1732 4914 id
1771 4867 1854 4916 est
1882 4860 1971 4915 di-

378 4931 552 4988 versae
605 4931 870 4985 RHENAN.

448 5003 954 5076 (58)_Incognit_ar_n
981 4998 1092 5076 sibe
1114 5002 1181 5076 et
1207 4998 1381 5056 nobis.
1403 5001 1687 5076 Rationem
1717 5002 1970 5076 insinuat,

376 5069 475 5133 cur
516 5069 776 5146 _dicerent_
831 5069 1207 5146 Valeptiniani
1259 5072 1651 5146 ostendendam
1720 5069 1976 5146 animam,

376 5143 529 5217 quasi
558 5150 722 5220 _ess_et
763 5141 1054 5220 incognita,
1096 5138 1319 5211 perinde
1369 5153 1453 5199 est
1492 5143 1764 5220 incognita
1811 5138 1974 5219 atque

380 5212 737 5272 ostendenda.
769 5212 906 5266 LAc.

451 5284 568 5354 (59)
602 5285 742 5341 Cum
771 5287 956 5339 totum
976 5284 1118 5354 quod
1143 5301 1337 5342 sumus
1366 5288 1562 5345 am‘ma
1590 5291 1685 5346 sit.
1716 5289 1837 5344 Fuit
1858 5290 1975 5344 Pla-

380 5356 692 5436 tonicorum‘
712 5359 766 5409 et
797 5354 1255 5436 Pythagoreorum
1293 5357 1553 5436 placitum
1601 5361 1836 5436 animam
1877 5376 1972 5415 so-

380 5431 490 5486 lam
521 5442 641 5486 esse
680 5424 986 5482 hominem;
1009 5427 1086 5503 lla
1113 5426 1264 5503 Plato
1292 5424 1346 5481 in
1376 5428 1675 5503 Alcibiade,
1709 5432 1796 5485 ubi
1836 5447 1968 5503 pro-

380 5503 475 5556 bat
503 5515 702 5570 corpus
731 5511 846 5573 non
861 5511 983 5573 esse
1012 5496 1315 5573 hominem,
1345 5501 1437 5553 sed
1476 5496 1712 5573 homini;
1753 5496 1970 5559 cxferna

381 5587 514 5647 vero
543 5566 652 5626 non
685 5583 807 5647 esse
835 5566 1087 5647 hominis,
1111 5569 1215 5647 sed
1246 5569 1492 5647 fortunae:
1511 5566 1786 5647 Adversus
1809 5591 1967 5647 quem

382 5644 523 5718 hanc
552 5640 905 5718 quaestionem
958 5639 1124 5718 agitat
1170 5641 1406 5718 Joannes
1431 5643 1695 5718 _Crispus,
1752 5639 1842 5702 lib'.
1894 5664 1965 5716 IX,

386 5716 461 5773 De
507 5713 751 5772 ethnicis
776 5713 982 5786 philos.
1013 5715 1278 5772 Praeterea
1315 5713 1445 5772 illud
1474 5713 1968 5779 ret'utat'Adrianus

2083 4855 2322 4932 Sas‘bout
2359 4854 2622 4932 Delphius
2636 4857 2792 4932 _hom.
2823 4861 2854 4914 3
2887 4875 3056 4932 super
3088 4859 3362 4930 Gmesz’m,
3385 4859 3534 4931 juxta
3566 4860 3691 4917 Pla-

2081 4928 2224 4985 tonis
2254 4929 2589 4985 sententiam.
2635 4930 2770 4986 Lac.

2153 5015 2267 5085 (60)
2291 5018 2350 5094 Si
2379 5034 2502 5088 ergo
2532 5020 3164 5094 ignoramusamfmam,
3187 5021 3311 5094 ipsa
3337 5038 3396 5079 se
3419 5021 3686 5094 pignorat.

2081 5088 2418 5166 Verunthoc
2448 5088 2708 5166 est,"na_m
2739 5091 2820 5166 vis
2864 5088 3284 5166 intellectiva'in
3342 5088 3526 5149 anima
3576 5103 3684 5166 est,

2082 5175 2183 5215 nec
2235 5159 2390 5237 aliter
2436 5177 2595 5237 quam
2653 5163 2929 5218 intellectu
2994 5163 3199 5237 percipi
3244 5172 3436 5237 potest
3467 5159 3684 5237 anima;

2082 5231 2373 5307 materialis
2402 5234 2545 5307 enim
2575 5247 2766 5288 sensus
2815 5252 2927 5290 non
2960 5231 3176 5307 attingit
3206 5231 3317 5289 rém
3358 5231 3678 5306 spiritalem.

2082 5302 2235 5358 Unde
2267 5303 2312 5357 si
2335 5305 2582 5378 animam
2613 5321 2718 5360 non
2755 5302 3155 5377 c0gnoscimu's,
3197 5302 3598 5378 neque-anima
3625 5325 3682 5364 se

2085 5374 2392 5432 coanoscit.
2434 5374 2565 5432 Lac.

2179 5446 2932 5521 6-1),Νεῖᾰαιγῃ-Αᾳιιαῐίιίιίεε.
2976 5449 3278 5517 Qualitates
3331 5458 3506 5521 vocat,
3569 5467 3678 5508 non

2078 5515 2221 5594 qubd
2263 5515 2435 5594 rigide
2475 5515 2778 5594 philoSOphi
2827 5536 2974 5577 mere
3001 5515 3346 5594 'accidentia,
3392 5515 3504 5578 sed
3542 5541 3678 5594 pro-

2077 5587 2333 5669 prietates
2364 5589 2493 5644 licet
2522 5590 2836 5669 essentiales
2869 5609 3070 5669 rerum,
3101 5609 3298 5669 nempe
3336 5587 3575 5663 qualiter
3622 5603 3680 5650 et

2078 5675 2197 5730 quae
2228 5664 2352 5725 sint,
2385 5672 2445 5713 ut
2477 5668 2660 5728 postea
2689 5664 2762 5721 ait
2793 5665 2860 5721 de
2886 5665 3065 5721 anima
3091 5680 3104 5720 :
3139 5666 3198 5722 Si
3226 5683 3340 5724 non
3367 5669 3477 5724 scit
3506 5684 3679 5724 suam

2077 5731 2429 5803 qualitatem.
2459 5730 2587 5788 Lac.
