4030 6184
237 440 336 500 8‘21

1455 439 1649 499 LIBER
1688 441 1774 500 DE
1810 441 2028 504 CARNE
2066 439 2342 504 CHRISTI.

3421 430 3530 491 822

239 565 398 622 norit.
427 563 576 620 Nihil
605 564 785 620 adhuc
814 563 881 619 de
909 565 1023 620 Deo
1053 565 1286 632 discens,
1318 565 1489 622 Deum
1529 567 1768 623 nominat
1804 587 1817 623 :
1851 583 1898 662 Α
1931 586 2054 628 cum
2101 571 2222 642 ipso
2262 581 2480 642 genere.
2525 562 2760 620 Proinde
2809 569 2863 617 et
2907 560 3088 615 anima
3134 560 3355 628 Christi,
3399 574 3526 616 caro

238 654 373 709 nihil
401 653 578 709 adhuc
600 653 669 709 de
692 653 892 723 judicio
917 655 1037 725 ejus
1063 655 1369 726 admittens,
1399 657 1515 715 Deo
1543 673 1823 714 commen-

240 744 367 800 dare
414 759 475 799 se
520 742 650 799 dicit
694 744 764 802 δι.
795 743 937 799 Nihil
985 746 1160 818 magis
1193 746 1436 813 audiens,
1469 764 1630 820 quam
1670 765 1823 820 spem

240 833 450 890 nullam
479 848 603 888 esse
630 840 754 903 post
783 840 1028 900 mortem,
1060 844 1112 888 et
1141 835 1278 890 bene
1305 843 1360 890 et
1395 838 1532 891 male
1569 838 1826 894 defuncto

239 924 432 994 cuique
471 921 799 990 imprecatur
843 921 911 975 62.
953 923 1169 978 Plenius
1205 924 1322 980 haec
1367 927 1705 998 prosequitur
1762 927 1828 982 li-

239 1012 417 1067 bellus
443 1026 603 1083 quem
632 1008 945 1080 scripsimus
974 1011 1040 1069 de
1069 1014 1398 1070 Testimonio
1418 1017 1648 1073 animce.
1672 1016 1830 1072 Alio-

240 1099 391 1170 quin,
424 1097 473 1156 si
503 1098 683 1154 anima
711 1094 1053 1171 semetipsam
1082 1101 1344 1174 ignorans
1381 1114 1492 1160 erat
1539 1107 1606 1161 ab
1651 1106 1825 1176 initio,

237 1187 372 1244 nihil
432 1205 463 1243 a
517 1189 730 1246 Christo
784 1193 1104 1262 cegnovisse
1158 1191 1436 1264 debuerat,
1495 1195 1600 1250 nisi
1655 1196 1834 1268 qualis

236 1287 396 1335 esset.
448 1278 606 1334 Nunc
649 1284 828 1333 autem
875 1295 978 1334 non
1018 1279 1257 1356 efﬁgiem
1304 1298 1456 1337 suam
1501 1286 1662 1341 discit
1707 1287 1757 1326 62
1795 1303 1828 1342 a

237 1367 472 1434 Christo,
521 1367 618 1422 sed
664 1365 911 1421 salutem.
962 1367 1256 1439 Propterea
1305 1370 1476 1428 776
1523 1373 1697 1430 Filius
1726 1375 1828 1430 Dei

238 1456 542 1529 descendit,
575 1464 628 1512 et
673 1457 910 1512 animam
957 1456 1154 1527 subiit;
1189 1474 1295 1515 non
1337 1469 1391 1515 ut
1421 1463 1538 1534 ipsa
1566 1478 1622 1518 se
1651 1465 1832 1520 anima

237 1553 595 1621 cegnosceret
640 1545 698 1600 in
745 1544 982 1617 Christo,
1024 1547 1119 1603 sed
1149 1555 1206 1603 ut
1243 1548 1513 1607 Christum
1541 1551 1596 1607 in
1626 1563 1828 1610 semet-

235 1635 396 1709 ipsa;
424 1651 535 1692 non
574 1634 717 1691 enim
746 1651 804 1692 se
833 1635 1134 1707 ignorando
1161 1638 1228 1694 de
1265 1641 1435 1696 salute
1478 1643 1824 1713 periclitatur,

237 1728 336 1783 sed
365 1726 469 1782 Dei
497 1724 764 1783 Verbum.
809 1727 949 1792 Vita,
984 1727 1157 1800 inquit
1194 1728 1248 1797 (Ι
1272 1731 1431 1787 Joan.
1468 1748 1506 1798 ι,
1539 1733 1617 1806 2),
1651 1737 1830 1790 mani-

244 1819 463 1887 festata
484 1818 732 1884 est;non
757 1813 954 1885 anima,
988 1823 1092 1872 etc.
1129 1837 1142 1875 :
1187 1819 1331 1884 Veni,
1355 1820 1530 1892 inquit
1560 1822 1714 1890 (Luc.
1746 1839 1826 1892 ix,

251 1867 460 1887 7""""
488 1867 557 1871 π-
585 1867 598 1884 τ
624 1867 730 1870 ν-ννί
764 1867 771 1868 ί
832 1867 954 1885 """7
994 1867 1092 1872 ""
1129 1867 1141 1875 ν
1189 1867 1199 1877 ν
1222 1867 1331 1884 *ν’-ν
1355 1867 1530 1892 ""1""
1561 1867 1714 1890 νέην*
1746 1867 1826 1892 “‘7

251 1904 372 1976 56),
402 1906 652 1961 animam
677 1903 892 1961 salvam
919 1907 1110 1976 facere
1136 1924 1154 1962 :
1184 1923 1293 1962 non
1323 1907 1476 1980 dixit,
1517 1910 1826 1969 ostendere.
1870 1867 1912 1944 Β

248 1994 647 2066 Ignorabamus
699 1992 948 2049 nimirum
1004 1994 1261 2062 animam,
1315 1997 1441 2053 licet
1486 1997 1830 2071 invisibilem,

244 2082 402 2137 nasci
433 2092 484 2137 et
510 2081 670 2153 mori,
699 2081 802 2137 nisi
829 2083 1183 2155 corporaliter
1213 2086 1579 2142 exhiberetur.
1612 2088 1834 2160 Ignora-

235 2172 425 2227 vimus
473 2170 630 2242 plane
687 2183 1110 2229 resurrecturam
1167 2191 1290 2230 cum
1341 2190 1520 2233 carne.
1572 2177 1683 2234 Hoc
1736 2178 1838 2235 erit

240 2261 389 2332 quod
437 2262 684 2318 Christus
725 2262 1100 2320 manifestavit.
1145 2265 1252 2322 Sed
1299 2273 1351 2322 et
1389 2267 1492 2323 hoc
1536 2283 1641 2322 non
1685 2267 1839 2324 aliter

240 2350 294 2404 in
351 2365 433 2416 se,
469 2367 635 2423 quam
680 2351 736 2405 in
774 2352 974 2408 Lazaro
1012 2352 1214 2424 aliquo,
1243 2358 1400 2426 cujus
1427 2371 1555 2412 caro
1585 2371 1694 2412 non
1725 2362 1839 2412 erat

242 2440 514 2505 animalis,
567 2441 641 2495 ita
689 2455 789 2496 nec
834 2440 1012 2498 anima
1069 2443 1313 2498 carnalis.
1348 2443 1492 2511 Quid
1539 2461 1671 2517 ergo
1718 2462 1837 2501 am-

244 2529 382 2598 plius
412 2529 646 2585 innotuit
676 2529 834 2585 nobis
866 2530 935 2586 de
963 2530 1157 2586 animae
1187 2531 1448 2605 ignorata:
1478 2543 1622 2590 retro
1649 2534 1840 2606 dispo-

242 2620 488 2676 sitione?
525 2621 668 2691 Quid
713 2621 978 2678 invisibile
1023 2623 1144 2692 ejus
1189 2623 1309 2692 fuit,
1349 2626 1492 2697 quod
1543 2625 1839 2683 visibilita-

245 2720 349 2766 tem
381 2727 484 2783 per
511 2726 732 2768 carnem
761 2711 1137 2768 desideraret?

831 2855 1055 2914 CAPUT
1092 2857 1245 2916 XIII.

323 2979 461 3034 Caro
512 2977 649 3034 facta
706 2988 786 3035 est
845 2979 1041 3049 anima,
1093 2987 1156 3037 ut
1211 2980 1387 3036 anima
1441 2983 1839 3039 ostenderetur.

243 3067 505 3138 Nunquid
551 3084 681 3142 ergo
729 3076 786 3125 et
815 3083 940 3124 caro
968 3068 1142 3124 anima
1175 3069 1314 3126 facta
1341 3079 1440 3138 est,
1475 3080 1531 3126 ut
1561 3087 1689 3128 caro
1718 3089 1841 3127 ma-

1934 660 2089 727 iacta,
2121 675 2229 716 non
2272 664 2450 731 potest
2495 671 2604 711 non
2651 653 2705 708 id
2740 668 2862 708 esse
2889 648 3034 724 quod
3073 650 3210 706 facta
3238 659 3340 719 est,
3371 657 3422 706 et
3448 649 3524 704 'id

1935 766 2043 806 non
2074 764 2196 804 esse
2223 748 2367 821 quod
2398 745 2583 809 fuerit,
2606 742 2749 799 aliud
2776 741 2980 798 scilicet
3007 739 3164 796 facta.
3189 741 3253 795 Et
3275 737 3528 811 quoniam

1935 839 2240 910 proximum
2270 835 2614 892 adhibuimus
2662 831 2994 902 exemplum,
3038 830 3251 900 plenius
3298 845 3364 885 eo
3408 838 3528 885 ute-

1938 946 2078 984 mur.
2111 931 2264 985 Certe
2294 927 2442 981 enim
2473 932 2605 981 testa
2635 937 2701 977 ex
2730 919 2918 993 argilla
2964 935 3132 974 unum
3181 927 3259 974 est
3310 935 3526 988 corpus,

1937 1035 2213 1091 unumque
2261 1015 2600 1079 vocabulum,
2645 1011 2804 1067 unius
2852 1009 3058 1065 scilicet
3103 1008 3367 1079 corporis.
3417 1009 3530 1063 Nec

1939 1115 2112 1178 potest
2159 1108 2208 1145 64
2255 1104 2359 1162 dici
2406 1113 2459 1160 et
2494 1102 2699 1175 argilla,
2739 1098 2895 1156 777
2931 1097 3059 1170 quia
3090 1098 3236 1169 quod
3267 1097 3390 1164 fuit,
3420 1111 3530 1152 non

1941 1203 2056 1265 est;
2087 1196 2234 1268 quod
2264 1203 2444 1251 autem
2474 1207 2581 1248 non
2611 1199 2712 1260 est,
2746 1188 2963 1244 omnino
3009 1189 3058 1226 6⁵
3105 1203 3213 1243 non
3261 1187 3525 1242 adhaeret.

1939 1284 2081 1356 Ergo
2132 1292 2185 1340 et
2237 1285 2416 1339 anima
2470 1296 2594 1340 caro
2649 1279 2810 1346 facta,
2864 1277 3168 1342 uniformis,
3231 1275 3460 1332 solidata
3510 1295 3525 1335 :

1938 1373 2140 1430 scilicet
2171 1373 2221 1412 66
2247 1371 2592 1444 singularitas
2621 1375 2733 1424 tota
2768 1367 2948 1436 57,est,
2980 1373 3034 1421 et
3060 1365 3353 1422 indiscreta
3401 1365 3530 1421 sub-

1937 1462 2156 1517 stantia.
2185 1463 2245 1517 In
2274 1460 2488 1517 Christo
2514 1471 2643 1516 vero
2671 1455 2977 1511 invenimus
3026 1456 3256 1510 animam
3309 1461 3363 1509 et
3408 1469 3530 1509 car-

1937 1566 2060 1607 nem
2105 1550 2438 1622 simplicibus
2489 1555 2544 1605 et
2586 1545 2747 1603 nudis
2791 1543 3072 1601 vocabulis
3111 1544 3301 1614 editas,
3350 1542 3404 1598 id
3449 1553 3532 1600 est

1936 1639 2168 1694 animam
2212 1637 2464 1705 animam,
2510 1644 2562 1690 et
2590 1649 2787 1690 carnen
2820 1649 3017 1688 carnen
3063 1632 3209 1704 (64);
3261 1647 3530 1704 nusquam

1938 1728 2175 1783 animam
2207 1741 2442 1795 carnem,
2475 1731 2570 1780 aut
2598 1738 2815 1780 carnem
2846 1724 3076 1777 animam
3117 1739 3132 1776 :
3187 1722 3403 1793 quando
3452 1721 3531 1777 ita

1942 1817 2206 1874 nominari
2251 1814 2567 1871 debuissent
2618 1829 2631 1867 :
2677 1811 2722 1867 si
2766 1810 2869 1866 ista
2910 1809 3140 1866 fuissent
3181 1827 3194 1864 :
3245 1811 3340 1866 sed
3369 1811 3530 1866 etiam

1943 1907 2048 1963 sibi
2076 1921 2342 1979 quamque
2372 1903 2729 1962 substantiam
2759 1899 2925 1958 divise
2961 1899 3340 1970 pronuntiatas
3366 1901 3434 1954 ab
3481 1900 3532 1939 68

1941 1998 2076 2068 ipso,
2109 1998 2298 2070 utique
2325 1995 2376 2035 69
2403 2009 2500 2066 pro
2528 1993 2758 2048 duarum
2797 1988 3113 2062 qualitatum
3161 1984 3532 2055 distinctione,

1941 2103 2189 2143 seorsum
2243 2087 2502 2150 animam,
2560 2091 2614 2139 et
2676 2095 2922 2137 seorsum
2979 2092 3216 2134 carnem.
3279 2074 3420 2142 Quid
3483 2073 3535 2113 ἰο
3598 2120 3610 2132 .

1945 2177 2128 2234 anxia
2169 2180 2272 2246 est,
2324 2173 2497 2244 inquit
2543 2171 2766 2244 (Matth.
2816 2183 2978 2232 xxvx,
3028 2169 3142 2237 38),
3183 2167 3381 2222 anima
3407 2179 3536 2220 mea

1946 2281 2120 2339 usque
2152 2265 2224 2321 ad
2257 2266 2540 2321 mortem?
2577 2269 2630 2317 et
2659 2260 2845 2332 (Joan.
2876 2258 2957 2326 v1)
2991 2275 3003 2311 :
3035 2257 3210 2314 Panis
3241 2272 3401 2328 quem
3441 2270 3535 2326 ego

1946 2353 2145 2411 dedero
2165 2369 2266 2426 pro
2294 2352 2480 2409 salute
2507 2351 2714 2407 mundi
2739 2348 2872 2419 (65),
2905 2363 3032 2404 caro
3064 2363 3187 2402 mea
3219 2348 3322 2400 est.
3345 2346 3533 2408 Porro,

1946 2443 1992 2498 si
2035 2442 2212 2498 anima
2247 2456 2371 2496 caro
2411 2439 2620 2504 fuisset,
2651 2453 2820 2494 unum
2847 2443 2987 2492 esset
3015 2435 3071 2490 in
3101 2434 3310 2489 Christo
3341 2447 3537 2488 carnea

1947 2532 2144 2600 anima,
2195 2539 2292 2588 aut
2337 2544 2462 2586 caro
2509 2526 2772 2582 animalis.
2817 2526 2889 2581 At
2932 2540 3054 2581 cum
3087 2523 3276 2579 dividit
3307 2523 3534 2592 species,

1948 2634 2166 2675 carnem
2195 2628 2249 2675 et
2275 2617 2532 2682 animam,
2561 2615 2671 2670 duo
2702 2612 2941 2669 ostendit
2973 2628 2986 2670 :
3023 2611 3070 2668 si
3096 2611 3222 2677 duo,
3267 2612 3379 2680 jam
3428 2625 3538 2665 non

1949 2724 2152 2777 unum;
2187 2707 2232 2764 si
2280 2721 2389 2783 non
2431 2720 2616 2768 unum,
2646 2703 2757 2772 jam
2794 2717 2895 2757 nec
2939 2701 3118 2755 anima
3163 2699 3408 2763 carnalis,
3441 2713 3539 2753 nec

1949 2813 2073 2853 caro
2122 2795 2397 2864 animalis;
2454 2808 2623 2848 unum
2677 2790 2818 2847 enim
2875 2798 2957 2844 est
3012 2788 3190 2842 anima
3241 2802 3384 2852 caro,
3443 2793 3538 2840 aut

1950 2901 2076 2941 caro
2125 2883 2325 2940 anima.
2371 2882 2489 2940 Nisi
2528 2889 2582 2938 et
2626 2895 2870 2936 seorsum
2919 2877 3077 2932 aliam
3133 2876 3375 2947 gestabat
3416 2873 3540 2928 ani-

1950 2990 2117 3042 mam,
2169 2982 2362 3044 praeter
2413 2987 2533 3028 eam
2574 2985 2696 3042 quae
2725 2983 2849 3025 caro
2876 2975 3004 3034 erat,
3039 2973 3091 3021 et
3119 2964 3275 3019 aliam
3304 2963 3539 3018 circum-

1951 3063 2157 3119 ferebat
2190 3078 2422 3127 carnem,
2453 3065 2652 3130 praeter
2681 3059 2824 3112 illam
2855 3071 2976 3127 quae
3005 3054 3182 3109 anima
3212 3059 3345 3108 erat.
3378 3051 3538 3121 Quod

242 3141 635 3213 nifestaretur‘?
683 3158 740 3214 Si
785 3174 910 3215 caro
955 3158 1132 3213 anima
1184 3167 1284 3228 est,
1326 3161 1441 3229 jam
1497 3176 1604 3216 non
1659 3161 1838 3216 anima
1871 3152 1913 3231 Β
1945 3153 1992 3208 8i
2041 3168 2145 3206 una
2191 3165 2337 3216 eam.
2370 3157 2424 3205 et
2469 3163 2580 3203 una
2626 3146 2843 3212 anima;
2891 3144 2982 3200 illa
3033 3144 3198 3199 ῐτίδῐῖε
3244 3157 3416 3214 usque
3470 3141 3540 3196 ad

243 3256 345 3311 est,
381 3245 475 3301 sed
505 3262 648 3303 caro.
683 3247 739 3301 Si
769 3247 946 3303 anima
974 3263 1104 3304 caro
1134 3257 1234 3316 est,
1267 3249 1374 3316 jam
1413 3264 1520 3304 non
1566 3264 1690 3304 caro
1729 3257 1834 3320 est,

241 3334 337 3388 sed
384 3333 582 3389 anima.
631 3334 731 3389 Ubi
776 3351 906 3409 ergo
953 3350 1077 3391 caro
1128 3336 1266 3408 (63),
1302 3343 1356 3393 et
1385 3335 1476 3391 ubi
1516 3337 1691 3392 anima
1731 3346 1833 3404 est,

239 3423 558 3479 alterutrum
603 3421 744 3479 facta
794 3429 894 3479 est.
951 3423 1064 3480 Imo
1106 3424 1151 3479 si
1199 3434 1449 3481 neutrum
1498 3436 1644 3494 sunt,
1703 3427 1837 3484 dum

238 3512 561 3569 alterutrum
606 3511 835 3568 alterum
881 3512 1036 3583 ﬁunt,
1083 3521 1225 3570 certe
1259 3514 1748 3586 perversissimam,
1780 3525 1838 3572 ut

236 3618 461 3658 carnem
511 3603 868 3674 nominantes,
917 3601 1148 3658 animam
1196 3602 1580 3674 intelligamus,
1631 3612 1684 3660 et
1721 3607 1838 3660 ani-

236 3709 384 3747 mam
439 3691 822 3763 signiﬁcantes,
879 3707 1090 3747 carnem
1148 3693 1582 3764 interpretemur.
1643 3692 1836 3750 Omnia

237 3781 697 3851 periclitabantur
742 3779 894 3835 aliter
935 3779 1103 3850 accipi
1144 3796 1304 3851 quam
1335 3787 1476 3846 sunt,
1511 3789 1563 3837 et
1590 3781 1834 3837 amittere

237 3872 388 3941 quod
437 3877 584 3940 sunt,
615 3870 746 3925 dum
792 3869 949 3925 aliter
994 3869 1343 3940 accipiuntur,
1375 3869 1422 3926 si
1473 3869 1626 3925 aliter
1673 3886 1834 3942 quam

236 3968 387 4028 sunt,
449 3958 917 4029 cognominantur.
975 3957 1132 4012 Fides
1199 3957 1483 4012 nominum
1557 3959 1700 4013 salus
1752 3968 1832 4015 est

235 4047 654 4120 preprietatum.
712 4049 890 4102 Etiam
944 4063 1066 4102 cum
1121 4047 1479 4102 demutantur.
1524 4049 1830 4118 qualitates,

235 4137 512 4207 accipiunt
558 4135 942 4195 vocabulorum
987 4133 1382 4206 possessiones.
1432 4133 1596 4189 Verbi
1635 4135 1826 4207 gratia,

239 4223 434 4294 argilla
471 4233 693 4278 excocta
724 4231 874 4280 testae
904 4224 1224 4281 vocabulum
1255 4222 1514 4294 suscipit;
1547 4239 1646 4279 nec
1674 4237 1828 4278 com-

1951 3248 2202 3307 mortem,
2241 3249 2292 3294 et
2341 3238 2430 3293 illa
2476 3235 2628 3308 panis
2673 3250 2776 3305 pro
2821 3234 3022 3288 mundo
3080 3233 3273 3302 salute;
3327 3231 3533 3296 salvus,

1944 3338 2025 3385 est
2074 3343 2334 3385 numerus
2389 3326 2615 3381 duarum
2665 3322 3105 3386 substantiarum,
3159 3319 3216 3373 in
3277 3334 3374 3374 suo
3432 3332 3535 3390 ge-

1943 3434 2070 3474 nere
2116 3414 2446 3484 distantium,
2493 3412 2785 3470 excludens
2822 3425 3036 3466 carneae
3079 3407 3273 3464 animae
3317 3407 3536 3464 unicam

1945 3507 2202 3580 speciem.

2533 3642 2758 3700 CAPUT
2799 3641 2950 3698 XIV.

2017 3771 2124 3829 Sed
2173 3771 2448 3844 angelum,
2481 3770 2647 3836 aiunt,
2700 3767 2926 3844 gestavit
2971 3763 3238 3822 Christus.
3279 3763 3399 3833 Qua
3447 3778 3538 3817 ra-

1945 3861 2134 3918 tione?
2178 3859 2296 3929 Qua
2341 3870 2394 3916 et
2435 3858 2730 3915 hominem.
2758 3857 2960 3913 Eadem
2989 3869 3122 3928 ergo
3153 3861 3234 3909 est
3263 3861 3314 3908 et
3345 3868 3534 3922 causa,

1945 3963 2002 4007 ut
2043 3951 2313 4007 hominem
2362 3956 2595 4021 gestaret
2638 3947 2881 4003 Christus
2915 3964 2926 4005 :
2966 3944 3111 4000 salus
3157 3941 3392 3998 hominis
3439 3940 3540 3998 fuit

1941 4056 2144 4106 causa;
2202 4039 2444 4106 scilicet,
2496 4038 2564 4092 ad
2617 4034 3008 4092 restituendum
3059 4031 3204 4104 quod
3275 4030 3536 4100 perierat.

1937 4131 2112 4185 Homo
2149 4129 2416 4200 perierat;
2469 4126 2743 4183 hominem
2797 4123 3008 4179 restitui
3064 4127 3403 4193 Oportuerat.
3463 4120 3536 4175 Ut

1939 4218 2192 4291 angelum
2238 4225 2470 4288 gestaret
2515 4214 2780 4281 Christus,
2812 4212 2942 4266 nihil
2990 4211 3097 4266 tale
3135 4209 3204 4263 de
3233 4223 3396 4262 causa
3425 4217 3527 4269 est.

241 4290 477 4368 municat
515 4327 643 4368 cum
672 4312 721 4352 53
758 4312 1019 4370 vocabulo
1049 4311 1258 4386 pristini
1294 4290 1530 4384 generis,
1561 4310 1686 4383 quia
1733 4325 1831 4366 nec
1856 4290 1900 4366 Β
1928 4290 2065 4366 Nam
2094 4306 2194 4363 etsi
2224 4305 2423 4376 angelis
2453 4303 2685 4376 perditio
2718 4307 3023 4372 reputatur,
3055 4301 3118 4356 in
3167 4299 3354 4368 ignem
3383 4311 3537 4368 prce-

1624 4458 1815 4524 Varia:
1857 4464 2170 4524 lectiones.

316 4594 361 4632 σι
393 4594 588 4652 Didicit
618 4597 795 4654 Rhen.
842 4598 1012 4654 Seml.
1052 4595 1200 4651 dicit.
1253 4595 1374 4652 Ven.
1413 4593 1463 4632 62
1509 4592 1708 4650 Didicit
1760 4595 1938 4651 Rhen.
1985 4595 2158 4651 Seml.
2203 4591 2251 4630 ‘33
2291 4590 2422 4646 Cum
2466 4590 2622 4645 abest
2663 4605 2698 4644 a
2739 4588 2897 4642 Pam.
2951 4586 3071 4654 Rig.
3115 4582 3162 4620 6³
3194 4582 3356 4636 Testa
3403 4582 3531 4638 add.

241 4667 400 4721 Pam.
433 4668 617 4725 Rhen.
651 4668 700 4705 6⁵
726 4668 843 4722 Non
871 4675 953 4723 est
989 4676 1043 4723 et
1081 4681 1188 4721 non
1227 4667 1484 4731 adhaeret,
1517 4672 1570 4722 et
1599 4665 1778 4719 anima
1809 4667 1968 4721 Pam.
2009 4665 2183 4721 Rhen.
2214 4663 2264 4702 66
2295 4661 2400 4718 Sed
2443 4663 2603 4718 Pam.
2654 4659 2832 4717 Rhen.
2879 4656 2929 4696 6⁷
2976 4656 3117 4710 Tuta
3162 4655 3322 4709 Pam.
3355 4654 3532 4713 Rhen.

245 4735 295 4774 δε
329 4738 684 4796 Pronuntiata
713 4739 814 4796 sub
844 4742 1006 4796 Pam.
1048 4738 1221 4797 Rhen.
1253 4738 1304 4778 59
1347 4736 1558 4806 Ubique
1579 4737 1736 4797 codd.
1775 4738 1978 4794 Wouw.
2022 4736 2071 4774 πο
2101 4736 2166 4792 Ει
2191 4734 2320 4792 add.
2353 4736 2478 4790 Lat.

1650 4880 2159 4944 Commentarius.

311 5024 439 5098 (62),
454 5026 530 5098 Et
547 5023 682 5098 bene
703 5025 924 5098 et-male
943 5024 1220 5098 defuncto
1240 5025 1439 5098 cuique
1458 5025 1838 5098 imprecetur.

246 5094 600 5151 crudelitatis
651 5106 706 5152 et
761 5094 1104 5152 immanitatis
1149 5096 1250 5152 fuit
1303 5094 1554 5150 mortuos
1585 5094 1841 5149 conviciis

246 5166 481 5236 afficere,
515 5168 660 5222 unde
699 5176 887 5224 notum
925 5168 1053 5222 illud
1080 5167 1300 5239 pietatis
1329 5183 1458 5239 erga
1490 5165 1839 5239 mortuossi-

249 5253 416 5307 gnum
463 5239 522 5294 S.
571 5240 632 5293 T.
664 5239 728 5293 T.
760 5240 820 5295 L.
851 5235 1314 5309 Terram—gravem
1345 5235 1488 5294 enim
1517 5245 1705 5309 optare
1734 5235 1837 5291 im-

247 5311 488 5382 precatio
517 5311 764 5382 quaedam
795 5318 928 5366 erat.
969 5311 1045 5365 LE
1077 5311 1174 5366 Pa.

325 5379 436 5448 (63)
458 5377 564 5454 Ubi
611 5397 736 5454 ergo
786 5398 939 5452 caro,
985 5391 1089 5438 etc.
1123 5377 1652 5454 Tertullianusunihil
1681 5378 1842 5433 habet

247 5452 514 5522 propositi
557 5449 726 5517 aliud,
761 5449 932 5524 quam
969 5461 1031 5507 ut
1078 5451 1344 5524 ostendat
1369 5449 1422 5503 in
1466 5451 1676 5524 Christo
1721 5467 1839 5524 car-

247 5521 368 5578 nem
420 5533 473 5578 et
518 5525 753 5578 animam
778 5521 1020 5579 diversae
1069 5525 1236 5579 fuisse
1269 5521 1600 5576 substantiae.
1633 5522 1708 5575 LE
1741 5522 1840 5575 Pa.

314 5593 436 5664 (64)
467 5597 736 5652 Animam
763 5597 1042 5662 animam,
1065 5601 1119 5652 et
1147 5611 1379 5652 carnem
1407 5608 1656 5648 carnem.
1691 5591 1839 5664 Sim-

251 5665 544 5794 plicitatem
612 5667 701 5726 hic
753 5667 1009 5736 affectat,
1066 5675 1126 5723 ut
1182 5664 1645 5738 amphibologiam
1698 5663 1842 5721 vitet.

289 5752 322 5794 ις
395 5753 452 5793 n.

289 5752 322 5795 Β
348 5752 452 5794 PR.

2023 5021 2138 5088 (65)
2177 5019 2350 5076 Panis
2388 5035 2559 5092 quem,
2597 5035 2690 5091 ego
2721 5019 2918 5092 dedero
2944 5035 3047 5092 pro
3077 5019 3262 5092 salute
3313 5019 3535 5077 mundi.

1949 5091 2162 5164 Frivola
2187 5100 2271 5164 est
2296 5090 2654 5164 quorumdam
2693 5090 2959 5164 objectio,‘
2996 5093 3100 5164 qui
3136 5091 3372 5146 effusum
3421 5108 3539 5148 san-

1950 5163 2167 5233 guinem
2224 5162 2408 5217 dicunt
2455 5163 2563 5216 ἀντὶ
2619 5163 2879 5228 πλείστων,
2941 5162 3048 5219 non
3080 5163 3186 5218 ἀντὶ
3244 5165 3463 5232 πάντων,
3491 5164 3538 5220 si

1949 5233 2038 5289 hic
2067 5233 2217 5290 locus
2239 5239 2525 5307 spectetur.
2551 5234 2722 5290 Vertit
2751 5243 2927 5307 autem
2953 5252 3086 5307 ερνο
3105 5239 3290 5292 salute
3311 5237 3536 5301 mundi,

1948 5321 2068 5360 cum
2104 5307 2323 5361 deberet
2351 5304 2528 5361 dicere
2561 5324 2573 5362 :
2604 5322 2708 5376 pro
2737 5305 2941 5362 mundi
2971 5304 3110 5363 cita.
3141 5310 3219 5362 LE
3259 5309 3356 5361 Ρη.

2023 5377 2136 5447 (66)
2173 5379 2238 5435 Ut
2266 5379 2529 5447 angelum
2557 5381 2822 5447 gestaret,
2846 5377 2992 5433 nihil
3015 5381 3130 5435 tale
3154 5379 3219 5435 de
3237 5395 3410 5435 causa
3431 5383 3534 5432 est.

1948 5447 2005 5502 Id
2039 5459 2122 5505 est
2155 5465 2168 5503 :
2203 5464 2310 5505 non
2339 5447 2440 5522 fuit
2468 5464 2648 5514 causa,
2680 5465 2778 5504 cur
2823 5449 3071 5522 angelum
3116 5456 3373 5522 gestaret.
3422 5449 3537 5503 Ob-

1945 5522 2268 5578 servandum
2338 5521 2592 5576 unionem
2649 5521 3175 5591 hypostaticam,_ad
3235 5526 3539 5591 restauran-

1948 5591 2072 5645 dam
2131 5593 2365 5660 aliquam
2421 5589 3007 5661 naturam,70portere
3061 5589 3178 5645 fieri
3235 5589 3288 5642 in
3346 5591 3538 5647 eadem

1957 5669 2166 5718 natura.
2219 5664 2501 5719 Rationem
2555 5661 2729 5717 innuit
2776 5664 3042 5730 Irenaeus,
3101 5661 3198 5718 lib.
3255 5675 3358 5728 ιιι,
3414 5677 3537 5735 cap.

1951 5735 2040 5790 20.
2071 5735 2203 5790 Lac.
