3972 6190
483 408 589 467 823

1158 406 1597 469 TERTULLIANI
1659 408 1924 471 OPERUM
1960 408 2124 469 PARS
2162 408 2233 470 Il.
2275 436 2345 451 —
2408 406 2632 467 SERIES
2670 407 2713 478 1,
2754 406 3093 467 POLEMICA.

3665 410 3766 471 824

479 537 753 607 paratum
780 533 993 591 diabolo
1013 536 1301 606 etangelis
1320 536 1746 607 ejus,nunquam
1768 544 1945 591 tamen
1963 535 2072 591 illis
2102 550 2147 629 Α
2178 533 2233 591 in
2278 534 2458 603 aliquo
2506 532 2783 590 Zacharia.
2834 533 2949 629 lflisi
2991 534 3139 606 quod
3190 549 3222 589 a
3265 533 3576 629 81Christo
3631 551 3765 592 nun-

482 622 747 679 restitutio
778 622 1097 694 repromissa
1128 633 1208 679 est
1252 624 1384 696 (67).
1416 626 1631 680 Nullum
1661 627 1975 680 mandatum
2001 626 2069 681 de

485 712 659 768 salute
705 713 1014 784 angelorum
1065 714 1303 784 suscepit
1349 714 1590 770 Christus
1621 732 1651 769 a
1687 715 1874 771 Patre.
1912 714 2069 783 Quod

485 801 639 855 Pater
686 816 860 871 neque
908 804 1231 871 repromisit,
1273 818 1446 873 neque
1490 802 1782 870 mandavit,
1832 802 2073 857 Christus

486 889 857 945 administrare
896 907 1003 945 non
1057 890 1220 947 778
1269 892 1442 961 potuit
1487 892 1620 963 (68).
1671 890 1770 946 Cui
1797 891 1965 963 igitur
1993 891 2071 945 rei

486 979 737 1055 angelum
795 995 1010 1051 quoque
1057 979 1305 1054 gestavit,
1354 979 1456 1035 nisi
1509 992 1567 1035 ut
1621 980 1901 1035 satellitem
1961 978 2073 1035 for-

487 1074 615 1134 tem,
647 1083 769 1123 cum
818 1084 924 1140 quo
955 1069 1177 1124 salutem
1208 1068 1441 1124 hominis
1470 1070 1813 1139 operaretur?
1843 1069 2074 1124 Idoneus

487 1156 631 1212 enim
678 1173 788 1213 non
837 1164 949 1214 erat
994 1157 1094 1212 Dei
1121 1158 1305 1223 Filius,
1339 1159 1429 1230 qui
1462 1158 1609 1214 solus
1640 1159 1911 1213 hominem
1943 1158 2076 1214 libe-

487 1254 654 1313 raret,
684 1263 715 1301 a
760 1247 877 1302 solo
924 1255 977 1301 et
1002 1246 1261 1319 singulari
1291 1256 1538 1319 serpente
1579 1249 1850 1317 dejectum
1870 1248 1898 1303 ‘I
1926 1248 2073 1319 Ergo

481 1334 598 1403 jam
643 1349 753 1389 non
804 1352 941 1390 unus
981 1335 1144 1402 Deus,
1179 1352 1277 1392 nec
1315 1352 1457 1392 unus
1495 1336 1863 1404 salutiﬁcator,
1896 1337 1939 1391 si
1968 1336 2076 1393 duo

490 1423 680 1479 salutis
728 1423 981 1489 artiﬁces,
1016 1435 1068 1480 et
1114 1426 1298 1497 utique
1328 1426 1460 1481 alter
1488 1428 1657 1482 altero
1685 1426 1956 1497 indigens.
1986 1429 2075 1481 An

488 1527 638 1579 vero,
672 1519 731 1566 ut
759 1529 858 1583 per
884 1515 1135 1585 angelum
1164 1514 1417 1570 liberaret
1443 1516 1716 1570 hominem
1734 1514 1763 1569 εἰ
1801 1514 1905 1569 Cur
1944 1530 2076 1585 ergo

490 1600 771 1657 descendit
797 1603 863 1656 ad
896 1602 948 1655 id
977 1604 1121 1674 quod
1156 1619 1250 1672 per
1280 1603 1531 1675 angelum
1556 1612 1668 1658 erat
1687 1602 2075 1673 expediturus?

493 1689 552 1746 Si
596 1705 695 1761 per
740 1690 1014 1761 angelum,
1046 1691 1175 1761 quid
1207 1698 1260 1745 et
1308 1692 1471 1760 ipse?
1518 1690 1573 1745 Si
1618 1707 1715 1761 per
1753 1707 1827 1758 se,
1860 1690 1989 1761 quid
2026 1697 2079 1745 et

488 1780 762 1850 angelus?
803 1780 986 1833 Dictus
1032 1786 1111 1833 est
1157 1778 1372 1849 quidem
1424 1780 1602 1849 magni
1651 1778 1865 1833 consilii
1911 1795 2077 1850 ange-

493 1869 598 1934 lus,
631 1868 685 1920 id
734 1874 816 1922 est
861 1868 1117 1937 nuntius;
1169 1866 1349 1936 ofﬁcii,
1399 1883 1512 1923 non
1561 1878 1765 1923 naturae
1794 1868 2072 1923 vocabulo.

490 1958 745 2028 Magnum
783 1955 923 2009 enim
953 1956 1245 2029 cegitatum
1275 1957 1467 2023 Patris,
1500 1974 1664 2029 super
1700 1957 1937 2012 hominis
1974 1957 2082 2012 sci-

494 2044 620 2100 licet
668 2044 1025 2112 restitutione,
1074 2045 1487 2102 annuntiaturus
1533 2047 1735 2103 saeculo
1782 2054 1914 2101 erat.
1959 2048 2079 2102 Non

492 2133 616 2188 ideo
662 2140 843 2188 tamen
890 2134 968 2190 sic
1016 2136 1238 2207 angelus
1285 2134 1671 2209 intelligendus
1720 2142 1780 2190 ut
1826 2135 1992 2207 aliqui
2032 2135 2077 2173 Ἡ

496 2220 720 2276 Gabriel
765 2232 856 2278 aut
904 2222 1149 2278 Michael.
1181 2225 1318 2279 Nam
1348 2232 1398 2279 et
1427 2224 1566 2278 ﬁlius
1593 2240 1625 2278 a
1653 2225 1869 2279 domino
1907 2224 2080 2278 vineae

494 2308 725 2364 mittitur
772 2311 839 2365 ad
887 2313 1137 2379 cultores,
1173 2313 1311 2367 sicut
1351 2319 1404 2366 et
1450 2312 1655 2380 famuli,
1705 2312 1771 2366 de
1820 2312 2084 2367 fructibus

496 2399 745 2469 petitum.
776 2400 883 2454 Sed
930 2415 1037 2455 non
1085 2409 1371 2472 prepterea
1400 2416 1538 2455 unus
1566 2416 1632 2455 ex
1664 2399 1879 2455 famulis
1910 2400 2083 2470 depu-

496 2486 695 2542 tabitur
740 2486 901 2553 ﬁlius,
932 2488 1057 2559 quia
1098 2488 1415 2544 famulorum
1462 2489 1725 2544 sucCcssit
1752 2488 1952 2545 ofﬁcio.
1984 2490 2086 2544 Fa-

495 2577 652 2632 cilius
681 2593 813 2651 ergo
841 2578 1036 2650 dicam,
1068 2579 1112 2633 si
1157 2578 1315 2644 forte,
1347 2578 1520 2649 ipsum
1564 2578 1759 2634 Filium
1806 2580 2082 2651 angelum,

496 2664 553 2719 id
583 2670 665 2722 est
695 2667 944 2723 nuntium
972 2668 1160 2733 Patris,
1192 2684 1353 2739 quam
1381 2670 1637 2741 angelum
1668 2668 1723 2723 in
1772 2668 1925 2723 Filio.
1977 2667 2085 2723 Sed

497 2770 620 2810 cum
649 2755 717 2810 de
745 2755 880 2811 Filio
908 2756 1028 2826 ipso
1060 2757 1128 2811 sit
1155 2760 1558 2829 pronuntiatum
1591 2757 1766 2830 (Psal.
1798 2758 1912 2826 vm)
1948 2775 1960 2811 :
1991 2757 2087 2813 Mi-

496 2844 682 2900 nuisti
699 2862 831 2901 eum
844 2846 1127 2903 modicum
1146 2848 1195 2886 ’³2
1217 2847 1355 2919 quid
1374 2848 1522 2903 citra
1544 2846 1790 2918 angelos,
1814 2846 2083 2917 quomodo

494 2933 766 2990 videbitur
802 2936 1048 3007 angelum
1087 2935 1346 3002 induisse,
1376 2937 1452 2990 sic
1478 2934 1617 2989 infra
1659 2936 1880 3007 angelos
1924 2932 2085 2988 dimi-

495 3028 674 3085 nutus,
707 3022 833 3076 dum
881 3024 1043 3077 homo
1089 3023 1149 3077 ﬁt
1193 3024 1262 3092 73,
1291 3040 1397 3095 qua
1426 3040 1547 3080 caro
1576 3031 1628 3078 et
1656 3024 1833 3076 anima
1861 3029 1915 3077 et
1943 3021 2085 3076 ﬁlius

2180 640 2343 695 quam
2372 632 2453 680 est
2479 623 2679 680 dictum
2702 622 2895 694 (Zach.
2922 625 2961 693 1)
2988 640 3001 678 :
3033 626 3101 680 Et
3130 625 3214 679 ait
3240 622 3385 679 mihi
3415 625 3655 695 angelus
3674 628 3765 698 qui

2180 716 2244 771 in
2264 731 2352 771 me
2374 716 2730 785 loquebatur;
2751 712 2848 769 sed
2869 729 2968 768 nec
2985 712 3352 784 quotidianum
3371 712 3500 767 illud
3521 714 3763 770 omnium

2179 805 2563 875 praphetarum
2593 820 2606 857 :
2640 804 2765 858 Ilaec
2791 801 2931 858 dicit
2961 803 3251 860 Dominus.
3292 801 3414 871 Ipse
3460 801 3606 856 enim
3651 812 3766 859 erat

2181 892 2442 949 Deminus
2489 907 2691 955 coram,
2722 907 2785 946 ex
2829 891 2880 929 82
2931 907 3026 945 sua
3070 890 3386 946 auctoritate
3415 891 3767 960 pronuntians

2183 982 2318 1054 (Isa.
2349 987 2388 1051 ι)
2424 997 2437 1035 :
2472 983 2580 1053 Ego
2625 984 2820 1037 autem
2858 978 2979 1035 dico
3015 978 3061 1035 7
3075 978 3187 1034 79
3214 978 3379 1036 vobis.
3414 976 3559 1044 Quid
3600 981 3766 1036 ultra?

2182 1073 2359 1127 adhuc
2405 1070 2599 1125 Isaiam
2649 1070 3035 1126 exclamantem
3083 1068 3209 1124 audi
3256 1069 3385 1138 (Isa.
3416 1067 3575 1139 LXIII)
3607 1085 3621 1125 :
3654 1070 3768 1129 Non

2182 1162 2416 1233 angelus
2445 1174 2624 1232 neque
2655 1158 2889 1231 legatus,
2910 1157 3006 1216 sed
3034 1160 3150 1229 ipse
3182 1157 3452 1215 Dominus
3472 1157 3655 1213 salvos
3684 1176 3766 1217 eos

2186 1250 2350 1321 fecit.

2779 1386 3005 1444 CAPUT
3041 1386 3166 1447 XV.

2256 1513 2425 1571 Licuit
2466 1519 2519 1568 et
2563 1511 2863 1580 Valentino,
2895 1529 2961 1568 ex
3006 1510 3290 1584 privilegio
3342 1511 3625 1582 haeretica,
3652 1528 3766 1568 car-

2185 1618 2309 1658 nem
2354 1602 2551 1659 Christi
2607 1600 2904 1673 spiritalem
2957 1599 3313 1657 comminisci.
3370 1599 3601 1669 Quidvis
3654 1616 3767 1656 eam

2187 1691 2389 1765 ﬁngere
2436 1693 2628 1764 potuit,
2656 1691 2899 1763 quisquis
2944 1689 3233 1744 humanam
3280 1691 3503 1746 credere
3550 1690 3763 1745 noluit:

2186 1782 2398 1853 quando
2443 1781 2613 1852 (quod
2664 1781 2731 1834 ad
2787 1794 2977 1834 omnes
3030 1778 3235 1833 dictum
3290 1777 3392 1849 est)
3437 1777 3484 1832 si
3533 1778 3766 1835 humana

2188 1886 2295 1926 non
2324 1868 2444 1936 fuit,
2475 1885 2575 1924 nec
2600 1884 2665 1924 ex
2694 1867 2932 1935 homine,
2974 1882 3082 1922 non
3110 1866 3267 1922 video
3297 1883 3361 1922 ex
3388 1881 3494 1938 qua
3532 1868 3768 1922 substan-

2188 1960 2263 2016 tia
2290 1958 2410 2031 ipse
2436 1958 2485 1996 8³
2512 1975 2572 2013 se
2602 1958 2671 2024 84,
2694 1957 2939 2013 Christus
2962 1955 3240 2012 hominem
3264 1963 3319 2010 et
3346 1953 3515 2010 ﬁlium
3546 1956 3771 2013 hominis

2189 2047 2544 2120 pronuntiarit
2586 2050 2768 2118 (Joan.
2800 2063 2922 2113 VIII,
2972 2048 3060 2119 40)
3103 2048 3312 2103 :Nunc
3351 2050 3552 2102 autem
3601 2047 3769 2102 vultis

2190 2138 2437 2195 occidere
2448 2138 2731 2194 hominem
2752 2140 2927 2194 verita
2935 2140 3047 2194 tem
3060 2134 3132 2191 ad
3150 2152 3243 2192 vos
3265 2134 3517 2192 locutum
3534 2154 3555 2203 ;
3568 2146 3622 2190 et
3633 2138 3770 2205 (Luc.

2188 2242 2267 2298 v1,
2299 2230 2352 2297 5)
2385 2244 2399 2281 :
2433 2228 2703 2283 Dominus
2732 2230 2813 2282 est
2838 2225 3053 2282 sabbati
3073 2224 3247 2280 Filius
3270 2223 3538 2280 hominis.
3562 2223 3640 2280 De
3660 2224 3770 2297 ipso

2190 2315 2334 2370 enim
2364 2314 2529 2369 Isaias
2557 2314 2687 2384 (Isa.
2718 2329 2834 2380 Lm,
2869 2315 2922 2379 3)
2954 2332 2966 2364 :
3000 2316 3166 2371 Homo
3196 2315 3262 2368 in
3281 2313 3477 2386 plaga,
3511 2317 3569 2370 et
3596 2314 3770 2370 sciens

2190 2406 2342 2476 ferre
2372 2402 2851 2471 imbecillitatem;
2874 2411 2926 2459 et
2952 2403 3210 2459 Jeremias
3242 2404 3468 2473 (Jerem.
3499 2405 3647 2471 xvu)
3672 2420 3686 2456 :
3712 2406 3770 2459 Et

2195 2493 2353 2550 homo
2383 2496 2486 2559 est,
2510 2497 2566 2548 et
2584 2494 2712 2565 quis
2731 2497 3018 2565 cognoscet
3036 2492 3086 2530 8⁵
3102 2492 3266 2549 illum
3286 2492 3314 2545 .9
3331 2500 3386 2546 et
3402 2490 3593 2546 Daniel
3608 2491 3769 2557 (Dan.

2192 2583 2290 2652 v11)
2311 2598 2324 2636 :
2349 2584 2417 2638 Et
2445 2596 2616 2655 super
2634 2582 2803 2639 nubes
2826 2586 3101 2655 tanquam
3130 2582 3281 2653 ﬁlius
3307 2581 3573 2637 hominis.
3606 2581 3771 2635 Etiam

2192 2671 2390 2728 Paulus
2427 2672 2703 2743 apostolus
2733 2672 2785 2741 (Ι
2818 2674 2951 2728 Tim.
2987 2670 3050 2743 11)
3083 2689 3097 2729 :
3132 2671 3399 2727 Mediator
3427 2669 3529 2724 Dei
3574 2672 3629 2726 et
3678 2670 3769 2724 ho-

2191 2760 2435 2830 minum,
2469 2760 2627 2816 homo
2662 2760 2914 2816 Christus
2951 2761 3126 2817 Iesus.
3160 2759 3295 2814 Item
3327 2757 3516 2813 Petrus
3545 2759 3599 2812 in
3629 2756 3768 2813 Actis

2193 2848 2563 2917 apostolorum
2600 2847 2747 2921 (Act.
2788 2847 2830 2918 1)
2874 2864 2887 2902 :
2934 2850 3126 2906 Iesum
3173 2849 3560 2917 Nazarenam,
3590 2848 3769 2904 virum

2192 2936 2340 2993 vobis
2369 2954 2405 2992 a
2433 2938 2539 2992 Deo
2570 2936 2923 2994 destinatum
2954 2938 3091 3007 (69),
3110 2936 3296 3007 utique
3328 2933 3618 2990 hominem.
3654 2934 3771 2987 Haec

2193 3026 2307 3080 sola
2355 3024 2603 3080 sufﬁcere
2649 3026 2763 3081 vice
2807 3025 3225 3097 praescriptionis
3268 3024 3580 3080 debuerunt
3604 3022 3770 3076 adte-

496 3108 777 3165 hominis‘?
817 3126 925 3182 qua
971 3112 1018 3150 7"
1047 3120 1224 3168 autem
1257 3112 1486 3184 Spiritus
1516 3112 1618 3167 Dei
1647 3120 1697 3168 et
1722 3114 1888 3168 virtus
1916 3108 2088 3165 Altis—
2117 3115 2160 3195 ο
2188 3113 2500 3169 stimonium
2547 3115 2726 3170 carnis
2772 3114 3044 3183 humanae,
3075 3122 3130 3170 et
3175 3130 3239 3169 ex
3276 3112 3497 3169 homine
3526 3118 3768 3183 sumptae,

497 3195 622 3250 simi
658 3198 811 3268 (Luc.
844 3201 885 3270 1)
914 3215 1024 3254 non
1055 3209 1231 3272 potest
1260 3201 1404 3257 infra
1432 3201 1649 3274 angelos
1688 3199 1892 3265 haberi,
1936 3200 2086 3254 Deus

496 3285 701 3342 scilicet
728 3295 783 3342 et
811 3287 905 3343 Dei
936 3289 1123 3346 Filius.
1178 3290 1391 3357 Quanto
1434 3303 1585 3359 ergo,
1635 3290 1762 3344 dum
1811 3288 2082 3343 hominem

496 3385 687 3446 gestat,
719 3376 895 3432 minor
924 3377 1129 3449 angelis
1161 3380 1331 3434 factus
1368 3387 1467 3443 est,
1506 3384 1652 3431 tanto
1680 3393 1806 3442 non,
1856 3377 1986 3433 dum
2035 3376 2083 3414 75

494 3466 745 3538 angelum
793 3474 987 3539 gestat.
1033 3468 1233 3523 Poterit
1272 3468 1388 3523 haec
1434 3465 1620 3537 Opinio
1665 3466 1855 3520 Ebioni
1886 3480 2083 3521 conve-

494 3554 631 3624 nire,
680 3555 771 3626 qui
819 3556 1022 3610 nudum
1072 3556 1366 3626 hominem,
1418 3562 1471 3611 et
1518 3560 1719 3609 tantum
1775 3570 1840 3610 ex
1878 3553 2082 3609 semine

493 3642 685 3710 David,
717 3643 770 3696 id
799 3654 899 3709 est,
930 3661 1035 3700 non
1067 3646 1117 3684 76
1146 3654 1199 3700 et
1228 3644 1329 3702 Dei
1354 3644 1542 3713 ﬁlium,
1571 3643 1846 3699 constituit
1872 3644 2078 3709 Jesum,

493 3729 654 3798 plane
700 3731 974 3801 pr0phetis
1019 3731 1198 3805 aliquo
1245 3732 1293 3772 ’Π
1340 3730 1738 3803 gloriosiorem,
1789 3738 1849 3786 ut
1900 3730 1973 3786 ita
2027 3732 2083 3786 in

492 3816 586 3874 illo
634 3819 683 3857 78
729 3819 957 3891 angelus
994 3822 1043 3860 79
1069 3821 1235 3878 fuisse
1265 3822 1474 3878 dicatur
1501 3822 1586 3891 θος
1621 3819 2079 3895 quemadmodum

2192 3209 2249 3258 et
2294 3218 2402 3258 non
2450 3201 2741 3274 Spiritalis;
2776 3202 2913 3259 sicut
2954 3218 3056 3259 nec
3099 3202 3367 3269 animalis,
3399 3218 3501 3258 nec
3530 3202 3766 3263 sidereae,

2191 3305 2291 3345 nec
2318 3289 2685 3365 imaginariae;
2718 3293 2761 3346 si
2806 3293 2922 3347 sine
2970 3288 3147 3347 studio
3195 3297 3249 3346 et
3295 3288 3519 3346 artiﬁcio
3557 3298 3768 3346 conten-

2191 3377 2353 3433 tionis
2380 3380 2610 3435 haereses
2638 3395 2757 3435 esse
2786 3378 3103 3449 potuissent.
3132 3381 3291 3449 Nam,
3314 3386 3373 3435 ut
3403 3394 3571 3450 penes
3586 3394 3769 3450 quem-

2190 3466 2312 3522 dam
2342 3482 2404 3522 ex
2435 3466 2699 3523 Valentini
2729 3467 2957 3524 factione
2984 3468 3036 3507 86
3063 3467 3193 3541 legi,
3221 3469 3397 3539 primo
3430 3483 3539 3522 non
3589 3472 3769 3538 putant

2189 3562 2457 3611 terrenam
2504 3564 2558 3612 et
2604 3558 2892 3612 humanam
2938 3557 2987 3596 87
3032 3557 3246 3613 Christo
3295 3556 3650 3611 substantiam
3690 3557 3767 3611 in-

2188 3644 2493 3711 formatum,
2528 3661 2597 3700 ne
2640 3646 2876 3702 deterior
2920 3645 3131 3720 angelis
3172 3647 3435 3702 Dominus
3473 3644 3766 3716 deprehen-

2189 3731 2369 3799 datur,
2399 3733 2491 3803 qui
2528 3749 2636 3790 non
2682 3742 2911 3792 terrenae
2954 3736 3128 3793 carnis
3175 3736 3492 3792 exstiterunt
3536 3735 3586 3773 8⁸
3608 3750 3626 3801 ;
3668 3732 3758 3787 ἀρ·

2187 3820 2330 3889 hinc.
2360 3822 2507 3895 quod
2546 3832 2815 3895 opOrteret
2851 3824 3081 3884 similem
3123 3825 3297 3883 nostri
3341 3840 3557 3882 carnem
3586 3818 3760 3880 simili-

1868 3963 2061 4025 Variae
2104 3966 2416 4027 lectiones.

562 4092 607 4130 τι
658 4091 838 4169 Aliqui
884 4096 1047 4169 abest
1081 4111 1117 4150 α
1152 4098 1283 4153 Par.
1328 4097 1375 4135 ⁷2
1418 4096 1629 4153 Modico
1679 4097 1852 4155 Rhen.
1901 4095 2069 4153 Seml.
2124 4094 2303 4169 73__Sit
2350 4097 2466 4169 Rig.

2526 4099 2648 4156 Ven.
2699 4099 2747 4138 ’⁷4
2794 4097 2931 4167 Quia
2979 4100 3154 4158 Rhen.
3205 4102 3375 4159 Seml.
3420 4100 3472 4140 75
3517 4100 3756 4156 Nondum

490 4168 651 4221 Pam.
688 4166 856 4222 Seml.
892 4166 951 4239 16
988 4168 1213 4239 Natum,
1264 4183 1373 4224 non
1419 4170 1548 4225 item
1596 4173 1758 4227 Pam.
1804 4171 1979 4225 Fran.
2009 4182 2114 4223 non
2162 4164 2307 4221 idem
2334 4164 2522 4239 ,Se'ml.
2569 4169 2618 4208 75
2658 4164 2836 4227 Modo'
2866 4172 2994 4229 add.
3043 4174 3169 4230 Lat.
3218 4173 3266 4211 75
3315 4172 3601 4228 Nonnullis
3638 4170 3755 4228 add.

491 4240 661 4311 Eran.
700 4239 858 4311 Pam.
891 4236 940 4275 79
967 4236 1237 4311 Angelum
1270 4241 1446 4298 Rhen.
1478 4243 1650 4298 Seml.
1694 4241 1745 4279 θο
1771 4239 1958 4295 Edicat
1986 4239 2160 4311 Rhen.
2195 4238 2445 4311 Seml.81
2491 4240 2539 4294 Α
2573 4244 2758 4299 omitt.
2798 4243 2969 4301 Rhen.
3013 4245 3181 4302 Seml.
3221 4244 3269 4282 82
3293 4244 3360 4301 Et
3399 4246 3557 4300 Pam.
3600 4248 3757 4301 Fran.

485 4308 537 4345 83
568 4309 690 4377 Ipse
736 4308 891 4365 abest
927 4326 962 4362 a
1002 4308 1134 4365 Ρᾱν.
1183 4311 1233 4349 84
1263 4311 1332 4365 Se
1362 4313 1513 4369 abest
1553 4330 1589 4369 α
1618 4312 1793 4370 Rhen.
1836 4311 2005 4369 Seml.
2054 4310 2103 4347 85
2140 4311 2214 4365 Co

2218 4310 2405 4389 gn_o_vit
2449 4312 2625 4369 Rhen.
2658 4314 2830 4372 Seml.
2869 4316 2919 4354 86
2961 4316 3190 4373 Natione
3220 4316 3339 4389 Rig.
3404 4318 3530 4373 Ven.
3571 4316 3763 4371 ratione

490 4378 664 4435 Rhen.
701 4378 749 4416 87
778 4380 848 4435 Et
878 4381 1165 4436 humanam
1192 4384 1379 4440 omitt.
1421 4384 1594 4442 Rhen.
1632 4384 1803 4441 Seml.
1852 4383 1903 4420 88
1932 4378 2246 4437 Exstiterini
2271 4380 2449 4438 Rhen.

1878 4506 2319 4571 Commentariu
2329 4522 2378 4568 s.

559 4638 671 4718 (62)
706 4638 1008 4718 Nunquam
1035 4642 1252 4718 “tamen.
1278 4638 1394 4694 illis
1422 4639 1712 4718 restitutio
1739 4641 2078 4709 repromissa

482 4707 581 4767 est.
615 4707 886 4763 Praevertit
916 4710 1000 4763 hic
1030 4707 1365 4780 Origenistas
1392 4718 1444 4764 et
1473 4707 1831 4765 daemoniacos
1879 4725 2075 4765 recen-

481 4782 669 4849 tiores,
702 4780 793 4850 qui
822 4779 1220 4851 restitutionem
1249 4781 1590 4836 daemonibus
1619 4780 1909 4851 aliquando
1957 4781 2073 4850 pol-

478 4852 731 4915 licentur,
763 4860 816 4903 et
841 4867 943 4974 pro
973 4850 1309 4906 daemonibus
1350 4868 1566 4923 passum
1611 4850 1882 4907 Christum
1927 4852 2073 4907 dixe-

479 4932 626 4974 runt.
660 4922 815 4974 Unde
865 4921 965 4974 icet
993 4921 1418 4974 praecedentibus
1446 4923 1643 4974 verbis.
1669 4922 1724 4974 in
1744 4923 1852 4974 illis
1881 4925 2072 4974 ignem

479 4932 626 4995 runt.
660 4922 815 4977 Unde
841 4921 965 4975 licet
993 4921 1418 4995 praecedentibus
1446 4923 1643 4989 verbis,
1662 4922 1724 4995 in
1744 4923 1852 4979 illis
1881 4925 2072 4995 ignem

478 4993 697 5065 deﬁciat
744 4997 1049 5065 internum,
1100 4992 1186 5065 hic
1231 4995 1468 5064 supplet,
1508 4994 1762 5063 quoniam
1799 4992 2069 5065 nunquam

477 5062 585 5117 illis
628 5062 1438 5137 restitutio“repromissa'iest.
1483 5062 1687 5137 causas
1741 5082 1836 5121 cur
1891 5062 2071 5137 angeli

474 5148 583 5188 non
636 5133 976 5206 restituendi,
1024 5134 1272 5206 appingit
1313 5136 1565 5192 Damase.
1616 5136 1705 5193 lib.
1757 5152 1817 5201 11,
1851 5138 1917 5195 de
1945 5133 2071 5195 Fide

472 5205 729 5280 orthodq
749 5218 873 5276 cap.
919 5207 950 5259 3
972 5205 1072 5280 Aet
1102 5208 1173 5280 4;
1203 5205 1287 5280 ’D,
1336 5208 1573 5263 Thomas
1610 5224 1629 5263 1
1661 5226 1714 5280 p.
1750 5216 1939 5279 quaest.
1978 5212 2067 5275 63,

472 5282 656 5351 art._2.
694 5277 868 5331 Causa
907 5277 1113 5333 scilicet
1144 5277 1450 5351 theologica
1478 5288 1561 5335 est
1590 5297 1604 5334 :
1636 5277 1927 5351 namq—quod
1959 5280 2066 5351 hor-

470 5347 708 5422 minibus
734 5362 881 5422 mors
906 5356 1006 5411 est,
1040 5350 1253 5422 angelis
1279 5347 1360 5405 est
1407 5366 1599 5422 casus;
1633 5358 1685 5404 et
1722 5347 1859 5404 sicut
1894 5350 2066 5405 homi-

468 5419 628 5474 nibus
659 5418 829 5475 omnis
859 5435 985 5490 spes
1015 5418 1361 5490 resipiscendi
1400 5421 1615 5476 sublata
1644 5428 1725 5475 est
1755 5426 1879 5490 post
1925 5436 2066 5476 mor-

470 5499 597 5557 tem,
628 5492 698 5546 ita
745 5489 955 5562 angelis
1000 5489 1135 5562 post
1169 5508 1374 5548 casum.
1420 5493 1552 5547 Inde
1597 5489 1925 5561 Lactantius,
1968 5492 2060 5548 lib.

466 5576 566 5632 vn,
598 5579 719 5632 cap.
751 5564 839 5615 26.
872 5562 1006 5615 Lac.

536 5606 1181 5708 ἷόξῖξηῖέὲἷηθᾳηθ
1197 5637 1720 5708 repromisit,neque
1738 5634 2053 5708 mandauit,

470 5701 722 5764 Christus
751 5701 1157 5764 administrare
1184 5701 1299 5766 non
1317 5701 1532 5778 potuit.
1551 5701 1719 5775 Quasi
1747 5705 1888 5765 dicat
1911 5727 1925 5766 :
1948 5701 2055 5764 De;

2187 4634 2303 4718 buit
2327 4637 2702 4718 administrare
2738 4656 2859 4718 quae
2902 4642 3057 4718 Pater
3090 4642 3335 4718 promisit
3373 4650 3432 4718 et
3451 4644 3769 4718 mandavit,

2188 4715 2245 4761 ut
2293 4708 2478 4763 videas
2523 4708 2950 4768 commendatam
2995 4708 3360 4769 obedientiam
3404 4715 3625 4773 Christi.
3689 4708 3774 4771 Ad

2185 4794 2297 4856 rem
2329 4779 2575 4856 Clemens
2604 4782 2760 4856 Alex.
2789 4782 2880 4838 lib.
2923 4801 2942 4840 1
2965 4782 3192 4856 'Pwdag.
3223 4801 3343 4856 cap.
3382 4786 3469 4852 12,
3496 4787 3575 4842 ait
3625 4804 3778 4844 man-

2178 4849 2449 4932 dataesse
2482 4851 2643 4932 veluti
2672 4855 2764 4932 cha
2776 4866 3006 4932 racteres
3038 4849 3269 4932 divinos,
3291 4849 3490 4932 quibus
3517 4860 3776 4932 potentia

2179 4920 2321 5003 velut
2350 4920 2644 5003 infunditur
2673 4926 2737 5003 ad
2767 4920 3381 5003 perﬁciendumdaliqu'id
3449 4945 3465 4985 :
3515 4920 3777 5003 Χαρακτῆ-

2178 4991 2355 5063 ρίζεται
2408 4992 2492 5053 τὰς
2572 4991 2783 5058 ἐντολὰξ
2845 4996 2993 5057 αὐτὰς
3042 4991 3196 5052 τελεῖν
3262 4991 3507 5055 δύνασθαι·
3598 4991 3776 5058 ’Παπ-

2177 5063 2308 5119 data
2339 5067 2402 5119 ut
2433 5066 2787 5147 characteres
2817 5071 3082 5126 insinuat
3110 5071 3274 5136 Deus,
3305 5076 3371 5128 ut
3418 5075 3546 5145 ipsa
3605 5075 3778 5147 perﬁ-

2177 5148 2300 5190 cere
2320 5139 2618 5205 possimus.
2659 5139 2791 5194 Lac.

2247 5204 2371 5287 (69).
2421 5209 2607 5287 l’irum
2638 5211 2808 5287 _nobis
2854 5228 2921 5287 a_
2934 5215 3050 5287 Deo
3087 5213 3466 5270 destinatum.
3496 5214 3771 5287 Vulgata:

2173 5277 2567 5347 approbatum.
2630 5282 2820 5337 Ortum
2892 5283 3180 5341 discrimen
3251 5287 3319 5340 ab
3377 5277 3774 5358 exemplaribus

2172 5345 2378 5402 Graecis
2435 5368 2606 5406 :nam
2657 5354 2837 5409 aliaue.
2884 5355 3083 5409 habent
3150 5352 3567 5409 ἀποδεδεγιιένον-
3626 5356 3766 5409 auod

2172 5356 2378 5402 Graecis
2435 5368 2606 5406 :nam
2657 5356 2837 5424 aliqua
2884 5356 3083 5436 habent
3150 5356 3568 5429 ἀποδεδεγμένοὴ
3626 5356 3766 5443 quod

2171 5418 2421 5508 Xulgatu's
2496 5425 2868 5508 approbatum
2908 5435 3113 5508 _ve_rt1t,
3175 5427 3608 5508 quaedam_.vero
3648 5448 3765 5508 αξξο-

2171 5484 2696 5568 δεδᾶγμένον,’ίῇιιρά
2752 5505 2833 5552 est
2889 5484 3236 5564 declaratum,
3297 5484 3602 5556 exhib'itum
3632 5501 3761 5565 ,de—

2170 5571 2545 5691 ἷὲἓζιείῗιιιιη,
2570 5566 2727 5634 ἐἰνο,
2771 5578 2829 5624 ιιι
2867 5569 3044 5626 reddit
3088 5570 3473 5637 Tertullianus,
3521 5572 3757 5629 destina-

2285 5672 2300 5687 .
2400 5652 2451 5691 c.

2285 5672 2300 5687 ο
2324 5652 2451 5691 ωιο.
