4030 6184
282 447 389 508 825

1455 449 1648 512 LIBER
1711 451 1799 512 DE
1851 453 2070 517 CARNE
2120 454 2400 518 CHRISTI.

3475 462 3584 522 826

283 583 368 674 ter
403 573 574 644 nasci,
605 588 716 674 non
757 573 825 630 de
868 573 1086 674 spiritu,
1119 590 1221 630 nec
1263 575 1330 631 de
1357 575 1494 674 lico,
1530 578 1625 634 sed
1664 594 1728 634 ex
1766 577 1868 636 viri
1899 595 1946 674 Α
1977 589 2206 649 cuatam,
2293 582 2349 637 in
2405 597 2512 654 qua
2559 580 2716 638 dolus
2743 597 2854 637 non
2901 582 3020 642 fuit.
3081 583 3434 644 Defendimus
3484 603 3579 644 au-

280 663 581 720 voluntate.
722 677 818 717 cur
865 676 973 717 non
1018 662 1087 718 de
1133 663 1439 734 corruptela
1485 665 1611 736 (70),
1660 666 1755 724 sed
1801 667 1871 723 de
1986 680 2091 729 tem
2137 671 2271 744 (⁵71),
2321 687 2431 727 non
2477 686 2698 726 carnem
2750 672 2962 743 peccati
3010 682 3323 730 evacuatam
3361 693 3482 733 esse
3520 677 3577 733 in

282 749 685 823 incorruptela?
711 751 777 806 Et
812 766 980 822 quare
1010 765 1136 816 non,
1169 750 1306 807 sicut
1334 759 1387 807 et
1416 752 1510 808 illa
1556 751 1892 818 resurrexit,’

281 850 340 899 et
387 841 446 896 in
492 840 632 897 C(BIO
676 847 950 910 resumpta
997 847 1097 907 est,
1129 840 1201 895 ita
1241 850 1294 897 et
1340 848 1544 914 nostra,
1587 860 1686 915 par
1731 847 1874 916 ejus,

279 931 465 987 statim
492 929 818 986 assumitur?
845 938 938 984 aut
957 945 1052 985 cur
1082 929 1194 997 illa,
1219 947 1316 1000 par
1345 939 1562 1000 nostrae,
1585 949 1690 988 non
1721 949 1874 1006 reque

279 1019 339 1076 in
370 1028 568 1076 terram
617 1018 879 1074 dissoluta
917 1019 1038 1074 est?
1065 1019 1212 1075 Talia
1256 1027 1309 1075 et
1335 1020 1386 1058 89
1425 1021 1622 1078 ethnici
1659 1024 1875 1079 voluta-

278 1111 455 1167 bunt:
489 1110 632 1184 Ergo
660 1108 756 1162 Dei
807 1105 954 1162 ﬁlius
1004 1108 1056 1163 in
1098 1115 1302 1163 tantum
1329 1109 1648 1166 humilitatis
1673 1113 1878 1168 exhau-

279 1197 443 1255 stus?
469 1198 561 1264 Et,
611 1196 658 1253 si
703 1195 1001 1253 resurrexit
1043 1195 1096 1251 in
1142 1197 1450 1269 exemplum
1497 1202 1614 1270 spei
1655 1209 1874 1267 nostrae,

279 1300 380 1342 cur
398 1283 536 1339 nihil
563 1284 667 1339 tale
711 1283 780 1340 de
825 1282 984 1339 nobis
1029 1284 1313 1356 probatum
1339 1288 1458 1342 est?
1483 1286 1660 1344 780
1688 1289 1876 1345 Merito

280 1373 487 1432 ethnici
519 1371 664 1438 talia,
693 1370 792 1428 sed
840 1373 1028 1430 merito
1070 1384 1124 1432 et
1165 1372 1418 1434 haeretici.
1452 1377 1707 1450 Nunquid
1735 1378 1879 1434 enim

282 1463 425 1519 inter
470 1462 594 1518 illos
640 1461 822 1532 distat,
871 1461 974 1518 nisi
1019 1463 1164 1535 quod
1207 1464 1404 1522 ethnici
1451 1481 1560 1521 non
1610 1469 1879 1524 credendo

281 1551 530 1618 credunt,
562 1558 618 1607 at
645 1549 884 1606 haeretici
922 1551 1197 1608 credendo
1226 1568 1335 1609 non
1379 1555 1644 1611 credunt?
1672 1555 1880 1628 Legunt

282 1637 518 1712 denique
559 1636 734 1708 (Psal.
766 1638 932 1711 vm):
965 1639 1258 1698 Minorastt
1299 1657 1428 1700 eum
1464 1643 1680 1702 modico
1726 1646 1879 1702 citra

283 1727 532 1800 angelos,
561 1736 613 1784 et
653 1734 854 1800 negant
896 1727 1206 1786 inferiorem
1255 1732 1608 1788 substantiam
1655 1733 1872 1805 Christi,

287 1832 396 1872 nec
440 1816 711 1872 hominem
754 1833 836 1886 se,
869 1819 966 1874 sed
1003 1834 1243 1875 vermem
1281 1824 1674 1892 pronuntiantis
1701 1823 1872 1893 (Psal.

1983 761 2216 831 Christo,
2258 760 2349 816 sed
2390 769 2668 831 peccatum
2709 761 2920 829 carnis;
2971 777 3080 816 non
3127 764 3428 831 materiam,
3481 767 3579 821 sed

1985 856 2257 915 naturam;
2309 864 2410 904 nec
2445 849 2814 920 substantiam,
2864 850 2959 906 sed
2997 850 3234 922 culpam,
3278 855 3578 910 secundum

1982 937 2233 1008 Apostoli
2267 939 2638 995 auctoritatem
2667 937 2895 995 dicentis
2926 940 3107 1009 (Rom.
3141 955 3264 1010 vm,
3298 942 3350 1012 3)
3388 959 3401 995 :
3435 947 3584 1001 Eva-

1984 1029 2175 1084 cuavtt
2211 1031 2507 1099 peccat-um
2538 1028 2602 1082 in
2638 1043 2828 1085 carne.
2855 1028 2993 1083 Nam
3025 1038 3078 1086 et
3123 1030 3250 1085 alibi
3281 1032 3489 1104 (ίὺίιί.>,
3517 1034 3582 1089 in

1983 1117 2385 1182 similitudine,
2411 1116 2599 1188 inquit,
2626 1119 2818 1174 carnis
2833 1120 3059 1192 peccati
3088 1119 3255 1177 fuisse
3285 1121 3578 1178 Christum.

1983 1206 2108 1261 Non
2165 1205 2312 1276 quod
2377 1203 2784 1261 similitudinem
2840 1207 3019 1262 carnis
3080 1209 3368 1279 acceperit,
3427 1209 3581 1280 quasi

1985 1294 2278 1366 imaginem
2307 1292 2571 1364 corporis,
2603 1296 2658 1349 et
2702 1308 2813 1350 non
2849 1295 3157 1364 veritatem;
3190 1297 3286 1352 sed
3318 1297 3581 1353 similitu-

1985 1383 2165 1438 dinem
2212 1382 2529 1453 peccatricis
2577 1383 2751 1438 carnis
2799 1383 2915 1439 vult
2951 1382 3213 1456 intelligi;
3270 1386 3417 1456 quod
3463 1386 3583 1457 ipsa

1986 1486 2094 1526 non
2123 1471 2394 1542 peccatrix
2434 1486 2558 1526 caro
2587 1469 2805 1538 Christi,
2836 1472 2956 1542 ejus
2985 1471 3084 1528 fuit
3129 1489 3247 1544 par,
3282 1476 3437 1546 cujus
3468 1480 3583 1531 erat

1991 1558 2147 1616 781
2198 1565 2510 1631 peccatum;
2555 1576 2776 1634 genere,
2811 1575 2920 1616 non
2965 1561 3096 1618 vitio
3138 1563 3312 1622 Adae:
3362 1563 3578 1635 quando

1985 1648 2115 1703 hinc
2169 1647 2330 1702 etiam
2391 1646 2777 1703 confirmamus
2830 1663 2946 1704 eam
3013 1648 3179 1706 fuisse
3243 1666 3460 1706 carnem
3523 1650 3581 1706 in

1983 1734 2218 1804 Christo,
2264 1735 2420 1805 cujus
2455 1731 2658 1790 'natura
2699 1747 2782 1792 est
2821 1737 2876 1790 in
2911 1737 3128 1793 homine
3179 1741 3477 1810 peccatrix;
3526 1745 3582 1794 et

1983 1822 2060 1877 sic
2091 1823 2143 1877 in
2173 1822 2265 1880 illa
2293 1831 2572 1895 peccatum
2601 1831 2934 1890 evacuatum,
2964 1825 3107 1898 quod
3137 1825 3192 1880 in
3218 1826 3429 1884 Christo
3461 1827 3578 1883 sine

291 1905 455 1976 xxx);
484 1905 573 1976 qui
609 1905 740 1975 (Ira.
785 1905 903 1978 Lm)
947 1921 1052 1964 nec
1079 1907 1329 1978 formam
1371 1909 1583 1975 habuit,
1615 1927 1720 1968 nec
1747 1925 1876 1983 spe-
1909 1877 1952 1956 Β
1981 1920 2201 1982 peccato
2239 1877 2521 1981 habeatur,
2549 1928 2672 1986 quae
2702 1913 2756 1967 in
2793 1877 3014 1968 homine
3053 1913 3169 1968 sine
3215 1923 3438 1984 peccato
3469 1931 3578 1972 non

291 1996 474 2061 ciem;
521 1993 613 2049 sed
654 1993 824 2049 forma
868 1993 988 2066 ejus
1034 1994 1310 2066 ignobilis,
1355 1997 1612 2068 despecta
1648 1999 1696 2038 91
1745 1999 1878 2055 citra

284 2097 483 2138 omnes
512 2083 781 2148 homines;
815 2083 978 2139 homo
1001 2083 1054 2137 in
1077 2084 1254 2156 plaga,
1274 2093 1326 2140 et
1345 2085 1524 2141 sciens
1543 2086 1685 2142 ferre
1712 2086 1880 2145 imbe-

280 2171 576 2228 cillitatem.
607 2173 924 2242 Agnoscunt
968 2172 1244 2228 hominem
1284 2175 1398 2230 Deo
1427 2176 1662 2246 mistum,
1694 2185 1748 2232 et
1776 2193 1877 2233 ne-

278 2269 413 2332 gant
453 2259 753 2316 hominem.
782 2261 1054 2316 Mortuum
1082 2261 1326 2329 credunt,
1356 2270 1408 2318 et
1437 2264 1581 2335 quod
1611 2272 1694 2320 est
1732 2281 1878 2321 mor-

279 2355 460 2415 tuum,
486 2364 554 2404 ex
582 2347 948 2421 incorruptela
966 2353 1152 2406 natum
1175 2367 1296 2407 esse
1326 2352 1690 2409 contendunt:
1723 2356 1878 2426 quasi

275 2438 594 2510 corruptela
629 2437 773 2494 aliud
816 2440 886 2494 sit
931 2456 964 2494 a
1011 2450 1202 2507 morte,
1238 2461 1263 2492 ‹‹
1296 2439 1402 2498 Sed
1445 2449 1498 2498 et
1544 2452 1723 2498 nostra
1753 2460 1877 2501 caro

278 2527 470 2582 statim
497 2543 780 2599 resurgere
803 2527 1055 2584 debebat.
1093 2551 1116 2580 ι
1152 2531 1424 2602 Exspecta
1457 2549 1471 2586 :
1503 2533 1741 2588 nondum
1771 2535 1878 2589 ini-

281 2617 458 2671 micos
502 2631 632 2672 suos
680 2616 926 2674 Christus
970 2619 1256 2691 oppressit,
1301 2627 1363 2676 ut
1405 2637 1531 2677 cum
1579 2623 1766 2679 amicis
1810 2625 1880 2680 de

283 2704 520 2763 inimicis
546 2705 854 2778 triumphet.

878 2797 1104 2853 CAPUT
1142 2799 1288 2856 XVI.

355 2884 606 2955 Insuper,
637 2886 1056 2957 argumentandi
1091 2887 1330 2957 libidine,
1365 2903 1430 2944 ex
1469 2887 1641 2944 forma
1672 2888 1877 2963 ingenii

278 2972 547 3038 haeretici,
587 2974 770 3030 locum
807 2974 910 3030 sibi
947 2975 1076 3032 fecit
1101 2975 1406 3033 Alexander
1445 2977 1555 3044 ille,
1588 2979 1740 3050 quasi
1778 2994 1878 3036 nos

276 3059 638 3132 afﬁrmemus,
662 3063 868 3121 idcirco
894 3064 1169 3122 Christum
1188 3066 1390 3122 terreni
1417 3083 1610 3123 census
1639 3067 1878 3124 induisse

1983 2001 2304 2058 habebatur.
2335 2002 2472 2056 Nam
2501 2017 2676 2073 neque
2715 2001 2778 2056 ad
2827 2001 3170 2072 propositum
3218 2002 3416 2057 Christi
3447 2003 3580 2060 facc-

1983 2099 2064 2146 ret
2107 2091 2420 2148 evacuantis
2462 2100 2746 2165 peccatum
2792 2091 2990 2158 carnis,
3037 2107 3148 2147 non
3202 2091 3257 2146 in
3309 2108 3371 2148 ea
3417 2108 3581 2149 carne

1983 2194 2244 2236 evacuare
2289 2179 2444 2248 illud,
2492 2180 2548 2235 in
2596 2197 2702 2253 qua
2750 2189 2864 2237 erat
2911 2188 3098 2236 natura
3146 2182 3372 2253 peccati,
3403 2197 3580 2254 neque

1984 2269 2052 2324 ad
2098 2268 2348 2342 gloriam.
2383 2268 2525 2336 Quid
2571 2270 2711 2324 enim
2757 2285 3035 2342 magnum,
3072 2270 3118 2324 si
3163 2270 3217 2324 in
3268 2284 3426 2327 carne
3466 2287 3580 2326 me-

1983 2356 2139 2423 liore,
2186 2366 2239 2413 et
2295 2357 2534 2423 alterius,
2585 2357 2638 2412 id
2695 2366 2774 2413 est
2825 2374 2931 2415 non
2991 2358 3305 2431 peccatricis
3352 2367 3576 2427 naturae,

1984 2462 2194 2504 naevum
2220 2447 2271 2486 93
2299 2447 2564 2502 redemit?
2593 2449 2761 2519 Ergo,
2795 2447 2997 2520 inquis,
3029 2449 3075 2504 si
3107 2456 3344 2504 nostram
3382 2448 3575 2517 induit,

1986 2535 2250 2608 peccatrix
2282 2534 2382 2590 fuit
2418 2551 2543 2592 caro
2574 2535 2792 2592 Christi.
2825 2535 2946 2593 Noli
2995 2537 3370 2610 constringere
3404 2539 3581 2609 expli-

1984 2625 2216 2682 cabilem
2257 2640 2497 2681 sensum.
2538 2624 2797 2680 Nostram
2828 2625 2974 2680 enim
3015 2625 3260 2694 induens,
3294 2642 3446 2681 suam
3495 2627 3577 2682 ic-

1987 2713 2090 2779 cit;
2123 2729 2275 2768 suam
2308 2712 2526 2777 faciens,
2559 2729 2668 2766 non
2717 2713 3070 2784 peccatricem
3109 2728 3229 2767 eam
3282 2713 3428 2769 fecit.
3462 2716 3578 2772 Cie-

1989 2811 2158 2858 terum
2215 2801 2383 2872 (quod
2432 2799 2499 2854 ad
2546 2814 2736 2855 omnes
2784 2802 2981 2855 dictum
3033 2800 3121 2871 sit,
3171 2801 3260 2871 qui
3299 2801 3419 2856 ideo
3468 2817 3578 2859 non

1986 2899 2173 2962 putant
2197 2905 2406 2945 carnem
2456 2897 2695 2946 nostram
2743 2890 2796 2944 in
2830 2889 3042 2946 Christo
3090 2889 3282 2958 fuisse,
3313 2890 3439 2963 quia
3467 2906 3578 2946 non

1985 2977 2086 3033 fuit
2135 2994 2199 3034 ex
2249 2978 2351 3037 viri
2399 2980 2627 3048 semine)
2671 2979 3019 3035 recordentur
3070 2978 3237 3035 Adam
3295 2980 3477 3052 ipsum
3522 2979 3577 3035 in

1985 3069 2124 3124 hanc
2150 3083 2384 3133 carnem,
2415 3083 2521 3124 non
2549 3083 2614 3124 ex
2641 3067 2850 3123 semine
2877 3067 2976 3124 viri
3008 3068 3226 3125 factum.
3254 3067 3404 3124 Sicut
3433 3077 3578 3126 terra

273 3166 528 3219 carnem,
562 3160 621 3207 ut
665 3161 947 3210 evacuaret
987 3154 1043 3208 in
1081 3156 1375 3226 semetipso
1402 3171 1616 3212 carnem
1646 3157 1874 3229 peccati.
1912 3158 1956 3236 (ς
1985 3171 2245 3214 conversa
2278 3166 2360 3212 est
2403 3155 2458 3209 in
2496 3156 2637 3213 hanc
2685 3171 2902 3211 carnem
2950 3156 3066 3212 sine
3113 3157 3214 3214 viri
3248 3160 3471 3228 semine,
3503 3159 3578 3213 ita

272 3238 449 3307 Quod
503 3241 601 3296 etsi
647 3239 974 3311 diceremus,
1019 3259 1332 3315 quacunque
1378 3245 1585 3300 ratione
1632 3247 1877 3300 munire-

271 3344 411 3384 mus
457 3330 776 3384 sententiam
822 3337 1084 3398 nostram,
1134 3332 1262 3386 dum
1316 3346 1384 3388 ne
1429 3339 1578 3388 tanta
1622 3332 1874 3403 amentia,

266 3433 392 3490 qua
425 3417 655 3489 putavit,
689 3425 942 3492 tanquam
980 3418 1152 3492 ipsam
1183 3435 1400 3476 carnem
1442 3421 1641 3477 Christi
1677 3423 1874 3491 opine-

268 3523 430 3576 mur,
499 3515 560 3562 ut
623 3509 999 3580 peccatricem,
1056 3515 1363 3566 evacuatam
1418 3509 1477 3566 in
1529 3512 1694 3582 ipso:
1750 3529 1876 3570 cum

265 3598 434 3654 illam
461 3602 517 3653 et
555 3596 625 3651 ad
655 3597 931 3654 dexteram
969 3599 1138 3655 Patris
1177 3599 1232 3654 in
1261 3599 1412 3656 caelis
1446 3603 1723 3672 presidere
1753 3619 1875 3658 mc-

269 3685 621 3756 minerimus,
679 3695 735 3742 et
786 3694 1067 3744 venturam
1123 3687 1269 3755 inde,
1317 3702 1579 3762 suggestu
1638 3700 1876 3762 paternae

269 3773 568 3841 claritatis,
628 3773 1004 3845 prmdicemus.
1051 3775 1223 3847 Adeo,
1281 3785 1342 3833 ut
1402 3786 1714 3836 evacuatam
1768 3797 1876 3838 non

269 3877 582 3936 possumus
609 3860 662 3902 93
701 3861 898 3931 dicere,
938 3863 1012 3919 ita
1039 3879 1142 3921 nec
1187 3866 1571 3939 peccatricem;
1612 3884 1711 3925 nec
1747 3885 1876 3928 eva-

1986 3254 2040 3300 et
2064 3243 2162 3300 Dei
2192 3243 2428 3299 Verbum
2457 3243 2636 3314 potuit
2662 3244 2778 3299 sine
2801 3245 3027 3317 coagulo
3046 3244 3100 3299 in
3131 3246 3380 3317 ejusdem
3401 3245 3576 3303 carnis

1986 3332 2213 3390 transire
2239 3333 2535 3390 materiam.

2556 3473 2779 3532 CAPUT
2817 3475 2989 3530 XVII.

2052 3601 2160 3660 Sed
2216 3599 2439 3658 remisso
2501 3599 2806 3656 Alexandro
2863 3615 2985 3657 cum
3044 3597 3159 3655 suis
3215 3597 3567 3672 syllogismis,

1983 3706 2123 3764 quos
2191 3689 2246 3745 in
2309 3688 2865 3762 argumentationibus
2936 3695 3169 3760 torquet,
3228 3687 3386 3744 etiam
3451 3703 3572 3742 cum

1983 3777 2205 3852 psalmis
2258 3778 2528 3836 Valentini
2593 3777 2730 3850 (72),
2791 3794 2929 3850 quos
2980 3793 3178 3850 magna
3233 3775 3571 3847 impudentia

1983 3868 2136 3942 quasi
2185 3868 2366 3925 idonei
2410 3866 2645 3940 alicujus
2687 3867 2919 3925 auctoris
2955 3865 3246 3933 interserit,
3299 3866 3366 3922 ad
3411 3881 3575 3921 unam

1659 3966 1852 4030 Variae
1894 3971 2202 4033 lectiones.

348 4067 408 4107 89
450 4067 520 4124 Et
572 4069 761 4126 omitt.
812 4067 989 4128 Rhen.
1038 4069 1208 4127 Seml.
1269 4069 1322 4110 98
1369 4069 1696 4129 Volutabant
1743 4075 1904 4130 Pam.
1957 4074 2131 4132 Rhea.
2183 4071 2232 4112 91
2279 4071 2502 4129 Defecta
2565 4075 2734 4132 Fran.
2789 4074 2952 4130 Pam.
3009 4072 3059 4112 92
3119 4070 3392 4129 Possimus
3436 4072 3576 4130 Jun.

270 4139 328 4181 93
360 4140 575 4196 Naxum
611 4141 749 4196 Jun.

1681 4214 2174 4280 Commentarius.

355 4320 471 4444 φο)
504 4321 576 4375 Et
602 4335 705 4375 cur
731 4335 848 4376 non
891 4317 959 4375 de
995 4320 1338 4393 corruptela.
1370 4318 1464 4374 Hae
1494 4325 1617 4374 sunt
1644 4321 1867 4392 argutiae

355 4390 807 4444 tentinianorum.
840 4407 960 4444 ante
990 4390 1292 4444 Alexander
1336 4390 1422 4444 ille
1452 4391 1865 4444 conscripserat.

277 4390 807 4463 Valentinianorum,
840 4407 960 4462 quae
990 4390 1292 4463 Alexander
1336 4390 1422 4463 ille
1451 4390 1865 4463 conscripserat.

274 4461 524 4532 Qumstio
567 4463 686 4518 haec
731 4461 917 4532 postea
961 4470 1216 4518 renovata
1258 4462 1311 4516 in
1370 4461 1632 4517 Oriente:
1667 4461 1869 4517 'utrum

276 4532 490 4605 scilicet
516 4533 716 4590 Christi
752 4548 876 4589 caro
920 4533 1282 4605 corruptibilis
1326 4533 1410 4590 vel
1449 4532 1870 4605 incorruptibilis

1974 4321 2081 4376 hoc
2127 4318 2338 4390 capite:
2373 4319 2605 4391 primum
2652 4323 2853 4391 purgat
2898 4317 3200 4391 Catholicos
3236 4319 3302 4391 ab
3331 4317 3434 4374 hac
3461 4316 3571 4372 im-

1978 4388 2226 4461 postura';
2301 4388 2548 4460 alterum,
2605 4388 2833 4459 explicat
2897 4389 3188 4458 quomodo,
3249 4389 3403 4461 licet_
3443 4405 3568 4446 caro

1979 4459 2175 4518 Christi
2204 4460 2368 4516 fuerit
2394 4476 2458 4516 ac
2489 4459 2693 4528 ucstra,
2726 4469 2906 4514 tamen
2945 4475 3050 4514 non
3082 4461 3351 4529 peccatrix
3381 4459 3564 4518 fuerit.

1977 4534 2338 4604 Quamobrem
2379 4531 2567 4612 titulus
2591 4529 2800 4612 _capitis
2841 4529 2919 4612 (ip
2968 4539 3076 4610 vet.
3122 4530 3422 4612 edit.),._qu.i
3470 4534 3570 4588 ob-

273 4603 466 4686 fuerit,
496 4615 557 4661 ut
582 4605 822 4686 monuit
821 4604 1061 4686 Reginus
1080 4600 1301 4686 _<_:o_mes,
1335 4605 1492 4686 epist.
1508 4606 1589 4686 “ad
1619 4600 1867 4686 Fulgent.
1902 4605 1948 4682 ο
1977 4600 2170 4686 scurus
2211 4613 2312 4685 est,
2363 4602 2534 4686 pot'uit
2574 4600 2822 4683 decipere
2869 4600 3184 4686 Baronium;
3238 4600 3363 4656 erit'
3387 4602 3572 4686 itaque

270 4677 442 4746 cujus
489 4676 740 4732 meminit
782 4676 1085 4732 Ferrandus
1113 4677 1383 4733 Diaconus
1412 4676 1466 4731 in
1497 4678 1865 4735 Parcenetico.

267 4750 413 4805 Lac.

351 4820 472 4890 (71)
503 4820 865 4893 Defendimus
883 4821 1097 4893 autem.
1126 4818 1397 4893 Integrum
1426 4819 1538 4893 hoc
1560 4826 1719 4893 caput
1746 4834 1872 4889 apo-

267 4889 428 4962 logia
457 4902 541 4946 est
582 4889 686 4962 pro
725 4889 1043 4962 Christianis
1085 4889 1606 4962 contracalumnias
1634 4891 1873 4946 Alexan-

267 4960 387 5027 dri,
451 4962 543 5032 qui
597 4961 908 5033 imponebat
969 4961 1078 5033 illis
1139 4960 1447 5017 existimare
1518 4963 1870 5031 peccatricem

267 5047 506 5090 carnem
555 5032 826 5088 Christum
877 5032 1149 5088 habuisse.
1195 5033 1362 5088 Miror
1414 5033 1721 5100 Baronium,
1781 5049 1868 5087 an.

268 5105 483 5161 Christi
515 5175 519 5176 ί
551 5108 676 5171 209,
724 5105 829 5160 hoc
881 5110 1045 5176 caput
1099 5119 1206 5176 non
1243 5103 1616 5176 intellexisse;
1686 5103 1874 5160 tribuit

269 5192 428 5232 enim
457 5175 768 5232 Alexandro
804 5174 1396 5232 huic—diversissimam
1424 5175 1674 5230 haeresim
1705 5176 1771 5228 ab
1810 5190 1874 5230 ea

271 5263 444 5318 quam
500 5247 711 5305 habuit.
768 5248 846 5303 Ita
910 5245 1057 5318 enim
1111 5247 1477 5318 Alexandrum
1544 5247 1874 5318 exprobrans

277 5317 578 5373 exclamat:
617 5337 640 5369 ι
676 5319 902 5373 Carnem
935 5317 1154 5382 Christi,
1191 5317 1272 5372 sui
1303 5326 1442 5383 ortu,
1476 5318 1609 5387 proh
1661 5317 1869 5372 scelus!

275 5387 451 5458 impie
479 5389 698 5444 dicebat
745 5389 996 5444 infectam
1038 5388 1206 5444 fuisse
1251 5398 1487 5458 peccato.
1523 5409 1546 5438 ι
1574 5389 1688 5442 Νοη
1726 5388 1872 5444 enim

271 5459 336 5514 id
388 5459 601 5515 dicebat
661 5460 984 5529 Alexander,
1035 5461 1128 5515 sed
1168 5458 1376 5514 dicebat
1424 5473 1523 5513 nos
1570 5459 1874 5516 Catholicos

269 5529 332 5604 id
367 5530 570 5598 dicere,
602 5531 656 5585 in
686 5547 794 5604 quo
821 5532 1041 5604 egregie
1073 5531 1445 5604 mentiebatur.
1465 5533 1557 5604 AAc
1592 5538 1874 5604 prOpterea

269 5602 397 5673 ipse
467 5600 981 5668 carnem—Christi;
1011 5617 1080 5656 ne
1137 5603 1340 5657 diceret
1397 5600 1652 5673 infectam
1707 5600 1874 5673 fuisse

347 5681 527 5738 ccato,
559 5673 893 5743 spiritualem
926 5673 1191 5746 tingebat.
1228 5673 1286 5728 Id
1332 5672 1512 5746 colligi
1536 5688 1621 5746 _ex
1652 5671 1870 5746 Tertul-

297 5745 424 5802 ἱειιο
472 5741 689 5816 potest,
717 5760 828 5802 non
871 5741 1041 5803 aliud:
1067 5745 1149 5801 Ac
1192 5741 1487 5816 propterea
1518 5743 1627 5802 duo
1671 5741 1780 5815 agit
1815 5741 1872 5799 in

1978 4676 2067 4731 hic
2111 4675 2307 4730 clarior
2337 4672 2410 4731 ε’σι
2447 4672 2749 4742 Responsio
2782 4687 2878 4744 pro
2924 4672 3235 4744 Catholicis,
3266 4673 3413 4744 quod
3444 4672 3571 4730 caro

1978 4762 2106 4802 vera
2133 4746 2331 4802 Christi
2361 4745 2628 4816 peccatrix
2674 4742 2798 4798 non'
2826 4742 3011 4798 fuerit.
3046 4763 3069 4792 ι
3105 4744 3260 4807 Lac.,
3286 4742 3572 4800 adnotan-

1986 4820 2132 4875 tibus
2161 4819 2307 4872 Enn.

2049 4890 2164 4960 (72)
2199 4888 2335 4946 Cum
2361 4887 2601 4944 Psalmis
2622 4887 2950 4960 Valentini.
2981 4883 3309 4960 Eorumdem
3348 4882 3485 4960 infra
3514 4883 3574 4941 ﬁt

1981 4955 2181 5014 mentio
2228 4976 2344 5031 cap.
2378 4963 2445 5014 20
2478 4979 2490 5016 :
2533 4979 2558 5010 (ι
2587 4959 2756 5014 Νοὺιε
2800 4956 3129 5031 quoque‘ad
3168 4958 3306 5011 hanc
3335 4955 3572 5025 speciem

1980 5031 2176 5112 Psalmi
2206 5029 2733 5112 patrocinabanturi
2766 5029 2871 5112 non
2893 5029 3474 5112 .quidemnapostataa,
3519 5035 3572 5083 et

1981 5099 2241 5171 haeretici,
2273 5112 2325 5156 et
2354 5102 2610 5158 Platonici
2643 5099 2977 5170 Valentini,»
3013 5109 3116 5154 etc.
3145 5100 3362 5155 Videtur
3391 5110 3570 5171 autem

1981 5190 2047 5228 ex
2098 5170 2380 5229 posteriori
2436 5174 2555 5228 loco
2604 5172 2925 5228 Valentinus
2978 5188 3084 5226 una
3133 5187 3258 5227 cum
3297 5170 3572 5227 Nicolaitis

1982 5252 2034 5301 et
2087 5243 2363 5300 Gnosticis
2410 5244 2627 5316 (quibus
2663 5260 2793 5316 eum
2832 5259 3092 5316 errorem
3119 5244 3348 5316 ascribit
3395 5243 3572 5298 Phila-

1981 5316 2313 5387 strius)‘non
2355 5313 2642 5386 agnovisse
2681 5315 2923 5370 Psalmos
2966 5313 3155 5370 David.
3187 5314 3337 5383 Quos
3385 5321 3573 5387 postea

1980 5386 2214 5443 imitatus
2263 5387 2456 5442 Paulus
2500 5389 2900 5451 Samosatenus,
2952 5395 3084 5441 teste
3133 5387 3327 5440 Euseb.
3361 5386 3568 5442 Hister.

1983 5460 2130 5515 Eccl.
2180 5459 2274 5515 lib.
2316 5474 2414 5524 vn,
2446 5474 2564 5529 cap.
2616 5462 2704 5523 24,
2754 5459 2998 5512 Psalmos
3035 5455 3128 5529 qui
3178 5457 3232 5509 in
3283 5456 3572 5529 Dominum

1980 5531 2161 5587 Jesum
2203 5525 2534 5598 dicebantur,
2561 5544 2771 5585 cessare
2820 5529 2961 5592 fecit,
3003 5525 3145 5583 velut
3175 5525 3481 5598 neotericos
3521 5533 3575 5581 et

1981 5617 2154 5677 nuper
2179 5600 2455 5677 inventos;
2491 5596 2528 5655 a'
2568 5617 2626 5677 se
2656 5614 2800 5677 _vero
2831 5599 3187 5677 compositos,
3223 5596 3417 5677 diebus
3465 5597 3573 5677 Pa-

1981 5667 2146 5735 schae,
2175 5671 2229 5724 in
2262 5667 2450 5726 medior
2472 5670 2740 5735 ecclesiae,
2773 5667 3032 5738 mulieres
3055 5683 3249 5723 canere
3273 5667 3469 5738 jussit;
3502 5667 3576 5724 ita

1980 5751 2039 5798 ut
2064 5744 2404 5800 horresceret
2445 5740 2491 5796 si
2539 5740 2662 5812 quis
2706 5739 2935 5797 audiret.
2967 5737 3102 5808 Quae
3139 5738 3306 5797 verba
3351 5737 3474 5798 ideo
3519 5738 3577 5796 in
