3972 6190
381 371 488 430 827

1052 363 1489 427 TERTULLIANI
1526 364 1794 427 eranum
1833 365 1994 426 rans
2033 368 2100 428 ιι.
2165 399 2239 413 -
2292 369 2517 430 SERIES
2547 371 2589 439 1,
2629 333 2982 428 POLEMIGA.

3566 373 3668 433 828

377 495 492 563 jam
537 492 732 548 lineam
786 490 1224 564 congressionem
1271 490 1584 562 dirigamus,
1635 506 1704 545 an
1741 507 1962 550 carnem
2001 509 2049 587 Α
2081 510 2205 552 nem
2230 510 2381 568 aeque
2409 494 2855 552 introdueendum
2885 502 2998 552 erat
3025 495 3124 551 Dei
3153 495 3388 554 Verbum
3420 507 3668 556 exstruc-

384 583 626 639 Christus
684 597 752 636 ex
806 580 1015 655 virgine
1077 579 1359 650 acceperit,
1419 589 1478 636 ut
1531 581 1640 636 hoc
1693 583 1966 652 praecipue

384 673 543 729 modo
573 673 860 726 humanam
891 686 1009 726 eam
1041 678 1266 735 constet,
1302 671 1346 724 si
1389 687 1452 725 ex
1483 671 1719 726 humana
1751 673 1978 729 matrice

387 762 740 819 substantiam
786 761 966 817 traxit.
1012 760 1326 833 Quanquam
1374 760 1526 832 liquit
1567 761 1615 798 94
1647 761 1760 831 jam
1813 771 1865 818 et
1911 764 1979 818 de

387 853 603 909 nomine
658 851 911 918 hominis,
965 859 1016 905 et
1071 851 1120 889 9⁵
1167 851 1234 904 de
1282 857 1424 906 statu
1468 850 1758 922 qualitatis,
1807 859 1858 907 et
1914 853 1979 907 de

389 959 548 997 sensu
597 939 947 1009 tractationis,
979 947 1031 994 et
1075 938 1142 995 de
1181 939 1323 994 exitu
1370 938 1644 1010 passionis
1691 942 1980 996 humanam

390 1030 714 1088 constitisse.
765 1033 904 1085 Ante
952 1029 1130 1085 omnia
1178 1037 1354 1083 autem
1404 1029 1827 1084 commendanda
1881 1031 1982 1086 erit

389 1124 524 1178 ratio
553 1138 672 1192 qua)
704 1119 933 1192 praefuit,
966 1128 1025 1174 ut
1056 1120 1157 1173 Dei
1183 1119 1353 1173 Filius
1381 1120 1448 1174 de
1475 1119 1687 1189 virgine
1721 1136 1980 1176 nascere-

393 1221 494 1268 tur.
527 1213 678 1268 Nove
707 1208 851 1264 nasci
896 1208 1126 1263 debebat
1158 1222 1311 1262 novae
1353 1207 1641 1264 nativitatis
1687 1208 1979 1275 dedicator,

391 1303 462 1357 de
490 1318 596 1373 qua
639 1299 856 1373 signum
903 1299 1126 1353 daturus
1165 1296 1430 1352 Dominus
1457 1297 1524 1351 ab
1555 1297 1693 1352 Isaia
1723 1297 1983 1369 praedica-

391 1392 564 1446 batur.
595 1389 754 1459 Quod
794 1389 845 1428 96
883 1395 964 1442 est
1011 1387 1154 1442 istud
1183 1387 1436 1457 signum?
1477 1390 1614 1444 Ecce
1661 1389 1813 1460 virgo
1852 1405 1986 1445 con-

391 1482 562 1552 cipiet
593 1480 654 1535 in
683 1482 864 1544 utero,
897 1481 951 1534 et
978 1478 1162 1550 pariet
1189 1476 1378 1545 ﬁlium
1407 1475 1541 1546 (Isa.
1573 1479 1691 1544 vn).
1725 1476 1988 1548 Concepit

391 1568 554 1641 igitur
609 1569 761 1641 virgo
827 1576 882 1622 et
938 1567 1147 1637 peperit
1200 1563 1630 1632 Emmanuelem,
1688 1565 1983 1619 Nobiscum

392 1660 582 1714 Deum.
615 1658 741 1713 Haec
783 1665 863 1713 est
903 1655 1150 1711 nativitas
1180 1670 1336 1722 nova,
1368 1653 1702 1710 dumihomo
1749 1654 1986 1712 nascitur

391 1747 445 1802 in
468 1749 618 1818 Deo;
650 1745 813 1803 78.2
843 1745 898 1798 in
930 1759 1039 1816 quo
1073 1743 1289 1799 homine
1318 1744 1464 1797 Deus
1499 1751 1656 1798 natus
1686 1750 1788 1812 est,
1821 1759 1981 1798 carne

2083 585 2280 642 torium
2310 585 2428 640 vitae
2458 602 2471 642 :
2507 594 2566 640 ut
2592 585 2732 658 quod
2765 601 2859 656 per
2885 585 3153 654 ejusmodi
3184 602 3376 642 sexum
3401 586 3613 644 abierat
3645 589 3670 628 δ

2082 674 2140 729 in
2182 674 2560 744 perditionem,
2590 690 2687 744 per
2727 673 2981 730 eumdem
3025 690 3212 730 sexum
3243 675 3580 749 redigeretur
3617 679 3668 732 in

2085 763 2331 819 salutem.
2379 763 2690 820 Crediderat
2733 765 2852 818 Eva
2897 764 3179 834 serpenti:
3238 764 3467 822 credidit
3511 765 3674 821 Maria

2087 851 2343 908 Gabrieli.
2375 851 2533 922 Quod
2562 851 2650 906 illa
2679 851 2953 908 credendo
2981 851 3224 923 deliquit,
3257 853 3372 908 haec
3399 854 3676 910 credendo

2087 942 2297 998 delevit.
2332 962 2354 991 ι
2391 941 2496 998 Sed
2521 942 2542 980 ⁷
2573 942 2682 996 Eva
2716 941 2847 995 nihil
2891 949 3020 996 tunc
3057 942 3304 1013 concepit
3351 942 3404 996 in
3432 950 3587 998 utero
3613 960 3676 1000 ex

2089 1029 2289 1086 diaboli
2315 1032 2500 1087 verbo.
2538 1050 2561 1080 ι
2604 1030 2718 1085 Imo
2765 1031 3032 1100 concepit.
3063 1031 3197 1084 Nam
3235 1030 3433 1086 exinde
3478 1039 3539 1086 ut
3583 1033 3677 1088 ab-

2083 1120 2232 1190 jecta
2259 1127 2491 1191 pareret,
2523 1129 2578 1175 et
2622 1119 2676 1177 in
2723 1119 3003 1176 doloribus
3033 1130 3262 1190 pareret,
3294 1121 3532 1177 verbum
3559 1121 3675 1177 dia-

2092 1208 2195 1264 boli
2251 1225 2431 1264 semen
2470 1208 2548 1264 illi
2597 1208 2716 1265 fuit.
2760 1209 2935 1264 Enixa
2981 1217 3063 1265 est
3117 1209 3352 1282 denique
3407 1211 3674 1266 diabolum

2093 1297 2440 1354 fratricidam.
2484 1298 2702 1364 Contra,
2754 1297 2921 1353 Maria
2966 1314 3091 1353 eum
3122 1298 3312 1370 edidit,
3346 1298 3440 1370 qui
3485 1315 3676 1356 carna-

2092 1387 2201 1442 lem
2253 1388 2475 1444 fratrem
2521 1387 2707 1453 Israel,
2757 1386 3202 1458 interemptorem
3249 1402 3428 1458 suum,
3471 1387 3678 1446 salvum

2091 1476 2417 1549 quandoque
2445 1483 2742 1549 praestaret.
2775 1477 2834 1532 In
2861 1474 3074 1535 vulvam
3103 1491 3234 1550 ergo
3264 1477 3413 1534 Deus
3445 1475 3681 1533 Verbum

2096 1581 2258 1621 suum
2301 1564 2508 1632 detulit,
2551 1566 2752 1622 bonum
2798 1566 3038 1633 fratrem,
3084 1573 3145 1622 ut
3189 1566 3507 1624 memoriam
3561 1566 3680 1622 mali

2093 1654 2272 1710 fratris
2316 1655 2558 1712 eraderet
2602 1657 2646 1712 8.
2693 1657 2824 1712 Inde
2879 1655 3260 1727 prodeundum
3309 1655 3410 1712 fuit
3464 1656 3676 1714 Christo

2091 1743 2161 1799 ad
2189 1743 2421 1800 salutem
2447 1745 2698 1814 hominis,
2729 1761 2836 1818 quo
2863 1747 3028 1802 homo
3052 1747 3166 1817 jam
3192 1745 3477 1804 damnatus
3504 1745 3675 1805 intra-

393 1794 618 1818 -.-μη
657 1794 801 1803 --,.-
843 1794 898 1798 -_
934 1794 1032 1816 ν-
1318 1794 1460 1797 ___._
1693 1794 1788 1812 --η
2095 1794 2161 1799 η-
2190 1794 2270 1798 η-

393 1837 597 1908 antiqui
627 1835 848 1890 seminis
891 1841 1159 1904 suscepta,
1190 1833 1310 1886 sina
1351 1832 1555 1887 semine
1584 1822 1802 1903 antiquo
1842 1834 1977 1906 ('73),
2020 1794 2063 1870 Β
2098 1840 2270 1891 verat.

395 1934 455 1983 ut
484 1927 626 1981 illam
658 1939 796 1981 novo
835 1922 1061 1991 semine,
1094 1922 1146 1976 id
1195 1931 1278 1978 est
1326 1922 1636 1992 spiritaliter
1671 1922 1985 1980 reformaret

395 2015 622 2072 exclusis
669 2012 997 2084 antiquitatis
1052 2012 1327 2078 sordibus,
1373 2011 1662 2084 expiatam.
1715 2013 1817 2070 Sed
1873 2021 1985 2070 tota

395 2105 602 2158 novitas
647 2103 769 2166 ista,
811 2103 945 2158 sicut
992 2110 1044 2159 et
1090 2103 1144 2157 in
1194 2101 1465 2167 omnibus,
1497 2102 1566 2156 de
1605 2104 1768 2159 veteri
1814 2103 1986 2175 figura

396 2199 498 2260 est,
530 2192 774 2247 rationali
824 2209 917 2261 per
965 2190 1235 2262 virginem
1282 2190 1627 2261 dispositione
1671 2191 1719 2230 97
1750 2192 1986 2248 Domino

397 2292 670 2337 nascente.
717 2281 883 2355 Virgo
940 2291 1053 2336 erat
1103 2281 1279 2336 adhuc
1332 2289 1472 2335 terra
1530 2282 1765 2336 nondum
1822 2297 1986 2352 opere

397 2387 726 2444 compressa,
762 2369 1000 2426 nondum
1050 2369 1273 2424 sementi
1303 2369 1522 2423 subacta
1554 2386 1566 2422 :
1615 2386 1680 2425 ex
1723 2385 1788 2426 ea
1814 2370 1992 2426 homi-

397 2477 523 2516 nem
572 2460 771 2516 faetum
801 2459 1106 2529 accepimus
1133 2458 1184 2495 93
1213 2474 1243 2512 a
1270 2458 1384 2512 Deo
1427 2459 1480 2512 in
1527 2459 1759 2514 animam
1786 2461 1984 2516 vivam.

399 2550 570 2623 Igitur
601 2551 646 2606 si
678 2549 882 2620 primus
928 2549 1102 2604 Adam
1150 2548 1218 2602 de
1265 2556 1407 2603 terra
1441 2546 1491 2584 99
1522 2547 1764 2614 traditur,
1797 2549 1990 2605 merito

400 2653 656 2710 sequens,
686 2636 768 2693 vel
809 2636 1134 2694 novissimus
1179 2633 1372 2700 Adam,
1405 2643 1464 2689 ut
1514 2635 1809 2705 Apostolus
1837 2637 1990 2704 dixit,

399 2729 625 2800 proinde
654 2727 720 2782 de
748 2735 906 2791 terra,
939 2726 990 2780 id
1020 2733 1120 2791 est,
1143 2740 1304 2780 carne
1334 2725 1575 2780 nondum
1609 2726 1624 2762 ι
1657 2727 1989 2798 generationi

402 2816 692 2889 resignata,
727 2816 780 2870 in
829 2814 1076 2885 spiritum
1114 2813 1470 2869 vivificantem
1502 2829 1533 2868 a
1579 2816 1692 2868 Deo
1739 2822 1821 2870 est
1869 2829 1994 2885 pro-

400 2905 558 2962 latus.
600 2905 665 2960 Et
716 2912 914 2970 tamen,
945 2919 1012 2958 ne
1059 2903 1082 2940 ²
1120 2902 1252 2956 mihi
1293 2910 1443 2958 vacet
1481 2901 1725 2958 incursus
1763 2902 1998 2957 nominis

403 2993 536 3050 Adae
560 2992 698 3063 (74),
724 2992 866 3047 unde
897 2991 1140 3046 Christus
1157 2991 1180 3028 3
1200 2990 1375 3045 Adam
1402 2989 1469 3044 ab
1491 2991 1755 3061 Apostolo
1777 2993 1797 3029 ’I
1818 2991 1997 3047 dictus

2661 1977 2882 2033 CAPUT
2915 1977 3110 2034 XVIII.

2163 2103 2335 2171 Nunc,
2367 2111 2426 2158 ut
2463 2101 2758 2174 simplicius
2802 2104 3243 2174 respondeamus,
3273 2117 3384 2160 non
3425 2111 3692 2176 compete-

2093 2192 2184 2248 bat
2220 2191 2388 2249 783
2417 2209 2480 2248 ex
2533 2192 2740 2248 semine
2786 2193 3023 2249 humano
3053 2193 3151 2247 Dei
3195 2191 3397 2248 Filium
3428 2193 3597 2258 nasci,
3629 2210 3692 2250 ne

2097 2283 2143 2338 si
2171 2281 2195 2320 9
2227 2289 2368 2339 totus
2395 2289 2536 2338 esset
2565 2281 2708 2337 tilius
2736 2281 2988 2348 hominis,
3014 2297 3122 2337 non
3151 2288 3290 2336 esset
3319 2290 3374 2336 et
3403 2282 3503 2338 Dei
3530 2281 3690 2349 ﬁlius,

2095 2371 2342 2444 nihilque
2369 2371 2602 2427 haberet
2629 2371 2863 2442 amplius
2890 2370 3176 2427 Salomone
3203 2369 3342 2441 (76),
3377 2378 3431 2425 et
3460 2371 3695 2442 amplius

2095 2463 2266 2528 Jona;
2297 2464 2353 2515 et
2382 2459 2450 2514 de
2482 2459 2708 2516 Ebionis
2747 2459 3005 2530 Opinione
3031 2458 3334 2516 credendus
3363 2467 3498 2526 erat,
3531 2460 3696 2532 Ergo,

2097 2554 2206 2622 jam
2250 2549 2350 2605 Dei
2396 2549 2564 2604 Filius
2611 2564 2677 2604 ex
2723 2548 2896 2604 Patris
2947 2547 3049 2604 Dei
3086 2547 3294 2604 semine
3337 2549 3474 2617 ('17),
3524 2548 3578 2604 id
3617 2558 3696 2606 est

2098 2638 2307 2710 Spiritu,
2337 2645 2394 2692 ut
2428 2646 2570 2693 esset
2609 2647 2662 2693 et
2704 2637 2751 2676 ιο
2792 2636 3024 2692 hominis
3053 2635 3219 2703 ﬁlius,
3251 2652 3376 2694 caro
3409 2637 3460 2693 ei
3489 2637 3605 2695 sola
3653 2638 3696 2679 ιι

2101 2736 2215 2786 erat
2255 2743 2319 2783 ex
2366 2725 2601 2782 hominis
2647 2741 2808 2782 carne
2845 2725 3123 2795 sumenda,
3159 2725 3275 2780 sine
3321 2724 3425 2782 viri
3472 2728 3694 2786 semine.

2104 2819 2340 2874 Vaeabat
2387 2817 2530 2871 enim
2575 2817 2674 2872 viri
2723 2831 2905 2872 semen
2954 2816 3020 2881 12,
3071 2813 3219 2888 apud
3267 2814 3560 2872 habentem
3603 2815 3701 2872 Dei

2107 2923 2311 2963 semen.
2371 2907 2578 2976 Itaque,
2630 2905 2768 2960 sicut
2823 2904 3067 2960 nondum
3132 2909 3292 2959 natus
3345 2918 3412 2960 ex
3476 2904 3702 2979 virgine,

2108 3004 2316 3067 patrem
2347 2997 2518 3051 Deum
2569 2994 2770 3050 habere
2798 2993 2972 3065 potuit
3008 2991 3127 3048 sine
3164 2989 3382 3047 homine
3422 2997 3594 3048 matre
3624 2992 3698 3063 13;

404 3091 507 3147 est,
539 3083 584 3135 si
628 3081 829 3137 terreni
877 3095 984 3135 non
1029 3080 1127 3135 fuit
1169 3095 1362 3135 census
1409 3079 1572 3134 homo
1617 3079 1772 3152 ejus?
1811 3081 1911 3136 Sed
1944 3089 1998 3138 et
2028 3079 2071 3158 ο
2103 3103 2280 3158 inque,
2320 3102 2445 3142 cum
2493 3084 2560 3140 de
2607 3084 2820 3156 virgine
2876 3088 3204 3150 nasceretur,
3246 3079 3430 3153 potuit
3472 3088 3699 3138 matrem

405 3173 494 3230 hic
523 3172 655 3228 ratio
701 3171 962 3237 defendit,
996 3170 1139 3242 quod
1183 3171 1330 3226 Deus
1359 3169 1382 3207 ⁵
1410 3169 1700 3243 imaginem
1738 3179 1790 3225 et
1834 3170 1992 3226 simi-

404 3261 682 3318 litudinem
728 3277 901 3327 suam,
947 3277 978 3315 a
1023 3259 1242 3314 diabolo
1287 3268 1518 3330 captam,
1560 3260 1752 3316 aemula
1800 3275 1992 3331 opera-

406 3352 553 3409 tione
581 3350 940 3424 recuperavit.
963 3351 1023 3404 In
1047 3349 1307 3421 virginem
1331 3348 1470 3402 enim
1493 3349 1668 3404 adhuc
1691 3349 1853 3406 Evam
1876 3350 1993 3421 (75)

406 3441 696 3516 irrepserat
721 3441 946 3498 verbum
987 3437 1393 3496 aedificatorium
1443 3437 1664 3507 mortis;
1718 3437 1772 3492 in
1821 3439 1992 3512 virgi-

2101 3177 2302 3230 habcre
2351 3173 2625 3231 hominem
2657 3173 2702 3213 14
2729 3173 2846 3229 sine
2876 3170 3094 3228 homine
3123 3177 3291 3241 patre.
3326 3169 3417 3225 Sic
3465 3169 3699 3240 denique

2101 3267 2264 3321 homo
2298 3280 2423 3322 cum
2447 3265 2581 3329 Deo,
2614 3261 2745 3320 dum
2770 3275 2896 3318 caro
2927 3259 3164 3316 hominis
3193 3273 3315 3316 cum
3344 3257 3546 3328 spiritu
3583 3258 3694 3315 Dei.

2101 3352 2239 3408 Caro
2267 3347 2381 3405 sine
2431 3349 2669 3415 semine},
2722 3364 2792 3406 ex
2842 3347 3094 3417 homine;
3150 3347 3374 3420 spiritus
3429 3363 3555 3403 cum
3614 3363 3699 3404 se-

2101 3438 2262 3506 mine,
2293 3456 2356 3496 ex
2385 3439 2520 3496 Deo.
2551 3437 2723 3510 Igitur
2759 3438 2808 3495 si
2849 3435 2954 3494 fuit
2996 3436 3278 3510 dispositio
3327 3435 3554 3494 rationis
3583 3437 3694 3509 (78)

1805 3537 1998 3600 Variae
2042 3541 2354 3600 lectiones.

477 3650 528 3688 94
578 3647 749 3703 Licuit
791 3647 965 3704 Rhen.
1015 3644 1183 3702 Seml.
1240 3642 1291 3682 95
1339 3643 1405 3698 Et
1441 3643 1628 3715 omitt.
1690 3643 1864 3700 Rhen.
1918 3645 2086 3700 Seml.
2123 3645 2188 3715 796
2235 3643 2374 3712 Quid
2424 3645 2542 3715 Rig.
2585 3642 2634 3681 9⁷
2677 3641 2901 3715 Homine
2951 3641 3080 3697 add.
3131 3644 3302 3700 Fran.
3357 3644 3494 3700 Par.
3546 3644 3696 3715 Pam.

407 3721 459 3758 98
500 3718 804 3789 Accipimus
850 3718 1024 3774 Rhen.
1083 3716 1463 3789 P_am.~Se_ml.
1506 3714 1558 3789 θεῖ
1589 3716 1672 3789 _Ita
1715 3716 2054 3789 inserrPar.
2079 3714 2131 3789 πί
2174 3715 2300 3789 _Non
2348 3713 2532 3789 Rhen.
2563 3714 2733 3789 Seml.
2774 3713 2797 3789 ξι
2845 3714 3172 3789 1\_lm_li‘ram1
3211 3717 3373 3789 Pam.
3423 3713 3701 3789 utrumuis

411 3791 597 3846 omitt.
633 3783 757 3844 Lat.
793 3790 814 3826 3
843 3789 925 3842 Ad
970 3787 1222 3842 eumdem
1254 3786 1495 3858 Christus
1535 3785 1708 3842 Rhen.
1755 3787 1920 3842 Seml.
1956 3787 2010 3841 in
2060 3785 2330 3858 Christum
2355 3803 2458 3858 pro
2507 3785 2636 3840 Adae
2675 3785 2826 3858 unde
2853 3783 3094 3858 Christus
3141 3787 3319 3858 Pam,
3349 3784 3696 3858 sfprostolis

414 3861 591 3917 Lat..5
621 3859 715 3912 Dei
747 3859 918 3914 Rhen.
945 3859 1112 3913 Se-ml.
1147 3861 1178 3910 6
1205 3857 1412 3910 Abierit
1441 3859 1612 3912 Fran.
1661 3858 1781 3925 Rig.
1828 3859 1951 3913 Ven.
1986 3858 2007 3895 7
2048 3857 2111 3912 Et
2144 3857 2270 3912 add.
2321 3855 2495 3915 Rhen.
2540 3857 2708 3914 Seml.
2739 3856 2764 3894 8
2798 3856 3066 3911 Redderet
3095 3857 3272 3912 Rhen.
3301 3855 3327 3896 9
3375 3857 3494 3912 Nisi
3524 3857 3696 3914 Rhen.

415 3933 462 3969 ιο
492 3933 555 3986 Et
584 3931 768 3985 omitt.
804 3932 959 3984 Pam.
995 3929 1168 4000 Rhen.
1219 3927 1263 3966 11
1299 3929 1373 3982 Ea
1413 3927 1526 3983 sola
1553 3944 1676 4000 quae
1708 3928 1879 3985 lihen.
1913 3929 2092 3987 Seml.
2133 3927 2150 3966 1
2187 3929 2382 3985 Semen
2425 3929 2522 3988 viri
2569 3929 2742 3986 Ithen.
2783 3926 2953 3985 Seml.
2991 3927 3039 3966 ¹³
3084 3927 3251 3985 Matre
3281 3929 3474 3988 omitt.
3525 3928 3697 3986 Rhea.

415 4002 462 4042 14
493 4003 776 4058 Hominem
805 4002 990 4060 omitt.
1027 3999 1204 4057 Rhen.

1810 4072 2306 4137 Commentarius.

412 4181 646 4236 medium
691 4181 934 4246 adducta,
968 4186 1025 4233 ut
1065 4185 1358 4252 agnoscant
1403 4192 1540 4248 quos
1592 4185 1840 4252 auctores
1875 4181 1997 4236 imi-

413 4259 592 4308 tentur
645 4252 813 4307 nostri
858 4249 1124 4306 moderni'
1161 4249 1536 4304 Maroticorum
1592 4250 1790 4320 potius,
1834 4269 1997 4322 quam

415 4323 609 4380 Christi
659 4324 983 4396 psalmorum
1040 4330 1289 4396 cantores
1345 4323 1999 4396 et__can_tatrices,ridque

416 4396 508 4451 tali
563 4393 687 4450 cum
729 4395 916 4462 boatu,
957 4405 1012 4450 ut
1056 4394 1270 4449 animus
1317 4393 1650 4449 audientium
1707 4393 1998 4466 perhorre-

418 4475 548 4522 scat.
586 4468 724 4521 Pan.

487 4539 602 4621 (73)
637 4540 815 4621 Carne
840 4539 1064 4621 antiqui
1090 4537 1320 4621 seminis
1335 4541 1614 4608 suscepta,
1636 4539 1757 4594 sine
1785 4539 2001 4619 semine

418 4613 670 4685 antiquo.
717 4611 866 4685 Licet
912 4609 1051 4685 enim
1099 4609 1339 4664 Christus
1384 4623 1599 4662 carnem
1648 4609 2004 4685 assumpserit

419 4679 622 4751 peccati
663 4682 872 4738 macula
925 4681 1242 4749 deformem,
1290 4693 1397 4734 non
1451 4686 1630 4734 tamen
1684 4679 2002 4737 deformita-

420 4762 523 4808 tem
579 4754 718 4808 illam
788 4754 980 4817 induit,
1043 4762 1316 4823 peccatum
1352 4765 1482 4823 non
1532 4753 1842 4823 assumpsit.
1903 4753 2004 4808 As-

418 4827 723 4896 sumptione
753 4825 950 4895 quippe
993 4821 1085 4879 illa
1127 4822 1386 4894 antiquis
1423 4821 1672 4880 sordibus
1711 4821 2006 4896 expiatam

419 4897 642 4961 accepit.
679 4898 752 4950 LE
789 4897 884 4950 l’n.

490 4969 604 5037 (74)
637 4970 714 5024 Ne
743 4966 887 5022 mihi
929 4969 1081 5022 vacet
1125 4967 1389 5037 incursus
1428 4966 1679 5024 nominis
1714 4965 1862 5023 Adte.
1897 4967 2012 5024 Hoc

421 5048 522 5105 est,
571 5036 637 5094 ne
686 5037 826 5093 elabi
879 5037 1053 5092 sinam
1101 5036 1437 5108 occasionem
1485 5038 1896 5108 argumentandi
1943 5054 2009 5094 ex

423 5111 640 5166 nomine
677 5110 870 5165 Adam.
910 5111 1186 5166 lncursum
1216 5107 1347 5164 dicit
1391 5107 1878 5180 argumentationis
1907 5109 2012 5165 im—

423 5191 626 5252 petum.
660 5183 784 5239 Rm.

498 5257 607 5323 (75)
645 5256 710 5310 In
757 5255 1030 5326 virginem
1079 5255 1233 5326 enim
1275 5253 1677 5326 adhuqiEvam,
1715 5257 1828 5326 etc.
1864 5253 2010 5307 Con-

424 5324 726 5405 fertur__hic
772 5324 884 5383 Eva
913 5343 1048 5405 _cum_
1090 5325 1396 5381 beatissima
1418 5325 1677 5405 _Virg_ine.
1706 5324 2013 5405 Antitheses

424 5413 554 5453 vero
598 5398 704 5454 illa:
760 5415 865 5454 non
911 5399 1204 5453 insolentes
1251 5406 1374 5451 sunt
1417 5395 1704 5450 Patribus:
1754 5399 1918 5451 Evam
1958 5395 2012 5448 in

427 5469 650 5524 Mariam
709 5471 1035 5525 transfusam
1103 5469 1235 5524 dixit
1293 5468 1349 5521 S.
1412 5467 1733 5522 Bernardus.
1796 5465 2018 5537 Sergius

427 5539 753 5611 Ilierapolita
817 5542 884 5596 de
949 5541 1114 5596 natali
1183 5538 1422 5609 Virginis
1484 5537 1616 5592 dixit
1683 5538 1826 5611 illam
1879 5553 2016 5611 esse

429 5609 689 5683 ἀνά-κλήσω
732 5618 817 5672 τῆς
845 5614 988 5671 Εὔας.
1054 5613 1476 5683 reparationem
1505 5613 1648 5667 Euax.
1682 5610 1846 5669 Cesso
1876 5609 1930 5666 in
1959 5625 2016 5665 ro

431 5681 560 5734 satis
585 5684 874 5740 communi.
907 5684 982 5739 LE
1015 5684 1111 5738 Pa.

2177 4181 2291 4249 (76)
2311 4179 2568 4250 Nihilque
2588 4178 2813 4236 haberet
2831 4177 3082 4249 amplius
3103 4177 3416 4250 Salomone.
3440 4177 3700 4233 Haeresim

2107 4247 2382 4333 Ilebionis,
2415 4247 2562 4333 quod
2591 4251 2834 4333 Christuﬁs
2861 4247 2970 4333 non
2999 4255 3139 4333 esset
3168 4247 3268 4333 Dei
3297 4248 3488 4311 Filius,
3521 4264 3590 4333 ex
3619 4263 3700 4303 xu

2110 4323 2292 4378 Matth.
2344 4319 2636 4378 artificiose
2685 4319 2962 4393 confutet:
3014 4321 3499 4393 Ecceplusquam
3536 4322 3703 4393 Jonas

2111 4395 2230 4461 hic;
2265 4401 2317 4449 et
2346 4410 2471 4467 ecce
2503 4396 2636 4467 plus
2667 4409 2833 4466 quam
2853 4392 3127 4467 Salomon
3158 4389 3284 4467 hic;
3300 4389 3528 4467 Invenit
3553 4391 3706 4467 ordi-

2032 4468 2078 4544 υ
2110 4460 2251 4544 nem,
2276 4473 2343 4544 ‘ut
2383 4460 2549 4544 etiam
2589 4460 2822 4519 [renisus
2851 4463 2950 4518 lib.
2985 4477 3070 4544 ψ,
3102 4478 3220 4544 cap.
3255 4460 3324 4518 29
3350 4479 3370 4544 ἐ
3418 4481 3442 4514 ς
3477 4462 3534 4518 Si
3566 4461 3708 4544 enim

2109 4537 2309 4607 Joseph
2377 4536 2518 4592 filius
2571 4545 2729 4601 esset,
2791 4533 3246 4607 quemadmodum
3311 4535 3710 4607 plusrpoterat

2113 4605 2271 4735 quam
2329 4608 2606 4673 Salomon,
2659 4615 2750 4663 aut
2799 4605 2918 4678 plus
2975 4621 3135 4676 quam
3180 4605 3343 4660 Jonas
3391 4606 3634 4662 habere?
3685 4624 3710 4656 ν

2165 4695 2252 4734 ac.

2165 4695 2252 4734 AC.

2186 4751 2299 4822 (77)
2337 4752 2434 4806 Dei
2461 4751 2696 4822 semine.
2727 4748 2984 4822 Libenter
3019 4747 3416 4822 amplectuntur
3468 4746 3708 4822 theOIOgi

2117 4817 2340 4877 verbum
2372 4821 2534 4886 istud,
2569 4830 2626 4877 ut
2656 4821 2920 4875 rationem
2947 4835 3099 4874 suam
3139 4817 3382 4888 fulciant,
3407 4834 3507 4874 cur
3534 4817 3706 4875 sancti

2115 4893 2346 4964 Spiritus
2375 4893 2652 4964 processio
2684 4891 2869 4947 tiliatio
2900 4906 3033 4964 Anon,
3067 4889 3153 4964 sit,
3186 4889 3263 4945 uti
3291 4898 3344 4945 et
3372 4889 3543 4964 Verbi
3582 4905 3711 4964 pro:

2119 4959 2311 5020 cessio.
2342 4959 2546 5035 Nempe
2591 4963 2794 5028 dicunt,
2823 4961 2950 5034 quia
2989 4963 3224 5035 Verbum
3266 4977 3338 5035 ex
3366 4959 3591 5017 semine
3617 4959 3712 5035 Dei

2120 5036 2398 5107 processit,
2432 5031 2539 5091 non
2588 5031 3098 5107 Spiritus'sanctus.
3125 5032 3409 5107 Quodnam
3465 5035 3574 5089 hoc
3617 5031 3715 5088 Dei

2119 5103 2346 5163 semen?
2376 5103 2746 5179 BeSpondent,
2780 5105 3021 5179 speciem
3045 5103 3476 5179 int_elligi_bilem_,
3501 5120 3604 5160 seu
3626 5119 3716 5179 no;

2121 5178 2286 5233 titiam
2318 5179 2418 5233 sui.
2450 5173 2554 5236 sed
2585 5177 2686 5232 hoc
2733 5173 2932 5233 scholia
2972 5173 3617 5231 viderint.’Terlullianus
3665 5174 3717 5230 id

2121 5266 2226 5306 non
2255 5249 2530 5322 sigillatim
2564 5249 2838 5320 explicuit,
2864 5246 2960 5304 sed
2982 5245 3285 5318 generalius
3313 5245 3485 5302 dixit:
3519 5247 3582 5303 Id
3611 5252 3714 5311 est,

2121 5325 2329 5396 spiritu
2351 5324 2486 5396 ,Dei.
2522 5324 2654 5396 Lac.

2194 5395 2306 5462 (78)
2341 5394 2518 5462 Igitur
2547 5396 2596 5447 si
2613 5393 2730 5462 fuit
2751 5391 3044 5462 dispositio
3065 5389 3330 5462 rationis,
3354 5397 3459 5462 etc,
3485 5388 3609 5446 Hoc
3628 5387 3713 5455 ait,

2123 5460 2246 5536 quia
2299 5460 2647 5520 Valentiniani
2679 5460 2945 5525 dicebant,
2978 5461 3259 5536 Christum
3297 5460 3596 5536 Dominum
3629 5475 3714 5531 per

2129 5531 2401 5609 Virginem
2436 5536 2706 5609 prolatum
2767 5541 2819 5589 et
2862 5532 3128 5609 proditum
3186 5533 3240 5586 in
3289 5531 3573 5609 mundum,
3623 5544 3712 5586 nec

2128 5604 2307 5663 tam'en
2353 5604 2652 5678 quidquam
2681 5621 2766 5678 ex
2805 5619 2871 5660 ea
2917 5605 3229 5678 accepisse:
3277 5618 3439 5678 quos
3465 5604 3711 5678 item_re-

2129 5679 2302 5738 futant
2349 5675 2620 5752 Origenes
2661 5675 2787 5734 dial.
2827 5691 2867 5733 ιι
2920 5675 2987 5735 de
3022 5676 3240 5735 Christo
3288 5675 3550 5744 beatius;
3601 5676 3716 5733 Ire-
