4030 6184
385 443 485 502 831

1138 445 1584 508 TERTULLIANI
1617 448 1885 509 OPERUM
1925 448 2088 508 PARS
2127 448 2188 507 ll.
2225 477 2296 490 —
2332 445 2557 504 SERIES
2597 446 2637 512 Ι,
2680 444 3027 505 POLEMICA.

3565 446 3677 507 832

385 572 604 643 quodin
635 587 701 628 ea
728 576 933 628 natum
961 577 1061 638 est,
1095 572 1267 647 inquit
1295 576 1314 645 (
1345 575 1541 631 Matth.
1577 576 1618 643 ι)
1648 575 1714 632 de
1754 577 1972 648 Spiritu
2006 592 2052 670 Α
2085 574 2186 630 nisi
2210 574 2336 629 dum
2385 589 2451 629 ex
2474 583 2627 628 utero
2666 578 2749 670 est
2792 571 2924 670 (81)-
2936 587 3044 670 per
3069 570 3487 670 illumnervum
3524 572 3677 670 umbi

386 663 582 715 sancto
611 666 729 729 est;
759 675 867 715 non
899 661 1030 716 dixit
1069 680 1141 719 ea:
1192 679 1255 719 ea
1301 664 1506 736 Nempe
1535 672 1732 732 tamen,
1776 664 1875 720 etsi
1904 680 1976 720 ea:

385 764 451 805 ea
494 748 734 819 dixisset,
782 752 845 805 in
889 767 953 807 ea
991 751 1224 817 dixerat;
1270 751 1324 806 in
1372 770 1435 808 ea
1463 754 1603 809 enim
1657 761 1788 820 erat,
1829 755 1973 826 quod

385 851 451 892 ex
482 852 548 891 ea
577 846 707 894 erat.
758 839 1114 896 Tantumdcm
1161 858 1310 913 ergo,
1351 849 1404 896 et
1451 860 1573 901 cum
1604 843 1750 915 dicit,
1784 846 1845 899 in
1884 861 1969 912 ea,

385 934 440 981 et
468 942 540 981 ex
576 944 640 982 ea
660 936 951 997 consonat;
976 928 1100 1002 quia
1125 946 1189 984 ex
1220 947 1281 985 ea
1310 939 1445 993 erat,
1478 932 1621 1003 quod
1656 932 1709 985 in
1741 948 1804 985 ea
1833 942 1968 988 erat.

384 1013 492 1069 Sed
528 1014 690 1087 bene,
723 1016 865 1087 quod
896 1016 1037 1071 idem
1076 1017 1201 1072 dicit
1228 1019 1529 1088 Matthzeus,
1560 1021 1827 1091 originem
1857 1022 1972 1074 Do-

384 1102 517 1158 mini
546 1104 839 1161 decurrens
882 1107 948 1160 ab
997 1104 1160 1162 786
1206 1107 1481 1161 Abraham
1527 1124 1696 1179 usque
1740 1109 1805 1162 ad
1855 1108 1972 1162 Ma-

384 1192 553 1248 riam:
579 1194 762 1261 Jacob,
787 1194 977 1266 inquit,
998 1197 1290 1265 generavit
1311 1196 1529 1268 Ioseph,
1549 1198 1736 1253 virum
1760 1198 1970 1262 Mariae,

386 1299 459 1339 ea:
503 1300 614 1355 qua
664 1284 928 1338 nascitur
964 1283 1234 1340 Christus.
1267 1284 1371 1339 Sed
1400 1295 1451 1341 et
1487 1285 1683 1340 Paulus
1703 1302 1975 1357 gramma-

384 1371 501 1426 ticis
530 1370 648 1426 istis
670 1370 937 1427 silentium
968 1371 1226 1442 imponit:
1260 1375 1426 1439 Misit,
1458 1373 1633 1447 inquit
1662 1375 1870 1447 (Galat.
1896 1391 1971 1443 1v,

385 1461 460 1532 4),
496 1464 638 1518 Deus
668 1463 875 1517 Filium
905 1478 1078 1517 suum
1101 1464 1319 1533 factum
1340 1481 1414 1519 ea:
1434 1464 1691 1520 muliere.
1723 1462 1973 1535 Nunquid

381 1567 484 1623 per
513 1552 830 1617 mulierem,
855 1559 947 1608 aut
976 1553 1039 1607 in
1085 1554 1330 1609 muliere
1361 1553 1409 1590 2⁵
1428 1554 1456 1607 ?
1487 1555 1599 1609 Hoc
1628 1552 1846 1623 quidem
1878 1554 1975 1606 im-

385 1640 647 1712 pressius,
678 1640 821 1710 quod
850 1645 1071 1713 factum
1095 1642 1273 1710 potius
1294 1642 1342 1679 26
1370 1642 1523 1711 dicit,
1555 1658 1714 1713 quam
1745 1647 1969 1698 uatum:

386 1727 686 1801 simplicius
728 1728 870 1783 enim
910 1730 1250 1785 enuntiasset
1278 1734 1501 1786 uatum.
1534 1735 1774 1788 Factum
1796 1739 1973 1787 autem

388 1816 640 1885 dicendo,
673 1825 723 1871 et
759 1817 987 1873 Verbum
1015 1834 1144 1873 caro
1181 1820 1402 1888 factum
1428 1824 1510 1875 est
1549 1819 1900 1889 consignavit,
1920 1828 1974 1874 et

2082 663 2295 719 licarem
2342 663 2479 733 (82),
2525 661 2675 735 quasi
2722 660 2949 716 folliculi
3000 660 3083 715 sui
3131 660 3407 715 traducem
3452 662 3567 731 (83)
3605 661 3677 717 ad

2079 769 2250 809 nexus
2280 752 2329 790 33
2357 752 2551 823 origini
2580 751 2751 806 vulva!
2780 750 2894 821 (84)
2914 748 2942 801 ?
2990 750 3164 804 Etiam
3196 765 3317 805 cum
3346 749 3477 819 quid
3502 758 3681 805 extra-

2079 857 2239 895 neum
2292 849 2548 895 extraneo
2603 839 2989 910 agglutinatur,
3066 836 3138 890 ita
3214 845 3572 892 concamatur
3626 847 3683 893 et

2080 930 2477 986 convisceratur
2530 944 2653 984 cum
2728 943 2792 982 eo
2844 926 2929 981 cui
2984 926 3377 996 agglutinatur,
3436 935 3495 981 ut
3550 943 3675 982 cum

2081 1019 2357 1087 avellitur,
2394 1017 2565 1087 rapiat
2612 1032 2800 1071 secum
2843 1031 2908 1070 ex
2960 1030 3184 1086 corpore
3223 1014 3426 1086 aliquid
3477 1030 3510 1069 a
3568 1032 3681 1086 quo

2082 1108 2347 1173 avellitur,
2429 1107 2587 1178 quasi
2684 1105 2963 1175 sequelam
3064 1104 3351 1174 quamdam
3430 1104 3679 1176 abruptas

2081 1196 2299 1251 unitatis
2332 1196 2466 1267 (85),
2517 1203 2569 1250 et
2617 1193 2869 1266 producis
2898 1194 2945 1231 ³4
2978 1192 3148 1250 mutui
3182 1192 3353 1248 coitus
3380 1192 3520 1265 (86).
3553 1194 3679 1247 Ca3-

2081 1292 2255 1339 terum
2284 1301 2404 1357 qua}
2437 1283 2600 1340 ubera
2629 1283 2814 1337 matris
2844 1298 2955 1336 suae
2988 1281 3274 1336 nominat?
3319 1281 3447 1337 Sine
3493 1281 3683 1348 dubio,

2082 1390 2199 1444 quae
2252 1374 2445 1427 hausit.
2482 1372 2860 1442 Respondeant
2894 1369 3223 1434 obstetrices,
3280 1368 3443 1425 787
3492 1368 3686 1425 medici

2081 1470 2132 1516 ct
2164 1461 2391 1533 physici,
2425 1461 2491 1515 de
2522 1461 2751 1515 uberum
2793 1468 3002 1526 natura,
3036 1475 3101 1513 an
3143 1458 3302 1513 aliter
3330 1473 3556 1515 manare
3585 1473 3687 1514 so—

2081 1549 2246 1615 leant,
2279 1550 2395 1604 sine
2416 1546 2587 1606 vulvae
2610 1548 2825 1619 genitali
2852 1548 3130 1619 passione,
3157 1547 3613 1616 suspendentibus
3636 1546 3689 1585 ³⁵

2080 1639 2272 1695 exinde
2301 1638 2450 1695 venis
2490 1639 2753 1693 sentinam
2805 1636 2949 1692 illam
2996 1636 3191 1690 inferni
3220 1636 3267 1675 35
3296 1635 3578 1707 sanguinis
3605 1636 3680 1701 37,

2080 1738 2132 1783 et
2172 1728 2293 1800 ipsa
2322 1728 2664 1782 translatione
2694 1726 3117 1798 decoquentibus
3147 1725 3203 1780 in
3231 1725 3512 1780 materiam
3563 1726 3682 1781 lac-

2080 1818 2150 1872 tis
2179 1818 2436 1873 laetiorem
2465 1818 2533 1870 38.
2581 1817 2712 1871 Inde
2759 1816 2895 1870 adeo
2939 1814 3016 1880 ﬁt,
3062 1822 3119 1870 ut
3156 1815 3380 1870 uberum
3412 1821 3679 1885 tempore,

387 1905 561 1960 carnis
612 1904 885 1959 veritatem
931 1920 994 1959 ex
1042 1904 1252 1977 virgine
1310 1905 1467 1963 factm
1514 1908 1562 1945 2⁷
1620 1909 1969 1963 asseveravit.
2008 1883 2051 1959 Β
2080 1924 2294 1963 menses
2340 1905 2659 1978 sanguinum
2700 1912 2906 1963 vacent.
2955 1904 3117 1973 Quod
3178 1904 3225 1959 si
3268 1904 3504 1960 Verbum
3550 1918 3684 1960 caro

386 1994 555 2049 Nobis
582 2007 797 2063 quoque
846 1994 911 2047 ad
958 1994 1098 2049 hanc
1142 1996 1380 2066 speciem
1425 1997 1626 2053 Psalmi
1665 2001 1975 2068 patrocina-

386 2082 604 2144 buntur,
639 2096 745 2135 non
771 2081 991 2153 quidem
1020 2091 1297 2154 apostattn,
1331 2093 1385 2139 et
1419 2083 1678 2158 hmretici,
1708 2094 1759 2141 et
1781 2087 1830 2124 28
1860 2086 1979 2141 Pla-

387 2167 552 2222 tonici
599 2167 901 2237 Valentini,
959 2171 1055 2224 sed
1134 2174 1459 2228 sanctissimi
1526 2183 1578 2229 et
1618 2175 1976 2245 receptissimi

386 2258 668 2328 prephetze
697 2257 886 2315 David.
919 2259 1012 2315 Ille
1043 2262 1186 2328 apud
1236 2278 1335 2319 nos
1373 2265 1515 2318 canit
1558 2265 1849 2329 Christum,
1885 2282 1979 2335 per

388 2362 548 2417 quem
579 2362 637 2400 se
664 2345 855 2401 cecinit
895 2346 1011 2419 ipse
1043 2348 1310 2406 Christus.
1344 2351 1543 2423 Accipe
1590 2352 1883 2419 Christum,
1924 2360 1977 2408 et

387 2434 513 2488 audi
546 2434 831 2489 Dominum
871 2438 1011 2491 Patri
1043 2438 1092 2476 29
1131 2439 1243 2494 Deo
1274 2440 1666 2512 colloquentem
1714 2443 1763 2479 ³ο
1798 2442 1974 2513 (Psal.

389 2526 554 2594 xxi):
592 2525 734 2593 Quia
766 2530 829 2581 tu
861 2543 914 2583 es
938 2529 1035 2598 qui
1063 2529 1328 2584 avulsisti
1357 2546 1444 2585 me
1475 2546 1549 2585 ea:
1568 2536 1733 2587 utero
1772 2534 1975 2588 matris

388 2631 530 2671 mea:
558 2629 726 2682 ;ecce
756 2631 945 2669 unum.
975 2618 1045 2671 Et
1074 2633 1195 2688 spes
1216 2635 1341 2673 mea
1376 2617 1442 2673 ab
1470 2620 1731 2676 uberibus
1773 2622 1977 2677 matris

386 2717 527 2757 mea:
552 2719 751 2774 ;super
772 2707 825 2758 te
842 2721 967 2759 sum
978 2706 1261 2775 projectus
1275 2721 1348 2761 ex
1368 2708 1559 2775 vulva;
1581 2724 1702 2763 ecce
1722 2708 1887 2764 aliud.
1909 2712 1979 2765 Et

387 2789 454 2844 ab
482 2795 643 2847 utero
672 2796 874 2865 matris
913 2810 1051 2849 mea:
1083 2796 1226 2850 Deus
1255 2812 1416 2852 meus
1445 2813 1499 2853 es
1536 2801 1597 2851 tu
1627 2818 1646 2865 ;
1678 2814 1798 2853 ecce
1833 2797 1980 2851 aliud

385 2878 454 2935 3‘.
494 2856 742 2943 Nunaa‘d
771 2896 958 2934 sensus
996 2880 1145 2951 ipsos
1175 2882 1536 2938 decertemus.
1583 2886 1854 2941 Avulsisti
1891 2901 1980 2941 me

385 2968 454 3032 ³2,
492 2967 680 3037 inquit,
706 2984 776 3023 ea:
808 2973 987 3025 utero.
1018 2969 1157 3039 Quid
1189 2971 1455 3038 avellitur,
1490 2973 1592 3027 nisi
1625 2976 1764 3046 quod
1805 2976 1979 3030 inlue-

385 3063 486 3124 rct,
518 3056 665 3125 quod
686 3054 929 3123 infixum,
962 3057 1218 3115 innexum
1240 3072 1324 3117 est
1353 3063 1423 3129 ei,
1463 3079 1494 3116 a
1523 3080 1651 3135 quo,
1686 3073 1741 3119 ut
1771 3064 1980 3119 aufera-

386 3151 490 3208 tur,
508 3142 760 3199 avellitur
776 3143 804 3197 ?
837 3146 892 3200 Si
914 3148 1451 3217 nonadhtesitutero,
1467 3155 1737 3225 quomodo
1760 3154 1981 3208 avulsus

2088 2013 2154 2051 ex
2182 2012 2239 2052 se
2284 1996 2482 2052 factum
2528 1999 2629 2060 est,
2663 2010 2771 2051 non
2817 2010 2882 2050 ex
2937 1992 3112 2051 vulva:
3166 1993 3683 2059 communicatione,

2091 2085 2217 2140 nihil
2271 2094 2494 2155 operata
2542 2084 2721 2155 vulva,
2780 2083 2908 2138 nihil
2958 2082 3144 2138 functa
3186 2084 3255 2148 39,
3312 2082 3444 2136 nihil
3494 2097 3689 2152 passa;

2084 2178 2360 2246 quomodo
2415 2175 2618 2230 fontem
2654 2190 2814 2228 suum
2869 2173 3156 2228 transfudit
3210 2173 3264 2227 in
3309 2173 3494 2233 ubera,
3540 2187 3685 2243 qum,

2086 2266 2194 2320 nisi
2224 2266 2501 2330 habendo,
2535 2281 2643 2319 non
2670 2264 2879 2317 mutat?
2914 2263 3124 2317 Habere
3155 2272 3331 2317 autem
3363 2262 3683 2331 sanguinem

2087 2369 2192 2409 non
2241 2355 2412 2424 potuit
2469 2353 2597 2407 lacti
2660 2351 3149 2415 subministrando,
3199 2350 3243 2404 si
3298 2365 3404 2404 non
3466 2350 3694 2405 haberet

2088 2456 2280 2495 causas
2340 2440 2625 2512 sanguinis
2683 2440 2873 2510 ipsius,
2933 2439 3270 2494 avulsionem
3321 2437 3527 2493 scilicet
3575 2454 3691 2492 sua:

2090 2529 2287 2583 carnis.
2326 2528 2468 2597 Quid
2503 2528 2665 2583 fuerit
2712 2527 2965 2582 novitatis
3010 2529 3062 2581 in
3110 2528 3325 2583 Christo
3363 2543 3427 2581 ex
3472 2526 3689 2598 virgine

2087 2618 2363 2681 nascendi,
2421 2619 2607 2689 palam
2665 2627 2748 2673 est
2801 2634 2814 2670 :
2869 2617 3093 2685 scilicet,
3158 2616 3497 2672 solummodo
3552 2617 3682 2683 hoc,

2086 2709 2233 2778 quod
2264 2723 2326 2761 ex
2357 2707 2587 2778 virgine,
2644 2706 2938 2762 secundum
2971 2706 3237 2761 rationem
3280 2720 3446 2774 quam
3495 2704 3686 2759 edidi-

2088 2814 2247 2861 mus;
2292 2804 2344 2851 et
2388 2795 2461 2849 uti
2493 2796 2645 2869 virgo
2677 2804 2821 2851 esset
2854 2794 3190 2866 regeneratio
3221 2805 3425 2858 nostra,
3458 2792 3687 2863 spirita-

2086 2885 2208 2939 liter
2261 2886 2328 2938 ab
2396 2885 2645 2939 omnibus
2722 2883 3150 2954 inquinamentis
3206 2882 3532 2939 sanctiﬁcata
3588 2896 3691 2951 per

2091 2974 2385 3042 Christum,
2435 2974 2700 3045 virginem
2739 2982 2790 3027 et
2844 2973 3044 3044 ipsum,
3076 2973 3238 3027 etiam
3277 2971 3584 3037 carnaliter,
3630 2980 3695 3027 ut

2085 3079 2148 3118 ex
2182 3062 2409 3133 virginis
2438 3076 2619 3125 carne,

2677 3148 2905 3204 CAPUT
2943 3149 3097 3204 XXI.

382 3234 501 3287 est?
524 3231 579 3288 Si
600 3232 665 3285 ad
686 3232 841 3288 hmsit
869 3234 961 3306 qui
989 3236 1209 3294 avulsus
1230 3248 1333 3308 est,
1358 3211 1627 3312 quomodo
1643 3241 1984 3309 adlnzesisset,
2017 3211 2059 3288 θ
2159 3241 2211 3296 Si
2243 3255 2376 3313 ergo
2421 3239 2755 3297 contendunt
2797 3240 2898 3297 hoc
2941 3238 3270 3311 competisse
3321 3236 3561 3305 novitati,
3630 3246 3699 3293 ut

1760 3393 1952 3456 Varias
1996 3396 2309 3457 lectiones.

452 3488 501 3571 ἓξ
537 3490 823 3571 Mulierem
856 3497 1017 3571 Pam.
1054 3497 1228 3554 Rheni.
1262 3498 1311 3571 ³⁵
1340 3498 1527 3571 Potius
1574 3502 1762 3555 omitt.
1799 3501 1969 3556 Seml.

2111 3500 2214 3554 Fac
2261 3509 2367 3555 tam
2410 3500 2739 3571 Pam.rVen.
2780 3496 2831 3535 2⁸
2871 3496 2935 3552 Ει
2974 3499 3134 3556 abest
3169 3516 3204 3555 α
3234 3502 3366 3555 Ραν.
3399 3499 3700 3571 ²9ίΑοοὶρθ

379 3560 641 3640 etDavid
672 3565 904 3640 Domino
945 3568 1119 3625 Rhen.
1170 3570 1350 3640 accipe
1394 3570 1661 3625 Christum
1708 3579 1757 3626 et
1800 3572 1970 3626 David
2016 3571 2245 3627 Domino
2292 3575 2425 3628 Jun.
2468 3572 2518 3609 ³ο
2561 3570 2919 3640 Eloquentem
2970 3570 3147 3627 Rhea.
3204 3571 3374 3627 Seml.
3421 3570 3465 3609 ³¹
3509 3560 3701 3628 Αιὶίει·

381 3630 559 3712 ζίἠεη.
604 3635 774 3712 S_e_ml.
808 3638 862 3712 ³³
897 3639 982 3712 Me
1010 3641 1198 3712 omitt.
1242 3630 1417 3696 Rhen.
1445 3644 1605 3696 Pam.
1652 3642 1701 3681 33
1730 3642 2010 3697 Adnexam
2050 3643 2224 3699 Rhea.
2257 3643 2304 3681 3"
2335 3641 2594 3697 Traducis
2640 3630 2820 3697 Fran.
2864 3643 2999 3695 Par.
3043 3641 3328 3698 traducem
3360 3646 3516 3698 Pam.
3552 3659 3705 3712 pro-

380 3702 573 3756 ducem
624 3707 798 3761 Rhen.
835 3709 1004 3764 Seml.
1038 3710 1086 3747 ³⁵
1120 3712 1479 3765 Pandentibus
1524 3715 1642 3766 Lat.

1687 3714 2046 3782 pendentibus
2094 3717 2254 3769 Pam.
2292 3714 2462 3769 Rhen.
2505 3713 2553 3751 ³6
2602 3712 2831 3767 Infernis
2862 3712 2980 3767 cod.
3027 3714 3227 3769 Wouw.
3280 3714 3475 3768 interni
3512 3717 3702 3772 Pam.

380 3774 553 3829 Fran.
585 3778 720 3831 Par.
769 3778 815 3815 37
848 3779 906 3832 In
954 3781 1247 3835 mamillam
1298 3783 1425 3837 add.
1475 3786 1638 3839 Pam.
1687 3774 1866 3842 Rhea.
1907 3785 1957 3823 ³⁸
1996 3785 2260 3840 Latiorem
2298 3786 2477 3841 Rhea.
2522 3785 2693 3841 Seml.
2727 3784 2779 3821 39
2824 3784 3006 3840 Nihilo
3051 3784 3238 3853 juncta
3280 3785 3459 3843 Rhea.
3504 3786 3714 3852 Seml,

1781 3932 2276 3996 Commentarius.

451 4027 567 4110 (8i)
593 4030 742 4110 pum
773 4045 844 4110 ea:
874 4036 1037 4088 utero
1070 4037 1172 4091 est.
1214 4034 1325 4110 Hoc
1353 4045 1455 4110 est,
1490 4037 1621 4093 dum
1653 4038 1718 4093 ad
1760 4047 1973 4097 uterum

381 4106 627 4173 pertinet,
662 4106 815 4173 quasi
858 4120 980 4170 pars
1018 4112 1071 4158 et
1101 4108 1273 4173 portio
1291 4106 1449 4162 uteri.
1483 4110 1605 4163 Rm.

421 4169 562 4248 “(82)
582 4169 692 4227 Per
711 4169 875 4248 illum
898 4169 1137 4232 nervum
1157 4178 1567 4236 umbilicarem.
1591 4181 1825 4237 Nervum
1849 4200 1973 4239 um-

382 4242 657 4325 bilicarem
697 4243 1195 4325 dicita'enarumet
1237 4250 1557 4325 arteriarum
1596 4254 1971 4325 compaginem

381 4323 647 4380 quatenus
674 4315 882 4369 collatis
928 4317 981 4371 in
1012 4318 1327 4375 umbilicum
1376 4322 1529 4378 fibris
1575 4315 1821 4380 coeunt.“
1842 4327 1968 4381 Βία.

379 4411 449 4462 τ-
489 4383 699 4467 Nervus
739 4388 1072 4467 umbilicaris
1101 4398 1347 4467 estveua
1385 4392 1477 4447 illa
1528 4412 1651 4467 quia
1705 4396 1973 4467 dependet

380 4460 435 4506 in
466 4460 696 4533 uterum,
745 4465 795 4509 ct
838 4460 1101 4533 contingit
1139 4461 1326 4527 illum;
1378 4460 1574 4520 nervus
1622 4466 1708 4521 ille
1755 4460 1973 4523 tradux

381 4534 601 4605 vocatur
629 4528 805 4605 etiam,
839 4528 1093 4602 quoniam
1121 4550 1222 4605 per
1251 4549 1377 4589 eum
1409 4535 1711 4592 traducitur
1732 4538 1884 4593 cibus
1905 4542 1973 4595 ad

386 4593 599 4650 fectum.
635 4598 709 4653 LE
739 4599 832 4654 Pa.

452 4666 565 4737 (83)
602 4670 769 4737 Quasi
796 4674 1043 4742 folliculi
1062 4675 1155 4729 sui
1188 4676 1501 4733 traducem.
1534 4676 1859 4733 Folliculum
1890 4697 1984 4737 vo-

382 4749 484 4807 cat,
515 4756 673 4823 quaui
714 4743 1065 4823 Hippocrates
1082 4745 1195 4801 sive
1226 4746 1479 4818 Polybius
1507 4750 1679 4823 ὑμένα,
1714 4750 1797 4803 τὸν
1825 4754 1986 4823 περιέ-

380 4828 545 4891 levita.
586 4811 907 4891 ﬁvhvcvrﬁv.
956 4887 963 4891 ‘
1006 4816 1098 4891 His
1179 4811 1389 4891 autem,
1442 4811 1621 4875 verbis
1670 4811 1837 4891 ἀέριον
1886 4811 1983 4879 de-

382 4881 550 4965 seribi
579 4882 651 4965 ait
681 4881 928 4965 Galenus
956 4887 1293 4965 involucrum
1325 4888 1481 4955 felus,
1514 4881 1832 4965 Hesys'chio,
1883 4896 1987 4947 Κά-

380 4951 577 5028 λυμμαη
604 4953 661 5004 τὸ
728 4959 1076 5028 (ξυγγενόμενον
1136 4956 1189 5010 ἐκ
1215 4965 1299 5027 τῆς
1352 4951 1537 5022 κοιλίας
1573 4980 1586 5016 :
1627 4951 1831 5020 'Latini'
1904 4968 1988 5020 di-

385 5021 514 5076 xere
545 5021 842 5105 secundas;
877 5021 1235 5105 ln'iis_autem
1262 5021 1400 5085 'sunt
1430 5021 1599 5105 venite,
1631 5036 1830 5105 quibus
1860 5044 1987 5091 tan-

386 5107 546 5173 quam
588 5094 898 5173 traducibus
920 5100 1233 5173 traducitur
1261 5102 1485 5172 sanguis
1531 5094 1597 5159 ad
1648 5094 1785 5160 ictus
1815 5109 1987 5162 umbi-

390 5163 576 5248 Ιίριιιῃἶ
617 5163 853 5248 ideoque
888 5168 1203 5248 "Septimius
1266 5163 1493 5229 neriium
1542 5193 1703 5247 quem
1753 5180 1988 5248 appellat

388 5233 786 5314 umbilicarem,
829 5233 1052 5314 folliculi
1079 5243 1359 5314 traducem
1390 5262 1513 5302 esse
1540 5233 1635 5301 a‘it.
1668 5233 1987 5305 Folliculum

388 5305 491 5385 dici
522 5305 732 5386 vulvam
765 5311 1159 5386 notat._Servius
1207 5330 1267 5369 ut
1313 5318 1502 5386 Georg.
1542 5320 1789 5373 Genitali
1829 5338 1984 5384 arvo,

389 5380 580 5459 inquit,
612 5392 712 5459 pro
760 5380 1006 5459 muliebri
1037 5382 1293 5459 folliculo,
1326 5380 1487 5459 quem
1520 5388 1723 5459 scilicet
1771 5380 1987 5444 vulvam

390 5455 602 5510 vocant,
638 5456 692 5503 ut
722 5451 883 5503 etiam
916 5451 1123 5507 Plinius
1161 5451 1501 5512 docetXNam
1553 5458 1823 5515 folliculus
1866 5469 1990 5518 ante

398 5518 692 5573 dicebatur.
736 5521 859 5576 Bia.

465 5590 579 5670 (8.4)
614 5592 885 5670 Adnexus
903 5595 1319 5666 originivulvte.
1340 5597 1529 5654 Reddo
1550 5609 1785 5655 veterum
1811 5618 1991 5658 exem-

396 5659 625 5747 plarium
646 5659 1304 5747 scripturamfamzexum
1330 5673 1539 5747 origini
1562 5673 1759 5730 vulvce.
1784 5675 1986 5742 Festus,

398 5738 592 5800 inquit,
625 5738 798 5802 portio
829 5738 1092 5795 viscerum
1142 5742 1330 5801 matris
1373 5738 1589 5811 dicitur,
1622 5754 1675 5802 et
1722 5762 1788 5804 ex
1834 5738 1990 5807 utero

2084 4056 2204 4095 esse
2233 4039 2552 4113 intelligitur
2589 4056 2684 4111 per
2712 4038 2861 4113 illum
2893 4054 3120 4097 nervum
3154 4039 3525 4113 umbilicarem
3574 4055 3719 4097 an-

2085 4128 2288 4167 nexum
2335 4111 2534 4184 origini
2572 4113 2761 4184 vulvae.
2797 4112 3025 4184 Etenim
3063 4127 3222 4184 venae
3270 4118 3323 4184 et
3352 4112 3553 4184 arteria:
3583 4128 3725 4181 per

2085 4198 2225 4253 quas
2253 4199 2285 4237 a
2333 4182 2501 4237 matre
2534 4183 2750 4254 sanguis
2793 4192 2845 4237 et
2894 4182 3120 4254 spiritus
3166 4183 3233 4237 ad
3283 4183 3447 4237 fetum
3495 4182 3719 4252 fertur,

2085 4254 2351 4326 originem
2382 4254 2582 4310 ducunt
2612 4260 2677 4308 ab
2705 4254 2855 4308 venis
2884 4264 2935 4307 et
2955 4254 3170 4326 arteriis
3198 4254 3335 4326 uteri
3363 4270 3459 4308 seu
3489 4254 3716 4326 vulvm,

2083 4324 2311 4395 quarum
2338 4334 2575 4397 extrema
2606 4326 2659 4379 in
2690 4326 2999 4397 interiorem
3026 4325 3197 4379 vulvae
3222 4324 3501 4397 regionem
3529 4324 3724 4382 dehi-

2083 4405 2257 4451 scunt.
2289 4398 2476 4467 Neque
2508 4396 2661 4450 aliter
2705 4396 2835 4449 fetui
2864 4412 2983 4450 cum
3017 4404 3183 4451 matre
3224 4396 3499 4450 intercedit
3531 4410 3721 4453 com-

2083 4468 2390 4538 municatio.
2422 4468 2611 4538 Galeni
2641 4468 2803 4538 verba
2841 4475 2983 4534 sunt,
3010 4467 3144 4520 libro
3174 4467 3238 4523 de
3266 4470 3434 4523 Fetus
3467 4471 3726 4538 fortna-

2090 4540 2290 4594 tione:
2332 4537 2391 4591 Ἦ
2433 4534 2487 4590 δὲ
2536 4537 2662 4610 ἀρχὴ
2701 4543 2786 4605 τῆς
2832 4537 3062 4608 γενέσεως
3101 4544 3196 4590 τῶν
3256 4534 3475 4660 «ipsimi
3512 4537 3724 4595 τούτων

2090 4607 2215 4660 ἐστὶν
2249 4612 2298 4660 ἐκ.
2334 4616 2429 4660 τῶν
2470 4608 2596 4660 κατὰ
2624 4610 2708 4660 τὰς
2750 4608 2935 4660 μήτρας
2977 4608 3214 4660 ἀρτηριῶν
3241 4628 3303 4660 κα
3349 4606 3555 4660 φλεϐῶν.
3586 4609 3724 4660 τΩν

2012 4600 2055 4675 D
2090 4607 2215 4680 ἐστὶν
2249 4612 2429 4680 ἑλικτῶν
2470 4600 2708 4669 uari-tit;
2749 4600 2935 4680 μήτ-’ρας
2977 4608 3214 4680 ἀρτηριῶν
3241 4600 3555 4679 καῖφλεϐῶν.
3586 4609 3727 4664 τΩν

2094 4679 2156 4739 εἰς
2187 4686 2273 4746 τῆν
2304 4679 2435 4739 ἐντὸς
2462 4683 2629 4749 χώραν
2667 4679 2759 4751 ti;
2780 4680 2964 4751 μήτρας
2995 4679 3344 4750 ἀναστόμωται
3380 4680 3441 4751 τὰ
3476 4680 3722 4749 πέρατα,

2096 4753 2191 4804 Καὶ
2214 4751 2295 4803 διὰ
2314 4752 2499 4803 τούτων
2523 4752 2684 4822 μόνων
2712 4750 2742 4818 ἡ
2772 4750 2993 4802 κωνωνίοι
3028 4754 3121 4811 τοῖς
3151 4753 3395 4821 κυομὲνοις
3426 4750 3545 4804 ἐστὶν
3571 4756 3727 4822 πρὶς

2098 4824 2183 4881 τὰς
2212 4824 2433 4880 κυούσας.
2467 4820 2593 4876 Bia.
2618 4852 2686 4861 —
2710 4823 2926 4892 Origiui
2944 4824 3142 4878 vulva}.
3176 4820 3292 4876 NOn
3317 4823 3484 4877 vulvae
3512 4820 3724 4893 origi-

2098 4910 2220 4945 nem
2251 4894 2396 4959 dicit,
2430 4894 2522 4947 sed
2544 4892 2805 4963 originem
2838 4909 2996 4963 quam
3034 4894 3101 4947 de
3122 4894 3281 4949 vulva
3312 4894 3472 4948 sumit
3497 4892 3723 4953 nervus

2098 4963 2452 5017 umbilicaris.
2478 4966 2599 5018 RIG.

2170 5035 2283 5104 (85)
2310 5037 2477 5103 Quasi
2503 5035 2785 5106 sequelam
2807 5033 3109 5106 quamdam
3142 5037 3397 5106 abrupta:
3421 5037 3717 5096 unitatis.

2095 5105 2239 5159 Bene
2272 5108 2374 5160 hoc
2421 5105 2731 5176 Septimius,
2780 5105 2899 5159 Cum
2933 5106 3062 5176 quid
3092 5105 3405 5160 extraneum
3437 5118 3719 5166 extraneo

2096 5179 2488 5247 agglutinatur.
2547 5179 2677 5231 Nam
2727 5178 2868 5247 quod
2920 5177 2983 5230 ad
3043 5177 3207 5231 fetum
3238 5184 3465 5246 spectat,
3498 5192 3721 5245 negant

2097 5247 2285 5303 medici
2316 5248 2395 5302 sic
2444 5251 2709 5317 pertinere
2738 5248 2802 5300 ad
2859 5258 3081 5301 matrem
3124 5256 3219 5302 aut
3260 5250 3324 5302 ad
3372 5248 3597 5311 vulvam,
3647 5260 3720 5306 ut

2095 5322 2252 5391 ambo
2280 5320 2454 5389 aliqua
2483 5321 2563 5373 sui
2596 5326 2744 5391 parte
2776 5318 2829 5372 in
2863 5318 3121 5391 unitatem
3160 5319 3484 5391 coalescant.
3524 5321 3717 5375 ‘l'atﬂst

2095 5390 2148 5461 δὲ
2235 5391 2441 5461 μήτρας,
2499 5390 2610 5443 ἄνεύ
2676 5392 2980 5460 συμφύσεως,
3072 5390 3246 5461 inquit
3320 5390 3558 5446 Galenus
3628 5395 3712 5450 de

2098 5460 2243 5516 fetu.
2276 5462 2399 5515 R16.

2169 5532 2282 5601 (86)
2316 5536 2387 5588 Et
2413 5532 2672 5603 producis
2702 5534 2897 5588 mutui
2926 5534 3124 5588 coitus.
3160 5530 3248 5587 Sic
3293 5532 3494 5602 legitur
3524 5532 3577 5587 in
3604 5548 3713 5589 co-

2099 5602 2215 5657 dice
2272 5602 2482 5658 Pithmi.
2537 5604 2842 5661 Producem
2906 5603 3032 5657 dicit
3089 5604 3546 5673 quemadmodum
3607 5621 3715 5661 su-

2100 5690 2194 5741 pra
2226 5676 2538 5746 traducem.
2574 5674 2744 5745 Igitur
2777 5674 3262 5746 unitatemimu‘tuo
3304 5674 3450 5746 coitu
3482 5676 3711 5746 produ-

2100 5753 2238 5801 ctam
2269 5745 2399 5800 dicit
2422 5761 2543 5801 esse
2573 5744 2867 5818 producam
2896 5745 3066 5802 mutui
3091 5744 3282 5802 coitus.
3315 5745 3439 5801 BIG.
