3972 6190
245 343 344 404 833

1409 333 1599 397 LIBER
1635 334 1719 394 DE
1752 335 1968 400 CARNE
2005 337 2284 400 CHRISTI.

3420 345 3528 406 834

245 467 693 544 quemadmodum
721 477 831 520 non
861 481 928 521 ex
954 463 1056 521 viri
1086 461 1314 532 semine,
1355 463 1426 518 ita
1471 478 1574 520 nec
1610 479 1675 518 ex
1712 462 1824 519 vir-
1857 479 1905 558 Α
1935 479 2043 536 quo
2071 463 2248 521 minus
2285 478 2441 520 suam
2477 460 2528 502 ⁵²
2571 462 2725 519 radix
2760 461 2862 518 sibi
2898 463 3138 522 vindicet
3170 481 3270 538 per
3303 467 3519 542 virgam

247 558 384 634 ginis
431 570 595 612 carne
641 568 767 610 caro
810 551 965 610 ﬁeret
1010 551 1112 609 Dei
1153 551 1387 607 Verbum
1436 569 1452 606 :
1501 567 1666 623 quare
1717 568 1827 608 non

246 650 346 705 hoc
373 647 444 701 sit
473 652 583 701 tota
620 642 849 709 novitas,
882 650 944 699 ut
973 657 1097 698 caro
1130 657 1236 697 non
1263 642 1315 679 ἰο
1361 641 1568 696 semine
1607 648 1731 696 nata
1758 640 1829 704 ιιι,

247 752 400 795 carne
446 731 820 806 processerit?
866 732 1145 788 Accedant
1191 730 1241 769 ¹ι²
1287 729 1460 786 adhuc
1499 730 1746 786 cominus
1782 730 1832 768 4³

247 827 312 882 ad
353 839 728 897 congressum,
788 824 943 891 Ecce,
996 822 1196 892 inquit,
1233 823 1386 893 virgo
1433 821 1714 892 concipiet
1768 820 1834 874 in

247 920 425 974 utero.
473 911 787 981 Quidnam?
837 910 1032 980 Utique
1080 910 1180 965 Dei
1232 909 1490 976 Verbum,
1555 924 1667 964 non
1731 907 1835 964 viri

249 1019 426 1062 semen
485 1003 537 1041 44
606 1018 620 1055 :
687 1007 836 1056 certe
886 1009 946 1053 ut
1014 1006 1228 1070 pareret
1291 996 1483 1053 ﬁlium.
1545 998 1705 1068 Nam,
1764 999 1834 1053 Et

249 1094 448 1166 pariet,
493 1086 684 1161 inquit,
733 1087 942 1158 ﬁlium.
991 1087 1157 1160 Ergo,
1207 1093 1266 1141 ut
1321 1085 1489 1158 ipsius
1550 1085 1653 1141 fuit
1697 1101 1834 1140 con-

251 1183 476 1255 cepisse,
530 1180 604 1235 ita
658 1180 831 1251 ipsius
877 1187 960 1234 est
1021 1178 1167 1250 quod
1233 1177 1472 1249 peperit;
1539 1175 1662 1232 licet
1725 1191 1835 1231 non

251 1271 415 1344 ipsius
477 1267 642 1324 fuerit
704 1269 850 1339 quod
915 1267 1179 1336 concepit.
1246 1265 1443 1322 Contra
1497 1264 1545 1320 si
1593 1265 1837 1321 Verbum

253 1377 315 1418 ex
340 1376 398 1416 se
425 1374 554 1416 caro
584 1359 786 1413 factum
815 1364 915 1427 est,
935 1357 1050 1426 jam
1079 1355 1256 1427 ipsum
1285 1371 1346 1411 se
1373 1355 1619 1426 concepit
1649 1363 1702 1410 et
1729 1371 1836 1427 pe-

255 1451 406 1523 perit,
447 1457 502 1506 et
529 1456 682 1504 vacat
711 1446 1014 1519 prophetia.
1045 1447 1168 1501 Non
1203 1445 1350 1500 enim
1384 1444 1540 1517 virgo
1567 1445 1835 1517 concepit,

255 1539 421 1611 neque
450 1535 682 1609 peperit,
716 1535 760 1590 si
792 1550 900 1590 non
940 1533 1202 1606 quidquid
1230 1533 1280 1571 4⁵
1337 1533 1549 1604 peperit
1589 1550 1654 1590 ex
1683 1533 1839 1590 verbi

253 1634 533 1698 concepto,
557 1639 684 1680 caro
713 1623 886 1696 ipsius
914 1631 1014 1678 est.
1043 1621 1169 1678 Sola
1207 1623 1323 1677 haec
1352 1630 1530 1677 autem
1558 1623 1839 1694 prophetae

253 1732 368 1786 vox,
393 1711 776 1772 evacuabitur?
805 1727 874 1766 an
917 1725 969 1767 et
1014 1711 1218 1783 angeli,
1267 1718 1584 1782 conceptum
1615 1720 1667 1768 et
1707 1727 1835 1782 par-

258 1813 370 1860 tum
394 1790 622 1876 virginis
657 1801 1064 1856 annuntiantis?
1093 1817 1160 1854 an
1206 1807 1259 1857 et
1296 1800 1470 1855 omnis
1497 1801 1614 1870 jam
1651 1800 1840 1872 Scrip-

263 1901 400 1958 tura,
429 1891 585 1948 188
614 1905 956 1962 quaecunque
1003 1897 1227 1944 matrem
1269 1889 1578 1959 pronuntiat
1607 1888 1844 1945 Christi?

261 1980 539 2051 Quomodo
567 1978 709 2035 enim
758 1986 950 2045 mater,
1003 1977 1106 2032 nisi
1136 1977 1258 2049 quia
1287 1979 1343 2033 in
1371 1987 1524 2033 utero
1563 1980 1685 2049 ejus
1701 1977 1844 2034 fuit?

255 2069 364 2126 Sed
397 2067 526 2123 nihil
553 2084 618 2123 ex
637 2075 791 2124 utero
809 2068 926 2137 ejus
944 2066 1172 2137 accepit,
1207 2067 1351 2137 quod
1372 2076 1595 2123 matrem
1627 2083 1746 2124 eam
1769 2068 1842 2122 fa-

252 2167 419 2224 ceret,
442 2157 497 2212 iu
525 2158 682 2227 cujus
698 2166 855 2212 utero
884 2155 1002 2212 fuit.
1037 2157 1148 2212 Hoc
1175 2171 1373 2212 nomen
1400 2171 1509 2211 non
1541 2155 1699 2211 debet
1718 2172 1845 2214 caro

253 2256 503 2304 extranea
530 2247 600 2302 4⁸.
649 2247 838 2301 Matris
884 2257 1099 2302 uterum
1145 2261 1253 2303 non
1297 2245 1554 2316 appellat,
1586 2245 1688 2300 nisi
1737 2245 1846 2301 ﬁlia

253 2337 408 2402 uteri,
448 2352 595 2391 caro.
643 2335 778 2393 Filia
819 2335 957 2391 uteri
1006 2350 1166 2406 porro
1207 2351 1315 2390 non
1362 2341 1462 2400 est,
1496 2335 1542 2389 si
1584 2335 1687 2389 sibi
1722 2341 1847 2390 nata

253 2434 350 2482 est.
383 2425 602 2481 Tacebit
644 2425 691 2463 47
723 2424 894 2499 igitur
938 2432 992 2480 et
1026 2423 1301 2480 Elisabeth
1345 2425 1665 2496 prOphetam
1711 2439 1844 2496 por-

253 2522 371 2570 tans
399 2515 450 2552 48
473 2515 584 2583 jam
633 2513 848 2568 Domini
894 2512 978 2568 sui
1028 2513 1304 2569 c0nscium
1346 2512 1623 2579 infantem,
1657 2523 1710 2569 et
1756 2512 1846 2567 iu-

253 2618 418 2672 super
457 2601 660 2672 Spiritu
705 2609 886 2656 sancto
936 2601 1246 2672 adimpleta.
1296 2601 1422 2656 Sine
1471 2617 1660 2656 caussa
1701 2600 1844 2656 enim

253 2691 381 2747 dicit
412 2691 566 2762 (Luc.
590 2690 632 2762 1)
660 2708 672 2744 :
706 2693 776 2747 Et
804 2690 956 2747 unde
985 2691 1149 2757 mihi,
1182 2694 1247 2747 ut
1275 2697 1461 2748 mater
1490 2691 1714 2748 Domini
1733 2691 1846 2747 mei

255 2781 326 2837 ad
361 2797 452 2837 me
489 2781 682 2837 veniat
708 2779 797 2832 49?
825 2778 872 2833 si
903 2779 1066 2834 Maria
1095 2795 1201 2835 non
1234 2777 1425 2846 ﬁlium,
1457 2782 1552 2834 sed
1573 2779 1843 2851 hospitem

253 2870 308 2926 iu
339 2879 492 2926 utero
523 2868 767 2940 gestabat
792 2867 999 2923 Jesum.
1039 2867 1322 2937 Quomodo
1349 2867 1480 2924 dicit
1528 2885 1542 2924 :
1576 2869 1844 2926 Benedic-

256 2965 347 3017 tus
374 2959 425 2997 5°
453 2962 680 3030 fructus
709 2961 863 3016 uteri
891 2958 1016 3016 tui?
1045 2958 1180 3028 Quis
1210 2960 1295 3014 hic
1325 2959 1529 3015 fructus
1557 2957 1718 3024 uteri,
1753 2959 1847 3030 qui

253 3064 365 3104 non
403 3063 471 3102 ex
499 3054 657 3103 utero
687 3046 1034 3121 germinavit;
1070 3047 1162 3117 qui
1201 3062 1310 3103 non
1342 3049 1395 3102 in
1427 3056 1580 3104 utero
1609 3047 1846 3104 radicem

255 3135 398 3210 egit;
431 3135 526 3208 qui
581 3151 690 3191 non
735 3137 855 3206 ejus
899 3142 998 3202 est,
1057 3136 1212 3206 cujus
1260 3143 1344 3191 est
1385 3137 1607 3192 uterus?
1644 3137 1713 3190 Et
1753 3136 1844 3209 qui

256 3224 444 3296 utique
481 3223 676 3280 fructus
720 3224 902 3280 uteri?
952 3224 1218 3280 Christus.
1273 3224 1355 3278 Au
1400 3225 1530 3296 quia
1591 3224 1705 3295 ipse
1763 3233 1844 3281 est

252 3310 361 3368 ﬂos
387 3311 456 3367 de
483 3310 632 3384 virga
658 3312 899 3384 profecta
927 3312 972 3351 ⁵1
1004 3329 1076 3368 ex
1124 3313 1302 3368 radice
1328 3313 1508 3380 Jesse;
1549 3315 1698 3369 radix
1739 3330 1842 3370 au-

251 3410 366 3457 tem
393 3401 568 3468 Iesse,
599 3417 770 3473 genus
811 3401 1012 3470 David;
1046 3402 1196 3474 virga
1233 3418 1298 3458 ex
1344 3403 1546 3474 radice,
1587 3405 1752 3459 Maria
1778 3419 1842 3458 ex

245 3488 460 3546 David?
490 3490 616 3545 Flos
640 3506 704 3546 ex
732 3490 901 3564 virga,
936 3491 1078 3546 ﬁlius
1107 3491 1308 3557 Mariae,
1340 3492 1432 3564 qui
1461 3491 1658 3548 dicitur
1682 3494 1842 3548 Jesus

246 3577 519 3644 Christus,
551 3577 671 3649 ipse
712 3578 812 3634 erit
857 3588 908 3634 et
953 3578 1176 3635 fructus.
1227 3579 1354 3636 Flos
1399 3580 1542 3636 enim
1583 3581 1836 3636 fructus:

242 3666 373 3740 quia
399 3681 500 3736 per
537 3664 722 3722 ﬂorem
751 3674 806 3722 et
841 3681 907 3722 ex
952 3666 1086 3722 ﬂore
1118 3668 1294 3722 omnis
1342 3667 1547 3722 fructus
1590 3667 1839 3724 eruditur

243 3755 302 3810 in
332 3754 589 3810 fructum.
614 3752 757 3821 Quid
789 3755 961 3826 ergo?
990 3763 1189 3826 negant
1217 3762 1271 3810 et
1312 3753 1509 3812 fructui
1538 3771 1698 3811 suum
1727 3756 1834 3812 ﬂo-

243 3860 387 3913 rem,
417 3850 475 3900 et
503 3842 625 3899 ﬂori
659 3859 808 3899 suam
847 3843 1074 3917 virgam,
1104 3852 1158 3900 et
1193 3843 1363 3916 virgae.
1393 3860 1548 3901 suam
1577 3845 1836 3914 radicem,

1936 555 2315 626 preprietatem
2349 554 2469 624 ejus
2505 550 2649 624 quod
2687 568 2754 607 ex
2781 552 2935 626 virga
2961 561 3065 622 est,
3104 556 3252 610 ﬂoris
3281 566 3336 612 et
3378 557 3522 616 fruc-

1937 662 2019 702 us.
2065 645 2347 715 Siquidem
2387 642 2564 698 omnis
2603 643 2807 712 gradus
2848 643 3071 713 generis
3110 644 3176 698 ab
3216 646 3412 703 ultimo
3453 649 3522 705 ad

1939 733 2290 804 principalem
2318 740 2648 797 recensetur,
2671 740 2730 786 ut
2752 731 2864 799 jam
2894 747 3038 787 nunc
3067 747 3285 788 carnem
3306 736 3520 806 Christi,

1941 837 2048 878 non
2097 830 2300 878 tantum
2342 820 2549 885 Mariae,
2600 819 2698 875 sed
2751 827 2804 874 et
2839 811 3014 876 David
3063 837 3160 891 per
3203 823 3441 894 Mariam,
3474 833 3531 881 et

1937 911 2087 967 Jesse
2119 926 2215 982 per
2248 910 2436 978 David,
2458 908 2629 966 sciant
2656 908 2945 966 adhaerere.
2969 908 3094 965 [deo
3124 910 3173 948 53
3208 911 3350 968 hunc
3378 912 3529 969 fruc-

1940 1004 2054 1053 tum
2081 1014 2147 1053 ex
2173 997 2368 1052 lumbis
2412 995 2604 1060 David,
2635 995 2690 1050 id
2719 1002 2822 1062 est,
2873 1012 2936 1052 ex
2987 997 3301 1066 posteritate
3355 1000 3532 1057 carnis

1941 1087 2061 1156 ejus
2091 1088 2239 1157 jurat
2275 1084 2351 1141 illi
2382 1087 2528 1140 Deus
2567 1099 2951 1141 concessurum
2992 1085 3048 1140 iu
3080 1086 3308 1143 thorono
3340 1087 3534 1159 ipsius.

1942 1176 1998 1232 Si
2027 1193 2091 1230 ex
2131 1175 2328 1232 lumbis
2358 1174 2546 1243 David,
2606 1181 2806 1245 quanto
2851 1174 3026 1247 magis
3067 1192 3132 1232 ex
3183 1176 3382 1233 lumbis
3418 1178 3537 1234 Ma-

1943 1265 2036 1322 riae
2065 1265 2202 1338 (8'7),
2235 1265 2307 1321 ob
2336 1281 2501 1338 quam
2530 1263 2585 1319 in
2613 1263 2812 1320 lumbis
2837 1263 3038 1320 David!

2519 1403 2748 1462 CAPUT
2783 1405 2960 1462 XXII.

2016 1533 2244 1588 Deleant
2273 1528 2436 1603 igitur
2465 1540 2519 1586 et
2545 1530 2852 1588 testimonia
2879 1531 3186 1617 daemonum
3222 1532 3339 1607 (88)
3370 1534 3536 1591 ﬁlium

1946 1619 2114 1676 David
2146 1618 2529 1692 proclamantia
2574 1619 2622 1656 ⁵4
2648 1619 2864 1675 Jesum:
2916 1622 3010 1677 sed
3057 1621 3359 1678 testimonia
3401 1637 3536 1696 apo-

1946 1708 2207 1765 stolorum
2235 1706 2416 1762 delere
2464 1721 2568 1760 non
2601 1714 2852 1778 poterunt
2880 1708 2948 1773 55,
2982 1707 3026 1762 si
3056 1709 3370 1770 daemonum
3391 1710 3539 1767 indi-

1873 1755 1917 1832 Β
1950 1814 2056 1870 gna
2081 1795 2250 1854 789
2270 1803 2414 1859 sunt.
2439 1795 2561 1866 Ipse
2581 1755 2847 1866 arripi-imis
2867 1755 3165 1865 Mdtthaeus,
3192 1799 3541 1856 ﬁdelissimus

1951 1885 2226 1960 Evangelii
2254 1891 2663 1951 commentator,
2695 1893 2753 1938 ut
2773 1900 2958 1940 comes
2985 1886 3218 1951 Domini,
3242 1903 3350 1943 non
3381 1889 3541 1944 aliam

1951 1977 2022 2032 ob
2061 1991 2298 2040 causam,
2351 1987 2510 2046 quam
2554 1980 2614 2029 ut
2652 1988 2751 2027 nos
2797 1971 3024 2046 originis
3071 1974 3267 2031 Christi
3313 1977 3542 2032 carnalis

1951 2071 2232 2136 compotes
2272 2063 2491 2131 faceret,
2535 2062 2605 2116 ita
2641 2076 2863 2118 exorsus
2908 2071 3012 2119 est:
3066 2063 3222 2121 Liber
3264 2066 3544 2138 genitura:

1952 2155 2084 2210 Iesu
2111 2154 2341 2221 Christi,
2371 2153 2481 2222 ﬁlii
2508 2151 2700 2216 David,
2725 2152 2838 2222 ﬁlii
2866 2150 3166 2209 Abraham.
3189 2152 3284 2208 His
3309 2154 3544 2230 originis

1955 2241 2192 2298 fontibus
2218 2257 2418 2315 genere
2445 2249 2713 2310 manante,
2745 2257 2870 2297 cum
2899 2241 3168 2312 gradatim
3206 2244 3342 2298 ordo
3372 2243 3544 2299 dedu-

1952 2333 2090 2388 citur
2152 2331 2216 2386 ad
2270 2329 2467 2387 Christi
2515 2329 2846 2386 nativitatem
2894 2330 2964 2397 56,
3009 2330 3137 2402 quid
3190 2332 3335 2387 aliud
3384 2349 3545 2404 quam

1952 2437 2077 2478 caro
2106 2420 2224 2493 ipsa
2254 2419 2492 2476 Abrahae
2520 2427 2573 2474 et
2619 2419 2812 2488 David,
2855 2437 2950 2491 per
2989 2422 3236 2496 singulos
3273 2423 3546 2479 traducem

1953 2511 2037 2566 sui
2075 2510 2298 2577 faciens,
2329 2509 2383 2563 in
2423 2507 2688 2580 virginem
2729 2525 2902 2580 usque
2950 2508 3270 2566 describitur
3318 2511 3551 2568 inferens

1954 2598 2251 2665 Christum,
2280 2598 2390 2654 imo
2418 2597 2534 2668 ipse
2574 2597 2818 2653 Christus
2856 2598 3099 2669 proditur
3125 2599 3172 2637 5"
3210 2600 3278 2656 de
3306 2599 3551 2674 virgine?

1954 2689 2061 2745 Sed
2102 2697 2155 2744 et
2183 2689 2399 2758 Paulus,
2442 2695 2630 2759 utpote
2668 2688 2913 2756 ejusdem
2953 2689 3239 2761 Evangelii
3281 2699 3335 2747 et
3380 2691 3552 2748 disci-

1953 2775 2116 2848 pulus
2143 2786 2196 2831 et
2223 2775 2501 2846 magister,
2531 2783 2584 2830 et
2613 2775 2787 2840 testis,
2820 2792 2924 2846 qua
2951 2777 3000 2814 ⁵8
3020 2777 3265 2845 ejusdem
3293 2777 3466 2848 ipsius
3502 2779 3554 2820 59

1956 2865 2156 2922 Christi
2202 2864 2501 2936 apostolus,
2555 2863 2838 2918 conﬁrmat
2897 2863 3172 2920 Christum
3226 2881 3293 2922 ex
3342 2867 3553 2924 semine

1955 2952 2124 3009 David
2176 2951 2467 3008 secundum
2518 2965 2756 3017 carnem,
2803 2949 2986 3023 utique
3043 2952 3234 3022 ipsius.
3289 2954 3439 3027 Ergo
3487 2971 3554 3012 ex

1961 3042 2166 3098 semine
2211 3040 2386 3095 David
2423 3055 2549 3096 caro
2599 3039 2816 3095 Christi.
2863 3040 2971 3096 Sed
3028 3031 3325 3098 secundum
3372 3043 3554 3101 Mariae

1961 3145 2203 3198 carnem,
2237 3145 2304 3184 ex
2336 3128 2544 3184 semine
2564 3126 2763 3182 David:
2805 3141 2938 3199 ergo
2965 3144 3031 3183 ex
3053 3129 3230 3186 Mariae
3258 3147 3420 3189 carne
3449 3142 3553 3204 est,

1957 3219 2085 3274 dum
2133 3235 2198 3274 ex
2248 3216 2453 3273 semine
2503 3225 2585 3272 est
2632 3215 2825 3271 David.
2875 3216 3210 3290 Quocunque
3256 3221 3554 3277 detorseris

1955 3307 2178 3372 dictum,
2224 3312 2320 3360 aut
2358 3321 2424 3360 ex
2473 3319 2639 3359 carne
2681 3311 2762 3360 est
2799 3304 3004 3376 Mariae,
3045 3306 3190 3378 quod
3237 3324 3302 3364 ex
3348 3310 3556 3368 semine

1950 3406 2034 3453 est
2063 3395 2259 3463 David;
2301 3399 2393 3448 aut
2423 3410 2485 3449 ex
2518 3391 2686 3449 David
2733 3392 2934 3449 semine
2963 3401 3065 3460 est,
3096 3395 3240 3466 quod
3270 3412 3335 3452 ex
3378 3414 3542 3456 carne

1947 3495 2030 3544 est
2056 3486 2258 3541 Mariae.
2290 3485 2476 3539 Totam
2519 3482 2658 3536 hanc
2697 3481 3126 3538 controversiam
3164 3482 3371 3541 dirimit
3406 3485 3552 3542 idem

1949 3574 2262 3649 Apostolus,
2289 3572 2464 3644 ipsum
2497 3569 2756 3626 deﬁniens
2774 3586 2890 3626 esse
2917 3570 3152 3627 Abrahae
3178 3587 3388 3629 semen.
3414 3575 3550 3632 Cum

1948 3666 2250 3730 Abraham,
2289 3661 2471 3734 utique
2497 3658 2665 3717 multo
2703 3659 2877 3732 magis
2913 3659 3104 3731 David,
3144 3661 3302 3733 quasi
3346 3679 3543 3720 recen-

1950 3755 2126 3813 tioris.
2173 3753 2446 3808 Retexeus
2493 3748 2638 3805 enim
2697 3748 3112 3820 promissionem
3150 3750 3550 3810 benedictionis

1952 3846 2232 3900 nationum
2272 3839 2327 3896 in
2356 3838 2572 3896 nomine
2609 3838 2913 3906 Abraham;
2963 3840 3036 3895 Et
3072 3841 3137 3896 in
3178 3843 3395 3899 semine
3445 3845 3548 3904 tuo

1623 3945 1816 4008 Variae
1857 3948 2175 4010 lectiones.

319 4069 375 4107 ἰο
401 4067 480 4123 Ex
519 4068 694 4125 inser.
739 4070 903 4124 Pam.
955 4066 1132 4124 Rhen.
1160 4068 1206 4106 ιιι
1235 4068 1370 4123 Nata
1412 4068 1558 4126 delet
1586 4070 1708 4138 Lat,
1735 4070 1785 4108 42
1813 4069 2083 4127 Accedam
2133 4067 2255 4138 Ιίἱς]ζ
2300 4066 2426 4138 Ven.
2473 4059 3131 4138 lei_(‘lommunius_littera.
3157 4063 3308 4138 “cod.
3344 4066 3553 4124 Pithw.

240 4141 296 4178 44
333 4139 552 4194 Semina
601 4141 776 4195 Rhen.
808 4140 857 4177 4⁵
905 4138 1064 4208 Quod
1106 4139 1224 4197 cod.
1274 4141 1499 4195 Pithcei.
1542 4141 1592 4177 46
1630 4133 1911 4196 Eitrancze
1959 4143 2080 4196 Lat.
2120 4138 2168 4175 4⁷
2203 4133 2450 4208 'Tacebat
2494 4133 2699 4208 libent
2724 4133 2977 4208 Seml.__’*8
3018 4133 3326 4208 Praedicaus
3374 4139 3552 4208 Rhea.
3657 4174 3660 4176 η

241 4212 298 4250 49
329 4210 521 4266 Veniat
547 4213 613 4265 ad
644 4227 731 4265 me
762 4203 950 4268 Rhen:
985 4213 1152 4268 Seml.
1194 4211 1244 4249 ⁵ο
1279 4214 1474 4267 Beatus
1502 4212 1676 4268 Rhen.
1722 4213 1887 4270 Seml.
1925 4211 1970 4249 ⁵1
2003 4209 2261 4276 Projecta
2298 4207 2475 4260 Rhen.
2508 4205 2626 4276 Rig.
2664 4204 2832 4276 Seml.
2862 4205 3018 4276 __Ven.
3047 4203 3107 4276 _5?
3139 4206 3305 4276 Suam
3334 4207 3490 4276 abest
3514 4226 3552 4267 α

252 4282 432 4338 Rhea.
460 4282 510 4320 ⁵³
544 4282 836 4337 Adhzercre
866 4283 978 4337 Deo
1009 4283 1192 4339 Paris.
1223 4283 1272 4320 ⁵³·
1301 4283 1386 4336 Ad
1430 4283 1603 4339 inser.
1635 4284 1754 4339 cod.
1787 4283 2013 4338 Pithazi.
2047 4273 2423 4334 55Potuerunt
2452 4273 2627 4332 Rhen.
2659 4274 2828 4331 Seml.
2858 4273 2909 4312 ⁵6
2937 4276 2988 4328 Α
3036 4273 3237 4330 Christi
3270 4275 3548 4335 uativitate

245 4353 432 4412 Rhea.
463 4353 510 4392 ⁵⁷
541 4353 859 4410 Producitur
885 4356 1046 4410 Pam.
1077 4357 1248 4410 Fran.
1279 4354 1460 4411 Paris.
1491 4353 1542 4391 ⁵8
1568 4352 1705 4423 Quia
1731 4355 1855 4410 alii.
1887 4353 1936 4390 59
1967 4352 2145 4423 Ipsius
2179 4349 2331 4405 abest
2358 4363 2395 4402 a
2421 4345 2600 4404 Rhea.
2635 4345 2804 4404 Seml.

1654 4476 2152 4540 Commentarius.

321 4582 454 4679 $9.7).
464 4583 1050 4679 F3.’1‘I"..”£€_l"f’i€':’:_
1067 4581 1732 4679 Etialsmtesrrertets
1743 4601 1845 4679 1°.-
1878 4601 1924 4679 υ

235 4656 411 4726 cipit;
426 4671 550 4710 nam
563 4657 709 4727 quod
731 4657 1051 4712 Psal.cxxxr
1068 4657 1282 4721 dicitur,
1305 4659 1379 4714 De
1402 4658 1604 4728 fructu
1632 4659 1848 4714 ventris

238 4729 344 4783 tui
371 4745 582 4800 ponam
611 4745 780 4800 super
809 4728 1080 4800 thronum
1111 4733 1295 4797 tuum,
1319 4730 1437 4786 Act.
1460 4743 1521 4796 η,
1542 4728 1852 4800 interpreta-

238 4745 342 4783 ται
371 4745 582 4853 genam
611 4745 780 4800 super
809 4745 1080 4784 mronum
1111 4745 1295 4797 tuum,
1319 4745 1437 4786 act.
1460 4745 1521 4796 η,
1542 4745 1852 4800 interpreta-

237 4805 375 4872 tusr
421 4807 587 4862 etrus,
616 4799 767 4872 dicit,
802 4799 869 4856 de
917 4804 1114 4872 fructu
1142 4801 1492 4872 lumbiejus.
1527 4801 1626 4857 Ubi
1655 4808 1738 4857 est
1765 4804 1855 4868 τῆς

235 4870 464 4938 eoseos,
484 4871 626 4940 quod
659 4872 767 4927 illic
784 4876 868 4930 τῆς
893 4870 1100 4930 κοιλίας.
1125 4870 1387 4940 Quamvis
1410 4873 1536 4927 illud
1564 4872 1628 4929 de
1656 4875 1860 4943 fructu

235 4943 475 4998 ventris
506 4956 612 4995 non
642 4951 820 4998 careat
848 4943 1136 5014 mysterio,
1185 4949 1241 4997 et
1286 4953 1588 5013 Opponatur
1637 4943 1854 5013 lumbis,

235 5021 314 5067 ut
352 5021 510 5085 acute
537 5013 842 5069 considerat
869 5013 1110 5069 Irenaeus
1138 5014 1233 5085 lib.
1267 5029 1348 5078 ut,
1380 5030 1497 5085 cap.
1532 5016 1619 5068 2’7.
1651 5013 1782 5070 LAC.

329 5083 450 5154 (88)
477 5086 814 5140 Testimonia
834 5086 1174 5142 daemonum.
1199 5083 1333 5152 Quae
1356 5083 1459 5138 sint
1484 5085 1598 5139 haec
1621 5087 1859 5140 testimo-

233 5153 347 5228 nia
377 5155 706 5228 daemonum,
740 5155 944 5211 dubitat
965 5155 1268 5228 Pamelius;
1297 5171 1421 5228 nam
1451 5155 1504 5228 in
1532 5156 1855 5228 Evangelio,

238 5227 539 5281 daemones
569 5227 866 5281 clamarunt
917 5228 1131 5284 Filium
1170 5227 1288 5292 Dei,
1336 5226 1422 5281 vel
1453 5227 1644 5284 Jesum
1674 5226 1858 5284 Naza-

241 5312 489 5365 renam,
516 5313 790 5369 nunquam
822 5299 1032 5354 Filium
1079 5296 1450 5369 David._Quid
1477 5299 1522 5352 si
1551 5295 1861 5355 caecorum?

240 5370 354 5441 sed
385 5369 517 5441 nihil
556 5367 724 5425 muto.
756 5370 828 5426 Ut
875 5372 1075 5426 exitum
1122 5367 1383 5441 inveniret
1405 5369 1677 5441 Pamelius
1706 5385 1859 5441 quee-

237 5438 450 5514 s_t_ioni,
499 5441 886 5514 Tertulliauum
929 5441 1108 5514 arguit
1155 5438 1861 5514 oblivionis,‘quod‘v_erba

240 5508 583 5582 Ghanauazat
621 5513 789 5568 Math.
823 5528 924 5578 xv,
952 5508 1207 5570 Miserere
1238 5513 1371 5580 mei,
1400 5511 1488 5582 ﬁli
1508 5508 1700 5577 David,
1734 5511 1860 5566 ﬁliae

235 5579 304 5656 ej
317 5596 388 5636 us
418 5581 760 5656 daemoniacm
796 5584 1168 5654 assumpscrit.
1199 5584 1312 5656 Ego
1360 5579 1466 5638 non
1491 5583 1732 5656 multum
1777 5583 1860 5656 l_a-

235 5652 406 5708 boro
453 5653 522 5709 de
561 5656 663 5712 hac
710 5671 770 5711 re
811 5672 826 5710 :
871 5652 998 5713 cum
1038 5670 1224 5711 revera
1246 5652 1538 5710 'dzemonia
1581 5652 1862 5708 clamarint

238 5722 466 5782 Filium
495 5725 615 5795 Dei,
647 5726 826 5799 potuit
851 5726 1211 5784 Tertullianus
1231 5734 1434 5785 mutare
1452 5724 1664 5786 Filium
1686 5725 1787 5784 Dei
1804 5723 1861 5781 in

1953 4583 2143 4653 ﬁlium
2176 4577 2373 4653 David.
2418 4577 2642 4642 Tamen,
2692 4583 2750 4631 ut
2776 4573 3004 4653 ineptus
3042 4589 3169 4648 ego,
3219 4591 3328 4653 non
3374 4581 3552 4641 refero

1956 4645 2026 4710 ad
2069 4651 2395 4724 testimonia,
2449 4664 2571 4720 quae
2617 4654 2757 4724 sunt_
2788 4645 2843 4701 in
2871 4645 3190 4724 Scriptura,
3228 4649 3432 4724 sedad
3470 4672 3557 4724 ea,

1959 4741 2081 4796 quae
2111 4723 2242 4778 alibi
2269 4723 2438 4796 multa
2456 4716 2618 4796 sunt,_
2633 4716 2793 4790 quale
2814 4723 2898 4796 est
2911 4716 3049 4796 illud
3065 4719 3373 4796 Augustini,
3406 4725 3498 4796 lib.
3524 4716 3552 4782 ί

1965 4788 2031 4854 de
2063 4796 2347 4873 Gemens“
2375 4788 2688 4873 Ευαηθεέίτ
2720 4804 2841 4873 φρ·
2875 4791 3066 4873 ίδτ..¹.
3086 4788 3226 4873 Οᾳίά
3244 4791 3273 4873 ῗ
3293 4788 3442 4873 alios!
3471 4797 3562 4873 isti

1965 4867 2090 4923 vani
2111 4864 2441 4931 laudatores,
2485 4861 2540 4917 et
2565 4861 2883 4917 Christianae
2913 4861 3192 4934 religionis
3219 4861 3424 4934 obliqui
3451 4869 3560 4923 ob-

1967 4947 2306 5015 trectatores,
2387 4942 2680 5015 propterea
2743 4947 2856 5015 non
2913 4933 3110 5015 audent
3179 4933 3563 5015 blaSphemare

1967 5011 2262 5072 Christum,
2315 5002 2444 5077 quia
2479 5002 2697 5077 quidam
2747 5002 3462 5077 philos0phideorum‘sicut
3503 5009 3561 5066 iu

1966 5081 2122 5137 libris
2140 5078 2253 5134 suis
2281 5074 2614 5146 Porphyrius
2641 5074 2859 5130 Siculus
2888 5074 3144 5146 prodidit,
3176 5080 3564 5138 consuluerunt

1968 5153 2100 5208 deos
2128 5166 2274 5216 suos,
2307 5148 2437 5219 quid
2472 5149 2539 5202 de
2577 5146 2789 5219 Christo
2811 5147 3225 5219 responderent,
3267 5150 3341 5206 illi
3379 5161 3565 5209 autem

1967 5221 2210 5279 oraculis
2239 5216 2354 5275 suis
2390 5219 2659 5274 Christum
2699 5216 2922 5290 laudare
2965 5216 3233 5290 compulsi
3278 5232 3421 5282 sunt.
3451 5227 3568 5282 Nec

1967 5295 2188 5370 mirum,
2239 5308 2361 5370 cum
2401 5290 2459 5345 in
2493 5289 2784 5370 Evangelio
2815 5289 3240 5370 legoamusLeum
3289 5295 3565 5370 daemones

1968 5365 2133 5422 fuisse
2168 5360 2470 5420 Confessos.
2508 5381 2532 5412 at
2563 5361 2634 5415 Hi
2657 5360 2810 5416 enim
2852 5360 2930 5417 dii
2957 5361 3243 5422 gentilium
3293 5365 3564 5420 verissimi

1968 5445 2120 5492 erant
2164 5437 2464 5504 daemones,
2508 5440 2562 5489 et
2601 5433 2901 5504 laudabant
2954 5433 3248 5504 Christum.
3299 5437 3563 5493 Eamdem

1967 5509 2124 5564 etiam
2145 5503 2544 5564 confessionem
2563 5503 2863 5576 Cyprianus
2890 5503 3110 5576 indicat,
3141 5506 3206 5563 de
3226 5505 3361 5562 Idol.
3380 5511 3563 5566 vanit.

1967 5524 2124 5564 etiam
2145 5524 2544 5564 contessionem
2563 5524 2601 5558 υ
2645 5524 2863 5574 prianus
2890 5524 3110 5576 indicat,
3141 5524 3206 5563 ae
3226 5524 3361 5562 ιαοι.
3380 5524 3563 5566 vanit.

1965 5580 2034 5634 Et
2063 5579 2110 5634 si
2133 5579 2273 5635 velis
2298 5579 2482 5634 dolare
2523 5524 2704 5631 multis
2735 5577 2875 5631 hanc
2897 5575 3184 5701 Eiginam,
3236 5577 3326 5633 adi
3359 5577 3566 5638 Plutar-

1965 5650 2142 5701 chum.
2179 5652 2290 5701 Cur
2325 5650 2556 5701 oracula
2580 5649 2869 5701 siluerint.
2976 5659 3027 5701 c.

1964 5650 2142 5707 chum.
2179 5652 2290 5708 Cur
2325 5650 2556 5708 oracula
2580 5649 2869 5715 siluerint.
2897 5649 3027 5706 Lac.
