3972 6190
428 386 533 446 835

1140 370 1584 437 TERTULLIANI
1623 367 1890 430 OPERUM
1930 368 2096 428 PARS
2134 368 2201 429 II.
2244 400 2313 416 —
2350 371 2637 443 SERIESI,
2673 375 3012 437 POLEMICA.

3617 383 3719 444 836

428 505 827 568 benedicentur
862 519 1054 561 omnes
1080 503 1345 559 nationes
1357 518 1376 556 ε
1413 520 1434 549 α
1467 498 1606 564 Non,
1639 495 1831 567 inquit,
1863 494 2019 565 dixit,
2055 510 2101 588 Α
2134 498 2374 568 valeam,
2406 508 2665 559 sanctum
2692 505 2981 561 vocabitur
3008 506 3267 564 Domina.
3289 504 3426 575 Quis
3448 521 3572 565 vere
3597 525 3719 564 sau-

428 594 733 655 seminibus
761 636 775 661 ,
815 600 1069 665 tanquam
1122 591 1190 647 de
1229 588 1508 662 pluribus;
1549 584 1647 641 sed
1694 585 1907 641 semine
1951 584 2020 651 ⁸ο,

430 691 687 756 tanquam
718 682 785 737 de
819 698 950 749 uno,
986 680 1129 753 quod
1152 688 1238 735 est
1264 678 1529 733 Christus.
1562 692 1590 727 )
1622 672 1726 740 Qui
1754 674 1870 728 haec
1899 672 2035 744 legi-

429 792 552 832 mus
578 782 632 829 et
659 771 954 841 credimus,
984 785 1148 842 quam
1180 769 1440 824 debemus
1470 771 1521 820 et
1546 779 1831 837 possumus
1860 777 2035 835 agno-

430 879 580 920 scere
606 862 661 917 iu
691 861 903 916 Christo
928 859 1107 914 carnis
1130 856 1486 929 qualitatem?
1503 854 1700 926 Utique
1725 869 1829 909 non
1851 853 2029 919 aliam,

429 969 596 1026 quam
660 950 965 1017 Abraham;
1015 947 1279 1019 siquidem
1325 960 1514 1000 semen
1558 944 1836 997 Abraham
1881 942 2035 997 Chri-

435 1050 584 1097 stus:
628 1056 729 1095 uec
776 1039 957 1106 aliam,
1000 1053 1158 1110 quam
1197 1036 1370 1100 Jesse,
1420 1032 1691 1104 siquidem
1736 1049 1801 1089 ex
1851 1032 2033 1087 radice

431 1131 581 1187 Jesse
612 1129 711 1185 ﬂos
748 1128 1022 1185 Christus:
1062 1141 1164 1181 nec
1201 1124 1377 1191 aliam,
1413 1138 1571 1195 quam
1612 1122 1807 1189 David,
1856 1119 2033 1191 siqui-

433 1221 554 1276 dem
601 1218 806 1274 fructus
846 1233 913 1273 ex
949 1215 1145 1271 lumbis
1179 1213 1351 1270 David
1391 1212 1670 1267 Christus:
1726 1227 1825 1267 nec
1871 1210 2035 1266 aliam

433 1324 593 1381 quam
643 1322 712 1361 ex
759 1303 937 1371 Maria,
989 1301 1260 1375 siquidem
1302 1315 1371 1355 ex
1428 1300 1610 1355 Mariae
1660 1305 1816 1355 utero
1872 1296 2033 1353 Chri-

436 1405 573 1453 stus.
610 1397 676 1450 Et
701 1394 881 1449 adhuc
920 1392 1199 1463 superius:
1227 1404 1332 1447 nec
1360 1388 1525 1443 aliam
1554 1404 1712 1460 quam
1734 1387 1925 1457 Adam,
1956 1386 2034 1442 si-

437 1484 663 1557 quidem
694 1483 959 1538 secundus
985 1481 1179 1545 Adam,
1214 1478 1478 1533 Christus.
1510 1477 1865 1547 Consequens
1897 1490 2036 1549 ergo

440 1581 541 1639 est,
571 1579 629 1627 ut
658 1579 749 1626 aut
789 1569 911 1626 illos
939 1568 1236 1640 spiritalem
1273 1581 1496 1623 carnem
1525 1566 1778 1620 habuisse
1806 1572 2036 1620 conten-

441 1666 591 1729 dant,
623 1677 731 1732 quo
774 1660 956 1716 eadem
1011 1658 1248 1715 conditio
1292 1656 1611 1712 substantiae
1660 1654 1952 1709 deducatur
1980 1652 2033 1708 in

440 1752 681 1809 Christo:
735 1760 825 1806 aut
874 1748 1176 1804 concedant
1222 1760 1438 1801 carnem
1493 1743 1694 1800 Chrtsti
1742 1743 2035 1815 Spiritalem

443 1858 549 1901 non
581 1841 765 1905 fuisse,
793 1855 914 1912 quae
949 1852 1057 1893 non
1083 1836 1151 1890 de
1185 1833 1414 1905 spiritali
1445 1834 1610 1905 stirpe
1638 1842 1903 1889 censetur.

1014 1940 1238 1997 CAPUT
1279 1938 1483 1996 XXIII.

509 2035 614 2091 Sed
644 2032 991 2106 agnoscimus
1023 2029 1312 2102 adimpleri
1342 2027 1711 2101 prOpheticam
1738 2041 1923 2083 vocem
1952 2024 2045 2081 Si-

442 2124 674 2196 meonis,
714 2122 888 2181 790
918 2137 1081 2191 super
1120 2120 1292 2174 adhuc
1321 2126 1591 2175 recentem
1629 2116 1888 2171 infantem
1926 2116 2047 2170 Dor-

446 2215 653 2271 miuum
683 2212 1082 2286 pronuntiatam
1116 2210 1275 2281 (Luc.
1307 2210 1400 2280 11):
1439 2212 1575 2265 Ecce
1607 2208 1695 2263 hic
1716 2208 1931 2280 positus
1965 2209 2049 2262 est

444 2307 508 2361 in
527 2308 755 2362 ruinam
778 2308 833 2361 et
854 2302 1282 2359 suscitationem
1302 2300 1615 2357 multorum
1632 2299 1692 2353 in
1713 2296 1969 2361 Israel,et
1986 2297 2046 2350 in

444 2398 673 2469 signum
702 2394 848 2467 quod
867 2393 914 2466 δεί
946 2391 1391 2451 contradicelur.
1425 2389 1651 2459 Signum
1680 2385 1825 2440 enim
1850 2384 2044 2439 nativi-

451 2485 575 2542 tatis
604 2484 820 2554 Christi,
845 2481 1147 2539 secuudum
1177 2478 1395 2533 Isaiam:
1433 2479 1737 2548 Propterea
1764 2473 1919 2529 dabit
1947 2487 2047 2530 v0-

449 2576 529 2631 bis
566 2576 838 2632 Dominus
870 2574 990 2646 ipse
1017 2572 1285 2643 signum;
1325 2583 1451 2623 ecce
1478 2568 1629 2637 virgo
1669 2566 1945 2632 concipiet
1982 2568 2046 2620 in

448 2670 631 2732 utero,
646 2668 701 2718 et
718 2664 907 2735 puniet
928 2662 1136 2731 ﬁlium.
1155 2655 1517 2730 Agnoscimus
1537 2669 1669 2726 ergo
1690 2653 1903 2727 signum
1924 2667 2051 2709 con-

451 2751 778 2819 tradicibile,
840 2758 1167 2822 conceptum
1188 2754 1241 2802 et
1294 2752 1506 2817 partum
1542 2743 1782 2818 virginis
1837 2742 2045 2812 Mariae;

451 2845 519 2899 de
562 2858 671 2915 quo
727 2840 1037 2898 Academici
1086 2838 1194 2905 isti,
1244 2834 1477 2907 Peperit,
1530 2843 1584 2890 et
1638 2848 1749 2889 non
1797 2832 2046 2904 peperit;

450 2932 625 3005 virgo,
675 2937 869 2986 etnon
916 2930 1105 3001 virgo:
1136 2924 1295 2998 quasi
1340 2939 1471 2993 non,
1504 2922 1603 2979 etsi
1650 2923 1723 2978 ita
1768 2921 2050 2979 dicendum

2139 596 2278 653 ctus,
2309 604 2474 661 quam
2503 590 2603 646 Dei
2634 592 2683 630 09
2703 592 2906 648 Filius?
2935 591 3069 663 Quis
3099 594 3318 666 prOprie
3346 597 3561 653 vulvam
3591 599 3718 654 ada-

2142 676 2338 747 peruit,
2370 695 2530 749 quam
2559 680 2649 752 qui
2678 681 2910 737 clausam
2941 682 3225 753 patefecit?
3274 686 3566 755 Caeterum,
3608 703 3719 743 om-

2140 766 2299 822 nibus
2346 770 2547 841 uuptiaa
2608 771 2956 842 patefaciunt.
3007 774 3191 845 Itaque
3238 775 3415 848 magis
3462 777 3723 848 patefacta

2143 865 2244 921 est,
2277 858 2403 929 quia
2432 859 2604 932 magis
2632 870 2745 917 erat
2782 861 2982 918 clausa.
3015 862 3207 934 Utique
3238 865 3406 937 magis
3436 881 3547 921 non
3577 867 3721 939 virgo

2141 945 2368 1003 dicenda
2399 957 2497 1015 est,
2529 967 2691 1022 quam
2720 950 2895 1024 virgo,
2926 952 3060 1007 saltu
3107 954 3337 1025 quodam
3368 964 3545 1011 mater
3587 962 3721 1029 ante,

2143 1053 2307 1107 quam
2337 1046 2523 1110 nupta.
2555 1040 2619 1094 Et
2657 1040 2789 1111 quid
2818 1040 2957 1095 ultra
2986 1040 3050 1095 de
3078 1041 3185 1096 hoc
3216 1044 3609 1099 retractandum
3631 1054 3721 1111 est,

2145 1142 2264 1182 cum
2304 1128 2403 1183 hac
2431 1126 2637 1184 ratione
2664 1128 2986 1200 Apostolus,
3032 1145 3139 1187 non
3169 1145 3236 1187 ex
3272 1131 3504 1205 virgine,
3535 1135 3631 1190 sed
3665 1150 3725 1191 ex

2143 1216 2364 1273 muliere
2414 1218 2616 1274 editum
2665 1218 2856 1275 Filium
2920 1219 3019 1276 Dei
3074 1222 3459 1291 pronuntiavit,
3518 1224 3724 1296 agnovit

2145 1306 2415 1378 adapertae
2444 1308 2613 1365 vulvae
2643 1307 2939 1380 nuptialem
2966 1311 3272 1382 passionem
3290 1313 3319 1367 ?
3348 1312 3605 1386 Legimus
3624 1317 3724 1387 qui-

2142 1396 2269 1451 dem
2315 1396 2454 1467 apud
2499 1397 2833 1453 Ezechielem
2866 1398 2982 1471 (92)
3010 1401 3077 1456 de
3097 1415 3264 1457 vacca
3288 1400 3383 1457 illa
3412 1419 3537 1474 quae
3566 1419 3723 1475 pepe-

2144 1484 2230 1553 rit,
2261 1494 2313 1540 et
2350 1502 2459 1541 non
2498 1487 2725 1559 peperit.
2757 1488 2865 1543 Sed
2894 1488 3088 1556 videte,
3129 1507 3199 1547 ne
3226 1506 3325 1547 vos
3356 1492 3471 1562 jam
3515 1499 3644 1549 tunc
3681 1494 3724 1531 το

2144 1573 2438 1646 providens
2476 1574 2711 1644 Spiritus
2740 1585 2960 1633 sanctus
2997 1580 3195 1635 notarit
3239 1580 3340 1636 hac
3367 1595 3523 1637 voce.
3562 1582 3729 1638 disce-

2146 1672 2390 1736 ptaturos
2418 1681 2582 1737 super
2609 1672 2821 1721 uterum
2850 1667 3053 1725 Mariae.
3086 1670 3373 1737 Caeterum,
3407 1686 3523 1728 non
3558 1680 3734 1727 contra

2151 1752 2295 1807 illam
2328 1770 2482 1810 suam
2512 1755 2932 1827 simplicitatem,
2975 1759 3373 1829 pronuntiasset
3418 1760 3731 1829 dubitative,

2150 1843 2285 1899 Isaia
2315 1843 2525 1900 dicente
2554 1844 2685 1917 (Isa.
2717 1846 2802 1917 vr)
2837 1864 2850 1901 :
2887 1848 3197 1921 Concipiet,
3232 1853 3287 1907 et
3314 1851 3532 1924 pariet.

2716 1936 2937 1991 CAPUT
2974 1937 3153 1993 XXIV
3166 1978 3181 1993 .

2227 2020 2385 2090 Quod
2437 2021 2581 2079 enim
2620 2024 2780 2080 Isaias
2820 2026 3092 2095 jaculatur
3133 2025 3582 2101 insuggillatione
3627 2027 3734 2084 bte-

2152 2111 2440 2168 reticorum
2476 2112 2634 2171 791
2684 2115 2946 2188 ipsorum,
2976 2123 3029 2172 et
3058 2115 3326 2189 imprimis
3357 2118 3485 2189 (Isa.
3522 2120 3578 2187 v)
3608 2135 3622 2177 :
3662 2120 3738 2175 V42

2153 2204 2252 2275 qui
2280 2206 2509 2275 faciunt
2530 2205 2991 2277 dulceiamarum,
3022 2210 3078 2264 et
3102 2206 3359 2265 tenebras
3378 2208 3593 2277 lucem;
3615 2208 3740 2262 istos

2154 2291 2356 2348 scilicet
2394 2301 2560 2360 notat,
2594 2296 2686 2367 qui
2725 2311 2825 2353 nec
2853 2296 3120 2353 vocabula
3146 2297 3246 2353 ista
3274 2298 3327 2352 in
3349 2296 3467 2353 luce
3495 2297 3737 2367 proprie-

2152 2389 2319 2438 tatum
2365 2399 2588 2455 suarum
2639 2394 2989 2455 conservant;
3040 2394 3098 2443 ut
3136 2387 3313 2444 anima
3356 2402 3467 2443 non
3507 2386 3609 2442 alia
3654 2388 3738 2452 sit,

2152 2487 2316 2543 quam
2346 2488 2466 2544 qua:
2494 2481 2741 2542 vocatur,
2779 2482 2832 2531 et
2860 2492 2984 2532 caro
3003 2491 3109 2533 non
3141 2477 3247 2533 alia
3275 2493 3440 2549 quam
3469 2494 3589 2549 qua:
3604 2478 3742 2533 vide-

2153 2568 2241 2616 tur
2268 2562 2341 2630 71,
2370 2570 2424 2617 et
2452 2562 2596 2617 Deus
2622 2578 2732 2619 non
2752 2564 2913 2636 alius,
2942 2582 3106 2637 quam
3131 2567 3226 2639 qui
3254 2568 3596 2638 praedicatur.
3620 2566 3741 2622 Ideo

2155 2650 2319 2707 etiam
2346 2651 2676 2709 Marcionem
2710 2655 3039 2727 prospiciens
3070 2674 3084 2713 :
3119 2660 3227 2731 Ego
3256 2675 3407 2724 sum,
3434 2657 3609 2730 inquit
3638 2656 3743 2725 (Isa

2155 2742 2309 2813 XLV),
2343 2745 2510 2808 Deus,
2555 2746 2612 2799 et
2643 2743 2794 2801 alius
2821 2743 3022 2817 absque
3056 2762 3150 2803 me
3204 2762 3321 2802 non
3363 2751 3471 2803 est.
3519 2747 3590 2801 Et
3626 2760 3742 2802 cum

2154 2829 2209 2885 in
2238 2831 2285 2869 72
2327 2832 2433 2887 alio
2470 2832 2518 2871 73
2558 2832 2795 2904 idipsum
2850 2835 3042 2891 eodem
3078 2835 3238 2892 modo
3275 2834 3407 2892 dicit
3438 2852 3454 2895 :
3485 2838 3633 2893 Ante
3658 2850 3744 2893 me

2155 2923 2300 2977 Deus
2337 2938 2451 2980 non
2479 2924 2614 2993 fuit,
2666 2922 2849 2980 nescio
2895 2940 3032 2997 quas
3078 2924 3200 2980 illas
3248 2923 3743 2981 Valentiuiauorum

453 2985 622 3087 esset,
655 3035 687 3074 a
722 3018 883 3073 nobis
922 2985 1096 3088 magis
1122 3013 1229 3071 dici
1258 3014 1587 3072 conveniret.
1627 3012 1842 3086 Peperit
1879 3012 2047 3086 enim,
2082 2985 2125 3065 0
2154 3010 2382 3067 Eonum
2405 3011 2753 3085 geneaIOgias
2774 3013 2966 3084 pulsat.
2988 3014 3073 3081 Et,
3093 3014 3217 3072 Non
3246 3031 3321 3072 ea:
3334 3017 3740 3087 sanguineme‘

451 3125 573 3182 quae
616 3123 684 3163 ex
730 3123 831 3162 sua
885 3121 1071 3162 carne:
1118 3112 1171 3160 et
1225 3120 1335 3160 non
1384 3103 1615 3175 peperit,
1665 3120 1785 3176 quae
1830 3119 1937 3160 non
1981 3117 2046 3159 ex

452 3198 553 3255 viri
584 3198 633 3236 62
663 3194 891 3253 semine.
914 3192 979 3252 Et
1000 3194 1184 3268 virgo,
1218 3201 1473 3267 quantum
1501 3209 1531 3248 a
1558 3193 1703 3261 viro;
1735 3209 1843 3250 non
1868 3194 2045 3268 virgo,

454 3293 712 3361 quantum
769 3302 800 3340 a
858 3292 1015 3357 partu
1070 3282 1202 3357 (89).
1252 3284 1377 3339 Non
1426 3291 1604 3339 tamen
1646 3292 1707 3340 ut
1752 3284 1898 3352 ideo,
1946 3301 2046 3357 pe-

451 3377 614 3450 perit,
683 3383 735 3431 et
798 3376 848 3415 53
903 3391 1013 3431 non
1067 3374 1314 3446 peperit;
1369 3374 1420 3413 64
1474 3373 1619 3446 ideo,
1677 3390 1855 3447 Virgo,
1925 3391 2048 3448 quae

450 3483 563 3524 non
616 3466 794 3538 virgo,
854 3466 980 3539 quia
1036 3478 1145 3520 non
1208 3463 1275 3519 de
1328 3461 1631 3519 visceribus
1688 3463 1802 3519 suis
1854 3472 2047 3525 mater.

454 3556 561 3613 Sed
616 3556 762 3628 apud
817 3570 917 3611 nos
982 3553 1114 3609 nihil
1183 3552 1429 3619 dubium,
1499 3567 1602 3609 nec
1668 3558 1927 3608 relortum
1991 3554 2048 3610 in

453 3643 741 3715 ancipitem
768 3643 1163 3699 defensionem.
1200 3640 1331 3708 Lux,
1364 3641 1485 3708 lux;
1517 3648 1571 3697 et
1603 3642 1856 3712 tenebrae,
1900 3650 2049 3699 tene-

454 3733 597 3801 brae;
630 3740 681 3788 et
712 3734 828 3798 Est,
861 3740 983 3802 est;
1015 3738 1088 3801 et,
1122 3732 1273 3797 Non,
1314 3745 1444 3786 non.
1475 3729 1630 3797 Quod
1661 3731 1909 3803 amplius,
1944 3733 2049 3789 hoc

454 3835 489 3876 θ,
526 3820 666 3876 malo
698 3828 784 3875 est
808 3820 879 3874 6⁵.
912 3821 1147 3891 Peperit,
1177 3835 1298 3892 quae
1328 3819 1555 3889 peperit.
1585 3820 1654 3874 Et
1682 3820 1728 3874 si
1756 3818 1909 3891 virgo
1927 3837 2051 3878 con-

454 3908 614 3979 cepit,
650 3908 703 3961 in
735 3916 893 3978 partu
926 3923 1023 3963 suo
1061 3908 1243 3977 nupsit
1284 3908 1334 3946 55
1372 3906 1490 3976 ipsa
1529 3906 1775 3978 patefacti
1806 3910 2050 3981 corporis

453 3996 571 4070 lege
613 3994 746 4067 (90),
798 3994 853 4049 in
894 4012 999 4066 quo
1027 3995 1163 4049 nihil
1205 3994 1465 4063 interfuit,
1498 3997 1563 4051 de
1588 3996 1643 4051 vi
1684 3998 1912 4052 masculi
1947 4000 2051 4055 ad-

454 4082 625 4153 missi,
666 4098 733 4138 an
775 4082 978 4150 emissi,
1014 4082 1156 4139 idem
1184 4083 1232 4122 57
1276 4082 1407 4138 illud
1444 4099 1605 4141 sexus
1644 4084 1758 4158 (91)
1799 4089 2047 4159 resigna-

2157 3116 2265 3175 que
2291 3117 2363 3157 ex
2383 3102 2576 3160 carnis
2598 3107 2654 3159 et
2682 3104 2795 3160 viri
2812 3104 3130 3171 voluntate,
3158 3104 3254 3163 sed
3271 3122 3342 3163 ea:
3361 3108 3471 3163 Deo
3488 3106 3675 3177 (Joan.
3703 3108 3740 3175 ι)

2155 3197 2333 3248 natus
2360 3196 2467 3261 est,
2499 3192 2691 3247 Ebioni
2719 3194 3012 3263 respondit.
3029 3193 3221 3266 Eque,
3236 3196 3481 3252 Etiamsi
3515 3198 3741 3270 angelus

2155 3280 2221 3339 de
2261 3283 2394 3338 ccelo
2424 3281 2475 3320 7'1
2521 3280 2693 3339 aliter
2735 3281 3203 3353 evangelzzaverit
3230 3282 3378 3340 vobis
3415 3298 3591 3355 quam
3627 3300 3740 3354 nos,

2157 3371 2467 3428 anathema
2493 3371 2868 3442 sit(Galat.1);
2904 3372 2970 3425 ad
2999 3386 3285 3445 energema
3310 3371 3632 3445 Apelleiacae
3648 3371 3744 3426 vir-

2163 3459 2306 3533 ginis
2337 3459 2683 3515 Philumenes
2711 3457 2859 3514 ﬁlum
2903 3459 2952 3497 75
2981 3460 3185 3531 dirigit.
3226 3461 3401 3526 Certe,
3447 3463 3547 3534 qui
3585 3464 3743 3533 negat

2166 3549 2457 3607 Christum
2511 3551 2577 3606 in
2626 3564 2798 3605 carne
2835 3550 3069 3615 venisse,
3119 3548 3209 3605 hic
3255 3550 3639 3607 antichristus
3665 3554 3743 3607 est

2162 3639 2217 3712 (Ι
2239 3640 2400 3697 Joan.
2425 3639 2521 3710 1v).
2544 3638 2757 3693 Nudam
2789 3644 2840 3693 et
2859 3638 3159 3693 absolutam
3188 3645 3242 3693 et
3268 3638 3499 3710 simplici
3531 3638 3741 3696 nomine

2180 3734 2385 3784 naturae
2412 3743 2522 3783 sua:
2535 3729 3135 3797 pronuntiauscarnem,
3152 3742 3346 3785 omnes
3363 3728 3746 3800 disceptatores

2163 3817 2282 3888 ejus
2302 3816 2441 3874 ferit.
2470 3817 2623 3875 Sicut
2663 3824 2715 3873 et
2734 3817 2995 3874 deﬁniens
3034 3818 3213 3892 ipsum
3240 3834 3455 3891 quoque
3482 3820 3745 3877 Christum

2163 3921 2358 3975 unum,
2392 3905 2739 3963 multiformis
2766 3907 2815 3946 ⁷6
2845 3907 3041 3963 Christi
3070 3916 3534 3980 argumentatores
3563 3906 3745 3981 quatit,

2161 3998 2255 4071 qui
2306 3996 2469 4053 alium
2524 3995 2729 4052 faciunt
2769 3996 3063 4069 Christum,
3109 3996 3277 4053 alium
3324 3996 3543 4064 Jesum;
3588 3997 3750 4052 alium

2160 4087 2404 4157 elapsum
2437 4085 2504 4141 de
2549 4084 2763 4167 mediis.
2802 4084 2993 4153 turbis,
3041 4085 3209 4143 alium
3247 4085 3557 4155 detentum;
3591 4084 3749 4140 alium

453 4172 592 4231 verit
615 4168 686 4230 δθξ
718 4172 847 4228 Haec
885 4171 1118 4244 denique
1146 4171 1310 4229 vulva
1346 4180 1427 4229 est
1464 4181 1683 4244 propter
1710 4192 1871 4246 quam
1900 4185 1953 4233 et
1979 4179 2047 4234 de
2081 4166 2126 4243 Β
2160 4176 2217 4232 in
2260 4193 2479 4234 secessu
2508 4175 2728 4245 montis,
2756 4166 2828 4230 in
2872 4175 3075 4232 ambitu
3113 4175 3275 4232 nubis
3316 4176 3416 4232 sub
3446 4176 3625 4231 tribus
3668 4190 3752 4230 ar-

454 4259 578 4317 aliis
622 4258 881 4332 scriptum
911 4268 993 4317 est
1026 4280 1040 4320 :
1081 4261 1253 4319 Omne
1281 4262 1673 4320 masculinum
1715 4264 2051 4338 adaperiens

2164 4268 2319 4326 bitris
2363 4270 2594 4336 clarum;
2627 4267 2789 4324 alium
2834 4266 3043 4325 caeteris
3084 4267 3382 4341 passivum,
3425 4266 3749 4342 ignobilem;

1823 4382 2018 4447 Variae
2061 4389 2368 4449 lectiones.

525 4508 577 4548 5°
624 4507 825 4567 Semiui
868 4511 1047 4568 Fran.
1098 4511 1258 4566 Pam.
1291 4509 1336 4549 61
1397 4510 1492 4566 Cui
1540 4513 1702 4568 Pam.
1754 4515 1923 4572 Fran.
1959 4515 2008 4553 62
2034 4516 2190 4574 Virili
2234 4517 2413 4573 Rhen.
2450 4517 2620 4575 Seml.
2668 4516 2718 4555 53
2763 4514 2891 4572 Ideo
2940 4518 3073 4572 Par.
3118 4515 3292 4573 Rhen.
3330 4530 3441 4571 non
3486 4522 3671 4571 tamen
3705 4520 3757 4570 et

455 4579 579 4637 ideo
622 4581 858 4653 peperit,
887 4581 1015 4689 quia
1066 4596 1175 4637 non
1220 4597 1494 4663 ex.carne
1540 4600 1639 4639 sua
1678 4584 1905 4655 peperit,
1946 4595 2000 4641 et
2046 4590 2249 4644 Pithre.
2284 4590 2334 4626 δτι
2377 4588 2496 4642 Νοη
2538 4588 2742 4659 peperit
2778 4598 2829 4643 et
2872 4587 3017 4645 delet
3070 4588 3271 4646 Pii/we.
3316 4588 3363 4625 6⁵
3409 4588 3503 4641 Est
3539 4589 3696 4643 abest
3723 4603 3757 4641 a

465 4653 612 4691 ham
667 4653 814 4691 Rom]
884 4654 908 4691 6
985 4654 1104 4691 Nnn
1150 4661 1329 4691 mmet:
1386 4654 1494 4691 ηΛΑ
1561 4657 1669 4691 οη..
1752 4658 1850 4691 nm!
1928 4660 2082 4691 nmen
2161 4661 2208 4691 δ’]
2258 4660 2314 4691 ῐιι
2369 4667 2445 4691 ηερ
2504 4660 2644 4691 ut...“
2728 4662 2853 4691 om...
2926 4660 2975 4691 ea
3015 4658 3319 4691 ειτηερ-..μιμῇ
3376 4661 3505 4691 οη...
3588 4659 3731 4691 nt...“

457 4653 535 4707 Rh
544 4670 615 4708 cn
666 4653 835 4709 Seml.

455 4793 591 4853 alias
625 4797 799 4854 Fran.
832 4798 999 4852 Pam.
1031 4796 1079 4834 Ἡ

984 4654 1107 4708 Non
1150 4653 1335 4724 nupsit
1385 4654 1513 4710 add.
1552 4653 1693 4711 Par.
1750 4653 1869 4713 cod.
1926 4660 2105 4717 Ursin.
2161 4661 2208 4698 6⁷
2258 4660 2317 4714 Id
2368 4667 2449 4714 est
2494 4653 2667 4717 Rhea.
2718 4662 2878 4716 Pam.
2926 4660 2975 4697 68
3012 4658 3324 4724 Resignavit
3367 4661 3528 4714 Pam.
3580 4659 3755 4715 Rhea.

455 4722 717 4803 5?_Saucti
745 4724 871 4803 alii.
892 4724 942 4762 7°
971 4725 1088 4803 Nos
1118 4722 1243 4803 iam:
1262 4741 1409 4803 nunc
1438 4726 1613 4803 Rhen.
1648 4727 1897 4803 Semlgf
1919 4728 2041 4785 Alia
2070 4732 2141 4787 sit
2167 4748 2273 4803 qua
2303 4731 2517 4803 videtur
2544 4734 2704 4803 Pam.
2738 4732 2785 4768 ⁷2
2813 4732 2871 4786 In
2903 4730 3054 4789 abest
3081 4748 3116 4786 a

1210 4796 1276 4852 lis
1310 4796 1488 4855 Rhea.
1522 4798 1692 4855 Seml.
1725 4799 1773 4836 75
1801 4798 1993 4855 Filium
2023 4796 2201 4859 Pam:
2219 4804 2398 4859 Rhea.
2428 4802 2477 4841 75
2503 4802 2864 4859 Multiformes
2890 4806 3062 4860 Fran.

3261 4748 3322 4787 η.
3353 4731 3524 4788 Scml.
3549 4730 3600 4769 73
3630 4732 3757 4785 Cum

1852 4916 2350 4985 Commentarius.

529 5017 646 5099 ($9)
680 5018 991 5099 Non-virgo
1016 5021 1298 5099 quantum
1330 5033 1365 5099 ᾳ
1405 5024 1595 5099 partu.
1626 5019 1791 5099 Error
1819 5022 1905 5078 hic
1935 5042 2060 5099 gra-

454 5088 713 5160 vissimus
739 5095 839 5143 est.
868 5088 1232 5142 Tertulliauus
1260 5088 1460 5160 quippe
1489 5091 1622 5145 falso
1653 5092 1783 5148 dixit
1812 5111 1918 5151 non
1936 5088 2057 5152 Vir-

496 5163 655 5239 inem_
673 5159 1174 5239 fuisse,mquautum
1205 5174 1237 5211 a
1275 5159 1455 5239 partu,
1492 5171 1550 5239 ut
1592 5163 1680 5239 hic
1724 5165 1881 5239 docet
1918 5167 2058 5226 fuse.

454 5178 644 5289 ginem
673 5178 1174 5239 luissemquuntum
1205 5178 1237 5211 θ,
1275 5178 1455 5239 partu,
1492 5178 1550 5217 nt
1594 5178 1680 5219 mc
1724 5178 1881 5221 nocet
1918 5178 2058 5226 Iuse.

502 5246 595 5287 an.
631 5234 662 5285 3
687 5228 913 5286 Concilu
948 5228 1322 5285 Lateranensrs
1365 5231 1466 5285 sub
1494 5233 1722 5291 Martino
1769 5237 1793 5291 Ι
1824 5238 2064 5298 decrevit

456 5301 829 5360 beatissimam
844 5300 1123 5368 Virginem
1139 5301 1614 5371 incorruptibiliter
1631 5307 1948 5364 enixam.Ln
1962 5312 2057 5368 Pu.

532 5374 652 5447 (90)
675 5376 810 5454 Ipsa
836 5372 1120 5454 patefacti
1148 5375 1395 5454 corporis
1428 5376 1558 5454 lege.
1592 5376 1792 5454 Legem
1810 5396 1935 5436 mox
1966 5398 2057 5437 re-

458 5444 639 5506 citat.'
662 5444 845 5505 eum
866 5444 1257 5500 masculinum
1294 5444 1628 5516 adaperiens
1667 5444 1915 5519 uuluam,
1950 5462 2054 5510 etc.

458 5521 594 5578 R16.

532 5592 648 5666 (θῇ)
690 5589 843 5666 Idem
868 5587 1234 5666 illucsercus.
1266 5586 1499 5666 vulvam
1527 5588 1811 5666 significat.
1842 5594 1929 5654 Sic
1957 5612 2054 5654 au-

460 5659 569 5719 tem
599 5659 802 5735 leg-itur
829 5662 883 5719 iu
911 5659 1094 5719 Ursini
1121 5659 1277 5722 libro.
1309 5660 1435 5719 Bia.

2238 5028 2354 5100 (92)
2386 5028 2543 5102 Apud
2572 5027 2938 5102 Ezechielem,
2972 5035 3077 5102 etc.
3110 5028 3243 5083 Cum
3263 5026 3317 5080 in
3338 5022 3762 5102 Ezechielepro-

2171 5098 2624 5173 pheta'uu'squam
2650 5102 2851 5156 mentio
2882 5098 2972 5154 fiat
3018 5099 3463 5173 illarum‘vocum
3516 5115 3530 5153 :
3594 5099 3765 5153 Vacca

2172 5168 2502 5246 imperitet
2530 5189 2645 5246 non
2672 5174 2911 5246 peperit,
2944 5171 3137 5246 merito
3166 5168 3408 5246 dubitant
3438 5168 3765 5246 interpretes

2175 5240 2295 5314 quas
2327 5244 2395 5298 sit
2423 5240 2705 5313 hujusloéi
2734 5240 3038 5314 explicatio.
3072 5242 3335 5299 Pamelius
3362 5248 3417 5297 et
3446 5240 3539 5293 alii
3570 5246 3765 5310 putant

2172 5312 2226 5367 id
2258 5330 2379 5369 esse
2417 5316 2557 5384 quod
2586 5312 2820 5371 habetur
2851 5314 2972 5370 Jobi
3018 5330 3159 5369 χχιι
3222 5314 3392 5369 Vacca
3433 5318 3677 5384 peperit,
3711 5314 3763 5384 et

2170 5402 2289 5440 non
2318 5382 2651 5469 est-privata
2664 5391 2789 5469 fetu
2810 5404 2931 5442 suo.
2962 5386 3076 5469 Etsi
3106 5387 3222 5469 haec
3247 5400 3353 5441 non
3382 5382 3684 5469 habeantur
3712 5382 3762 5436 in

2170 5454 2459 5527 prophetia
2486 5454 2799 5525 Ezechielis,
2832 5474 2892 5514 ea
2924 5460 3098 5527 perire
3130 5464 3442 5528 potuerunt,
3481 5454 3608 5528 licet
3637 5455 3764 5510 Ter-

2174 5526 2381 5600 tulliani
2411 5530 2745 5600 temporibus
2776 5526 2947 5585 adhuc
2967 5526 3398 5600 exstarent.7Vel
3429 5526 3610 5597 potuit
3643 5538 3760 5600 esse

2168 5598 2440 5684 Ezechiel_
2469 5596 2796 5684 Jtidzeorum
2824 5601 3041 5684 quidam
3083 5599 3376 5684 tragoedus,
3419 5596 3474 5655 et
3516 5612 3631 5657 non
3681 5596 3763 5653 ille

2172 5671 2327 5741 cujus
2355 5672 2618 5731 habemus
2644 5671 2971 5732 vaticinium.
2996 5673 3076 5729 LE
3104 5671 3201 5729 Pu.
