4030 6184
285 346 394 408 837

280 472 446 529 alium
493 469 918 545 magnanimum,
948 468 1121 526 alium
1149 485 1279 528 vero
1328 474 1688 546 trepidantem
1717 494 1732 548 ;
1774 493 1874 533 no-

281 558 712 627 vissime,792
742 559 900 615 alium
959 576 1204 633 passum,
1234 563 1397 620 alium
1454 566 1822 622 resuscitatum
1856 587 1870 623 :

283 666 380 722 per
409 650 557 721 quod
601 666 756 704 suam
783 664 998 722 quoque
1062 649 1116 704 in
1144 651 1246 706 alia
1299 669 1458 710 carne
1521 658 1881 714 resurrectio-

280 755 407 795 nem
437 747 763 796 asseverant.
791 737 898 793 Sed
925 739 1085 804 bene,
1116 740 1260 810 quod
1292 740 1438 798 idem
1469 747 1648 800 veniet
1678 745 1746 800 de
1762 761 1877 802 cae-

281 836 369 903 lis,
399 836 603 909 quiest
630 851 852 908 passus;
903 833 1053 891 idem
1111 837 1365 896 omnibus
1421 843 1720 912 apparebit,
1787 842 1882 915 qui

283 931 369 981 est
397 927 774 982 resuscitatus.
803 927 868 980 Et
896 923 1164 982 videbunt
1183 936 1238 984 et
1265 940 1584 1000 agnoscent,
1629 934 1724 1002 qui
1753 949 1882 989 eum

282 1017 650 1087 conﬁat-erunt
711 1014 902 1089 (Zach.
957 1032 1044 1087 x1;
1076 1021 1236 1084 Joan,
1271 1020 1386 1092 xxx)
1420 1038 1432 1078 :
1465 1021 1651 1092 utique
1708 1022 1881 1094 ipsam

281 1121 521 1173 carnem,
552 1106 607 1162 in
655 1121 817 1178 quam
872 1103 1190 1174 smvicrunt;
1253 1108 1368 1164 sine
1419 1125 1544 1180 qua,
1599 1126 1704 1166 nec
1762 1111 1880 1183 ipse

281 1210 404 1250 esse
447 1193 672 1265 poterit,
705 1207 807 1248 nec
837 1193 1073 1264 agnosci.
1102 1193 1174 1248 Ut
1203 1202 1256 1249 ct
1287 1195 1362 1250 illi
1403 1198 1747 1264 erubescant,
1791 1199 1880 1270 qui

279 1281 560 1339 afﬁrmant
590 1298 809 1340 carnem
834 1281 890 1336 in
920 1279 1074 1336 coclis
1116 1297 1340 1339 vacuam
1392 1301 1554 1341 sensu
1637 1295 1698 1343 ut
1726 1288 1881 1361 vagi-

279 1387 411 1428 nam
457 1379 710 1443 exempto
767 1370 980 1426 Christo
1003 1369 1194 1427 sedere
1227 1391 1241 1428 :
1302 1382 1396 1430 aut
1457 1375 1548 1446 qui
1578 1391 1795 1432 carnem
1828 1385 1882 1432 et

281 1462 519 1516 animam
546 1460 904 1525 tantumdem,
932 1469 1026 1514 aut
1063 1463 1443 1521 tantummodo
1471 1463 1726 1532 animam,
1765 1481 1882 1522 car-

285 1563 416 1607 nem
452 1564 581 1609 vero
635 1564 748 1607 non
809 1549 940 1620 jam.

1467 349 1663 411 LIBER
1739 351 1822 412 DE
1865 351 2084 415 CARNE
2123 349 2402 412 CHRISTI.

3468 359 3577 420 838

2559 473 2784 532 CAPUT
2819 474 2998 534 XXV.

2057 567 2164 624 Sed
2192 567 2447 622 hactenus
2475 565 2541 622 de
2569 567 2795 623 materia
2815 571 3046 638 presenti
3077 571 3224 625 satis.
3267 572 3386 628 Jam
3428 572 3574 629 enim

1993 657 2224 714 arbitror
2252 656 2565 712 instructam
2625 672 2742 713 esse
2789 657 2966 712 carnis
3020 657 3074 714 in
3111 659 3358 728 Christo,
3413 671 3466 718 et
3511 677 3578 718 ex

1990 747 2199 820 virgine
2229 755 2388 818 natat,
2419 753 2473 801 et
2510 747 2754 801 humanae
2787 746 3176 819 probationem.
3208 748 3365 816 Quod
3394 759 3445 804 et
3483 765 3575 806 so-

1989 836 2101 890 lum
2132 836 2436 892 discussum
2468 834 2716 891 sufﬁcere
2744 835 3030 906 potuisset,
3071 836 3117 874 77
3149 836 3278 892 citra
3325 838 3576 910 singula-

1989 942 2108 982 rum
2138 942 2200 981 ex
2230 926 2446 982 diverso
2506 924 2820 996 Opinionum
2876 927 3350 998 congressionem;
3415 944 3577 998 quam

1991 1025 2044 1074 et
2081 1015 2636 1092 argumentationibus
2688 1031 2890 1082 earum,
2925 1025 2979 1071 et
3041 1017 3324 1090 scripturis
3379 1016 3578 1089 quibus

1990 1115 2231 1171 utuntur,
2273 1105 2681 1177 provocavimus
2718 1119 2783 1160 ex
2825 1105 3136 1171 abundanti,
3177 1106 3255 1160 uti
3307 1121 3394 1176 eo,
3434 1104 3580 1178 quod

1988 1195 2352 1268 probavimus,
2386 1194 2510 1266 quid
2533 1203 2585 1250 et
2615 1195 2759 1249 unde
2790 1193 2951 1249 fuerit
2987 1195 3188 1250 Christi
3240 1210 3386 1264 caro,
3448 1193 3579 1267 quid

1988 1301 2096 1342 non
2135 1284 2315 1351 fuerit,
2338 1285 2593 1341 adversus
2622 1299 2812 1340 omnes
2841 1284 3369 1355 praajudicaverimus
3407 1285 3476 1340 73.
3510 1285 3581 1341 Ut

1989 1382 2170 1432 autem
2199 1374 2497 1430 clausulam
2530 1373 2579 1411 79
2608 1373 2674 1427 de
2707 1373 3024 1443 przefatione
3088 1373 3363 1430 communi
3421 1372 3582 1429 faciat

1987 1463 2306 1520 resurrectio
2336 1464 2511 1518 carnis
2540 1470 2736 1518 nostra:
2766 1462 2834 1529 3°,
2870 1464 2976 1519 alio
3004 1463 3182 1520 libello
3217 1462 3578 1532 defendenda,

1988 1555 2077 1609 hic
2132 1553 2352 1608 habebit
2409 1551 2919 1623 praestructionem;
2949 1553 3230 1610 manifesto
3283 1553 3395 1624 jam
3436 1553 3576 1624 (94),

1994 1643 2153 1716 quale
2185 1641 2346 1697 fuerit
2374 1642 2518 1714 quod
2547 1641 2602 1696 in
2625 1641 2835 1699 Christo
2866 1643 3160 1700 resurrexit
3187 1642 3256 1698 θί.

1675 1788 1866 1852 Variae
1906 1791 2216 1851 lectiones.

362 1891 411 1932 τ’
443 1893 547 1967 sed
571 1895 757 1967 inser.
790 1894 961 1954 Rhea.
1016 1897 1187 1954 Seml.
1220 1897 1270 1935 ’λδ
1309 1895 1784 1952 Prmdicaverimus
1827 1899 1958 1953 Par.
2008 1895 2427 1967 praecaverirnus
2476 1893 2595 1964 Rig.
2635 1893 2796 1965 Leop.
2857 1894 2982 1952 Ven.
3029 1894 3078 1933 79
3116 1893 3361 1951 Clausula
3401 1897 3578 1955 Rhen.

289 1964 466 2022 Seml.
495 1966 543 2004 30
567 1966 769 2024 Nostra:
797 1968 953 2026 abest
981 1985 1017 2024 α
1046 1969 1226 2025 Rhen.
1261 1969 1431 2026 Seml.
1461 1970 1507 2006 ⁸1
1540 1969 1925 2025 Resurrexcrit
1959 1964 2131 2024 Rhen.
2168 1966 2336 2026 Seml.

1683 2085 2181 2148 Comtnentarius.

357 2185 474 2268 (ω)
491 2188 554 2245 Ut
565 2192 763 2268 autem
781 2189 1097 2268 clausulam
1127 2190 1195 2268 de
1222 2191 1566 2268 praefatione
1587 2191 1880 2268 communi

275 2258 461 2327 faciat
480 2261 822 2317 resurrectio
851 2263 1040 2318 carnis
1070 2258 1299 2318 nostra.
1335 2258 1461 2316 Haec
1498 2262 1736 2316 clausula
1778 2279 1885 2317 res-

274 2329 485 2410 pondet
513 2331 693 2386 verbis
715 2331 820 2410 illis
863 2349 1000 2410 qua:
1016 2333 1069 2410 in
1113 2335 1343 2402 hujusce
1402 2334 1720 2410 prmfatione
1751 2349 1884 2410 ope-

276 2401 359 2455 ris
411 2399 708 2473 leguntur:
772 2399 914 2473 Quid
970 2403 1137 2460 ﬁdem
1186 2399 1609 2468 resurrectionis
1666 2399 1886 2461 student

1992 2190 2313 2262 inquietare,
2358 2188 2551 2245 merito
2582 2186 2779 2262 Christi
2814 2203 3030 2262 quoque
3066 2204 3285 2246 carnem
3321 2189 3582 2262 quaestio-

1993 2263 2154 2316 nibus
2184 2261 2503 2319 distrahunt.
2550 2283 2572 2310 ι
2607 2260 2734 2314 th.

2071 2335 2188 2403 (94)
2224 2335 2518 2405 illuni/esto
2559 2335 2706 2404 jam,
2773 2332 3119 2400 Subauditur,
3187 2333 3469 2405 existente,
3524 2339 3584 2390 ut

1989 2399 2190 2461 Grmcé
2217 2399 2384 2472 δήλοιί
2404 2399 2574 2464 ὄντος.⁷
2590 2399 2776 2460 RBEN.

578 2768 736 2935 Q.
860 2768 1328 2915 SEPT.
1467 2771 1970 2914 FLOR.
2093 2767 3287 2910 TERTULLIANI

1844 3043 2031 3096 LIBER

925 3212 1112 3327 DE
1196 3206 2369 3329 RESURRECTIONE
2428 3206 2945 3328 CARNIS

836 3607 1344 3666 ARGUMENTUM.

354 3700 496 3772 Cap.
528 3698 574 3755 Ι.
603 3728 674 3739 -
700 3697 782 3756 De
809 3699 1210 3757 resurrectione
1239 3695 1416 3753 carnis
1437 3695 1742 3767 scripturus
1770 3693 1882 3748 Au-

269 3797 420 3858 ctor,
451 3786 718 3858 imprimis
743 3787 903 3844 tradit
938 3804 1058 3844 eam
1086 3789 1247 3843 etiam
1288 3786 1510 3853 steculo,
1551 3792 1605 3841 et
1661 3799 1889 3856 praeser-

274 3879 380 3937 tim
409 3877 702 3933 Platonicis
748 3893 811 3934 ac
856 3877 1232 3952 Pythagoricis
1270 3892 1380 3932 non
1418 3875 1660 3950 ignotam
1699 3873 1883 3930 fuisse.

270 3968 416 4040 Cap.
446 3966 516 4023 II.
555 3965 848 4024 Haereticos
880 3982 1025 4035 vero,
1081 3967 1184 4021 etsi
1231 3981 1353 4022 cum
1407 3963 1722 4020 Sadducaeis
1779 3978 1888 4018 non

273 4064 608 4129 agnoscant,
641 4053 849 4111 revinci
898 4064 1078 4112 tamen
1118 4061 1230 4109 tum
1280 4053 1438 4122 libro,
1485 4051 1767 4125 praemisso
1823 4051 1890 4106 de

278 4147 473 4204 Carne
514 4144 744 4213 Christi,
775 4152 885 4199 tum
905 4145 971 4201 de
998 4146 1102 4202 Deo
1122 4144 1316 4200 carnis
1353 4145 1604 4210 auctore,
1640 4143 1694 4194 et
1728 4139 1887 4196 Chri-

274 4239 372 4292 sto
405 4235 595 4291 carnis
623 4233 990 4308 redemptore,
1013 4232 1181 4308 libris
1230 4231 1500 4289 adversus
1548 4229 1884 4285 Marcionem

276 4322 531 4394 scriptis;
585 4324 730 4396 quod
761 4324 952 4379 animm
1007 4320 1460 4378 resurrectionem
1514 4333 1623 4374 non
1670 4323 1890 4388 negent,

272 4420 486 4485 praeter
509 4412 688 4470 solum
740 4413 1248 4482 Lucanum;contra
1302 4425 1463 4482 quem
1527 4405 1724 4463 anima:
1779 4407 1887 4461 im-

272 4502 657 4560 mortalitatem
685 4503 820 4558 libro
852 4503 918 4558 de
940 4503 1148 4558 Anima
1181 4506 1386 4556 tutatus
1418 4497 1505 4554 sit.

371 4591 502 4664 Cap.
533 4592 625 4647 IIl.
665 4591 892 4648 Proinde
918 4591 1206 4646 haereticos
1235 4604 1344 4645 non
1387 4588 1589 4645 debere
1633 4584 1783 4656 vulgi
1838 4584 1892 4639 in

276 4701 351 4740 ea
379 4683 705 4755 deneganda
732 4682 1090 4754 ignorantiam
1128 4679 1304 4752 sequi.

356 4773 497 4844 Cap.
526 4773 616 4829 IV.
641 4773 834 4844 Neque
852 4770 999 4826 enim
1035 4771 1248 4827 obstare
1285 4767 1462 4827 carnis
1523 4781 1680 4839 quam
1736 4778 1890 4835 prae-

275 4863 518 4922 tendunt
546 4859 955 4934 ignobilitatem.

355 4954 498 5021 Cap.
519 4949 584 5005 V.
621 4949 874 5014 Primum,
907 4949 1051 5022 quod
1084 4964 1117 5002 a
1147 4947 1261 5004 Deo
1291 4945 1429 5003 facta
1457 4947 1543 5004 sit.

355 5041 490 5110 Cap.
527 5038 610 5094 VI.
640 5039 792 5104 Item,
829 5041 975 5112 quod
1003 5039 1100 5094 Dei
1124 5054 1288 5093 manu
1309 5043 1599 5092 exstructa.

353 5131 502 5202 Cap.
548 5128 666 5184 VII.
698 5128 857 5196 Quod
881 5132 994 5200 jam
1026 5130 1186 5185 limus
1217 5128 1271 5182 in
1301 5141 1514 5183 carnem
1567 5121 1893 5181 reformatus

271 5226 336 5276 et
355 5218 677 5274 immutatus
704 5218 795 5274 sit.

359 5309 491 5380 Cap.
540 5309 676 5365 VIII.
709 5307 866 5377 Quod
898 5308 1045 5380 apud
1077 5306 1409 5361 Christianos
1459 5317 1590 5360 caro
1621 5303 1892 5374 abluatur,

276 5405 586 5471 unguatur,
609 5397 874 5469 signetur,
907 5413 1100 5453 manus
1145 5394 1488 5467 impositione
1518 5393 1894 5458 adumbretur,

279 5502 528 5559 corpore
575 5495 631 5544 et
668 5487 934 5559 sanguine
971 5486 1171 5544 Christi
1203 5491 1480 5550 vescatur,
1514 5483 1748 5554 denique
1781 5487 1906 5555 post

277 5578 722 5638 conﬂictationes
748 5577 962 5649 animae,
999 5576 1229 5650 jejunia,
1271 5574 1662 5649 virginitatem,
1721 5569 1904 5627 vidui-

281 5675 484 5740 tatem,
507 5682 606 5739 pro
632 5668 872 5726 nominis
899 5666 1094 5724 Christi
1127 5666 1230 5722 ﬁde
1265 5665 1544 5722 moriatur.

587 5934 617 5950 δ

1910 3619 1954 3699 c
2058 3581 2196 3676 Cap.
2218 3603 2512 3699 ΔῙΧηριι-(ξςὶ
2535 3602 2780 3699 Christus
2810 3617 3048 3673 carnem,
3080 3607 3134 3660 et
3160 3602 3206 3658 si
3235 3600 3506 3658 inﬁrmam
3535 3605 3590 3660 et

1997 3694 2372 3767 peccatricem,
2396 3703 2399 3712 ‘
2421 3692 2682 3751 dilexerit.

2071 3793 2239 3852 793
2269 3795 2408 3865 Cap.
2444 3795 2518 3852 X.
2550 3792 2706 3863 Quod
2737 3791 2976 3865 denique
3022 3791 3315 3865 Scripturis
3369 3807 3494 3849 caro
3521 3790 3594 3848 il-

1993 3887 2269 3943 lustrctur.

2062 3985 2194 4056 Cap.
2226 3984 2326 4040 XI.
2358 3985 2543 4057 Neque
2571 3997 2699 4040 vero
2755 3981 3178 4053 Dci'potentiam
3217 3981 3479 4039 excedere
3507 3996 3596 4039 re-

2001 4074 2389 4131 surrectionem
2419 4074 2624 4128 carnis.

2077 4163 2207 4234 Cap.
2240 4163 2361 4218 XII.
2391 4161 2598 4218 Divinas
2649 4161 2796 4217 enim
2827 4160 3085 4232 potentiae
3119 4161 3426 4231 exemplum
3479 4172 3599 4215 esse

2001 4252 2110 4307 diei
2140 4267 2204 4307 ac
2239 4251 2435 4317 noctis,
2471 4249 2667 4306 hiemis
2712 4257 2765 4306 et
2808 4251 3035 4319 aestatis,
3074 4250 3220 4305 veris
3255 4263 3319 4303 ac
3355 4244 3601 4303 autumni

1997 4339 2416 4397 vicissitudines.

2065 4441 2198 4511 Cap.
2219 4437 2367 4493 XIII.
2398 4435 2704 4492 Phoenicem
2742 4434 2926 4504 etiam,
2966 4432 3206 4490 Orientis
3243 4432 3446 4506 alitem,
3501 4434 3594 4508 qui

2014 4527 2359 4598 semetipsum
2410 4525 2670 4582 funerans
2722 4532 2968 4580 renovat.

2076 4638 2209 4710 Cap.
2242 4637 2399 4694 XIV.
2447 4632 2609 4705 Atqui
2647 4639 2704 4689 et
2747 4643 2963 4687 causam
3017 4626 3370 4684 restitutionis
3423 4627 3603 4684 carnis

2008 4724 2258 4782 idoneam
2291 4725 2511 4780 subesse
2539 4721 2639 4778 Dei
2672 4719 2728 4776 in
2759 4719 2903 4776 bono
2942 4717 3334 4775 remunerando
3373 4722 3428 4773 et
3460 4717 3602 4773 malo

2006 4814 2284 4888 puniendo
2319 4812 2602 4883 judicium.

2077 4914 2210 4984 Cap.
2232 4912 2358 4968 XV.
2390 4912 2526 4968 Cum
2555 4909 2699 4966 enim
2729 4923 3022 4981 operarum
3049 4904 3192 4961 inter
3219 4918 3280 4961 se
3315 4901 3495 4959 anima
3550 4909 3606 4960 et

2006 5019 2132 5060 caro
2171 5002 2478 5058 societatem
2519 5000 2769 5066 habeant,
2800 5003 3051 5067 Oportere
3085 4993 3376 5066 etiam,aut
3403 5006 3598 5066 pcenae,

1929 5081 1974 5158 Ι]
2011 5101 2102 5150 aut
2122 5093 2312 5166 gratia:
2342 5088 2740 5148 communicare
2770 5086 3096 5142 mercedem.

2084 5199 2385 5274 Cap.XVI.
2414 5197 2530 5254 Etsi
2561 5195 2707 5253 enim
2745 5211 2841 5250 vas
2870 5195 3081 5250 anima:
3117 5207 3241 5249 caro
3278 5191 3604 5265 appelletur,

2012 5307 2119 5347 non
2159 5298 2340 5345 tamen
2385 5295 2671 5370 prepterea
2715 5299 2824 5341 non
2861 5290 2914 5339 et
2948 5281 3150 5340 meritis
3201 5281 3394 5338 animae
3447 5296 3604 5338 com-

2014 5393 2308 5438 muntcare.

2085 5478 2216 5552 Cap.
2257 5476 2428 5536 XVII.
2490 5475 2666 5549 Atque
2692 5473 2846 5541 adeo,
2892 5487 3014 5527 cum
3064 5467 3255 5524 animae
3303 5465 3455 5552 facta
3509 5478 3608 5552 per

2015 5549 2226 5625 carnem
2255 5565 2721 5631 administrentur,
2753 5577 2860 5619 non
2890 5557 3142 5617 sufﬁcere
3169 5555 3405 5611 animam
3433 5549 3606 5609 foveri

2022 5664 2118 5714 aut
2144 5656 2390 5726 cruciari,
2414 5656 2530 5712 sine
2559 5667 2742 5718 carne,
2775 5665 2871 5722 pro
2901 5647 3159 5719 Operibus
3185 5641 3380 5702 carnis.
