4030 6184
376 304 487 366 839

1097 298 1539 371 TERTULLIANI
1578 299 1843 361 OPERUM
1872 297 2039 361 PARS
2075 295 2144 355 ΙΙ.
2184 320 2254 334 -
2282 285 2512 349 SERIES
2550 284 2588 352 I,
2625 278 2966 342 POLEMIGA.

3562 277 3673 336 840

449 431 581 521 Cap.
633 426 830 482 XVIII.
861 425 1067 521 Deinde
1119 428 1262 500 apud
1316 441 1507 483 omnes
1562 425 1796 483 edictum
1862 424 1965 482 Dei
1998 438 2046 521 Α
2071 422 2367 488 hominem,
2400 416 2556 492 quasi
2584 429 2684 488 per
2719 406 3150 480 corruptionem,
3188 401 3470 460 exterioris
3495 399 3675 457 carnis

380 517 614 590 pendere
648 534 660 572 :
695 516 1147 573 resurrectionem
1201 524 1555 571 mortuorum.

450 606 582 676 Cap.
620 606 773 661 XIX.
808 608 981 674 Quam
1028 606 1246 677 quidam
1299 606 1439 660 male
1491 603 1545 659 in
1598 602 1972 678 imaginariam

376 694 827 767 signiﬁcationem
884 696 1244 768 distorquent.

449 784 577 855 Cap.
610 784 741 840 XX.
773 785 894 840 Non
931 784 1111 840 omnia
1148 783 1292 840 enim
1324 783 1610 854 prephelas
1635 800 1735 856 per
1776 783 1973 857 imagi-

378 890 476 929 nes
515 874 890 943 concionatos;
927 883 1040 931 tum
1089 874 1233 947 quod
1289 873 1333 927 si
1371 875 1552 928 omnia
1609 872 1815 944 ﬁgurae,
1847 872 1977 944 quid

380 964 483 1021 erit
509 963 645 1018 illud
676 965 835 1033 cujus
862 963 1091 1035 ﬁgurae?
1111 972 1221 1019 tum
1252 964 1396 1033 quod
1427 962 1483 1016 in
1508 963 1684 1032 ipsum
1707 961 1977 1017 Christum

382 1053 673 1129 insigniora
704 1068 931 1124 quaeque
959 1053 1077 1109 luce
1124 1051 1337 1118 clarius,
1387 1068 1527 1119 vere,
1560 1067 1667 1107 non
1715 1050 1939 1122 ﬁgurate
1963 1092 1977 1117 ,

382 1142 671 1213 adimpleta
728 1141 857 1196 sint.

454 1232 587 1301 Cap.
627 1231 783 1285 XXI.
814 1231 916 1284 Tot
944 1244 1160 1301 quoque
1190 1243 1311 1285 esse
1352 1228 1710 1285 instrumenta
1781 1226 1980 1297 divina,

387 1322 459 1377 ita
486 1328 668 1390 aperte
699 1319 1042 1388 corporalem
1082 1317 1436 1373 contestantia
1493 1316 1939 1374 resurrectionem
1962 1359 1981 1386 ,

390 1417 454 1465 ut
482 1409 683 1464 nullam
728 1406 1011 1462 admittant
1064 1405 1311 1480 ﬁguratae
1369 1405 1740 1478 signiﬁcantia:
1795 1405 1975 1480 suapi-

392 1514 622 1556 cronem.

460 1586 591 1657 Cap.
622 1584 801 1640 XXII.
833 1583 1251 1655 Respiciendum
1282 1599 1401 1638 esse
1447 1582 1674 1653 denique
1736 1580 1802 1635 ad
1860 1581 1983 1635 illas

387 1677 710 1747 Scripturas,
772 1691 893 1747 quae
967 1688 1073 1729 non
1130 1674 1315 1729 sinunt
1390 1671 1627 1735 credere,
1708 1685 1985 1725 resurrec-

2072 512 2430 583 corruptelam
2509 502 2799 575 intelligat.

2146 577 2277 674 Cap.
2308 598 2450 656 XLI.
2473 593 2639 650 Sicuti
2668 591 2825 647 etiam
2873 585 3003 643 illud
3034 584 3101 639 de
3147 582 3312 638 domo
3352 577 3679 635 tabernaculi

2072 692 2241 750 nostri
2271 704 2391 762 quae
2443 683 2771 742 dissolvitur.

2151 761 2474 853 Cap.iXLII.
2517 774 2626 832 Sed
2654 767 2918 827 demutari
2946 764 3206 820 duntaxat
3262 761 3543 825 cadavera,
3571 772 3678 813 non

2082 850 2257 930 morte
2296 868 2592 934 devorari;
2650 880 2774 920 cum
2835 858 3110 931 gigantum
3185 850 3682 923 antiquissimorum

2081 976 2252 1021 crates
2281 962 2455 1016 adhuc
2483 951 2777 1027 supersint,
2814 946 2973 1005 sicuti
2999 947 3159 1001 etiam
3213 939 3411 997 dixerit
3480 940 3683 993 Auctor

2084 1053 2233 1111 alibi.

2164 1144 2293 1214 Cap.
2327 1136 2517 1197 XLIII.
2548 1137 2736 1208 Neque
2763 1134 2893 1189 vero
2917 1125 3077 1183 etiam
3113 1118 3602 1197 peregrinationem
3656 1130 3687 1169 a

2087 1208 2312 1307 corpore
2343 1246 2438 1303 pro
2470 1227 2603 1302 ipsis
2648 1224 2844 1293 facere,
2866 1220 3011 1293 quod
3065 1215 3225 1307 addat
3252 1208 3564 1284 Apostolus,
3594 1223 3688 1305 re:-

2082 1295 2301 1400 portare
2343 1295 2542 1375 debere
2595 1331 2692 1388 per
2747 1327 2946 1385 corpus
2998 1303 3294 1364 secundum
3347 1314 3470 1373 quae
3522 1295 3693 1369 gessit

2084 1413 2226 1489 quis,
2266 1412 2469 1467 bonum
2526 1407 2640 1465 sive
2666 1403 2888 1460 malum.

2162 1475 2294 1573 Cap.
2330 1498 2518 1554 XLIV.
2552 1498 2687 1551 Item
2717 1492 2876 1549 etiam
2920 1486 3047 1544 inde
3092 1482 3237 1558 quod
3298 1480 3438 1538 dicat
3471 1494 3485 1533 :
3516 1475 3690 1533 Vitam

2086 1594 2215 1648 Jesu
2254 1584 2693 1644 manifestandam
2726 1583 2779 1638 in
2846 1592 3096 1650 corpore.

2167 1679 2297 1751 Cap.
2354 1677 2518 1733 XLV.
2552 1673 2671 1730 Alia
2691 1670 2855 1727 etiam
2906 1665 3143 1723 caecitate
3170 1676 3266 1717 eos
3318 1656 3618 1729 impingere
3644 1652 3700 1709 in

391 1766 581 1822 tionen
611 1772 701 1819 aut
726 1765 842 1833 jam
884 1762 1100 1827 factam,
1142 1769 1233 1816 aut
1280 1760 1347 1816 ab
1391 1776 1619 1816 excessu
1652 1760 1834 1816 statim
1864 1760 1988 1815 vitae
2020 1773 2065 1851 Β
2097 1776 2334 1826 veterem
2392 1775 2448 1821 et
2503 1778 2703 1819 novum
2784 1755 3079 1814 hominem.

394 1854 532 1911 ﬁeri.

463 1944 593 2014 Cap.
624 1940 831 1995 XXIII.
862 1938 975 1994 Etsi
1006 1946 1184 1993 autem
1215 1937 1523 2009 Apostolus,
1582 1938 1648 1993 ad
1706 1938 1991 1994 Colossen-

391 2049 498 2098 scs,
532 2031 845 2101 spiritaliter
900 2045 1001 2085 nos
1046 2028 1414 2093 resuscitatos,
1446 2027 1613 2099 dicat,
1636 2043 1740 2083 non
1770 2043 1993 2103 negare.

392 2128 594 2187 tamen,
626 2117 783 2173 etiam
825 2114 1189 2187 corporaliter
1219 2124 1642 2173 resurrecturos.

464 2210 594 2279 Cap.
625 2206 827 2262 XXIV.
860 2206 1075 2278 Quippe
1105 2222 1225 2262 cum
1257 2205 1395 2277 ipse,
1447 2204 1702 2276 Epistolis
1759 2203 1872 2259 suis
1926 2202 1996 2260 ad

393 2297 922 2361 Thessalonicenses,
975 2293 1428 2351 resurrectionem
1481 2301 1665 2364 aperte
1696 2290 1994 2348 conﬁrmet.

463 2388 595 2457 Cap.
635 2386 814 2442 XXV.
847 2387 907 2439 In
948 2383 1275 2455 Apocalypsi
1321 2383 1563 2439 similiter
1599 2384 1842 2451 Joannis,
1884 2381 2002 2455 ipsa

394 2483 638 2545 tempora
681 2471 1096 2528 resurrectionis
1152 2470 1396 2525 indicari.

466 2565 599 2634 Cap.
638 2562 842 2617 XXVI.
870 2560 1012 2629 Quid
1032 2560 1060 2615 ?
1088 2560 1231 2631 quod
1281 2559 1436 2615 liceat
1479 2560 1639 2616 etiam
1669 2561 2007 2632 corporalem

396 2652 841 2710 resurrectionem
871 2649 938 2705 de
984 2648 1280 2721 patronicio
1337 2646 1551 2720 ﬁgurati
1621 2649 1822 2724 eloquii
1874 2665 2006 2722 pro-

394 2740 593 2813 phetici
621 2739 923 2795 vindicare.

468 2834 599 2905 Cap.
629 2830 859 2887 XXVII.
892 2830 1033 2886 Tum
1070 2838 1251 2900 terrae,
1281 2836 1399 2887 tum
1426 2831 1870 2889 vestimentorum
1899 2843 2007 2887 no-

397 2938 558 2979 mine.

469 3011 602 3083 Cap.
635 3010 886 3066 XXVIII.
919 3009 1056 3079 Imo,
1088 3007 1224 3064 sicut
1252 3008 1496 3077 vocibus,
1545 3009 1618 3066 ita
1642 3018 1700 3065 et
1729 3010 1891 3066 rebus
1943 3023 2007 3065 ac

398 3099 552 3158 factis
580 3100 951 3170 pr0phetatam
995 3098 1460 3155 resurrectionem.

471 3189 600 3260 Cap.
662 3188 853 3243 XXIX
919 3187 1410 3243 Manifestissimam
1496 3187 1726 3261 denique
1773 3202 1896 3244 esse
1933 3186 2002 3244 de

397 3280 585 3335 eadem
628 3277 922 3333 Ezechielis
995 3276 1513 3333 deterrninationem.

469 3369 601 3440 Cap.
634 3365 1077 3437 XXX.Eamque
1107 3364 1372 3434 talem,ut
1417 3363 1643 3438 ﬁgurate
1678 3372 1773 3420 aut
1804 3364 2006 3438 allego-

405 3458 517 3514 rice
548 3473 655 3514 non
711 3454 882 3526 possit
957 3455 1204 3528 intelligi.

470 3546 605 3617 Cap.
664 3544 874 3601 XXXI.
918 3544 1049 3600 Cum
1086 3543 1204 3597 aliis
1243 3558 1462 3614 quoque
1528 3541 1823 3598 manifestis
1875 3556 2007 3614 pro-

401 3638 681 3708 phetarum
745 3634 1001 3703 probetur
1067 3631 1412 3687 testimoniis.

464 3724 596 3792 Cap.
623 3720 862 3777 XXXII.
891 3720 1071 3790 Iisquc
1113 3719 1464 3790 ejuscemodi,
1498 3718 1695 3790 quibus
1739 3718 2010 3790 praedica-

395 3821 483 3869 tur
550 3809 713 3865 etiam
824 3822 1113 3878 corporum
1181 3806 1581 3876 insepultorum
1660 3806 2005 3864 resurrectio.

474 3897 604 3968 Cap.
659 3893 923 3952 XXXIII.
982 3895 1148 3951 Porro
1204 3894 1360 3948 etiam
1402 3894 1460 3948 in
1516 3894 1827 3968 Evangeliis
1892 3910 2004 3952 non

393 3985 574 4045 omnia
621 3984 673 4039 in
702 3982 971 4053 parabolis
997 3998 1028 4037 a
1064 3980 1297 4038 Domino
1342 3982 1698 4053 pronuntiata.

469 4074 599 4144 Cap.
632 4069 884 4128 XXXIV.
921 4071 1031 4128 Imo
1062 4078 1116 4127 et
1189 4071 1337 4127 omni
1394 4072 1807 4129 resurrectionis
1857 4089 2011 4132 men-

395 4164 538 4222 tione
560 4161 991 4236 corporalitatem
1016 4158 1184 4218 794
1205 4159 1380 4218 carnis
1428 4178 1459 4217 a
1512 4162 1745 4220 Domino
1800 4163 2012 4236 proprie

396 4252 719 4327 signiﬁcari,
752 4260 1033 4322 totumque
1060 4252 1333 4307 hominem
1366 4267 1487 4309 esse
1542 4269 1573 4308 a
1603 4254 1721 4310 Deo
1783 4254 2008 4311 elevan-

396 4344 552 4411 dum,
631 4357 793 4413 quem
846 4339 1094 4395 diabolus
1149 4346 1342 4407 totum,
1394 4339 1553 4395 elisit.

2165 1876 2299 1946 Cap.
2332 1871 2525 1929 XLVI.
2577 1867 2748 1927 Sicuti
2778 1865 2921 1922 idem
2958 1858 3251 1934 Apostolus
3300 1868 3518 1913 carnem
3547 1850 3699 1907 dam-

2099 1983 2230 2023 nare
2291 1964 2560 2032 videatur;
2626 1959 2806 2015 carnis
2857 1969 3024 2027 Opera
3078 1950 3352 2007 damnare.

2171 2066 2301 2137 Cap.
2332 2062 2566 2135 gXLVII.
2609 2056 2769 2114 Carni
2825 2055 2968 2110 enim
3024 2050 3251 2107 salutem
3307 2044 3699 2117 repromittere.

2176 2135 2307 2225 Cap.
2361 2150 2598 2207 XLVIIL
2631 2143 2987 2217 Apertissime
3043 2136 3351 2211 denique,I
3408 2135 3534 2225 Cor.
3588 2146 3700 2199 xxv,

2102 2223 2557 2299 resurrectionem
2608 2234 2785 2293 carnis
2836 2236 2903 2289 ab
2971 2230 3066 2286 illo
3120 2223 3445 2285 conﬁrrnari.

2176 2343 2306 2411 Cap.
2338 2338 2539 2396 XLIX.
2594 2339 2772 2405 Atque
2812 2332 2944 2387 adeo
2971 2345 3037 2385 ex
3084 2320 3519 2381 antecedentibus
3548 2317 3703 2384 disci,

2106 2430 2253 2504 quali
2280 2426 2586 2487 conditione
2639 2417 3059 2478 exhaeredaverit
3086 2433 3116 2470 a
3163 2428 3330 2486 regno
3359 2411 3459 2467 Dei
3488 2423 3710 2466 carnem

2104 2530 2158 2578 et
2188 2519 2528 2595 sanguinem,
2583 2528 2780 2583 nempe
2834 2509 3011 2566 carnis
3064 2521 3251 2577 opera.

2179 2587 2322 2679 Cap:
2335 2606 2395 2660 L.
2418 2607 2553 2671 Imo,
2577 2602 2799 2659 omissis
2826 2600 2945 2670 ejus
2972 2594 3122 2652 modi
3151 2587 3708 2663 interpretationibus,

2106 2701 2254 2773 ipsas
2297 2711 2514 2768 quoque
2542 2691 2870 2750 substantias
2909 2686 3084 2745 carnis
3138 2693 3192 2741 et
3246 2681 3543 2754 sanguinis,
3598 2690 3711 2732 non

2110 2762 2267 2846 aliter
2304 2762 2472 2859 quam
2520 2790 2668 2852 sunt,
2730 2779 3054 2843 intellectas,
3110 2774 3276 2830 licere
3331 2762 3719 2827 resurrectioni

2105 2882 2441 3040 Ἦηὲὲὲῗΐῗῐ.
2470 2964 2570 3023 Vel
2610 2979 2705 3035 per
2733 2960 3003 3017 Christum
3045 2954 3281 3027 idipsum
3349 2946 3586 3040 probari,
3617 2944 3717 3018 qui

2109 3076 2331 3118 carnem
2377 3067 2427 3114 et
2482 3054 2800 3127 sanguinem
2855 3064 3040 3106 secum
3123 3041 3330 3102 vexerit
3386 3039 3439 3093 in
3494 3036 3715 3094 coelum.

2031 3105 2078 3188 ϐ
2183 3150 2313 3221 Cap.
2345 3146 2453 3202 LII.
2485 3144 2552 3200 Et
2578 3105 2730 3209 sero,
2772 3105 2936 3196 etiam
2988 3135 3179 3191 eodem
3210 3142 3433 3201 corpore
3462 3134 3719 3181 venturos

2108 3248 2373 3304 mortuos,
2434 3237 2709 3305 disputare
2750 3226 3090 3300 Apostolum.

2182 3330 2319 3400 Cap.
2347 3327 2482 3382 LIII.
2514 3304 2708 3395 Neque
2738 3318 2882 3375 enim
2931 3330 3132 3386 corpus
3159 3308 3385 3367 animale
3407 3321 3569 3381 posse
3602 3304 3721 3362 ani-

2108 3434 2252 3474 mam
2312 3413 2567 3486 intelligi,
2629 3410 2726 3467 sed
2776 3422 3014 3464 carnem.

2179 3507 2313 3577 Cap.
2356 3485 2507 3558 LIV.’
2533 3500 2645 3554 Nec
2674 3496 2855 3566 etiam,
2895 3501 2954 3548 ut
2998 3505 3165 3562 supra
3193 3485 3389 3560 attigit,
3442 3499 3658 3541 carnem
3685 3496 3720 3539 a

2106 3594 2215 3651 vita
2258 3573 2532 3655 devorari,
2607 3587 2702 3643 sed
2757 3584 2814 3640 id
2869 3579 3018 3654 quod
3096 3579 3153 3633 in
3214 3591 3276 3632 ea
3332 3573 3560 3629 mortale
3612 3578 3719 3627 est.

2184 3682 2312 3754 Cap.
2346 3680 2456 3735 LV.
2480 3676 2641 3732 Aliud
2704 3676 2928 3745 insuper
2956 3685 3077 3727 esse
3115 3664 3555 3730 demutationem,
3577 3660 3722 3717 aliud

2109 3770 2472 3847 perditionem
2536 3781 2569 3822 c
2622 3765 2788 3821 arnis.

2184 3842 2312 3933 Cap.
2344 3860 2479 3918 LVI.
2511 3854 2729 3928 Alioqui
2766 3850 3059 3909 absurdum
3106 3863 3248 3915 esse,
3283 3844 3443 3901 aliam
3463 3842 3719 3900 substan-

2109 3930 2490 4021 tiam,—nempe
2528 3944 2729 4014 carnis,
2762 3940 3000 4015 cperari;
3051 3938 3235 4009 aliam,
3264 3949 3461 4006 nempe
3505 3930 3720 4000 animas,

2111 4038 2367 4097 mercede
2447 4033 2726 4109 dispungi.

2185 4130 2315 4201 Cap.
2349 4129 2506 4184 LVII.
2538 4126 2801 4200 Oportere
2847 4122 3006 4178 etiam
3081 4114 3528 4175 resurrectionem
3576 4109 3727 4167 inte-

2114 4236 2273 4294 gram
2302 4219 2552 4288 credere,
2594 4213 2888 4284 Scripturis
2906 4212 2961 4266 id
2979 4207 3393 4268 afﬁrmantibus.

2187 4327 2322 4397 Cap.
2358 4324 2538 4381 LVIII.
2567 4323 2635 4380 Et
2660 4336 2881 4380 carnem
2909 4318 3087 4390 itaque
3128 4324 3184 4373 et
3209 4314 3463 4377 animam,
3494 4314 3727 4365 senten-

466 4410 859 4525 Cap.-XXXV.
912 4428 1208 4499 Utrumque
1254 4430 1484 4499 pr0poni
1541 4445 1739 4502 corpus
1786 4437 1841 4485 et
1891 4429 2007 4484 ani.
2034 4442 2084 4525 ο
2111 4415 2239 4473 tiam
2274 4415 2460 4472 salutis
2506 4422 2597 4470 aut
2635 4425 2808 4485 poenae
2834 4410 3152 4467 subituram.

898 4519 911 4525 -
1040 4520 1053 4525 -
1478 4520 1490 4525 -
1560 4520 1572 4525 -
2196 4504 2354 4525 una;
2398 4506 2500 4525 n___
2560 4504 2675 4525 11v
2726 4502 2779 4525 ι’..
2844 4515 2955 4525 Μ-ιΑ
3011 4497 3152 4525 θυι...

395 4537 543 4578 mam
571 4520 821 4576 distincte
850 4519 916 4575 ad
972 4520 1273 4591 gehennam
1319 4530 1372 4575 et
1427 4520 1494 4574 ad
1522 4520 1692 4576 vitam
1730 4527 2005 4577 aeternam.

396 4680 399 4687 λ
467 4613 600 4683 Cap.
640 4610 898 4666 XXXVI.
933 4608 1073 4666 Hinc
1102 4609 1372 4679 susdeque
1413 4608 1640 4668 vertitur
1689 4609 2012 4667 Sadduczeo-

394 4718 517 4759 rum
594 4701 880 4756 sententia.

465 4790 595 4862 Cap.
621 4788 909 4846 XXXVII.
945 4784 1274 4858 Quanquam
1312 4785 1448 4844 adeo
1488 4802 1706 4843 carnem
1761 4786 2011 4851 Christus

395 4880 537 4939 dicat
564 4878 693 4934 nihil
722 4876 1002 4949 prodesse,
1053 4892 1121 4932 ex
1152 4876 1375 4932 materia
1456 4876 1587 4933 dicti
1641 4892 1864 4933 sensum
1892 4892 2014 4934 esse

395 4968 756 5045 dirigendum.

472 5058 608 5129 Cap.
644 5053 956 5111 XXXVIII.
990 5054 1248 5125 Maxime,
1298 5070 1422 5112 cum
1451 5055 1613 5112 etiam
1669 5054 1823 5112 factis
1874 5069 2017 5111 mor-

439 5163 540 5204 uos
581 5143 975 5213 resuscitando,
1050 5144 1284 5203 futuram
1344 5146 1791 5204 resurrectionem
1844 5142 2019 5215 signi-

394 5239 566 5297 ﬁcari.

472 5328 605 5402 Cap.
636 5326 912 5384 XXXIX.
953 5320 1424 5385 Resurrectionem
1498 5342 1712 5399 quoque
1762 5321 2019 5396 apostoli-

395 5434 588 5478 corum
641 5419 897 5475 Actorum
952 5417 1308 5473 instrumenta
1364 5415 1564 5470 testari.

472 5509 605 5582 Cap.
636 5508 750 5564 XL.
773 5510 1062 5580 Perperam
1102 5506 1330 5578 proinde
1361 5518 1460 5559 suo
1501 5502 1664 5561 etiam
1704 5518 1856 5561 more
1904 5501 2019 5559 hae-

396 5595 548 5655 l'eses
584 5612 682 5667 pro
742 5611 800 5652 se
846 5592 1187 5668 interpretari
1224 5589 1533 5650 interiorem
1593 5598 1647 5652 et
1701 5590 2021 5654 exteriorem

2196 4504 2362 4585 795
2396 4506 2527 4577 Cap.
2559 4504 2697 4560 LIX.
2724 4502 2784 4556 In
2843 4515 2958 4555 aevo
3011 4497 3191 4554 futuro
3248 4493 3405 4550 aliam
3436 4506 3546 4547 non
3611 4489 3730 4545 fore

2114 4597 2527 4667 dispositionem
2609 4591 2841 4648 hominis
2898 4588 3073 4660 quoad
3129 4583 3505 4641 substantiam.

2188 4692 2320 4764 Cap.
2349 4692 2464 4748 LX.
2490 4691 2636 4747 Sexu
2665 4691 2824 4746 etiam
2855 4683 3179 4742 etmembris
3214 4682 3428 4737 salvum
3450 4676 3733 4733 hominem

2114 4790 2583 4851 resurrecturum;
2611 4777 2712 4835 etsi
2738 4784 2928 4835 vacent
2983 4790 3014 4829 a
3042 4771 3214 4829 solitis
3240 4767 3436 4825 ofﬁciis
3462 4768 3587 4822 vitae
3625 4777 3733 4818 ne-

2116 4870 2391 4930 nessariis.

2191 4965 2323 5035 Cap.
2356 4960 2499 5017 LXI.
2551 4957 2858 5014 Praesertim
2905 4972 3025 5012 cum
3072 4951 3313 5025 quaedam
3373 4947 3586 5003 illorum
3603 4941 3731 5000 ofﬁ-

2121 5055 2201 5110 cia
2239 5052 2437 5123 quibus
2491 5050 2663 5105 Deum
2720 5046 2999 5102 laudamus
3051 5051 3106 5100 et
3176 5039 3585 5113 prephetamus,
3634 5047 3735 5088 re-

2123 5156 2375 5197 mansura
2431 5139 2569 5205 sint;
2599 5145 2652 5194 et
2707 5135 2867 5193 etiam
2945 5133 2998 5188 in
3051 5133 3151 5187 hac
3177 5129 3287 5185 vita
3332 5132 3523 5185 vacent
3594 5120 3737 5177 cibis

2126 5230 2336 5302 jejunio
2393 5227 2597 5295 functi;
2661 5233 2713 5282 et
2765 5239 2951 5280 sexum
3041 5237 3075 5276 a
3132 5217 3381 5293 genitura
3431 5210 3737 5268 subducant

2127 5298 2398 5392 spadones
2442 5314 2767 5387 voluntarii,
2827 5322 2881 5369 et
2937 5308 3151 5366 Christo
3214 5305 3419 5361 maritae
3471 5298 3735 5372 virgines.

2199 5410 2330 5481 Cap.
2354 5408 2520 5463 LXII.
2552 5384 2783 5462 Futuros
2813 5400 3045 5472 denique
3081 5411 3203 5465 nos,
3234 5410 3341 5451 non
3371 5390 3617 5464 angelos,
3638 5384 3737 5444 sed

2129 5499 2275 5557 sicut
2302 5497 2525 5572 angelos
2552 5493 2673 5551 Dei.

2201 5588 2332 5663 Cap.
2394 5585 2582 5646 LXIII.
2633 5582 2900 5655 Quocirca
2953 5574 3248 5647 concludi,
3314 5577 3741 5630 resurrecturam
