  <div class='ocr_page' id='page_1' title='image "/cluster/home/n/w/nwhite01/storage/ocr_20150623/2/hvd.32044096580329/426.png"; bbox 0 0 4030 6184; ppageno 0'>
   <div class='ocr_carea' id='block_1_1' title="bbox 241 279 335 341">
    <p class='ocr_par' dir='ltr' id='par_1_1' title="bbox 241 279 335 341">
     <span class='ocr_line' id='line_1_1' title="bbox 241 279 335 341; baseline 0.011 -1"><span class='ocrx_word' id='word_1_1' title='bbox 241 279 335 341; x_wconf 76' lang='grc'><strong>841</strong></span> 
     </span>
    </p>
   </div>
   <div class='ocr_carea' id='block_1_2' title="bbox 240 404 1826 481">
    <p class='ocr_par' dir='ltr' id='par_1_2' title="bbox 240 404 1826 481">
     <span class='ocr_line' id='line_1_2' title="bbox 240 404 1826 481; baseline 0.001 -18"><span class='ocrx_word' id='word_1_2' title='bbox 240 420 475 474; x_wconf 88' lang='lat' dir='ltr'><strong>carnem,</strong></span> <span class='ocrx_word' id='word_1_3' title='bbox 514 411 572 462; x_wconf 90' lang='lat' dir='ltr'><strong>et</strong></span> <span class='ocrx_word' id='word_1_4' title='bbox 619 404 834 478; x_wconf 88' lang='lat' dir='ltr'><strong>quidem</strong></span> <span class='ocrx_word' id='word_1_5' title='bbox 877 420 1115 474; x_wconf 89' lang='lat' dir='ltr'><strong>omnem,</strong></span> <span class='ocrx_word' id='word_1_6' title='bbox 1166 414 1223 465; x_wconf 91' lang='lat' dir='ltr'><strong>et</strong></span> <span class='ocrx_word' id='word_1_7' title='bbox 1268 407 1491 481; x_wconf 87' lang='lat' dir='ltr'><strong>quidem</strong></span> <span class='ocrx_word' id='word_1_8' title='bbox 1536 407 1732 480; x_wconf 81' lang='lat' dir='ltr'><strong>ipsam,</strong></span> <span class='ocrx_word' id='word_1_9' title='bbox 1772 415 1826 467; x_wconf 89' lang='lat' dir='ltr'><strong>et</strong></span> 
     </span>
    </p>
   </div>
   <div class='ocr_carea' id='block_1_3' title="bbox 239 492 766 568">
    <p class='ocr_par' dir='ltr' id='par_1_3' title="bbox 239 492 766 568">
     <span class='ocr_line' id='line_1_3' title="bbox 239 492 766 568; baseline -0.004 -18"><span class='ocrx_word' id='word_1_10' title='bbox 239 494 448 568; x_wconf 84' lang='lat' dir='ltr'><strong>quidem</strong></span> <span class='ocrx_word' id='word_1_11' title='bbox 477 492 766 565; x_wconf 76' lang='lat' dir='ltr'><strong>integram.</strong></span> 
     </span>
    </p>
   </div>
   <div class='ocr_carea' id='block_1_4' title="bbox 762 635 1389 731">
    <p class='ocr_par' dir='ltr' id='par_1_4' title="bbox 762 635 1389 731">
     <span class='ocr_line' id='line_1_4' title="bbox 762 635 1389 731; baseline 0.003 -39"><span class='ocrx_word' id='word_1_12' title='bbox 762 635 987 693; x_wconf 88' lang='lat' dir='ltr'><strong>CAPUT</strong></span> <span class='ocrx_word' id='word_1_13' title='bbox 1024 637 1316 695; x_wconf 78' lang='lat' dir='ltr'><strong>PRIMUM.</strong></span> <span class='ocrx_word' id='word_1_14' title='bbox 1377 720 1389 731; x_wconf 39' lang='lat'><strong><em>.</em></strong></span> 
     </span>
    </p>
   </div>
   <div class='ocr_carea' id='block_1_5' title="bbox 305 760 1836 835">
    <p class='ocr_par' dir='ltr' id='par_1_5' title="bbox 305 760 1836 835">
     <span class='ocr_line' id='line_1_5' title="bbox 305 760 1836 835; baseline 0.002 -17"><span class='ocrx_word' id='word_1_15' title='bbox 305 760 525 818; x_wconf 83' lang='lat' dir='ltr'><strong>Fiducia</strong></span> <span class='ocrx_word' id='word_1_16' title='bbox 554 761 989 820; x_wconf 87' lang='lat' dir='ltr'><strong>Christianorum</strong></span> <span class='ocrx_word' id='word_1_17' title='bbox 1008 763 1057 835; x_wconf 81' lang='lat' dir='ltr'>(l</span> <span class='ocrx_word' id='word_1_18' title='bbox 1072 762 1109 835; x_wconf 94' lang='lat'>),</span> <span class='ocrx_word' id='word_1_19' title='bbox 1132 765 1454 822; x_wconf 74' lang='lat' dir='ltr'><strong>resurrectio</strong></span> <span class='ocrx_word' id='word_1_20' title='bbox 1474 773 1836 823; x_wconf 90' lang='lat' dir='ltr'><strong>mortuorum.</strong></span> 
     </span>
    </p>
   </div>
   <div class='ocr_carea' id='block_1_6' title="bbox 242 850 1833 927">
    <p class='ocr_par' dir='ltr' id='par_1_6' title="bbox 242 850 1833 927">
     <span class='ocr_line' id='line_1_6' title="bbox 242 850 1833 927; baseline 0 -20"><span class='ocrx_word' id='word_1_21' title='bbox 242 852 335 907; x_wconf 91' lang='lat' dir='ltr'><strong>Illa</strong></span> <span class='ocrx_word' id='word_1_22' title='bbox 364 851 383 889; x_wconf 83' lang='grc'>¹</span> <span class='ocrx_word' id='word_1_23' title='bbox 438 850 724 907; x_wconf 77' lang='lat' dir='ltr'><strong>credentes</strong></span> <span class='ocrx_word' id='word_1_24' title='bbox 769 867 992 920; x_wconf 90' lang='lat' dir='ltr'><strong>sumus;</strong></span> <span class='ocrx_word' id='word_1_25' title='bbox 1050 854 1156 909; x_wconf 87' lang='lat' dir='ltr'><strong>hoc</strong></span> <span class='ocrx_word' id='word_1_26' title='bbox 1184 854 1408 911; x_wconf 87' lang='lat' dir='ltr'>credere</span> <span class='ocrx_word' id='word_1_27' title='bbox 1438 854 1640 911; x_wconf 89' lang='lat' dir='ltr'><strong>veritas</strong></span> <span class='ocrx_word' id='word_1_28' title='bbox 1669 855 1833 927; x_wconf 85' lang='lat' dir='ltr'><strong>cogit.</strong></span> 
     </span>
    </p>
   </div>
   <div class='ocr_carea' id='block_1_7' title="bbox 251 940 1839 1016">
    <p class='ocr_par' dir='ltr' id='par_1_7' title="bbox 251 940 1839 1016">
     <span class='ocr_line' id='line_1_7' title="bbox 251 940 1839 1016; baseline 0.001 -19"><span class='ocrx_word' id='word_1_29' title='bbox 251 940 546 997; x_wconf 74' lang='lat' dir='ltr'><strong>Veritatem</strong></span> <span class='ocrx_word' id='word_1_30' title='bbox 594 941 742 996; x_wconf 89' lang='lat' dir='ltr'><strong>Deus</strong></span> <span class='ocrx_word' id='word_1_31' title='bbox 784 941 991 1012; x_wconf 88' lang='lat' dir='ltr'><strong>aperit;</strong></span> <span class='ocrx_word' id='word_1_32' title='bbox 1017 942 1109 998; x_wconf 90' lang='lat' dir='ltr'><strong>sed</strong></span> <span class='ocrx_word' id='word_1_33' title='bbox 1158 943 1351 1016; x_wconf 83' lang='lat' dir='ltr'><strong>vulgus</strong></span> <span class='ocrx_word' id='word_1_34' title='bbox 1394 943 1598 1013; x_wconf 76' lang='lat' dir='ltr'><strong>irridet,</strong></span> <span class='ocrx_word' id='word_1_35' title='bbox 1649 944 1839 999; x_wconf 82' lang='lat' dir='ltr'><strong>existi-</strong></span> 
     </span>
    </p>
   </div>
   <div class='ocr_carea' id='block_1_8' title="bbox 239 1030 1840 1103">
    <p class='ocr_par' dir='ltr' id='par_1_8' title="bbox 239 1030 1840 1103">
     <span class='ocr_line' id='line_1_8' title="bbox 239 1030 1840 1103; baseline 0.002 -17"><span class='ocrx_word' id='word_1_36' title='bbox 239 1047 393 1086; x_wconf 89' lang='lat' dir='ltr'><strong>mans</strong></span> <span class='ocrx_word' id='word_1_37' title='bbox 424 1030 557 1085; x_wconf 84' lang='lat' dir='ltr'><strong>nihil</strong></span> <span class='ocrx_word' id='word_1_38' title='bbox 612 1046 902 1102; x_wconf 82' lang='lat' dir='ltr'><strong>superesse</strong></span> <span class='ocrx_word' id='word_1_39' title='bbox 951 1039 1075 1101; x_wconf 89' lang='lat' dir='ltr'><strong>post</strong></span> <span class='ocrx_word' id='word_1_40' title='bbox 1123 1042 1387 1103; x_wconf 92' lang='lat' dir='ltr'><strong>mortem;</strong></span> <span class='ocrx_word' id='word_1_41' title='bbox 1422 1040 1477 1088; x_wconf 91' lang='lat' dir='ltr'><strong>et</strong></span> <span class='ocrx_word' id='word_1_42' title='bbox 1529 1040 1707 1091; x_wconf 86' lang='lat' dir='ltr'><strong>tamen</strong></span> <span class='ocrx_word' id='word_1_43' title='bbox 1745 1035 1840 1089; x_wconf 91' lang='lat' dir='ltr'><strong>de-</strong></span> 
     </span>
    </p>
   </div>
   <div class='ocr_carea' id='block_1_9' title="bbox 238 1119 1835 1195">
    <p class='ocr_par' dir='ltr' id='par_1_9' title="bbox 238 1119 1835 1195">
     <span class='ocr_line' id='line_1_9' title="bbox 238 1119 1835 1195; baseline 0.001 -19"><span class='ocrx_word' id='word_1_44' title='bbox 238 1119 442 1176; x_wconf 85' lang='lat' dir='ltr'><strong>functis</strong></span> <span class='ocrx_word' id='word_1_45' title='bbox 458 1127 760 1190; x_wconf 83' lang='lat' dir='ltr'><strong>parentant,</strong></span> <span class='ocrx_word' id='word_1_46' title='bbox 784 1126 837 1174; x_wconf 90' lang='lat' dir='ltr'><strong>et</strong></span> <span class='ocrx_word' id='word_1_47' title='bbox 864 1119 1087 1192; x_wconf 87' lang='lat' dir='ltr'><strong>quidem</strong></span> <span class='ocrx_word' id='word_1_48' title='bbox 1112 1120 1511 1193; x_wconf 89' lang='lat' dir='ltr'><strong>impensissimo</strong></span> <span class='ocrx_word' id='word_1_49' title='bbox 1541 1121 1718 1180; x_wconf 84' lang='lat' dir='ltr'><strong>ofﬁcio</strong></span> <span class='ocrx_word' id='word_1_50' title='bbox 1735 1122 1835 1195; x_wconf 90' lang='lat'><strong>(2),</strong></span> 
     </span>
    </p>
   </div>
   <div class='ocr_carea' id='block_1_10' title="bbox 234 1207 1827 1289">
    <p class='ocr_par' dir='ltr' id='par_1_10' title="bbox 234 1207 1827 1289">
     <span class='ocr_line' id='line_1_10' title="bbox 234 1207 1827 1289; baseline 0.001 -25"><span class='ocrx_word' id='word_1_51' title='bbox 234 1224 334 1281; x_wconf 91' lang='lat' dir='ltr'><strong>pro</strong></span> <span class='ocrx_word' id='word_1_52' title='bbox 361 1207 611 1263; x_wconf 87' lang='lat' dir='ltr'><strong>moribus</strong></span> <span class='ocrx_word' id='word_1_53' title='bbox 655 1222 866 1274; x_wconf 90' lang='lat' dir='ltr'><strong>eorum,</strong></span> <span class='ocrx_word' id='word_1_54' title='bbox 898 1222 996 1277; x_wconf 92' lang='lat' dir='ltr'><strong>pro</strong></span> <span class='ocrx_word' id='word_1_55' title='bbox 1033 1210 1369 1280; x_wconf 79' lang='lat' dir='ltr'><strong>temporibus</strong></span> <span class='ocrx_word' id='word_1_56' title='bbox 1405 1209 1827 1289; x_wconf 72' lang='lat' dir='ltr'><strong>esculentorum;</strong></span> 
     </span>
    </p>
   </div>
   <div class='ocr_carea' id='block_1_11' title="bbox 234 1298 1834 1373">
    <p class='ocr_par' dir='ltr' id='par_1_11' title="bbox 234 1298 1834 1373">
     <span class='ocr_line' id='line_1_11' title="bbox 234 1298 1834 1373; baseline 0.001 -15"><span class='ocrx_word' id='word_1_57' title='bbox 234 1309 294 1358; x_wconf 88' lang='lat' dir='ltr'><strong>ut</strong></span> <span class='ocrx_word' id='word_1_58' title='bbox 319 1314 462 1373; x_wconf 89' lang='lat' dir='ltr'><strong>quos</strong></span> <span class='ocrx_word' id='word_1_59' title='bbox 490 1305 689 1371; x_wconf 78' lang='lat' dir='ltr'><strong>negant</strong></span> <span class='ocrx_word' id='word_1_60' title='bbox 718 1298 743 1336; x_wconf 83' lang='grc'><strong>²</strong></span> <span class='ocrx_word' id='word_1_61' title='bbox 770 1299 969 1369; x_wconf 86' lang='lat' dir='ltr'><strong>sentire</strong></span> <span class='ocrx_word' id='word_1_62' title='bbox 998 1300 1311 1373; x_wconf 87' lang='lat' dir='ltr'><strong>quidquam,</strong></span> <span class='ocrx_word' id='word_1_63' title='bbox 1352 1316 1534 1357; x_wconf 90' lang='lat' dir='ltr'><strong>escam</strong></span> <span class='ocrx_word' id='word_1_64' title='bbox 1564 1302 1589 1341; x_wconf 85' lang='lat'><strong>3</strong></span> <span class='ocrx_word' id='word_1_65' title='bbox 1614 1301 1834 1359; x_wconf 89' lang='lat' dir='ltr'><strong>deside-</strong></span> 
     </span>
    </p>
   </div>
   <div class='ocr_carea' id='block_1_12' title="bbox 233 1386 1832 1463">
    <p class='ocr_par' dir='ltr' id='par_1_12' title="bbox 233 1386 1832 1463">
     <span class='ocr_line' id='line_1_12' title="bbox 233 1386 1832 1463; baseline 0.002 -20"><span class='ocrx_word' id='word_1_66' title='bbox 233 1402 354 1443; x_wconf 89' lang='lat' dir='ltr'><strong>rare</strong></span> <span class='ocrx_word' id='word_1_67' title='bbox 380 1395 713 1458; x_wconf 66' lang='lat' dir='ltr'><strong>praesumant</strong></span> <span class='ocrx_word' id='word_1_68' title='bbox 757 1386 802 1439; x_wconf 68' lang='grc'><strong>4.</strong></span> <span class='ocrx_word' id='word_1_69' title='bbox 835 1388 903 1441; x_wconf 89' lang='lat' dir='ltr'><strong>At</strong></span> <span class='ocrx_word' id='word_1_70' title='bbox 958 1401 1061 1456; x_wconf 70' lang='lat' dir='ltr'><strong>ego</strong></span> <span class='ocrx_word' id='word_1_71' title='bbox 1116 1387 1294 1459; x_wconf 77' lang='lat' dir='ltr'><strong>magis</strong></span> <span class='ocrx_word' id='word_1_72' title='bbox 1332 1388 1519 1444; x_wconf 88' lang='lat' dir='ltr'><strong>ridebo</strong></span> <span class='ocrx_word' id='word_1_73' title='bbox 1549 1389 1574 1427; x_wconf 83' lang='lat'><strong>5</strong></span> <span class='ocrx_word' id='word_1_74' title='bbox 1617 1389 1832 1463; x_wconf 79' lang='lat' dir='ltr'><strong>vulgus,</strong></span> 
     </span>
    </p>
   </div>
   <div class='ocr_carea' id='block_1_13' title="bbox 238 1474 1832 1549">
    <p class='ocr_par' dir='ltr' id='par_1_13' title="bbox 238 1474 1832 1549">
     <span class='ocr_line' id='line_1_13' title="bbox 238 1474 1832 1549; baseline 0.001 -18"><span class='ocrx_word' id='word_1_75' title='bbox 238 1484 371 1533; x_wconf 92' lang='lat' dir='ltr'><strong>tunc</strong></span> <span class='ocrx_word' id='word_1_76' title='bbox 399 1490 639 1549; x_wconf 85' lang='lat' dir='ltr'><strong>quoque,</strong></span> <span class='ocrx_word' id='word_1_77' title='bbox 690 1489 814 1531; x_wconf 89' lang='lat' dir='ltr'><strong>cum</strong></span> <span class='ocrx_word' id='word_1_78' title='bbox 843 1474 993 1547; x_wconf 90' lang='lat' dir='ltr'><strong>ipsos</strong></span> <span class='ocrx_word' id='word_1_79' title='bbox 1020 1475 1306 1533; x_wconf 88' lang='lat' dir='ltr'><strong>defunctos</strong></span> <span class='ocrx_word' id='word_1_80' title='bbox 1333 1477 1669 1535; x_wconf 85' lang='lat' dir='ltr'><strong>atrocissime</strong></span> <span class='ocrx_word' id='word_1_81' title='bbox 1696 1494 1832 1533; x_wconf 87' lang='lat' dir='ltr'><strong>exu-</strong></span> 
     </span>
    </p>
   </div>
   <div class='ocr_carea' id='block_1_14' title="bbox 244 1564 1833 1639">
    <p class='ocr_par' dir='ltr' id='par_1_14' title="bbox 244 1564 1833 1639">
     <span class='ocr_line' id='line_1_14' title="bbox 244 1564 1833 1639; baseline 0.001 -18"><span class='ocrx_word' id='word_1_82' title='bbox 244 1566 337 1633; x_wconf 92' lang='lat' dir='ltr'><strong>rit,</strong></span> <span class='ocrx_word' id='word_1_83' title='bbox 407 1580 547 1638; x_wconf 88' lang='lat' dir='ltr'><strong>quns</strong></span> <span class='ocrx_word' id='word_1_84' title='bbox 601 1564 945 1636; x_wconf 87' lang='lat' dir='ltr'><strong>postmodum</strong></span> <span class='ocrx_word' id='word_1_85' title='bbox 1002 1565 1350 1638; x_wconf 81' lang='lat' dir='ltr'><strong>gulosissime</strong></span> <span class='ocrx_word' id='word_1_86' title='bbox 1405 1566 1593 1639; x_wconf 87' lang='lat' dir='ltr'><strong>nutrit,</strong></span> <span class='ocrx_word' id='word_1_87' title='bbox 1641 1567 1833 1623; x_wconf 91' lang='lat' dir='ltr'><strong>iisdem</strong></span> 
     </span>
    </p>
   </div>
   <div class='ocr_carea' id='block_1_15' title="bbox 237 1653 1835 1730">
    <p class='ocr_par' dir='ltr' id='par_1_15' title="bbox 237 1653 1835 1730">
     <span class='ocr_line' id='line_1_15' title="bbox 237 1653 1835 1730; baseline 0.003 -21"><span class='ocrx_word' id='word_1_88' title='bbox 237 1653 465 1730; x_wconf 77' lang='lat' dir='ltr'><strong>ignibus</strong></span> <span class='ocrx_word' id='word_1_89' title='bbox 509 1661 562 1711; x_wconf 89' lang='lat' dir='ltr'><strong>et</strong></span> <span class='ocrx_word' id='word_1_90' title='bbox 592 1668 904 1725; x_wconf 89' lang='lat' dir='ltr'><strong>promerens</strong></span> <span class='ocrx_word' id='word_1_91' title='bbox 947 1661 999 1710; x_wconf 92' lang='lat' dir='ltr'><strong>et</strong></span> <span class='ocrx_word' id='word_1_92' title='bbox 1043 1653 1352 1714; x_wconf 85' lang='lat' dir='ltr'><strong>offendens.</strong></span> <span class='ocrx_word' id='word_1_93' title='bbox 1401 1654 1447 1712; x_wconf 93' lang='grc' dir='ltr'>Ο</span> <span class='ocrx_word' id='word_1_94' title='bbox 1477 1657 1730 1727; x_wconf 84' lang='lat' dir='ltr'><strong>pietatem</strong></span> <span class='ocrx_word' id='word_1_95' title='bbox 1768 1656 1835 1713; x_wconf 92' lang='lat' dir='ltr'><strong>de</strong></span> 
     </span>
    </p>
   </div>
   <div class='ocr_carea' id='block_1_16' title="bbox 1267 280 2493 359">
    <p class='ocr_par' dir='ltr' id='par_1_16' title="bbox 1267 280 2493 359">
     <span class='ocr_line' id='line_1_16' title="bbox 1267 280 2493 359; baseline 0.001 -15"><span class='ocrx_word' id='word_1_96' title='bbox 1267 281 1466 345; x_wconf 81' lang='lat' dir='ltr'><strong>LIBER</strong></span> <span class='ocrx_word' id='word_1_97' title='bbox 1503 280 1589 342; x_wconf 77' lang='lat' dir='ltr'><strong>DE</strong></span> <span class='ocrx_word' id='word_1_98' title='bbox 1661 280 2196 347; x_wconf 77' lang='lat' dir='ltr'><strong>RESURRECTIONE</strong></span> <span class='ocrx_word' id='word_1_99' title='bbox 2227 282 2493 359; x_wconf 65' lang='lat' dir='ltr'><strong>,GARNIS.</strong></span> 
     </span>
    </p>
   </div>
   <div class='ocr_carea' id='block_1_17' title="bbox 3418 303 3525 364">
    <p class='ocr_par' dir='ltr' id='par_1_17' title="bbox 3418 303 3525 364">
     <span class='ocr_line' id='line_1_17' title="bbox 3418 303 3525 364; baseline 0.009 -1"><span class='ocrx_word' id='word_1_100' title='bbox 3418 303 3525 364; x_wconf 75' lang='lat'><strong>842</strong></span> 
     </span>
    </p>
   </div>
   <div class='ocr_carea' id='block_1_18' title="bbox 2564 411 2895 473">
    <p class='ocr_par' dir='ltr' id='par_1_18' title="bbox 2564 411 2895 473">
     <span class='ocr_line' id='line_1_18' title="bbox 2564 411 2895 473; baseline 0.012 -4"><span class='ocrx_word' id='word_1_101' title='bbox 2564 411 2791 471; x_wconf 82' lang='lat' dir='ltr'><strong>CAPUT</strong></span> <span class='ocrx_word' id='word_1_102' title='bbox 2828 416 2895 473; x_wconf 88' lang='lat' dir='ltr'><strong>II.</strong></span> 
     </span>
    </p>
   </div>
   <div class='ocr_carea' id='block_1_19' title="bbox 2010 497 3526 590">
    <p class='ocr_par' dir='ltr' id='par_1_19' title="bbox 2010 497 3526 590">
     <span class='ocr_line' id='line_1_19' title="bbox 2010 497 3526 590; baseline 0.012 -34"><span class='ocrx_word' id='word_1_103' title='bbox 2010 497 2227 590; x_wconf 82' lang='lat' dir='ltr'><strong>Sivero</strong></span> <span class='ocrx_word' id='word_1_104' title='bbox 2258 508 2313 557; x_wconf 91' lang='lat' dir='ltr'><strong>et</strong></span> <span class='ocrx_word' id='word_1_105' title='bbox 2349 500 2491 590; x_wconf 84' lang='lat' dir='ltr'><strong>apud</strong></span> <span class='ocrx_word' id='word_1_106' title='bbox 2535 502 2706 560; x_wconf 90' lang='lat' dir='ltr'><strong>Deum</strong></span> <span class='ocrx_word' id='word_1_107' title='bbox 2753 504 2935 577; x_wconf 90' lang='lat' dir='ltr'><strong>aliqua</strong></span> <span class='ocrx_word' id='word_1_108' title='bbox 2964 516 3112 567; x_wconf 90' lang='lat' dir='ltr'><strong>secta</strong></span> <span class='ocrx_word' id='word_1_109' title='bbox 3148 519 3227 569; x_wconf 90' lang='lat' dir='ltr'><strong>est</strong></span> <span class='ocrx_word' id='word_1_110' title='bbox 3274 514 3351 588; x_wconf 89' lang='lat'><strong>(6)</strong></span> <span class='ocrx_word' id='word_1_111' title='bbox 3395 516 3526 590; x_wconf 85' lang='lat' dir='ltr'><strong>Epi-</strong></span> 
     </span>
    </p>
   </div>
   <div class='ocr_carea' id='block_1_20' title="bbox 1944 588 3527 679">
    <p class='ocr_par' dir='ltr' id='par_1_20' title="bbox 1944 588 3527 679">
     <span class='ocr_line' id='line_1_20' title="bbox 1944 588 3527 679; baseline 0.013 -35"><span class='ocrx_word' id='word_1_112' title='bbox 1944 588 2120 645; x_wconf 89' lang='lat' dir='ltr'><strong>cureis</strong></span> <span class='ocrx_word' id='word_1_113' title='bbox 2163 592 2336 663; x_wconf 81' lang='lat' dir='ltr'><strong>magis</strong></span> <span class='ocrx_word' id='word_1_114' title='bbox 2372 589 2549 647; x_wconf 83' lang='lat' dir='ltr'><strong>afﬁnis</strong></span> <span class='ocrx_word' id='word_1_115' title='bbox 2592 609 2754 665; x_wconf 87' lang='lat' dir='ltr'><strong>quam</strong></span> <span class='ocrx_word' id='word_1_116' title='bbox 2792 597 3087 668; x_wconf 85' lang='lat' dir='ltr'><strong>prephetis,</strong></span> <span class='ocrx_word' id='word_1_117' title='bbox 3122 602 3354 660; x_wconf 85' lang='lat' dir='ltr'><strong>sciemus</strong></span> <span class='ocrx_word' id='word_1_118' title='bbox 3391 588 3527 679; x_wconf 87' lang='lat' dir='ltr'><strong>quid</strong></span> 
     </span>
    </p>
   </div>
   <div class='ocr_carea' id='block_1_21' title="bbox 1943 682 3526 756">
    <p class='ocr_par' dir='ltr' id='par_1_21' title="bbox 1943 682 3526 756">
     <span class='ocr_line' id='line_1_21' title="bbox 1943 682 3526 756; baseline 0.015 -23"><span class='ocrx_word' id='word_1_119' title='bbox 1943 682 2160 738; x_wconf 80' lang='lat' dir='ltr'><strong>audiant</strong></span> <span class='ocrx_word' id='word_1_120' title='bbox 2198 700 2229 738; x_wconf 92' lang='lat' dir='ltr'><strong>a</strong></span> <span class='ocrx_word' id='word_1_121' title='bbox 2267 683 2479 740; x_wconf 86' lang='lat' dir='ltr'><strong>Christo</strong></span> <span class='ocrx_word' id='word_1_122' title='bbox 2509 685 2809 743; x_wconf 67' lang='lat' dir='ltr'><strong>Sadduczei.</strong></span> <span class='ocrx_word' id='word_1_123' title='bbox 2844 688 3055 746; x_wconf 83' lang='lat' dir='ltr'><strong>Christo</strong></span> <span class='ocrx_word' id='word_1_124' title='bbox 3091 694 3232 749; x_wconf 90' lang='lat' dir='ltr'><strong>enim</strong></span> <span class='ocrx_word' id='word_1_125' title='bbox 3273 702 3526 756; x_wconf 89' lang='lat' dir='ltr'><strong>servaba-</strong></span> 
     </span>
    </p>
   </div>
   <div class='ocr_carea' id='block_1_22' title="bbox 1946 773 3526 861">
    <p class='ocr_par' dir='ltr' id='par_1_22' title="bbox 1946 773 3526 861">
     <span class='ocr_line' id='line_1_22' title="bbox 1946 773 3526 861; baseline 0.014 -38"><span class='ocrx_word' id='word_1_126' title='bbox 1946 776 2053 839; x_wconf 91' lang='lat' dir='ltr'><strong>tur,</strong></span> <span class='ocrx_word' id='word_1_127' title='bbox 2084 773 2263 827; x_wconf 92' lang='lat' dir='ltr'><strong>omnia</strong></span> <span class='ocrx_word' id='word_1_128' title='bbox 2299 781 2446 830; x_wconf 87' lang='lat' dir='ltr'><strong>retro</strong></span> <span class='ocrx_word' id='word_1_129' title='bbox 2490 776 2699 831; x_wconf 89' lang='lat' dir='ltr'><strong>occulta</strong></span> <span class='ocrx_word' id='word_1_130' title='bbox 2734 777 2960 851; x_wconf 89' lang='lat' dir='ltr'><strong>nudare,</strong></span> <span class='ocrx_word' id='word_1_131' title='bbox 2988 780 3230 840; x_wconf 89' lang='lat' dir='ltr'><strong>dubitata</strong></span> <span class='ocrx_word' id='word_1_132' title='bbox 3267 786 3526 861; x_wconf 80' lang='lat' dir='ltr'><strong>dirigere,</strong></span> 
     </span>
    </p>
   </div>
   <div class='ocr_carea' id='block_1_23' title="bbox 1947 860 3527 947">
    <p class='ocr_par' dir='ltr' id='par_1_23' title="bbox 1947 860 3527 947">
     <span class='ocr_line' id='line_1_23' title="bbox 1947 860 3527 947; baseline 0.015 -35"><span class='ocrx_word' id='word_1_133' title='bbox 1947 860 2218 929; x_wconf 68' lang='lat' dir='ltr'><strong>praelibata</strong></span> <span class='ocrx_word' id='word_1_134' title='bbox 2262 864 2535 936; x_wconf 84' lang='lat' dir='ltr'><strong>supplere,</strong></span> <span class='ocrx_word' id='word_1_135' title='bbox 2585 867 2873 938; x_wconf 81' lang='lat' dir='ltr'><strong>praedicata</strong></span> <span class='ocrx_word' id='word_1_136' title='bbox 2920 886 3335 947; x_wconf 55' lang='lat' dir='ltr'><strong>repraesentare;</strong></span> <span class='ocrx_word' id='word_1_137' title='bbox 3375 860 3527 936; x_wconf 88' lang='lat' dir='ltr'><strong>mor-</strong></span> 
     </span>
    </p>
   </div>
   <div class='ocr_carea' id='block_1_24' title="bbox 1948 957 3533 1039">
    <p class='ocr_par' dir='ltr' id='par_1_24' title="bbox 1948 957 3533 1039">
     <span class='ocr_line' id='line_1_24' title="bbox 1948 957 3533 1039; baseline 0.013 -34"><span class='ocrx_word' id='word_1_138' title='bbox 1948 957 2161 1006; x_wconf 90' lang='lat' dir='ltr'><strong>tuorum</strong></span> <span class='ocrx_word' id='word_1_139' title='bbox 2209 961 2352 1009; x_wconf 89' lang='lat' dir='ltr'><strong>certe</strong></span> <span class='ocrx_word' id='word_1_140' title='bbox 2409 958 2886 1026; x_wconf 85' lang='lat' dir='ltr'><strong>resurrectionem,</strong></span> <span class='ocrx_word' id='word_1_141' title='bbox 2919 976 3027 1018; x_wconf 88' lang='lat' dir='ltr'><strong>non</strong></span> <span class='ocrx_word' id='word_1_142' title='bbox 3082 967 3241 1021; x_wconf 92' lang='lat' dir='ltr'><strong>modo</strong></span> <span class='ocrx_word' id='word_1_143' title='bbox 3289 983 3388 1039; x_wconf 83' lang='lat' dir='ltr'><strong>per</strong></span> <span class='ocrx_word' id='word_1_144' title='bbox 3444 986 3533 1025; x_wconf 85' lang='lat' dir='ltr'><strong>se-</strong></span> 
     </span>
    </p>
   </div>
   <div class='ocr_carea' id='block_1_25' title="bbox 1947 1041 3536 1124">
    <p class='ocr_par' dir='ltr' id='par_1_25' title="bbox 1947 1041 3536 1124">
     <span class='ocr_line' id='line_1_25' title="bbox 1947 1041 3536 1124; baseline 0.014 -31"><span class='ocrx_word' id='word_1_145' title='bbox 1947 1041 2248 1112; x_wconf 88' lang='lat' dir='ltr'><strong>metipsum,</strong></span> <span class='ocrx_word' id='word_1_146' title='bbox 2283 1059 2467 1099; x_wconf 90' lang='lat' dir='ltr'><strong>verum</strong></span> <span class='ocrx_word' id='word_1_147' title='bbox 2498 1044 2657 1101; x_wconf 89' lang='lat' dir='ltr'><strong>etiam</strong></span> <span class='ocrx_word' id='word_1_148' title='bbox 2687 1048 2739 1101; x_wconf 90' lang='lat' dir='ltr'><strong>in</strong></span> <span class='ocrx_word' id='word_1_149' title='bbox 2770 1050 3058 1123; x_wconf 91' lang='lat' dir='ltr'><strong>semetipso</strong></span> <span class='ocrx_word' id='word_1_150' title='bbox 3098 1056 3345 1124; x_wconf 89' lang='lat' dir='ltr'><strong>probare.</strong></span> <span class='ocrx_word' id='word_1_151' title='bbox 3377 1058 3536 1116; x_wconf 89' lang='lat' dir='ltr'><strong>Nunc</strong></span> 
     </span>
    </p>
   </div>
   <div class='ocr_carea' id='block_1_26' title="bbox 1947 1132 3532 1217">
    <p class='ocr_par' dir='ltr' id='par_1_26' title="bbox 1947 1132 3532 1217">
     <span class='ocr_line' id='line_1_26' title="bbox 1947 1132 3532 1217; baseline 0.013 -33"><span class='ocrx_word' id='word_1_152' title='bbox 1947 1137 2125 1185; x_wconf 90' lang='lat' dir='ltr'><strong>autem</strong></span> <span class='ocrx_word' id='word_1_153' title='bbox 2156 1132 2219 1186; x_wconf 93' lang='lat' dir='ltr'><strong>ad</strong></span> <span class='ocrx_word' id='word_1_154' title='bbox 2261 1132 2394 1189; x_wconf 89' lang='lat' dir='ltr'><strong>alios</strong></span> <span class='ocrx_word' id='word_1_155' title='bbox 2429 1133 2751 1192; x_wconf 65' lang='lat' dir='ltr'><strong>Sadducaaos</strong></span> <span class='ocrx_word' id='word_1_156' title='bbox 2790 1137 2867 1209; x_wconf 92' lang='lat'><strong>(7)</strong></span> <span class='ocrx_word' id='word_1_157' title='bbox 2908 1156 3295 1215; x_wconf 73' lang='lat' dir='ltr'><strong>prmparamur,</strong></span> <span class='ocrx_word' id='word_1_158' title='bbox 3328 1148 3532 1217; x_wconf 88' lang='lat' dir='ltr'><strong>partia-</strong></span> 
     </span>
    </p>
   </div>
   <div class='ocr_carea' id='block_1_27' title="bbox 1946 1219 3534 1303">
    <p class='ocr_par' dir='ltr' id='par_1_27' title="bbox 1946 1219 3534 1303">
     <span class='ocr_line' id='line_1_27' title="bbox 1946 1219 3534 1303; baseline 0.013 -30"><span class='ocrx_word' id='word_1_159' title='bbox 1946 1219 2057 1274; x_wconf 90' lang='lat' dir='ltr'><strong>rios</strong></span> <span class='ocrx_word' id='word_1_160' title='bbox 2093 1221 2375 1277; x_wconf 87' lang='lat' dir='ltr'><strong>sententiae</strong></span> <span class='ocrx_word' id='word_1_161' title='bbox 2414 1222 2651 1281; x_wconf 91' lang='lat' dir='ltr'><strong>illorum.</strong></span> <span class='ocrx_word' id='word_1_162' title='bbox 2684 1227 2760 1280; x_wconf 91' lang='lat' dir='ltr'><strong>Ita</strong></span> <span class='ocrx_word' id='word_1_163' title='bbox 2801 1226 3076 1284; x_wconf 82' lang='lat' dir='ltr'><strong>dimidiam</strong></span> <span class='ocrx_word' id='word_1_164' title='bbox 3111 1244 3412 1303; x_wconf 82' lang='lat' dir='ltr'><strong>agnoscunt</strong></span> <span class='ocrx_word' id='word_1_165' title='bbox 3440 1252 3534 1293; x_wconf 78' lang='lat' dir='ltr'><strong>rc-</strong></span> 
     </span>
    </p>
   </div>
   <div class='ocr_carea' id='block_1_28' title="bbox 1945 1308 3532 1395">
    <p class='ocr_par' dir='ltr' id='par_1_28' title="bbox 1945 1308 3532 1395">
     <span class='ocr_line' id='line_1_28' title="bbox 1945 1308 3532 1395; baseline 0.01 -30"><span class='ocrx_word' id='word_1_166' title='bbox 1945 1308 2360 1377; x_wconf 89' lang='lat' dir='ltr'><strong>surrectionem,</strong></span> <span class='ocrx_word' id='word_1_167' title='bbox 2437 1312 2609 1368; x_wconf 90' lang='lat' dir='ltr'><strong>solius</strong></span> <span class='ocrx_word' id='word_1_168' title='bbox 2694 1313 2891 1372; x_wconf 79' lang='lat' dir='ltr'><strong>scilicet</strong></span> <span class='ocrx_word' id='word_1_169' title='bbox 2954 1318 3174 1391; x_wconf 67' lang='lat' dir='ltr'><strong>animm;</strong></span> <span class='ocrx_word' id='word_1_170' title='bbox 3262 1324 3532 1395; x_wconf 77' lang='lat' dir='ltr'><strong>sapernati</strong></span> 
     </span>
    </p>
   </div>
   <div class='ocr_carea' id='block_1_29' title="bbox 1943 1399 3532 1474">
    <p class='ocr_par' dir='ltr' id='par_1_29' title="bbox 1943 1399 3532 1474">
     <span class='ocr_line' id='line_1_29' title="bbox 1943 1399 3532 1474; baseline 0.009 -20"><span class='ocrx_word' id='word_1_171' title='bbox 1943 1412 2180 1469; x_wconf 89' lang='lat' dir='ltr'><strong>carnem,</strong></span> <span class='ocrx_word' id='word_1_172' title='bbox 2239 1399 2377 1455; x_wconf 87' lang='lat' dir='ltr'><strong>sicut</strong></span> <span class='ocrx_word' id='word_1_173' title='bbox 2432 1408 2487 1457; x_wconf 90' lang='lat' dir='ltr'><strong>et</strong></span> <span class='ocrx_word' id='word_1_174' title='bbox 2540 1402 2716 1474; x_wconf 90' lang='lat' dir='ltr'><strong>ipsum</strong></span> <span class='ocrx_word' id='word_1_175' title='bbox 2770 1404 3064 1463; x_wconf 91' lang='lat' dir='ltr'><strong>Dominum</strong></span> <span class='ocrx_word' id='word_1_176' title='bbox 3129 1410 3321 1471; x_wconf 84' lang='lat' dir='ltr'><strong>carnis.</strong></span> <span class='ocrx_word' id='word_1_177' title='bbox 3380 1413 3532 1470; x_wconf 88' lang='lat' dir='ltr'><strong>Nulli</strong></span> 
     </span>
    </p>
   </div>
   <div class='ocr_carea' id='block_1_30' title="bbox 1941 1487 3528 1574">
    <p class='ocr_par' dir='ltr' id='par_1_30' title="bbox 1941 1487 3528 1574">
     <span class='ocr_line' id='line_1_30' title="bbox 1941 1487 3528 1574; baseline 0.011 -33"><span class='ocrx_word' id='word_1_178' title='bbox 1941 1487 2177 1559; x_wconf 92' lang='lat' dir='ltr'><strong>denique</strong></span> <span class='ocrx_word' id='word_1_179' title='bbox 2216 1488 2307 1543; x_wconf 88' lang='lat' dir='ltr'><strong>alii</strong></span> <span class='ocrx_word' id='word_1_180' title='bbox 2344 1489 2574 1547; x_wconf 85' lang='lat' dir='ltr'><strong>salutem</strong></span> <span class='ocrx_word' id='word_1_181' title='bbox 2617 1494 2883 1565; x_wconf 89' lang='lat' dir='ltr'><strong>corporali</strong></span> <span class='ocrx_word' id='word_1_182' title='bbox 2921 1497 3230 1554; x_wconf 67' lang='lat' dir='ltr'><strong>substantiae</strong></span> <span class='ocrx_word' id='word_1_183' title='bbox 3269 1499 3528 1574; x_wconf 89' lang='lat' dir='ltr'><strong>invident,</strong></span> 
     </span>
    </p>
   </div>
   <div class='ocr_carea' id='block_1_31' title="bbox 1943 1576 3535 1660">
    <p class='ocr_par' dir='ltr' id='par_1_31' title="bbox 1943 1576 3535 1660">
     <span class='ocr_line' id='line_1_31' title="bbox 1943 1576 3535 1660; baseline 0.013 -32"><span class='ocrx_word' id='word_1_184' title='bbox 1943 1592 2106 1647; x_wconf 85' lang='lat' dir='ltr'><strong>quam</strong></span> <span class='ocrx_word' id='word_1_185' title='bbox 2135 1576 2360 1634; x_wconf 82' lang='lat' dir='ltr'><strong>alterius</strong></span> <span class='ocrx_word' id='word_1_186' title='bbox 2395 1578 2691 1636; x_wconf 83' lang='lat' dir='ltr'><strong>divinitatis</strong></span> <span class='ocrx_word' id='word_1_187' title='bbox 2723 1582 2984 1640; x_wconf 86' lang='lat' dir='ltr'><strong>haeretici.</strong></span> <span class='ocrx_word' id='word_1_188' title='bbox 3018 1587 3253 1660; x_wconf 89' lang='lat' dir='ltr'><strong>Ideoque</strong></span> <span class='ocrx_word' id='word_1_189' title='bbox 3294 1597 3346 1645; x_wconf 92' lang='lat' dir='ltr'><strong>et</strong></span> <span class='ocrx_word' id='word_1_190' title='bbox 3374 1589 3535 1648; x_wconf 90' lang='lat' dir='ltr'><strong>Chri-</strong></span> 
     </span>
    </p>
   </div>
   <div class='ocr_carea' id='block_1_32' title="bbox 1946 1664 3547 1741">
    <p class='ocr_par' dir='ltr' id='par_1_32' title="bbox 1946 1664 3547 1741">
     <span class='ocr_line' id='line_1_32' title="bbox 1946 1664 3547 1741; baseline 0.01 -20"><span class='ocrx_word' id='word_1_191' title='bbox 1946 1672 2088 1721; x_wconf 86' lang='lat' dir='ltr'><strong>stum</strong></span> <span class='ocrx_word' id='word_1_192' title='bbox 2154 1664 2309 1720; x_wconf 89' lang='lat' dir='ltr'><strong>aliter</strong></span> <span class='ocrx_word' id='word_1_193' title='bbox 2375 1665 2663 1737; x_wconf 87' lang='lat' dir='ltr'><strong>disponere</strong></span> <span class='ocrx_word' id='word_1_194' title='bbox 2731 1670 2921 1741; x_wconf 90' lang='lat' dir='ltr'><strong>coacti,</strong></span> <span class='ocrx_word' id='word_1_195' title='bbox 2971 1689 3041 1731; x_wconf 92' lang='lat' dir='ltr'><strong>ne</strong></span> <span class='ocrx_word' id='word_1_196' title='bbox 3098 1685 3306 1734; x_wconf 84' lang='lat' dir='ltr'><strong>creator</strong></span> <span class='ocrx_word' id='word_1_197' title='bbox 3361 1681 3547 1738; x_wconf 87' lang='lat' dir='ltr'><strong>carnis</strong></span> 
     </span>
    </p>
   </div>
   <div class='ocr_carea' id='block_1_33' title="bbox 241 1741 3541 1841">
    <p class='ocr_par' dir='ltr' id='par_1_33' title="bbox 241 1741 3541 1841">
     <span class='ocr_line' id='line_1_33' title="bbox 241 1741 3541 1841; baseline 0.008 -40"><span class='ocrx_word' id='word_1_198' title='bbox 241 1742 564 1841; x_wconf 76' lang='lat' dir='ltr'><strong>crudelitate</strong></span> <span class='ocrx_word' id='word_1_199' title='bbox 591 1741 876 1841; x_wconf 67' lang='lat' dir='ltr'><strong>ludentem</strong></span> <span class='ocrx_word' id='word_1_200' title='bbox 891 1742 1244 1841; x_wconf 63' lang='lat' dir='ltr'><strong>!_sacrilicat,</strong></span> <span class='ocrx_word' id='word_1_201' title='bbox 1285 1745 1408 1841; x_wconf 72' lang='lat' dir='ltr'><strong>an6</strong></span> <span class='ocrx_word' id='word_1_202' title='bbox 1448 1746 1685 1841; x_wconf 77' lang='lat' dir='ltr'><strong>insultat,</strong></span> <span class='ocrx_word' id='word_1_203' title='bbox 1715 1762 1839 1804; x_wconf 91' lang='lat' dir='ltr'><strong>cum</strong></span> <span class='ocrx_word' id='word_1_204' title='bbox 1873 1757 1917 1835; x_wconf 72' lang='grc' dir='ltr'><strong><em>Β</em></strong></span> <span class='ocrx_word' id='word_1_205' title='bbox 1944 1752 2206 1809; x_wconf 80' lang='lat' dir='ltr'><strong>habeatur</strong></span> <span class='ocrx_word' id='word_1_206' title='bbox 2253 1753 2319 1822; x_wconf 73' lang='grc'><strong>12,</strong></span> <span class='ocrx_word' id='word_1_207' title='bbox 2352 1753 2405 1808; x_wconf 94' lang='lat' dir='ltr'><strong>in</strong></span> <span class='ocrx_word' id='word_1_208' title='bbox 2452 1754 2567 1826; x_wconf 91' lang='lat' dir='ltr'><strong>ipsa</strong></span> <span class='ocrx_word' id='word_1_209' title='bbox 2611 1756 2762 1828; x_wconf 89' lang='lat' dir='ltr'><strong>prius</strong></span> <span class='ocrx_word' id='word_1_210' title='bbox 2825 1774 2987 1816; x_wconf 90' lang='lat' dir='ltr'><strong>carne</strong></span> <span class='ocrx_word' id='word_1_211' title='bbox 3032 1764 3150 1834; x_wconf 89' lang='lat' dir='ltr'><strong>ejus</strong></span> <span class='ocrx_word' id='word_1_212' title='bbox 3196 1778 3541 1841; x_wconf 89' lang='lat' dir='ltr'><strong>erraverunt;</strong></span> 
     </span>
    </p>
   </div>
   <div class='ocr_carea' id='block_1_34' title="bbox 246 1831 3540 1921">
    <p class='ocr_par' dir='ltr' id='par_1_34' title="bbox 246 1831 3540 1921">
     <span class='ocr_line' id='line_1_34' title="bbox 246 1831 3540 1921; baseline 0.007 -31"><span class='ocrx_word' id='word_1_213' title='bbox 246 1832 502 1921; x_wconf 84' lang='lat' dir='ltr'><strong>crematis</strong></span> <span class='ocrx_word' id='word_1_214' title='bbox 529 1839 725 1888; x_wconf 84' lang='lat' dir='ltr'><strong>cremat</strong></span> <span class='ocrx_word' id='word_1_215' title='bbox 752 1831 878 1921; x_wconf 76' lang='lat'>(3)?</span> <span class='ocrx_word' id='word_1_216' title='bbox 923 1832 1095 1921; x_wconf 74' lang='lat' dir='ltr'><strong>Plane</strong></span> <span class='ocrx_word' id='word_1_217' title='bbox 1113 1849 1236 1889; x_wconf 90' lang='lat' dir='ltr'><strong>cum</strong></span> <span class='ocrx_word' id='word_1_218' title='bbox 1277 1834 1446 1907; x_wconf 78' lang='lat' dir='ltr'><strong>vulgo</strong></span> <span class='ocrx_word' id='word_1_219' title='bbox 1475 1834 1747 1892; x_wconf 84' lang='lat' dir='ltr'><strong>interdum</strong></span> <span class='ocrx_word' id='word_1_220' title='bbox 1786 1844 1840 1891; x_wconf 94' lang='lat' dir='ltr'><strong>et</strong></span> <span class='ocrx_word' id='word_1_221' title='bbox 1874 1831 1910 1835; x_wconf 69' lang='grc'><em>”</em></span> <span class='ocrx_word' id='word_1_222' title='bbox 1946 1849 2041 1896; x_wconf 88' lang='lat' dir='ltr'><strong>aut</strong></span> <span class='ocrx_word' id='word_1_223' title='bbox 2085 1841 2284 1900; x_wconf 88' lang='lat' dir='ltr'><strong>nullius</strong></span> <span class='ocrx_word' id='word_1_224' title='bbox 2332 1843 2570 1901; x_wconf 85' lang='lat' dir='ltr'><strong>veritatis</strong></span> <span class='ocrx_word' id='word_1_225' title='bbox 2625 1847 3018 1906; x_wconf 89' lang='lat' dir='ltr'><strong>contendentes</strong></span> <span class='ocrx_word' id='word_1_226' title='bbox 3062 1831 3207 1921; x_wconf 79' lang='lat' dir='ltr'><strong>eam,</strong></span> <span class='ocrx_word' id='word_1_227' title='bbox 3243 1831 3540 1913; x_wconf 79' lang='lat' dir='ltr'><strong>secundum</strong></span> 
     </span>
    </p>
   </div>
   <div class='ocr_carea' id='block_1_35' title="bbox 249 1918 3542 2015">
    <p class='ocr_par' dir='ltr' id='par_1_35' title="bbox 249 1918 3542 2015">
     <span class='ocr_line' id='line_1_35' title="bbox 249 1918 3542 2015; baseline 0.009 -42"><span class='ocrx_word' id='word_1_228' title='bbox 249 1918 861 2015; x_wconf 67' lang='lat' dir='ltr'><strong>sapientes—sententiam</strong></span> <span class='ocrx_word' id='word_1_229' title='bbox 890 1936 1043 2015; x_wconf 75' lang='lat' dir='ltr'><strong>suam</strong></span> <span class='ocrx_word' id='word_1_230' title='bbox 1073 1918 1688 2015; x_wconf 67' lang='lat' dir='ltr'><strong>&#39;jungunt._l‘iihilessc</strong></span> <span class='ocrx_word' id='word_1_231' title='bbox 1718 1930 1842 2015; x_wconf 67' lang='lat' dir='ltr'><strong>post</strong></span> <span class='ocrx_word' id='word_1_232' title='bbox 1947 1930 2272 1987; x_wconf 82' lang='lat' dir='ltr'><strong>Marcionem</strong></span> <span class='ocrx_word' id='word_1_233' title='bbox 2331 1939 2385 1987; x_wconf 90' lang='lat' dir='ltr'><strong>et</strong></span> <span class='ocrx_word' id='word_1_234' title='bbox 2436 1932 2747 2002; x_wconf 80' lang='lat' dir='ltr'><strong>Basilidem,</strong></span> <span class='ocrx_word' id='word_1_235' title='bbox 2789 1944 2879 1993; x_wconf 90' lang='lat' dir='ltr'><strong>aut</strong></span> <span class='ocrx_word' id='word_1_236' title='bbox 2944 1918 3202 2010; x_wconf 44' lang='lat' dir='ltr'><strong>proprias</strong></span> <span class='ocrx_word' id='word_1_237' title='bbox 3245 1944 3542 2015; x_wconf 86' lang='lat' dir='ltr'><strong>qualitatis,</strong></span> 
     </span>
    </p>
   </div>
   <div class='ocr_carea' id='block_1_36' title="bbox 242 2007 3543 2104">
    <p class='ocr_par' dir='ltr' id='par_1_36' title="bbox 242 2007 3543 2104">
     <span class='ocr_line' id='line_1_36' title="bbox 242 2007 3543 2104; baseline 0.008 -41"><span class='ocrx_word' id='word_1_238' title='bbox 242 2015 483 2065; x_wconf 87' lang='lat' dir='ltr'><strong>mortem</strong></span> <span class='ocrx_word' id='word_1_239' title='bbox 526 2007 748 2104; x_wconf 73' lang='lat' dir='ltr'><strong>Epicuri</strong></span> <span class='ocrx_word' id='word_1_240' title='bbox 778 2008 960 2104; x_wconf 77' lang='lat' dir='ltr'><strong>schola</strong></span> <span class='ocrx_word' id='word_1_241' title='bbox 1008 2016 1109 2104; x_wconf 78' lang='lat' dir='ltr'><strong>est.</strong></span> <span class='ocrx_word' id='word_1_242' title='bbox 1142 2010 1343 2104; x_wconf 33' lang='lat' dir='ltr'><strong>Aithet</strong></span> <span class='ocrx_word' id='word_1_243' title='bbox 1374 2010 1612 2104; x_wconf 60' lang='lat' dir='ltr'><strong>Seneca,</strong></span> <span class='ocrx_word' id='word_1_244' title='bbox 1662 2011 1843 2067; x_wconf 86' lang='lat' dir='ltr'><strong>omnia</strong></span> <span class='ocrx_word' id='word_1_245' title='bbox 1949 2022 2244 2076; x_wconf 91' lang='lat' dir='ltr'><strong>secundum</strong></span> <span class='ocrx_word' id='word_1_246' title='bbox 2283 2022 2522 2077; x_wconf 83' lang='lat' dir='ltr'><strong>haereses</strong></span> <span class='ocrx_word' id='word_1_247' title='bbox 2560 2024 2828 2081; x_wconf 87' lang='lat' dir='ltr'><strong>Valentini</strong></span> <span class='ocrx_word' id='word_1_248' title='bbox 2865 2032 2919 2082; x_wconf 89' lang='lat' dir='ltr'><strong>et</strong></span> <span class='ocrx_word' id='word_1_249' title='bbox 2945 2007 3231 2099; x_wconf 42' lang='lat' dir='ltr'><strong>—Apellemi</strong></span> <span class='ocrx_word' id='word_1_250' title='bbox 3263 2007 3439 2104; x_wconf 57' lang='lat' dir='ltr'><strong>iitque</strong></span> <span class='ocrx_word' id='word_1_251' title='bbox 3468 2007 3543 2089; x_wconf 78' lang='lat' dir='ltr'><strong>ita</strong></span> 
     </span>
    </p>
   </div>
   <div class='ocr_carea' id='block_1_37' title="bbox 240 2096 1843 2170">
    <p class='ocr_par' dir='ltr' id='par_1_37' title="bbox 240 2096 1843 2170">
     <span class='ocr_line' id='line_1_37' title="bbox 240 2096 1843 2170; baseline 0.001 -16"><span class='ocrx_word' id='word_1_252' title='bbox 240 2106 371 2169; x_wconf 92' lang='lat' dir='ltr'><strong>post</strong></span> <span class='ocrx_word' id='word_1_253' title='bbox 398 2105 627 2153; x_wconf 90' lang='lat' dir='ltr'><strong>mortem</strong></span> <span class='ocrx_word' id='word_1_254' title='bbox 658 2096 820 2164; x_wconf 83' lang='lat' dir='ltr'><strong>ﬁniri,</strong></span> <span class='ocrx_word' id='word_1_255' title='bbox 846 2098 1009 2152; x_wconf 88' lang='lat' dir='ltr'><strong>etiam</strong></span> <span class='ocrx_word' id='word_1_256' title='bbox 1032 2098 1207 2168; x_wconf 82' lang='lat' dir='ltr'><strong>ipsam</strong></span> <span class='ocrx_word' id='word_1_257' title='bbox 1235 2097 1336 2170; x_wconf 78' lang='grc'><strong>(4).</strong></span> <span class='ocrx_word' id='word_1_258' title='bbox 1370 2098 1510 2155; x_wconf 90' lang='lat' dir='ltr'><strong>Satis</strong></span> <span class='ocrx_word' id='word_1_259' title='bbox 1530 2110 1612 2155; x_wconf 90' lang='lat' dir='ltr'><strong>est</strong></span> <span class='ocrx_word' id='word_1_260' title='bbox 1640 2107 1843 2165; x_wconf 90' lang='lat' dir='ltr'><strong>autem,</strong></span> 
     </span>
    </p>
   </div>
   <div class='ocr_carea' id='block_1_38' title="bbox 244 2186 1834 2260">
    <p class='ocr_par' dir='ltr' id='par_1_38' title="bbox 244 2186 1834 2260">
     <span class='ocr_line' id='line_1_38' title="bbox 244 2186 1834 2260; baseline 0.003 -19"><span class='ocrx_word' id='word_1_261' title='bbox 244 2186 292 2241; x_wconf 91' lang='lat' dir='ltr'><strong>si</strong></span> <span class='ocrx_word' id='word_1_262' title='bbox 322 2201 437 2242; x_wconf 95' lang='lat' dir='ltr'><strong>non</strong></span> <span class='ocrx_word' id='word_1_263' title='bbox 467 2186 645 2242; x_wconf 90' lang='lat' dir='ltr'><strong>minor</strong></span> <span class='ocrx_word' id='word_1_264' title='bbox 690 2186 1027 2258; x_wconf 80' lang='lat' dir='ltr'><strong>phiIOSOphia</strong></span> <span class='ocrx_word' id='word_1_265' title='bbox 1055 2188 1379 2260; x_wconf 68' lang='lat' dir='ltr'><strong>Pythagorae</strong></span> <span class='ocrx_word' id='word_1_266' title='bbox 1415 2195 1467 2243; x_wconf 91' lang='lat' dir='ltr'><strong>et</strong></span> <span class='ocrx_word' id='word_1_267' title='bbox 1491 2189 1834 2259; x_wconf 87' lang='lat' dir='ltr'><strong>Empedocli.</strong></span> 
     </span>
    </p>
   </div>
   <div class='ocr_carea' id='block_1_39' title="bbox 244 2273 1846 2333">
    <p class='ocr_par' dir='ltr' id='par_1_39' title="bbox 244 2273 1846 2333">
     <span class='ocr_line' id='line_1_39' title="bbox 244 2273 1846 2333; baseline 0.001 -2"><span class='ocrx_word' id='word_1_268' title='bbox 244 2275 357 2331; x_wconf 92' lang='lat' dir='ltr'><strong>Sed</strong></span> <span class='ocrx_word' id='word_1_269' title='bbox 385 2283 443 2333; x_wconf 90' lang='lat' dir='ltr'><strong>et</strong></span> <span class='ocrx_word' id='word_1_270' title='bbox 475 2276 500 2312; x_wconf 80' lang='grc'>⁸</span> <span class='ocrx_word' id='word_1_271' title='bbox 539 2273 804 2330; x_wconf 88' lang='lat' dir='ltr'><strong>Platonici</strong></span> <span class='ocrx_word' id='word_1_272' title='bbox 854 2274 1207 2331; x_wconf 87' lang='lat' dir='ltr'><strong>immortalem</strong></span> <span class='ocrx_word' id='word_1_273' title='bbox 1240 2275 1472 2332; x_wconf 88' lang='lat' dir='ltr'><strong>animam</strong></span> <span class='ocrx_word' id='word_1_274' title='bbox 1511 2293 1542 2333; x_wconf 93' lang='lat' dir='ltr'><strong>e</strong></span> <span class='ocrx_word' id='word_1_275' title='bbox 1578 2277 1846 2333; x_wconf 89' lang='lat' dir='ltr'><strong>contrario</strong></span> 
     </span>
    </p>
   </div>
   <div class='ocr_carea' id='block_1_40' title="bbox 244 2364 1847 2437">
    <p class='ocr_par' dir='ltr' id='par_1_40' title="bbox 244 2364 1847 2437">
     <span class='ocr_line' id='line_1_40' title="bbox 244 2364 1847 2437; baseline -0.001 -15"><span class='ocrx_word' id='word_1_276' title='bbox 244 2364 591 2422; x_wconf 85' lang='lat' dir='ltr'><strong>reclamant:</strong></span> <span class='ocrx_word' id='word_1_277' title='bbox 644 2364 755 2419; x_wconf 92' lang='lat' dir='ltr'><strong>imo</strong></span> <span class='ocrx_word' id='word_1_278' title='bbox 800 2365 981 2421; x_wconf 90' lang='lat' dir='ltr'><strong>adhuc</strong></span> <span class='ocrx_word' id='word_1_279' title='bbox 1028 2364 1271 2436; x_wconf 83' lang='lat' dir='ltr'><strong>proxime</strong></span> <span class='ocrx_word' id='word_1_280' title='bbox 1318 2365 1478 2421; x_wconf 88' lang='lat' dir='ltr'><strong>etiam</strong></span> <span class='ocrx_word' id='word_1_281' title='bbox 1515 2365 1570 2421; x_wconf 92' lang='lat' dir='ltr'><strong>in</strong></span> <span class='ocrx_word' id='word_1_282' title='bbox 1619 2382 1847 2437; x_wconf 91' lang='lat' dir='ltr'><strong>corpora</strong></span> 
     </span>
    </p>
   </div>
   <div class='ocr_carea' id='block_1_41' title="bbox 243 2450 1850 2524">
    <p class='ocr_par' dir='ltr' id='par_1_41' title="bbox 243 2450 1850 2524">
     <span class='ocr_line' id='line_1_41' title="bbox 243 2450 1850 2524; baseline -0.001 -14"><span class='ocrx_word' id='word_1_283' title='bbox 243 2453 600 2511; x_wconf 90' lang='lat' dir='ltr'><strong>remeabilem</strong></span> <span class='ocrx_word' id='word_1_284' title='bbox 626 2451 671 2509; x_wconf 98' lang='lat'><strong>7</strong></span> <span class='ocrx_word' id='word_1_285' title='bbox 678 2450 796 2509; x_wconf 76' lang='lat'><strong>96</strong></span> <span class='ocrx_word' id='word_1_286' title='bbox 848 2452 1117 2509; x_wconf 81' lang='lat' dir='ltr'><strong>afﬁrmant</strong></span> <span class='ocrx_word' id='word_1_287' title='bbox 1141 2476 1155 2524; x_wconf 91' lang='lat'><strong>;</strong></span> <span class='ocrx_word' id='word_1_288' title='bbox 1187 2453 1291 2509; x_wconf 88' lang='lat' dir='ltr'><strong>etsi</strong></span> <span class='ocrx_word' id='word_1_289' title='bbox 1310 2470 1419 2509; x_wconf 90' lang='lat' dir='ltr'><strong>non</strong></span> <span class='ocrx_word' id='word_1_290' title='bbox 1437 2455 1491 2508; x_wconf 93' lang='lat' dir='ltr'><strong>in</strong></span> <span class='ocrx_word' id='word_1_291' title='bbox 1513 2456 1720 2521; x_wconf 91' lang='lat' dir='ltr'><strong>eadem,</strong></span> <span class='ocrx_word' id='word_1_292' title='bbox 1746 2454 1850 2511; x_wconf 89' lang='lat' dir='ltr'><strong>etsi</strong></span> 
     </span>
    </p>
   </div>
   <div class='ocr_carea' id='block_1_42' title="bbox 251 2542 1846 2618">
    <p class='ocr_par' dir='ltr' id='par_1_42' title="bbox 251 2542 1846 2618">
     <span class='ocr_line' id='line_1_42' title="bbox 251 2542 1846 2618; baseline -0.001 -17"><span class='ocrx_word' id='word_1_293' title='bbox 251 2559 364 2601; x_wconf 91' lang='lat' dir='ltr'><strong>non</strong></span> <span class='ocrx_word' id='word_1_294' title='bbox 391 2544 447 2598; x_wconf 91' lang='lat' dir='ltr'><strong>in</strong></span> <span class='ocrx_word' id='word_1_295' title='bbox 479 2546 717 2600; x_wconf 89' lang='lat' dir='ltr'><strong>humana</strong></span> <span class='ocrx_word' id='word_1_296' title='bbox 745 2543 1157 2611; x_wconf 85' lang='lat' dir='ltr'><strong>tantummodo;</strong></span> <span class='ocrx_word' id='word_1_297' title='bbox 1198 2550 1259 2599; x_wconf 92' lang='lat' dir='ltr'><strong>ut</strong></span> <span class='ocrx_word' id='word_1_298' title='bbox 1294 2542 1615 2616; x_wconf 89' lang='lat' dir='ltr'><strong>Euphorbus</strong></span> <span class='ocrx_word' id='word_1_299' title='bbox 1651 2544 1705 2599; x_wconf 91' lang='lat' dir='ltr'><strong>in</strong></span> <span class='ocrx_word' id='word_1_300' title='bbox 1739 2547 1846 2618; x_wconf 86' lang='lat' dir='ltr'><strong>Py-</strong></span> 
     </span>
    </p>
   </div>
   <div class='ocr_carea' id='block_1_43' title="bbox 248 2632 1850 2710">
    <p class='ocr_par' dir='ltr' id='par_1_43' title="bbox 248 2632 1850 2710">
     <span class='ocr_line' id='line_1_43' title="bbox 248 2632 1850 2710; baseline 0.001 -21"><span class='ocrx_word' id='word_1_301' title='bbox 248 2636 555 2710; x_wconf 75' lang='lat' dir='ltr'><strong>thagoram,</strong></span> <span class='ocrx_word' id='word_1_302' title='bbox 605 2632 871 2688; x_wconf 80' lang='lat' dir='ltr'><strong>Homerus</strong></span> <span class='ocrx_word' id='word_1_303' title='bbox 911 2633 965 2687; x_wconf 92' lang='lat' dir='ltr'><strong>in</strong></span> <span class='ocrx_word' id='word_1_304' title='bbox 1011 2647 1207 2704; x_wconf 89' lang='lat' dir='ltr'><strong>pavum</strong></span> <span class='ocrx_word' id='word_1_305' title='bbox 1250 2641 1652 2692; x_wconf 90' lang='lat' dir='ltr'><strong>recenseantur.</strong></span> <span class='ocrx_word' id='word_1_306' title='bbox 1695 2634 1850 2691; x_wconf 90' lang='lat' dir='ltr'><strong>Certe</strong></span> 
     </span>
    </p>
   </div>
   <div class='ocr_carea' id='block_1_44' title="bbox 252 2722 1844 2802">
    <p class='ocr_par' dir='ltr' id='par_1_44' title="bbox 252 2722 1844 2802">
     <span class='ocr_line' id='line_1_44' title="bbox 252 2722 1844 2802; baseline -0.001 -24"><span class='ocrx_word' id='word_1_307' title='bbox 252 2724 618 2802; x_wconf 79' lang='lat' dir='ltr'><strong>recidivatum</strong></span> <span class='ocrx_word' id='word_1_308' title='bbox 667 2724 861 2778; x_wconf 69' lang='lat' dir='ltr'><strong>anima:</strong></span> <span class='ocrx_word' id='word_1_309' title='bbox 926 2723 1265 2793; x_wconf 87' lang='lat' dir='ltr'><strong>corporalem</strong></span> <span class='ocrx_word' id='word_1_310' title='bbox 1323 2722 1844 2792; x_wconf 87' lang='lat' dir='ltr'><strong>pronuntiaverunt;</strong></span> 
     </span>
    </p>
   </div>
   <div class='ocr_carea' id='block_1_45' title="bbox 250 2809 1848 2885">
    <p class='ocr_par' dir='ltr' id='par_1_45' title="bbox 250 2809 1848 2885">
     <span class='ocr_line' id='line_1_45' title="bbox 250 2809 1848 2885; baseline -0.001 -15"><span class='ocrx_word' id='word_1_311' title='bbox 250 2812 592 2871; x_wconf 87' lang='lat' dir='ltr'><strong>tolerabilius</strong></span> <span class='ocrx_word' id='word_1_312' title='bbox 621 2819 822 2867; x_wconf 91' lang='lat' dir='ltr'><strong>mutata</strong></span> <span class='ocrx_word' id='word_1_313' title='bbox 845 2809 870 2848; x_wconf 83' lang='lat'><strong><em>9</em></strong></span> <span class='ocrx_word' id='word_1_314' title='bbox 896 2826 1058 2881; x_wconf 89' lang='lat' dir='ltr'><strong>quam</strong></span> <span class='ocrx_word' id='word_1_315' title='bbox 1088 2818 1281 2885; x_wconf 79' lang='lat' dir='ltr'><strong>negata</strong></span> <span class='ocrx_word' id='word_1_316' title='bbox 1308 2811 1568 2881; x_wconf 88' lang='lat' dir='ltr'><strong>qualitate</strong></span> <span class='ocrx_word' id='word_1_317' title='bbox 1597 2825 1610 2862; x_wconf 87' lang='lat'><strong>:</strong></span> <span class='ocrx_word' id='word_1_318' title='bbox 1640 2813 1848 2885; x_wconf 84' lang='lat' dir='ltr'><strong>pulsata</strong></span> 
     </span>
    </p>
   </div>
   <div class='ocr_carea' id='block_1_46' title="bbox 244 2901 1849 2975">
    <p class='ocr_par' dir='ltr' id='par_1_46' title="bbox 244 2901 1849 2975">
     <span class='ocr_line' id='line_1_46' title="bbox 244 2901 1849 2975; baseline 0 -14"><span class='ocrx_word' id='word_1_319' title='bbox 244 2906 443 2961; x_wconf 85' lang='lat' dir='ltr'><strong>saltem</strong></span> <span class='ocrx_word' id='word_1_320' title='bbox 482 2902 546 2961; x_wconf 74' lang='grc' dir='ltr'><strong>ιο.</strong></span> <span class='ocrx_word' id='word_1_321' title='bbox 582 2903 704 2958; x_wconf 89' lang='lat' dir='ltr'><strong>licet</strong></span> <span class='ocrx_word' id='word_1_322' title='bbox 743 2917 852 2959; x_wconf 93' lang='lat' dir='ltr'><strong>non</strong></span> <span class='ocrx_word' id='word_1_323' title='bbox 901 2901 1044 2956; x_wconf 90' lang='lat' dir='ltr'><strong>adita</strong></span> <span class='ocrx_word' id='word_1_324' title='bbox 1085 2901 1129 2939; x_wconf 73' lang='grc' dir='ltr'><strong><em>ιι</em></strong></span> <span class='ocrx_word' id='word_1_325' title='bbox 1171 2902 1393 2959; x_wconf 86' lang='lat' dir='ltr'><strong>veritate</strong></span> <span class='ocrx_word' id='word_1_326' title='bbox 1430 2902 1529 2975; x_wconf 71' lang='grc' dir='ltr'><strong>(ὅ).</strong></span> <span class='ocrx_word' id='word_1_327' title='bbox 1561 2904 1638 2959; x_wconf 88' lang='lat' dir='ltr'><strong>Ita</strong></span> <span class='ocrx_word' id='word_1_328' title='bbox 1673 2920 1849 2961; x_wconf 64' lang='lat' dir='ltr'><strong>saecu-</strong></span> 
     </span>
    </p>
   </div>
   <div class='ocr_carea' id='block_1_47' title="bbox 246 2991 1844 3063">
    <p class='ocr_par' dir='ltr' id='par_1_47' title="bbox 246 2991 1844 3063">
     <span class='ocr_line' id='line_1_47' title="bbox 246 2991 1844 3063; baseline 0.001 -14"><span class='ocrx_word' id='word_1_329' title='bbox 246 2993 371 3049; x_wconf 85' lang='lat' dir='ltr'><strong>lum</strong></span> <span class='ocrx_word' id='word_1_330' title='bbox 428 2991 868 3049; x_wconf 85' lang='lat' dir='ltr'><strong>resurrectionem</strong></span> <span class='ocrx_word' id='word_1_331' title='bbox 925 2998 1280 3061; x_wconf 90' lang='lat' dir='ltr'><strong>mortuorum,</strong></span> <span class='ocrx_word' id='word_1_332' title='bbox 1333 3007 1432 3048; x_wconf 89' lang='lat' dir='ltr'><strong>nec</strong></span> <span class='ocrx_word' id='word_1_333' title='bbox 1501 3007 1623 3049; x_wconf 92' lang='lat' dir='ltr'><strong>cum</strong></span> <span class='ocrx_word' id='word_1_334' title='bbox 1683 3003 1844 3063; x_wconf 89' lang='lat' dir='ltr'><strong>errat,</strong></span> 
     </span>
    </p>
   </div>
   <div class='ocr_carea' id='block_1_48' title="bbox 248 3083 490 3157">
    <p class='ocr_par' dir='ltr' id='par_1_48' title="bbox 248 3083 490 3157">
     <span class='ocr_line' id='line_1_48' title="bbox 248 3083 490 3157; baseline -0.008 -20"><span class='ocrx_word' id='word_1_335' title='bbox 248 3083 490 3157; x_wconf 73' lang='lat' dir='ltr'><strong>ignorat.</strong></span> 
     </span>
    </p>
   </div>
   <div class='ocr_carea' id='block_1_49' title="bbox 1952 2108 3543 2190">
    <p class='ocr_par' dir='ltr' id='par_1_49' title="bbox 1952 2108 3543 2190">
     <span class='ocr_line' id='line_1_49' title="bbox 1952 2108 3543 2190; baseline 0.011 -27"><span class='ocrx_word' id='word_1_336' title='bbox 1952 2108 2213 2179; x_wconf 86' lang='lat' dir='ltr'><strong>sequitur,</strong></span> <span class='ocrx_word' id='word_1_337' title='bbox 2240 2119 2300 2167; x_wconf 92' lang='lat' dir='ltr'><strong>ut</strong></span> <span class='ocrx_word' id='word_1_338' title='bbox 2328 2111 2557 2168; x_wconf 88' lang='lat' dir='ltr'><strong>salutem</strong></span> <span class='ocrx_word' id='word_1_339' title='bbox 2595 2114 2717 2183; x_wconf 88' lang='lat' dir='ltr'><strong>ejus</strong></span> <span class='ocrx_word' id='word_1_340' title='bbox 2755 2115 3069 2172; x_wconf 57' lang='lat' dir='ltr'><strong>substantia:</strong></span> <span class='ocrx_word' id='word_1_341' title='bbox 3107 2120 3411 2190; x_wconf 85' lang='lat' dir='ltr'><strong>excludant,</strong></span> <span class='ocrx_word' id='word_1_342' title='bbox 3444 2139 3543 2179; x_wconf 91' lang='lat' dir='ltr'><strong>cu-</strong></span> 
     </span>
    </p>
   </div>
   <div class='ocr_carea' id='block_1_50' title="bbox 1946 2197 3540 2278">
    <p class='ocr_par' dir='ltr' id='par_1_50' title="bbox 1946 2197 3540 2278">
     <span class='ocr_line' id='line_1_50' title="bbox 1946 2197 3540 2278; baseline 0.011 -27"><span class='ocrx_word' id='word_1_343' title='bbox 1946 2198 2039 2267; x_wconf 88' lang='lat' dir='ltr'><strong>jus</strong></span> <span class='ocrx_word' id='word_1_344' title='bbox 2086 2197 2355 2254; x_wconf 88' lang='lat' dir='ltr'><strong>Christum</strong></span> <span class='ocrx_word' id='word_1_345' title='bbox 2401 2210 2701 2258; x_wconf 88' lang='lat' dir='ltr'><strong>consortem</strong></span> <span class='ocrx_word' id='word_1_346' title='bbox 2751 2202 2798 2242; x_wconf 84' lang='grc'><strong>¹³</strong></span> <span class='ocrx_word' id='word_1_347' title='bbox 2845 2215 3070 2278; x_wconf 82' lang='lat' dir='ltr'><strong>negant;</strong></span> <span class='ocrx_word' id='word_1_348' title='bbox 3111 2209 3242 2265; x_wconf 90' lang='lat' dir='ltr'><strong>certi</strong></span> <span class='ocrx_word' id='word_1_349' title='bbox 3294 2212 3338 2249; x_wconf 58' lang='lat' dir='ltr'><strong>1&#39;s</strong></span> <span class='ocrx_word' id='word_1_350' title='bbox 3396 2212 3540 2268; x_wconf 90' lang='lat' dir='ltr'><strong>illam</strong></span> 
     </span>
    </p>
   </div>
   <div class='ocr_carea' id='block_1_51' title="bbox 1953 2289 3541 2373">
    <p class='ocr_par' dir='ltr' id='par_1_51' title="bbox 1953 2289 3541 2373">
     <span class='ocr_line' id='line_1_51' title="bbox 1953 2289 3541 2373; baseline 0.011 -32"><span class='ocrx_word' id='word_1_351' title='bbox 1953 2303 2169 2343; x_wconf 89' lang='lat' dir='ltr'><strong>summo</strong></span> <span class='ocrx_word' id='word_1_352' title='bbox 2193 2289 2509 2360; x_wconf 71' lang='lat' dir='ltr'><strong>praejudicio</strong></span> <span class='ocrx_word' id='word_1_353' title='bbox 2540 2291 2947 2349; x_wconf 89' lang='lat' dir='ltr'><strong>resurrectionis</strong></span> <span class='ocrx_word' id='word_1_354' title='bbox 2984 2295 3321 2369; x_wconf 88' lang='lat' dir='ltr'><strong>instructam,</strong></span> <span class='ocrx_word' id='word_1_355' title='bbox 3354 2299 3401 2355; x_wconf 89' lang='lat' dir='ltr'><strong>si</strong></span> <span class='ocrx_word' id='word_1_356' title='bbox 3426 2302 3541 2373; x_wconf 86' lang='lat' dir='ltr'><strong>jam</strong></span> 
     </span>
    </p>
   </div>
   <div class='ocr_carea' id='block_1_52' title="bbox 1953 2375 3551 2454">
    <p class='ocr_par' dir='ltr' id='par_1_52' title="bbox 1953 2375 3551 2454">
     <span class='ocr_line' id='line_1_52' title="bbox 1953 2375 3551 2454; baseline 0.011 -24"><span class='ocrx_word' id='word_1_357' title='bbox 1953 2375 2008 2430; x_wconf 90' lang='lat' dir='ltr'><strong>in</strong></span> <span class='ocrx_word' id='word_1_358' title='bbox 2047 2376 2260 2432; x_wconf 91' lang='lat' dir='ltr'><strong>Christo</strong></span> <span class='ocrx_word' id='word_1_359' title='bbox 2297 2378 2593 2434; x_wconf 79' lang='lat' dir='ltr'><strong>resurrexit</strong></span> <span class='ocrx_word' id='word_1_360' title='bbox 2629 2380 2677 2417; x_wconf 77' lang='grc'><strong>1³</strong></span> <span class='ocrx_word' id='word_1_361' title='bbox 2705 2395 2850 2437; x_wconf 89' lang='lat' dir='ltr'><strong>caro.</strong></span> <span class='ocrx_word' id='word_1_362' title='bbox 2882 2384 3173 2454; x_wconf 86' lang='lat' dir='ltr'><strong>Propterea</strong></span> <span class='ocrx_word' id='word_1_363' title='bbox 3219 2395 3271 2443; x_wconf 91' lang='lat' dir='ltr'><strong>et</strong></span> <span class='ocrx_word' id='word_1_364' title='bbox 3308 2404 3409 2445; x_wconf 92' lang='lat' dir='ltr'><strong>nos</strong></span> <span class='ocrx_word' id='word_1_365' title='bbox 3449 2406 3551 2451; x_wconf 83' lang='lat' dir='ltr'><strong>vo-</strong></span> 
     </span>
    </p>
   </div>
   <div class='ocr_carea' id='block_1_53' title="bbox 1951 2460 3551 2545">
    <p class='ocr_par' dir='ltr' id='par_1_53' title="bbox 1951 2460 3551 2545">
     <span class='ocr_line' id='line_1_53' title="bbox 1951 2460 3551 2545; baseline 0.008 -28"><span class='ocrx_word' id='word_1_366' title='bbox 1951 2460 2134 2519; x_wconf 90' lang='lat' dir='ltr'><strong>lumen</strong></span> <span class='ocrx_word' id='word_1_367' title='bbox 2183 2465 2545 2534; x_wconf 75' lang='lat' dir='ltr'><strong>prsemisimus</strong></span> <span class='ocrx_word' id='word_1_368' title='bbox 2580 2469 2657 2525; x_wconf 89' lang='lat' dir='ltr'><strong>De</strong></span> <span class='ocrx_word' id='word_1_369' title='bbox 2708 2469 2887 2527; x_wconf 85' lang='lat' dir='ltr'><strong>Carne</strong></span> <span class='ocrx_word' id='word_1_370' title='bbox 2928 2470 3160 2544; x_wconf 79' lang='lat' dir='ltr'><strong>Christi,</strong></span> <span class='ocrx_word' id='word_1_371' title='bbox 3190 2489 3296 2545; x_wconf 90' lang='lat' dir='ltr'><strong>quo</strong></span> <span class='ocrx_word' id='word_1_372' title='bbox 3336 2489 3457 2531; x_wconf 92' lang='lat' dir='ltr'><strong>eam</strong></span> <span class='ocrx_word' id='word_1_373' title='bbox 3496 2482 3551 2532; x_wconf 94' lang='lat' dir='ltr'><strong>et</strong></span> 
     </span>
    </p>
   </div>
   <div class='ocr_carea' id='block_1_54' title="bbox 1953 2551 3548 2630">
    <p class='ocr_par' dir='ltr' id='par_1_54' title="bbox 1953 2551 3548 2630">
     <span class='ocr_line' id='line_1_54' title="bbox 1953 2551 3548 2630; baseline 0.008 -24"><span class='ocrx_word' id='word_1_374' title='bbox 1953 2551 2183 2607; x_wconf 84' lang='lat' dir='ltr'><strong>solidam</strong></span> <span class='ocrx_word' id='word_1_375' title='bbox 2230 2556 2538 2627; x_wconf 88' lang='lat' dir='ltr'><strong>probamus,</strong></span> <span class='ocrx_word' id='word_1_376' title='bbox 2572 2556 2864 2613; x_wconf 84' lang='lat' dir='ltr'><strong>adversum</strong></span> <span class='ocrx_word' id='word_1_377' title='bbox 2910 2559 3295 2630; x_wconf 88' lang='lat' dir='ltr'><strong>phantasmatis</strong></span> <span class='ocrx_word' id='word_1_378' title='bbox 3335 2563 3548 2623; x_wconf 88' lang='lat' dir='ltr'><strong>vanita-</strong></span> 
     </span>
    </p>
   </div>
   <div class='ocr_carea' id='block_1_55' title="bbox 1956 2643 3544 2725">
    <p class='ocr_par' dir='ltr' id='par_1_55' title="bbox 1956 2643 3544 2725">
     <span class='ocr_line' id='line_1_55' title="bbox 1956 2643 3544 2725; baseline 0.008 -28"><span class='ocrx_word' id='word_1_379' title='bbox 1956 2650 2064 2698; x_wconf 85' lang='lat' dir='ltr'><strong>tem</strong></span> <span class='ocrx_word' id='word_1_380' title='bbox 2099 2643 2165 2710; x_wconf 79' lang='grc' dir='ltr'><strong>ιδ,</strong></span> <span class='ocrx_word' id='word_1_381' title='bbox 2200 2652 2253 2700; x_wconf 90' lang='lat' dir='ltr'><strong>et</strong></span> <span class='ocrx_word' id='word_1_382' title='bbox 2278 2646 2567 2702; x_wconf 88' lang='lat' dir='ltr'><strong>humanam</strong></span> <span class='ocrx_word' id='word_1_383' title='bbox 2609 2646 2966 2716; x_wconf 89' lang='lat' dir='ltr'><strong>vindicamus,</strong></span> <span class='ocrx_word' id='word_1_384' title='bbox 2998 2650 3258 2708; x_wconf 91' lang='lat' dir='ltr'><strong>adversus</strong></span> <span class='ocrx_word' id='word_1_385' title='bbox 3298 2652 3373 2723; x_wconf 91' lang='lat'>(8)</span> <span class='ocrx_word' id='word_1_386' title='bbox 3402 2670 3544 2725; x_wconf 91' lang='lat' dir='ltr'><strong>qua-</strong></span> 
     </span>
    </p>
   </div>
   <div class='ocr_carea' id='block_1_56' title="bbox 1958 2730 3541 2808">
    <p class='ocr_par' dir='ltr' id='par_1_56' title="bbox 1958 2730 3541 2808">
     <span class='ocr_line' id='line_1_56' title="bbox 1958 2730 3541 2808; baseline 0.009 -24"><span class='ocrx_word' id='word_1_387' title='bbox 1958 2730 2119 2787; x_wconf 86' lang='lat' dir='ltr'><strong>litatis</strong></span> <span class='ocrx_word' id='word_1_388' title='bbox 2165 2734 2581 2804; x_wconf 82' lang='lat' dir='ltr'><strong>prOprietatem;</strong></span> <span class='ocrx_word' id='word_1_389' title='bbox 2622 2733 2785 2792; x_wconf 82' lang='lat'><strong>797</strong></span> <span class='ocrx_word' id='word_1_390' title='bbox 2836 2738 2991 2808; x_wconf 89' lang='lat' dir='ltr'><strong>cujus</strong></span> <span class='ocrx_word' id='word_1_391' title='bbox 3036 2739 3270 2795; x_wconf 90' lang='lat' dir='ltr'><strong>conditio</strong></span> <span class='ocrx_word' id='word_1_392' title='bbox 3303 2741 3348 2779; x_wconf 79' lang='lat'><strong>17</strong></span> <span class='ocrx_word' id='word_1_393' title='bbox 3380 2741 3541 2797; x_wconf 91' lang='lat' dir='ltr'><strong>Chri-</strong></span> 
     </span>
    </p>
   </div>
   <div class='ocr_carea' id='block_1_57' title="bbox 1955 2820 3542 2900">
    <p class='ocr_par' dir='ltr' id='par_1_57' title="bbox 1955 2820 3542 2900">
     <span class='ocr_line' id='line_1_57' title="bbox 1955 2820 3542 2900; baseline 0.007 -24"><span class='ocrx_word' id='word_1_394' title='bbox 1955 2826 2101 2876; x_wconf 88' lang='lat' dir='ltr'><strong>stum</strong></span> <span class='ocrx_word' id='word_1_395' title='bbox 2155 2829 2211 2875; x_wconf 92' lang='lat' dir='ltr'><strong>et</strong></span> <span class='ocrx_word' id='word_1_396' title='bbox 2262 2820 2553 2891; x_wconf 88' lang='lat' dir='ltr'><strong>hominem,</strong></span> <span class='ocrx_word' id='word_1_397' title='bbox 2595 2829 2649 2879; x_wconf 90' lang='lat' dir='ltr'><strong>et</strong></span> <span class='ocrx_word' id='word_1_398' title='bbox 2694 2822 2862 2879; x_wconf 85' lang='lat' dir='ltr'><strong>filium</strong></span> <span class='ocrx_word' id='word_1_399' title='bbox 2913 2824 3148 2881; x_wconf 90' lang='lat' dir='ltr'><strong>hominis</strong></span> <span class='ocrx_word' id='word_1_400' title='bbox 3192 2826 3542 2900; x_wconf 88' lang='lat' dir='ltr'><strong>inscripserit.</strong></span> 
     </span>
    </p>
   </div>
   <div class='ocr_carea' id='block_1_58' title="bbox 1957 2908 3546 2992">
    <p class='ocr_par' dir='ltr' id='par_1_58' title="bbox 1957 2908 3546 2992">
     <span class='ocr_line' id='line_1_58' title="bbox 1957 2908 3546 2992; baseline 0.008 -28"><span class='ocrx_word' id='word_1_401' title='bbox 1957 2908 2222 2964; x_wconf 90' lang='lat' dir='ltr'><strong>Carneum</strong></span> <span class='ocrx_word' id='word_1_402' title='bbox 2267 2909 2413 2965; x_wconf 89' lang='lat' dir='ltr'><strong>enim</strong></span> <span class='ocrx_word' id='word_1_403' title='bbox 2457 2921 2616 2982; x_wconf 90' lang='lat' dir='ltr'><strong>atque</strong></span> <span class='ocrx_word' id='word_1_404' title='bbox 2677 2927 2997 2985; x_wconf 89' lang='lat' dir='ltr'><strong>corporeum</strong></span> <span class='ocrx_word' id='word_1_405' title='bbox 3055 2916 3349 2987; x_wconf 83' lang='lat' dir='ltr'><strong>probantes</strong></span> <span class='ocrx_word' id='word_1_406' title='bbox 3393 2936 3546 2992; x_wconf 88' lang='lat' dir='ltr'><strong>eum,</strong></span> 
     </span>
    </p>
   </div>
   <div class='ocr_carea' id='block_1_59' title="bbox 1956 2996 3546 3071">
    <p class='ocr_par' dir='ltr' id='par_1_59' title="bbox 1956 2996 3546 3071">
     <span class='ocr_line' id='line_1_59' title="bbox 1956 2996 3546 3071; baseline 0.011 -22"><span class='ocrx_word' id='word_1_407' title='bbox 1956 2996 2185 3069; x_wconf 86' lang='lat' dir='ltr'><strong>proinde</strong></span> <span class='ocrx_word' id='word_1_408' title='bbox 2241 3004 2295 3052; x_wconf 92' lang='lat' dir='ltr'><strong>et</strong></span> <span class='ocrx_word' id='word_1_409' title='bbox 2353 2998 2669 3055; x_wconf 91' lang='lat' dir='ltr'><strong>obducimus</strong></span> <span class='ocrx_word' id='word_1_410' title='bbox 2734 3002 2811 3071; x_wconf 91' lang='lat'>(9)</span> <span class='ocrx_word' id='word_1_411' title='bbox 2878 3003 3280 3071; x_wconf 88' lang='lat' dir='ltr'><strong>praescribendo</strong></span> <span class='ocrx_word' id='word_1_412' title='bbox 3339 3008 3546 3066; x_wconf 90' lang='lat' dir='ltr'><strong>nullum</strong></span> 
     </span>
    </p>
   </div>
   <div class='ocr_carea' id='block_1_60' title="bbox 1880 3065 3546 3170">
    <p class='ocr_par' dir='ltr' id='par_1_60' title="bbox 1880 3065 3546 3170">
     <span class='ocr_line' id='line_1_60' title="bbox 1880 3065 3546 3170; baseline 0.007 -25"><span class='ocrx_word' id='word_1_413' title='bbox 1880 3065 1923 3145; x_wconf 77' lang='lat'><strong>0</strong></span> <span class='ocrx_word' id='word_1_414' title='bbox 1951 3065 2110 3141; x_wconf 77' lang='lat' dir='ltr'><strong>alium</strong></span> <span class='ocrx_word' id='word_1_415' title='bbox 2166 3086 2493 3144; x_wconf 89' lang='lat' dir='ltr'><strong>credendum</strong></span> <span class='ocrx_word' id='word_1_416' title='bbox 2558 3065 2754 3145; x_wconf 34' lang='lat' dir='ltr'><strong>Deum‘</strong></span> <span class='ocrx_word' id='word_1_417' title='bbox 2789 3065 2984 3160; x_wconf 47' lang='lat' dir='ltr'><strong>pra-ater</strong></span> <span class='ocrx_word' id='word_1_418' title='bbox 3040 3092 3372 3170; x_wconf 88' lang='lat' dir='ltr'><strong>Creatorem,</strong></span> <span class='ocrx_word' id='word_1_419' title='bbox 3415 3065 3546 3158; x_wconf 91' lang='lat' dir='ltr'><strong>dum</strong></span> 
     </span>
    </p>
   </div>
   <div class='ocr_carea' id='block_1_61' title="bbox 1715 3210 2255 3275">
    <p class='ocr_par' dir='ltr' id='par_1_61' title="bbox 1715 3210 2255 3275">
     <span class='ocr_line' id='line_1_61' title="bbox 1715 3210 2255 3275; baseline 0.006 -4"><span class='ocrx_word' id='word_1_420' title='bbox 1715 3210 1903 3275; x_wconf 65' lang='lat' dir='ltr'><strong>Variae</strong></span> <span class='ocrx_word' id='word_1_421' title='bbox 1945 3211 2255 3275; x_wconf 90' lang='lat' dir='ltr'><strong>lectiones.</strong></span> 
     </span>
    </p>
   </div>
   <div class='ocr_carea' id='block_1_62' title="bbox 332 3314 3547 3389">
    <p class='ocr_par' dir='ltr' id='par_1_62' title="bbox 332 3314 3547 3389">
     <span class='ocr_line' id='line_1_62' title="bbox 332 3314 3547 3389; baseline 0.003 -11"><span class='ocrx_word' id='word_1_422' title='bbox 332 3323 350 3362; x_wconf 81' lang='grc' dir='ltr'>ι</span> <span class='ocrx_word' id='word_1_423' title='bbox 403 3320 547 3379; x_wconf 87' lang='lat' dir='ltr'><strong>Illam</strong></span> <span class='ocrx_word' id='word_1_424' title='bbox 597 3318 757 3378; x_wconf 85' lang='lat' dir='ltr'><strong>Pam.</strong></span> <span class='ocrx_word' id='word_1_425' title='bbox 798 3317 822 3358; x_wconf 86' lang='grc'>²</span> <span class='ocrx_word' id='word_1_426' title='bbox 864 3318 1055 3389; x_wconf 15' lang='lat' dir='ltr'><strong>Negat,</strong></span> <span class='ocrx_word' id='word_1_427' title='bbox 1081 3317 1257 3374; x_wconf 84' lang='lat' dir='ltr'><strong>Rhen.</strong></span> <span class='ocrx_word' id='word_1_428' title='bbox 1292 3315 1316 3354; x_wconf 82' lang='lat'><strong>3</strong></span> <span class='ocrx_word' id='word_1_429' title='bbox 1362 3314 1539 3389; x_wconf 83' lang='lat' dir='ltr'><strong>Etiam</strong></span> <span class='ocrx_word' id='word_1_430' title='bbox 1569 3318 1746 3389; x_wconf 87' lang='lat' dir='ltr'><strong>_Pam.</strong></span> <span class='ocrx_word' id='word_1_431' title='bbox 1792 3319 1966 3376; x_wconf 85' lang='lat' dir='ltr'><strong>Rhen.</strong></span> <span class='ocrx_word' id='word_1_432' title='bbox 2018 3318 2187 3375; x_wconf 87' lang='lat' dir='ltr'><strong>Seml.</strong></span> <span class='ocrx_word' id='word_1_433' title='bbox 2220 3320 2244 3357; x_wconf 81' lang='grc' dir='ltr'>ἰ</span> <span class='ocrx_word' id='word_1_434' title='bbox 2272 3317 2565 3374; x_wconf 67' lang='lat' dir='ltr'><strong>Prmsumat</strong></span> <span class='ocrx_word' id='word_1_435' title='bbox 2593 3319 2769 3375; x_wconf 85' lang='lat' dir='ltr'><strong>Rhen.</strong></span> <span class='ocrx_word' id='word_1_436' title='bbox 2801 3320 2824 3359; x_wconf 88' lang='grc'>⁵</span> <span class='ocrx_word' id='word_1_437' title='bbox 2849 3321 3022 3378; x_wconf 83' lang='lat' dir='ltr'><strong>Rideo</strong></span> <span class='ocrx_word' id='word_1_438' title='bbox 3047 3324 3174 3382; x_wconf 87' lang='lat' dir='ltr'><strong>alii.</strong></span> <span class='ocrx_word' id='word_1_439' title='bbox 3205 3326 3230 3364; x_wconf 79' lang='grc' dir='ltr'><strong>δ</strong></span> <span class='ocrx_word' id='word_1_440' title='bbox 3283 3328 3382 3383; x_wconf 91' lang='lat' dir='ltr'><strong>Cui</strong></span> <span class='ocrx_word' id='word_1_441' title='bbox 3424 3331 3547 3388; x_wconf 87' lang='lat' dir='ltr'><strong>alii.</strong></span> 
     </span>
    </p>
   </div>
   <div class='ocr_carea' id='block_1_63' title="bbox 251 3387 3546 3458">
    <p class='ocr_par' dir='ltr' id='par_1_63' title="bbox 251 3387 3546 3458">
     <span class='ocr_line' id='line_1_63' title="bbox 251 3387 3546 3458; baseline 0.002 -7"><span class='ocrx_word' id='word_1_442' title='bbox 251 3396 277 3434; x_wconf 85' lang='grc'>⁷</span> <span class='ocrx_word' id='word_1_443' title='bbox 308 3396 473 3451; x_wconf 85' lang='lat' dir='ltr'><strong>Suam</strong></span> <span class='ocrx_word' id='word_1_444' title='bbox 504 3394 663 3451; x_wconf 84' lang='lat' dir='ltr'><strong>abest</strong></span> <span class='ocrx_word' id='word_1_445' title='bbox 693 3411 728 3449; x_wconf 89' lang='lat' dir='ltr'><strong>a</strong></span> <span class='ocrx_word' id='word_1_446' title='bbox 758 3387 992 3448; x_wconf 24' lang='lat' dir='ltr'><strong>lihen.‘8</strong></span> <span class='ocrx_word' id='word_1_447' title='bbox 1019 3388 1086 3445; x_wconf 84' lang='lat' dir='ltr'><strong>Et</strong></span> <span class='ocrx_word' id='word_1_448' title='bbox 1114 3390 1265 3445; x_wconf 85' lang='lat' dir='ltr'><strong>abest</strong></span> <span class='ocrx_word' id='word_1_449' title='bbox 1295 3405 1330 3444; x_wconf 90' lang='lat' dir='ltr'><strong>a</strong></span> <span class='ocrx_word' id='word_1_450' title='bbox 1359 3388 1534 3445; x_wconf 83' lang='lat' dir='ltr'><strong>Rhen.</strong></span> <span class='ocrx_word' id='word_1_451' title='bbox 1564 3387 1590 3425; x_wconf 83' lang='lat'><strong>9</strong></span> <span class='ocrx_word' id='word_1_452' title='bbox 1619 3389 1902 3445; x_wconf 86' lang='lat' dir='ltr'><strong>Immutata</strong></span> <span class='ocrx_word' id='word_1_453' title='bbox 1931 3391 2053 3447; x_wconf 83' lang='lat' dir='ltr'><strong>alii.</strong></span> <span class='ocrx_word' id='word_1_454' title='bbox 2093 3391 2139 3427; x_wconf 78' lang='grc' dir='ltr'><strong>ιο</strong></span> <span class='ocrx_word' id='word_1_455' title='bbox 2167 3389 2351 3445; x_wconf 87' lang='lat' dir='ltr'><strong>Salute</strong></span> <span class='ocrx_word' id='word_1_456' title='bbox 2390 3390 2561 3444; x_wconf 12' lang='lat' dir='ltr'><strong>Rheni.</strong></span> <span class='ocrx_word' id='word_1_457' title='bbox 2612 3393 2773 3448; x_wconf 88' lang='lat' dir='ltr'><strong>Pam.</strong></span> <span class='ocrx_word' id='word_1_458' title='bbox 2820 3393 2864 3430; x_wconf 80' lang='grc' dir='ltr'><strong>ιι</strong></span> <span class='ocrx_word' id='word_1_459' title='bbox 2910 3394 3111 3450; x_wconf 84' lang='lat' dir='ltr'><strong>Addita</strong></span> <span class='ocrx_word' id='word_1_460' title='bbox 3156 3397 3331 3455; x_wconf 76' lang='lat' dir='ltr'><strong>Rhea.</strong></span> <span class='ocrx_word' id='word_1_461' title='bbox 3375 3387 3546 3458; x_wconf 85' lang='lat' dir='ltr'><strong>Seml.</strong></span> 
     </span>
    </p>
   </div>
   <div class='ocr_carea' id='block_1_64' title="bbox 255 3459 3551 3537">
    <p class='ocr_par' dir='ltr' id='par_1_64' title="bbox 255 3459 3551 3537">
     <span class='ocr_line' id='line_1_64' title="bbox 255 3459 3551 3537; baseline 0.002 -13"><span class='ocrx_word' id='word_1_462' title='bbox 255 3469 307 3506; x_wconf 80' lang='grc' dir='ltr'><strong>ι²</strong></span> <span class='ocrx_word' id='word_1_463' title='bbox 354 3469 626 3524; x_wconf 80' lang='lat' dir='ltr'><strong>Creatoris</strong></span> <span class='ocrx_word' id='word_1_464' title='bbox 680 3463 941 3537; x_wconf 76' lang='lat' dir='ltr'><strong>habeatur</strong></span> <span class='ocrx_word' id='word_1_465' title='bbox 981 3461 1098 3517; x_wconf 86' lang='lat' dir='ltr'><strong>cod.</strong></span> <span class='ocrx_word' id='word_1_466' title='bbox 1141 3462 1373 3537; x_wconf 84' lang='lat' dir='ltr'><strong>_Wouw._</strong></span> <span class='ocrx_word' id='word_1_467' title='bbox 1418 3459 1647 3537; x_wconf 69' lang='lat' dir='ltr'><strong>Urs.__13_</strong></span> <span class='ocrx_word' id='word_1_468' title='bbox 1671 3461 1993 3537; x_wconf 86' lang='lat' dir='ltr'><strong>_Conso_rtem</strong></span> <span class='ocrx_word' id='word_1_469' title='bbox 2034 3461 2187 3517; x_wconf 85' lang='lat' dir='ltr'><strong>abest</strong></span> <span class='ocrx_word' id='word_1_470' title='bbox 2233 3478 2269 3517; x_wconf 88' lang='lat' dir='ltr'><strong>a</strong></span> <span class='ocrx_word' id='word_1_471' title='bbox 2294 3461 2472 3519; x_wconf 84' lang='lat' dir='ltr'><strong>Rhen.</strong></span> <span class='ocrx_word' id='word_1_472' title='bbox 2504 3461 2549 3500; x_wconf 66' lang='grc'><strong>14</strong></span> <span class='ocrx_word' id='word_1_473' title='bbox 2577 3461 2737 3519; x_wconf 90' lang='lat' dir='ltr'><strong>Certe</strong></span> <span class='ocrx_word' id='word_1_474' title='bbox 2766 3465 2887 3537; x_wconf 84' lang='lat' dir='ltr'><strong>Rig.</strong></span> <span class='ocrx_word' id='word_1_475' title='bbox 2932 3466 3055 3525; x_wconf 76' lang='lat' dir='ltr'><strong>Ven.</strong></span> <span class='ocrx_word' id='word_1_476' title='bbox 3091 3467 3137 3506; x_wconf 76' lang='lat'><strong>15</strong></span> <span class='ocrx_word' id='word_1_477' title='bbox 3180 3470 3551 3531; x_wconf 84' lang='lat' dir='ltr'><strong>Resurrexerit</strong></span> 
     </span>
    </p>
   </div>
   <div class='ocr_carea' id='block_1_65' title="bbox 247 3531 1931 3599">
    <p class='ocr_par' dir='ltr' id='par_1_65' title="bbox 247 3531 1931 3599">
     <span class='ocr_line' id='line_1_65' title="bbox 247 3531 1931 3599; baseline -0.004 -2"><span class='ocrx_word' id='word_1_478' title='bbox 247 3539 436 3599; x_wconf 84' lang='lat' dir='ltr'><strong>Rhen.</strong></span> <span class='ocrx_word' id='word_1_479' title='bbox 467 3537 650 3596; x_wconf 84' lang='lat' dir='ltr'><strong>Seml.</strong></span> <span class='ocrx_word' id='word_1_480' title='bbox 684 3535 731 3574; x_wconf 75' lang='grc' dir='ltr'><strong>ιδ</strong></span> <span class='ocrx_word' id='word_1_481' title='bbox 759 3533 1099 3592; x_wconf 87' lang='lat' dir='ltr'><strong>Nativitatem</strong></span> <span class='ocrx_word' id='word_1_482' title='bbox 1130 3535 1302 3589; x_wconf 84' lang='lat' dir='ltr'><strong>Fran.</strong></span> <span class='ocrx_word' id='word_1_483' title='bbox 1338 3534 1498 3590; x_wconf 90' lang='lat' dir='ltr'><strong>Pam.</strong></span> <span class='ocrx_word' id='word_1_484' title='bbox 1531 3531 1575 3570; x_wconf 73' lang='lat'><strong>17</strong></span> <span class='ocrx_word' id='word_1_485' title='bbox 1606 3531 1781 3589; x_wconf 83' lang='lat' dir='ltr'><strong>Editio</strong></span> <span class='ocrx_word' id='word_1_486' title='bbox 1809 3533 1931 3590; x_wconf 82' lang='lat' dir='ltr'><strong>alii.</strong></span> 
     </span>
    </p>
   </div>
   <div class='ocr_carea' id='block_1_66' title="bbox 1772 3651 2264 3716">
    <p class='ocr_par' dir='ltr' id='par_1_66' title="bbox 1772 3651 2264 3716">
     <span class='ocr_line' id='line_1_66' title="bbox 1772 3651 2264 3716; baseline 0 -2"><span class='ocrx_word' id='word_1_487' title='bbox 1772 3651 2264 3716; x_wconf 87' lang='lat' dir='ltr'><strong>Commentarius.</strong></span> 
     </span>
    </p>
   </div>
   <div class='ocr_carea' id='block_1_67' title="bbox 329 3753 1847 3837">
    <p class='ocr_par' dir='ltr' id='par_1_67' title="bbox 329 3753 1847 3837">
     <span class='ocr_line' id='line_1_67' title="bbox 329 3753 1847 3837; baseline -0.005 -17"><span class='ocrx_word' id='word_1_488' title='bbox 329 3765 415 3837; x_wconf 78' lang='grc'><strong>(1)</strong></span> <span class='ocrx_word' id='word_1_489' title='bbox 446 3763 682 3837; x_wconf 59' lang='lat' dir='ltr'><strong>Fiducia</strong></span> <span class='ocrx_word' id='word_1_490' title='bbox 719 3760 1207 3837; x_wconf 67' lang='lat' dir='ltr'><strong>Christianorum,</strong></span> <span class='ocrx_word' id='word_1_491' title='bbox 1239 3753 1354 3813; x_wconf 75' lang='lat' dir='ltr'><strong>etc.’</strong></span> <span class='ocrx_word' id='word_1_492' title='bbox 1378 3756 1847 3837; x_wconf 66' lang='lat' dir='ltr'><strong>Resurrectionem</strong></span> 
     </span>
    </p>
   </div>
   <div class='ocr_carea' id='block_1_68' title="bbox 244 3827 1850 3909">
    <p class='ocr_par' dir='ltr' id='par_1_68' title="bbox 244 3827 1850 3909">
     <span class='ocr_line' id='line_1_68' title="bbox 244 3827 1850 3909; baseline -0.005 -16"><span class='ocrx_word' id='word_1_493' title='bbox 244 3827 507 3909; x_wconf 57' lang='lat' dir='ltr'><strong>magnam</strong></span> <span class='ocrx_word' id='word_1_494' title='bbox 529 3832 853 3909; x_wconf 64' lang='lat' dir='ltr'><strong>Christianis</strong></span> <span class='ocrx_word' id='word_1_495' title='bbox 881 3830 1131 3909; x_wconf 78' lang='lat' dir='ltr'><strong>omnibus</strong></span> <span class='ocrx_word' id='word_1_496' title='bbox 1156 3845 1309 3909; x_wconf 0' lang='lat' dir='ltr'><strong>(spem</strong></span> <span class='ocrx_word' id='word_1_497' title='bbox 1340 3836 1394 3885; x_wconf 89' lang='lat' dir='ltr'><strong>et</strong></span> <span class='ocrx_word' id='word_1_498' title='bbox 1417 3827 1683 3909; x_wconf 78' lang='lat' dir='ltr'><strong>fiduciam</strong></span> <span class='ocrx_word' id='word_1_499' title='bbox 1710 3845 1850 3900; x_wconf 76' lang='lat' dir='ltr'><strong>prae-</strong></span> 
     </span>
    </p>
   </div>
   <div class='ocr_carea' id='block_1_69' title="bbox 251 3902 1853 3977">
    <p class='ocr_par' dir='ltr' id='par_1_69' title="bbox 251 3902 1853 3977">
     <span class='ocr_line' id='line_1_69' title="bbox 251 3902 1853 3977; baseline -0.006 -13"><span class='ocrx_word' id='word_1_500' title='bbox 251 3902 413 3970; x_wconf 57' lang='lat' dir='ltr'><strong>bere,</strong></span> <span class='ocrx_word' id='word_1_501' title='bbox 461 3906 652 3977; x_wconf 89' lang='lat' dir='ltr'><strong>priscis</strong></span> <span class='ocrx_word' id='word_1_502' title='bbox 707 3902 964 3959; x_wconf 76' lang='lat' dir='ltr'><strong>Ecclesiae</strong></span> <span class='ocrx_word' id='word_1_503' title='bbox 1008 3902 1362 3977; x_wconf 64' lang='lat' dir='ltr'><strong>temporibus,</strong></span> <span class='ocrx_word' id='word_1_504' title='bbox 1413 3902 1776 3977; x_wconf 44' lang='lat' dir='ltr'><strong>atqueLetiam</strong></span> <span class='ocrx_word' id='word_1_505' title='bbox 1813 3916 1853 3977; x_wconf 83' lang='lat' dir='ltr'><strong>_a</strong></span> 
     </span>
    </p>
   </div>
   <div class='ocr_carea' id='block_1_70' title="bbox 250 3963 1849 4044">
    <p class='ocr_par' dir='ltr' id='par_1_70' title="bbox 250 3963 1849 4044">
     <span class='ocr_line' id='line_1_70' title="bbox 250 3963 1849 4044; baseline -0.007 -7"><span class='ocrx_word' id='word_1_506' title='bbox 250 3963 320 4037; x_wconf 74' lang='grc' dir='ltr'><strong>Β.</strong></span> <span class='ocrx_word' id='word_1_507' title='bbox 377 3963 541 4033; x_wconf 74' lang='lat' dir='ltr'><strong>Paulo</strong></span> <span class='ocrx_word' id='word_1_508' title='bbox 596 3977 1022 4032; x_wconf 86' lang='lat' dir='ltr'><strong>demonstratum</strong></span> <span class='ocrx_word' id='word_1_509' title='bbox 1051 3963 1151 4029; x_wconf 65' lang='lat' dir='ltr'><strong>esi.</strong></span> <span class='ocrx_word' id='word_1_510' title='bbox 1196 3973 1253 4037; x_wconf 91' lang='lat' dir='ltr'><strong>S,</strong></span> <span class='ocrx_word' id='word_1_511' title='bbox 1306 3963 1537 4044; x_wconf 61' lang='lat' dir='ltr'><strong>C&#39;yrillus</strong></span> <span class='ocrx_word' id='word_1_512' title='bbox 1582 3963 1849 4044; x_wconf 80' lang='lat' dir='ltr'><strong>Hierosol.</strong></span> 
     </span>
    </p>
   </div>
   <div class='ocr_carea' id='block_1_71' title="bbox 264 4042 1857 4117">
    <p class='ocr_par' dir='ltr' id='par_1_71' title="bbox 264 4042 1857 4117">
     <span class='ocr_line' id='line_1_71' title="bbox 264 4042 1857 4117; baseline -0.016 -8"><span class='ocrx_word' id='word_1_513' title='bbox 264 4049 497 4109; x_wconf 80' lang='lat' dir='ltr'><strong>Catech.</strong></span> <span class='ocrx_word' id='word_1_514' title='bbox 538 4064 683 4103; x_wconf 74' lang='lat' dir='ltr'><strong>XVIII</strong></span> <span class='ocrx_word' id='word_1_515' title='bbox 726 4062 740 4098; x_wconf 85' lang='lat'><strong>:</strong></span> <span class='ocrx_word' id='word_1_516' title='bbox 796 4045 927 4107; x_wconf 79' lang='grc' dir='ltr'>Ῥίζα</span> <span class='ocrx_word' id='word_1_517' title='bbox 971 4049 1056 4112; x_wconf 83' lang='grc' dir='ltr'><strong>τῆς</strong></span> <span class='ocrx_word' id='word_1_518' title='bbox 1103 4042 1473 4117; x_wconf 57' lang='grc' dir='ltr'><strong>ἇγαθοεργξξιςῆ</strong></span> <span class='ocrx_word' id='word_1_519' title='bbox 1520 4047 1604 4111; x_wconf 84' lang='grc' dir='ltr'><strong>τῆς</strong></span> <span class='ocrx_word' id='word_1_520' title='bbox 1640 4042 1857 4117; x_wconf 55' lang='grc' dir='ltr'><strong>ἀναστά-</strong></span> 
     </span>
    </p>
   </div>
   <div class='ocr_carea' id='block_1_72' title="bbox 257 4115 1857 4189">
    <p class='ocr_par' dir='ltr' id='par_1_72' title="bbox 257 4115 1857 4189">
     <span class='ocr_line' id='line_1_72' title="bbox 257 4115 1857 4189; baseline -0.004 -12"><span class='ocrx_word' id='word_1_521' title='bbox 257 4141 388 4182; x_wconf 79' lang='grc' dir='ltr'><strong>σεως</strong></span> <span class='ocrx_word' id='word_1_522' title='bbox 421 4119 584 4183; x_wconf 63' lang='lat' dir='ltr'><strong>Duris;</strong></span> <span class='ocrx_word' id='word_1_523' title='bbox 610 4118 1055 4189; x_wconf 83' lang='lat' dir='ltr'><strong>Resurrectionis</strong></span> <span class='ocrx_word' id='word_1_524' title='bbox 1092 4115 1214 4189; x_wconf 81' lang='lat' dir='ltr'><strong>spes</strong></span> <span class='ocrx_word' id='word_1_525' title='bbox 1239 4115 1412 4189; x_wconf 67' lang='lat' dir='ltr'><strong>milia:</strong></span> <span class='ocrx_word' id='word_1_526' title='bbox 1442 4119 1523 4171; x_wconf 82' lang='lat' dir='ltr'><strong>est</strong></span> <span class='ocrx_word' id='word_1_527' title='bbox 1552 4116 1857 4189; x_wconf 49' lang='lat' dir='ltr'><strong>cujuslibet</strong></span> 
     </span>
    </p>
   </div>
   <div class='ocr_carea' id='block_1_73' title="bbox 259 4185 1860 4263">
    <p class='ocr_par' dir='ltr' id='par_1_73' title="bbox 259 4185 1860 4263">
     <span class='ocr_line' id='line_1_73' title="bbox 259 4185 1860 4263; baseline -0.009 -12"><span class='ocrx_word' id='word_1_528' title='bbox 259 4195 396 4251; x_wconf 84' lang='lat' dir='ltr'><strong>boni</strong></span> <span class='ocrx_word' id='word_1_529' title='bbox 425 4193 646 4263; x_wconf 84' lang='lat' dir='ltr'><strong>operis;</strong></span> <span class='ocrx_word' id='word_1_530' title='bbox 678 4197 731 4245; x_wconf 91' lang='lat' dir='ltr'><strong>et</strong></span> <span class='ocrx_word' id='word_1_531' title='bbox 767 4189 823 4244; x_wconf 92' lang='lat' dir='ltr'><strong>S.</strong></span> <span class='ocrx_word' id='word_1_532' title='bbox 853 4185 1293 4263; x_wconf 9' lang='lat' dir='ltr'><strong>Epiphaniiisr‘in</strong></span> <span class='ocrx_word' id='word_1_533' title='bbox 1351 4187 1559 4263; x_wconf 85' lang='lat' dir='ltr'><strong>Ancor._</strong></span> <span class='ocrx_word' id='word_1_534' title='bbox 1600 4205 1618 4241; x_wconf 91' lang='lat'><strong><em>:</em></strong></span> <span class='ocrx_word' id='word_1_535' title='bbox 1658 4185 1860 4263; x_wconf 37' lang='grc' dir='ltr'><strong>ΑΠάνςὸς</strong></span> 
     </span>
    </p>
   </div>
   <div class='ocr_carea' id='block_1_74' title="bbox 263 4256 1854 4342">
    <p class='ocr_par' dir='ltr' id='par_1_74' title="bbox 263 4256 1854 4342">
     <span class='ocr_line' id='line_1_74' title="bbox 263 4256 1854 4342; baseline -0.003 -25"><span class='ocrx_word' id='word_1_536' title='bbox 263 4256 521 4342; x_wconf 59' lang='grc' dir='ltr'><strong>σώφρρῆος</strong></span> <span class='ocrx_word' id='word_1_537' title='bbox 570 4256 826 4342; x_wconf 47' lang='lat' dir='ltr'><strong>Inimiciti</strong></span> <span class='ocrx_word' id='word_1_538' title='bbox 864 4256 1061 4331; x_wconf 69' lang='grc' dir='ltr'><strong>κρηᾶτίςς</strong></span> <span class='ocrx_word' id='word_1_539' title='bbox 1084 4259 1288 4342; x_wconf 57' lang='grc' dir='ltr'><strong>ΔΤοίξιιδ</strong></span> <span class='ocrx_word' id='word_1_540' title='bbox 1326 4256 1586 4342; x_wconf 43' lang='lat' dir='ltr'><strong>‘raltionis</strong></span> <span class='ocrx_word' id='word_1_541' title='bbox 1639 4256 1854 4342; x_wconf 69' lang='lat' dir='ltr'><strong>funda-</strong></span> 
     </span>
    </p>
   </div>
   <div class='ocr_carea' id='block_1_75' title="bbox 256 4338 545 4393">
    <p class='ocr_par' dir='ltr' id='par_1_75' title="bbox 256 4338 545 4393">
     <span class='ocr_line' id='line_1_75' title="bbox 256 4338 545 4393; baseline -0.014 -1"><span class='ocrx_word' id='word_1_542' title='bbox 256 4338 545 4393; x_wconf 79' lang='lat' dir='ltr'><strong>mentum.</strong></span> 
     </span>
    </p>
   </div>
   <div class='ocr_carea' id='block_1_76' title="bbox 250 4400 1850 4480">
    <p class='ocr_par' dir='ltr' id='par_1_76' title="bbox 250 4400 1850 4480">
     <span class='ocr_line' id='line_1_76' title="bbox 250 4400 1850 4480; baseline -0.005 -17"><span class='ocrx_word' id='word_1_543' title='bbox 250 4416 517 4480; x_wconf 87' lang='lat' dir='ltr'><strong>quam_ut</strong></span> <span class='ocrx_word' id='word_1_544' title='bbox 546 4404 799 4480; x_wconf 74' lang='lat' dir='ltr'><strong>tjduciam</strong></span> <span class='ocrx_word' id='word_1_545' title='bbox 843 4400 987 4457; x_wconf 88' lang='lat' dir='ltr'><strong>illam</strong></span> <span class='ocrx_word' id='word_1_546' title='bbox 1032 4411 1085 4457; x_wconf 92' lang='lat' dir='ltr'><strong>et</strong></span> <span class='ocrx_word' id='word_1_547' title='bbox 1117 4400 1535 4458; x_wconf 85' lang='lat' dir='ltr'><strong>fundamentum</strong></span> <span class='ocrx_word' id='word_1_548' title='bbox 1573 4400 1850 4457; x_wconf 87' lang='lat' dir='ltr'><strong>convelle-</strong></span> 
     </span>
    </p>
   </div>
   <div class='ocr_carea' id='block_1_77' title="bbox 245 4477 641 4535">
    <p class='ocr_par' dir='ltr' id='par_1_77' title="bbox 245 4477 641 4535">
     <span class='ocr_line' id='line_1_77' title="bbox 245 4477 641 4535; baseline -0.013 1"><span class='ocrx_word' id='word_1_549' title='bbox 245 4477 403 4535; x_wconf 66' lang='lat' dir='ltr'><strong>fent.</strong></span> <span class='ocrx_word' id='word_1_550' title='bbox 433 4477 509 4532; x_wconf 76' lang='lat' dir='ltr'><strong>LE</strong></span> <span class='ocrx_word' id='word_1_551' title='bbox 547 4478 641 4532; x_wconf 79' lang='lat' dir='ltr'><strong>Pn.</strong></span> 
     </span>
    </p>
   </div>
   <div class='ocr_carea' id='block_1_78' title="bbox 337 4542 1851 4620">
    <p class='ocr_par' dir='ltr' id='par_1_78' title="bbox 337 4542 1851 4620">
     <span class='ocr_line' id='line_1_78' title="bbox 337 4542 1851 4620; baseline -0.003 -16"><span class='ocrx_word' id='word_1_552' title='bbox 337 4550 415 4620; x_wconf 85' lang='lat'>(2)</span> <span class='ocrx_word' id='word_1_553' title='bbox 442 4547 733 4620; x_wconf 82' lang='lat' dir='ltr'><strong>Defunciis</strong></span> <span class='ocrx_word' id='word_1_554' title='bbox 749 4547 1098 4620; x_wconf 62' lang='lat' dir='ltr'><strong>parentant,</strong></span> <span class='ocrx_word' id='word_1_555' title='bbox 1112 4542 1851 4620; x_wconf 48' lang='lat' dir='ltr'><strong>etqaidenijmpensissimo</strong></span> 
     </span>
    </p>
   </div>
   <div class='ocr_carea' id='block_1_79' title="bbox 247 4614 1851 4693">
    <p class='ocr_par' dir='ltr' id='par_1_79' title="bbox 247 4614 1851 4693">
     <span class='ocr_line' id='line_1_79' title="bbox 247 4614 1851 4693; baseline -0.008 -14"><span class='ocrx_word' id='word_1_556' title='bbox 247 4614 469 4693; x_wconf 74' lang='lat' dir='ltr'><strong>ofﬁcio.</strong></span> <span class='ocrx_word' id='word_1_557' title='bbox 506 4614 618 4675; x_wconf 84' lang='lat' dir='ltr'><strong>Hoc</strong></span> <span class='ocrx_word' id='word_1_558' title='bbox 648 4614 868 4693; x_wconf 76' lang='lat' dir='ltr'><strong>quidem</strong></span> <span class='ocrx_word' id='word_1_559' title='bbox 906 4615 1122 4693; x_wconf 74' lang='lat' dir='ltr'><strong>ethnici.</strong></span> <span class='ocrx_word' id='word_1_560' title='bbox 1150 4614 1255 4693; x_wconf 69' lang='lat' dir='ltr'><strong>Sed</strong></span> <span class='ocrx_word' id='word_1_561' title='bbox 1289 4614 1705 4693; x_wconf 65' lang='lat' dir='ltr'><strong>et_Christianos</strong></span> <span class='ocrx_word' id='word_1_562' title='bbox 1734 4616 1851 4668; x_wconf 82' lang='lat' dir='ltr'><strong>Au-</strong></span> 
     </span>
    </p>
   </div>
   <div class='ocr_carea' id='block_1_80' title="bbox 244 4685 1849 4765">
    <p class='ocr_par' dir='ltr' id='par_1_80' title="bbox 244 4685 1849 4765">
     <span class='ocr_line' id='line_1_80' title="bbox 244 4685 1849 4765; baseline -0.005 -18"><span class='ocrx_word' id='word_1_563' title='bbox 244 4685 461 4765; x_wconf 62' lang='lat' dir='ltr'><strong>gustini</strong></span> <span class='ocrx_word' id='word_1_564' title='bbox 497 4706 611 4746; x_wconf 63' lang='lat' dir='ltr'><strong>aevo</strong></span> <span class='ocrx_word' id='word_1_565' title='bbox 640 4685 962 4765; x_wconf 73' lang='lat' dir='ltr'><strong>quibusdam</strong></span> <span class='ocrx_word' id='word_1_566' title='bbox 993 4689 1050 4765; x_wconf 81' lang='lat' dir='ltr'><strong>in</strong></span> <span class='ocrx_word' id='word_1_567' title='bbox 1090 4686 1235 4765; x_wconf 70' lang='lat' dir='ltr'><strong>locis</strong></span> <span class='ocrx_word' id='word_1_568' title='bbox 1275 4685 1400 4765; x_wconf 72' lang='lat' dir='ltr'><strong>talia</strong></span> <span class='ocrx_word' id='word_1_569' title='bbox 1448 4685 1717 4765; x_wconf 72' lang='lat' dir='ltr'><strong>factitasse</strong></span> <span class='ocrx_word' id='word_1_570' title='bbox 1740 4702 1849 4765; x_wconf 84' lang='lat' dir='ltr'><strong>_ar_-</strong></span> 
     </span>
    </p>
   </div>
   <div class='ocr_carea' id='block_1_81' title="bbox 236 4756 1849 4838">
    <p class='ocr_par' dir='ltr' id='par_1_81' title="bbox 236 4756 1849 4838">
     <span class='ocr_line' id='line_1_81' title="bbox 236 4756 1849 4838; baseline -0.003 -20"><span class='ocrx_word' id='word_1_571' title='bbox 236 4756 375 4838; x_wconf 54' lang='lat' dir='ltr'><strong>ﬁuit</strong></span> <span class='ocrx_word' id='word_1_572' title='bbox 405 4774 635 4838; x_wconf 56' lang='lat' dir='ltr'><strong>octavus</strong></span> <span class='ocrx_word' id='word_1_573' title='bbox 660 4756 1006 4838; x_wconf 56' lang='lat' dir='ltr'><strong>sanctissimi</strong></span> <span class='ocrx_word' id='word_1_574' title='bbox 1054 4756 1317 4838; x_wconf 84' lang='lat' dir='ltr'><strong>viriliber</strong></span> <span class='ocrx_word' id='word_1_575' title='bbox 1354 4761 1429 4814; x_wconf 85' lang='lat' dir='ltr'><strong>De</strong></span> <span class='ocrx_word' id='word_1_576' title='bbox 1463 4759 1849 4838; x_wconf 59' lang='lat' dir='ltr'><strong>civiiateﬂei,</strong></span> 
     </span>
    </p>
   </div>
   <div class='ocr_carea' id='block_1_82' title="bbox 235 4829 1849 4903">
    <p class='ocr_par' dir='ltr' id='par_1_82' title="bbox 235 4829 1849 4903">
     <span class='ocr_line' id='line_1_82' title="bbox 235 4829 1849 4903; baseline -0.006 -10"><span class='ocrx_word' id='word_1_577' title='bbox 235 4829 381 4893; x_wconf 63' lang='lat' dir='ltr'><strong>Ean.</strong></span> <span class='ocrx_word' id='word_1_578' title='bbox 416 4835 509 4888; x_wconf 79' lang='lat'><strong>2&#39;1.</strong></span> <span class='ocrx_word' id='word_1_579' title='bbox 554 4834 760 4903; x_wconf 86' lang='lat' dir='ltr'><strong>Epulas</strong></span> <span class='ocrx_word' id='word_1_580' title='bbox 788 4847 914 4885; x_wconf 86' lang='lat' dir='ltr'><strong>suas</strong></span> <span class='ocrx_word' id='word_1_581' title='bbox 943 4833 1009 4903; x_wconf 81' lang='lat' dir='ltr'><strong>ad</strong></span> <span class='ocrx_word' id='word_1_582' title='bbox 1041 4836 1336 4903; x_wconf 77' lang='lat' dir='ltr'><strong>martyrum</strong></span> <span class='ocrx_word' id='word_1_583' title='bbox 1365 4830 1652 4885; x_wconf 85' lang='lat' dir='ltr'><strong>memorias</strong></span> <span class='ocrx_word' id='word_1_584' title='bbox 1696 4829 1849 4903; x_wconf 53' lang='lat' dir='ltr'><strong>defeg</strong></span> 
     </span>
    </p>
   </div>
   <div class='ocr_carea' id='block_1_83' title="bbox 234 4900 1853 4970">
    <p class='ocr_par' dir='ltr' id='par_1_83' title="bbox 234 4900 1853 4970">
     <span class='ocr_line' id='line_1_83' title="bbox 234 4900 1853 4970; baseline -0.005 -8"><span class='ocrx_word' id='word_1_585' title='bbox 234 4907 472 4970; x_wconf 85' lang='lat' dir='ltr'><strong>rebant,</strong></span> <span class='ocrx_word' id='word_1_586' title='bbox 528 4900 750 4959; x_wconf 66' lang='lat' dir='ltr'><strong>orabant</strong></span> <span class='ocrx_word' id='word_1_587' title='bbox 808 4909 861 4958; x_wconf 91' lang='lat' dir='ltr'><strong>et</strong></span> <span class='ocrx_word' id='word_1_588' title='bbox 908 4901 1208 4956; x_wconf 85' lang='lat' dir='ltr'><strong>offerebant</strong></span> <span class='ocrx_word' id='word_1_589' title='bbox 1243 4907 1303 4955; x_wconf 92' lang='lat' dir='ltr'><strong>ut</strong></span> <span class='ocrx_word' id='word_1_590' title='bbox 1356 4914 1722 4968; x_wconf 58' lang='lat' dir='ltr'><strong>vescPrentur,</strong></span> <span class='ocrx_word' id='word_1_591' title='bbox 1772 4900 1853 4955; x_wconf 89' lang='lat' dir='ltr'><strong>vel</strong></span> 
     </span>
    </p>
   </div>
   <div class='ocr_carea' id='block_1_84' title="bbox 226 4971 1855 5047">
    <p class='ocr_par' dir='ltr' id='par_1_84' title="bbox 226 4971 1855 5047">
     <span class='ocr_line' id='line_1_84' title="bbox 226 4971 1855 5047; baseline -0.006 -11"><span class='ocrx_word' id='word_1_592' title='bbox 226 4996 321 5036; x_wconf 81' lang='lat' dir='ltr'><strong>ex</strong></span> <span class='ocrx_word' id='word_1_593' title='bbox 353 4977 434 5033; x_wconf 90' lang='lat' dir='ltr'><strong>eis</strong></span> <span class='ocrx_word' id='word_1_594' title='bbox 464 4976 624 5031; x_wconf 90' lang='lat' dir='ltr'><strong>etiam</strong></span> <span class='ocrx_word' id='word_1_595' title='bbox 653 4973 1025 5047; x_wconf 75' lang='lat' dir='ltr'><strong>indigentibus</strong></span> <span class='ocrx_word' id='word_1_596' title='bbox 1050 4971 1441 5047; x_wconf 76' lang='lat' dir='ltr'><strong>largiebantur.</strong></span> <span class='ocrx_word' id='word_1_597' title='bbox 1482 4994 1503 5023; x_wconf 74' lang='grc' dir='ltr'><strong>α</strong></span> <span class='ocrx_word' id='word_1_598' title='bbox 1546 4971 1855 5047; x_wconf 38' lang='lat' dir='ltr'><strong>Quod‘qui-</strong></span> 
     </span>
    </p>
   </div>
   <div class='ocr_carea' id='block_1_85' title="bbox 225 5043 1858 5119">
    <p class='ocr_par' dir='ltr' id='par_1_85' title="bbox 225 5043 1858 5119">
     <span class='ocr_line' id='line_1_85' title="bbox 225 5043 1858 5119; baseline -0.006 -13"><span class='ocrx_word' id='word_1_599' title='bbox 225 5051 402 5118; x_wconf 85' lang='lat' dir='ltr'><strong>dem,</strong></span> <span class='ocrx_word' id='word_1_600' title='bbox 457 5048 647 5119; x_wconf 91' lang='lat' dir='ltr'><strong>inquit,</strong></span> <span class='ocrx_word' id='word_1_601' title='bbox 708 5063 739 5101; x_wconf 90' lang='lat' dir='ltr'><strong>a</strong></span> <span class='ocrx_word' id='word_1_602' title='bbox 773 5043 1479 5119; x_wconf 38' lang='lat' dir='ltr'><strong>&#39;Christianis’melioribus</strong></span> <span class='ocrx_word' id='word_1_603' title='bbox 1526 5060 1634 5099; x_wconf 92' lang='lat' dir='ltr'><strong>non</strong></span> <span class='ocrx_word' id='word_1_604' title='bbox 1684 5043 1760 5119; x_wconf 75' lang='lat' dir='ltr'><strong>ﬁt,</strong></span> <span class='ocrx_word' id='word_1_605' title='bbox 1800 5050 1858 5098; x_wconf 88' lang='lat' dir='ltr'><strong>ut</strong></span> 
     </span>
    </p>
   </div>
   <div class='ocr_carea' id='block_1_86' title="bbox 230 5114 1851 5192">
    <p class='ocr_par' dir='ltr' id='par_1_86' title="bbox 230 5114 1851 5192">
     <span class='ocr_line' id='line_1_86' title="bbox 230 5114 1851 5192; baseline -0.006 -15"><span class='ocrx_word' id='word_1_606' title='bbox 230 5124 311 5178; x_wconf 83' lang='lat' dir='ltr'><strong>in</strong></span> <span class='ocrx_word' id='word_1_607' title='bbox 363 5114 640 5192; x_wconf 82' lang='lat' dir='ltr'><strong>plerisque</strong></span> <span class='ocrx_word' id='word_1_608' title='bbox 678 5127 939 5175; x_wconf 87' lang='lat' dir='ltr'><strong>terrarum</strong></span> <span class='ocrx_word' id='word_1_609' title='bbox 971 5117 1119 5172; x_wconf 90' lang='lat' dir='ltr'><strong>nulla</strong></span> <span class='ocrx_word' id='word_1_610' title='bbox 1169 5114 1294 5171; x_wconf 88' lang='lat' dir='ltr'><strong>talis</strong></span> <span class='ocrx_word' id='word_1_611' title='bbox 1320 5123 1403 5170; x_wconf 90' lang='lat' dir='ltr'><strong>est</strong></span> <span class='ocrx_word' id='word_1_612' title='bbox 1449 5116 1851 5171; x_wconf 75' lang='lat' dir='ltr'><strong>consuetudo.»</strong></span> 
     </span>
    </p>
   </div>
   <div class='ocr_carea' id='block_1_87' title="bbox 226 5195 390 5251">
    <p class='ocr_par' dir='ltr' id='par_1_87' title="bbox 226 5195 390 5251">
     <span class='ocr_line' id='line_1_87' title="bbox 226 5195 390 5251; baseline -0.018 0"><span class='ocrx_word' id='word_1_613' title='bbox 226 5195 390 5251; x_wconf 79' lang='lat' dir='ltr'><strong>Bm.</strong></span> 
     </span>
    </p>
   </div>
   <div class='ocr_carea' id='block_1_88' title="bbox 340 5257 1859 5329">
    <p class='ocr_par' dir='ltr' id='par_1_88' title="bbox 340 5257 1859 5329">
     <span class='ocr_line' id='line_1_88' title="bbox 340 5257 1859 5329; baseline -0.002 -13"><span class='ocrx_word' id='word_1_614' title='bbox 340 5264 413 5329; x_wconf 83' lang='lat'>(3)</span> <span class='ocrx_word' id='word_1_615' title='bbox 447 5264 584 5320; x_wconf 85' lang='lat' dir='ltr'><strong>Cum</strong></span> <span class='ocrx_word' id='word_1_616' title='bbox 614 5264 882 5318; x_wconf 83' lang='lat' dir='ltr'><strong>crematis</strong></span> <span class='ocrx_word' id='word_1_617' title='bbox 912 5264 1144 5316; x_wconf 85' lang='lat' dir='ltr'><strong>cremat.</strong></span> <span class='ocrx_word' id='word_1_618' title='bbox 1175 5260 1290 5313; x_wconf 86' lang='lat' dir='ltr'><strong>Hoc</strong></span> <span class='ocrx_word' id='word_1_619' title='bbox 1338 5266 1438 5326; x_wconf 90' lang='lat' dir='ltr'><strong>est,</strong></span> <span class='ocrx_word' id='word_1_620' title='bbox 1470 5273 1596 5314; x_wconf 91' lang='lat' dir='ltr'><strong>cum</strong></span> <span class='ocrx_word' id='word_1_621' title='bbox 1633 5257 1859 5313; x_wconf 90' lang='lat' dir='ltr'><strong>mortuis</strong></span> 
     </span>
    </p>
   </div>
   <div class='ocr_carea' id='block_1_89' title="bbox 220 5331 1860 5404">
    <p class='ocr_par' dir='ltr' id='par_1_89' title="bbox 220 5331 1860 5404">
     <span class='ocr_line' id='line_1_89' title="bbox 220 5331 1860 5404; baseline -0.001 -16"><span class='ocrx_word' id='word_1_622' title='bbox 220 5333 548 5404; x_wconf 72' lang='lat' dir='ltr'><strong>sacrificat.</strong></span> <span class='ocrx_word' id='word_1_623' title='bbox 580 5334 758 5389; x_wconf 90' lang='lat' dir='ltr'><strong>Utitur</strong></span> <span class='ocrx_word' id='word_1_624' title='bbox 786 5332 983 5401; x_wconf 87' lang='lat' dir='ltr'><strong>verbis,</strong></span> <span class='ocrx_word' id='word_1_625' title='bbox 1022 5347 1145 5404; x_wconf 76' lang='lat' dir='ltr'><strong>quae</strong></span> <span class='ocrx_word' id='word_1_626' title='bbox 1182 5344 1393 5385; x_wconf 79' lang='lat' dir='ltr'><strong>morem</strong></span> <span class='ocrx_word' id='word_1_627' title='bbox 1423 5331 1706 5386; x_wconf 90' lang='lat' dir='ltr'><strong>ostendant</strong></span> <span class='ocrx_word' id='word_1_628' title='bbox 1737 5347 1860 5387; x_wconf 90' lang='lat' dir='ltr'><strong>ma-</strong></span> 
     </span>
    </p>
   </div>
   <div class='ocr_carea' id='block_1_90' title="bbox 220 5403 849 5487">
    <p class='ocr_par' dir='ltr' id='par_1_90' title="bbox 220 5403 849 5487">
     <span class='ocr_line' id='line_1_90' title="bbox 220 5403 849 5487; baseline -0.005 -26"><span class='ocrx_word' id='word_1_629' title='bbox 220 5403 683 5487; x_wconf 51' lang='lat' dir='ltr'><strong>gisridiculum.</strong></span> <span class='ocrx_word' id='word_1_630' title='bbox 726 5405 849 5460; x_wconf 66' lang='lat' dir='ltr'><strong>lite.</strong></span> 
     </span>
    </p>
   </div>
   <div class='ocr_carea' id='block_1_91' title="bbox 332 5472 1862 5550">
    <p class='ocr_par' dir='ltr' id='par_1_91' title="bbox 332 5472 1862 5550">
     <span class='ocr_line' id='line_1_91' title="bbox 332 5472 1862 5550; baseline -0.003 -18"><span class='ocrx_word' id='word_1_631' title='bbox 332 5478 409 5550; x_wconf 76' lang='grc'><strong>(4)</strong></span> <span class='ocrx_word' id='word_1_632' title='bbox 428 5478 529 5550; x_wconf 62' lang='lat' dir='ltr'><strong>Ait</strong></span> <span class='ocrx_word' id='word_1_633' title='bbox 548 5481 603 5534; x_wconf 84' lang='lat' dir='ltr'><strong>et</strong></span> <span class='ocrx_word' id='word_1_634' title='bbox 625 5478 850 5550; x_wconf 83' lang='lat' dir='ltr'><strong>Seneca,</strong></span> <span class='ocrx_word' id='word_1_635' title='bbox 866 5476 1472 5550; x_wconf 78' lang='lat' dir='ltr'><strong>omnia_post_mo_rtem</strong></span> <span class='ocrx_word' id='word_1_636' title='bbox 1490 5472 1672 5550; x_wconf 79' lang='lat' dir='ltr'><strong>ﬁniri,</strong></span> <span class='ocrx_word' id='word_1_637' title='bbox 1688 5474 1862 5531; x_wconf 85' lang='lat' dir='ltr'><strong>etiam</strong></span> 
     </span>
    </p>
   </div>
   <div class='ocr_carea' id='block_1_92' title="bbox 213 5544 1861 5625">
    <p class='ocr_par' dir='ltr' id='par_1_92' title="bbox 213 5544 1861 5625">
     <span class='ocr_line' id='line_1_92' title="bbox 213 5544 1861 5625; baseline -0.005 -18"><span class='ocrx_word' id='word_1_638' title='bbox 213 5544 620 5625; x_wconf 41' lang='lat' dir='ltr'><strong>ipsamLHoc</strong></span> <span class='ocrx_word' id='word_1_639' title='bbox 650 5548 760 5625; x_wconf 84' lang='lat' dir='ltr'><strong>jam</strong></span> <span class='ocrx_word' id='word_1_640' title='bbox 791 5544 999 5602; x_wconf 80' lang='lat' dir='ltr'><strong>nctavit</strong></span> <span class='ocrx_word' id='word_1_641' title='bbox 1028 5544 1165 5625; x_wconf 72' lang='lat' dir='ltr'><strong>libro</strong></span> <span class='ocrx_word' id='word_1_642' title='bbox 1194 5546 1259 5601; x_wconf 86' lang='lat' dir='ltr'><strong>de</strong></span> <span class='ocrx_word' id='word_1_643' title='bbox 1298 5545 1541 5612; x_wconf 83' lang='lat' dir='ltr'><strong>Anima;</strong></span> <span class='ocrx_word' id='word_1_644' title='bbox 1586 5544 1861 5625; x_wconf 65' lang='lat' dir='ltr'><strong>sicautem</strong></span> 
     </span>
    </p>
   </div>
   <div class='ocr_carea' id='block_1_93' title="bbox 211 5616 1863 5686">
    <p class='ocr_par' dir='ltr' id='par_1_93' title="bbox 211 5616 1863 5686">
     <span class='ocr_line' id='line_1_93' title="bbox 211 5616 1863 5686; baseline -0.009 -3"><span class='ocrx_word' id='word_1_645' title='bbox 211 5616 301 5683; x_wconf 75' lang='grc' dir='ltr'><strong>έι</strong></span> <span class='ocrx_word' id='word_1_646' title='bbox 336 5624 394 5677; x_wconf 89' lang='lat' dir='ltr'><strong>in</strong></span> <span class='ocrx_word' id='word_1_647' title='bbox 442 5616 672 5686; x_wconf 73' lang='lat' dir='ltr'><strong>Troade,</strong></span> <span class='ocrx_word' id='word_1_648' title='bbox 713 5621 883 5676; x_wconf 88' lang='lat' dir='ltr'><strong>choro</strong></span> <span class='ocrx_word' id='word_1_649' title='bbox 912 5634 1012 5675; x_wconf 72' lang='grc' dir='ltr'><strong>χιε</strong></span> <span class='ocrx_word' id='word_1_650' title='bbox 1068 5637 1099 5671; x_wconf 71' lang='grc' dir='ltr'><strong>α</strong></span> <span class='ocrx_word' id='word_1_651' title='bbox 1132 5619 1259 5674; x_wconf 90' lang='lat' dir='ltr'><strong>Post</strong></span> <span class='ocrx_word' id='word_1_652' title='bbox 1301 5627 1529 5674; x_wconf 90' lang='lat' dir='ltr'><strong>mortem</strong></span> <span class='ocrx_word' id='word_1_653' title='bbox 1572 5616 1705 5671; x_wconf 89' lang='lat' dir='ltr'><strong>nihil</strong></span> <span class='ocrx_word' id='word_1_654' title='bbox 1760 5622 1863 5684; x_wconf 89' lang='lat' dir='ltr'><strong>est,</strong></span> 
     </span>
    </p>
   </div>
   <div class='ocr_carea' id='block_1_94' title="bbox 478 5725 819 5784">
    <p class='ocr_par' dir='ltr' id='par_1_94' title="bbox 478 5725 819 5784">
     <span class='ocr_line' id='line_1_94' title="bbox 478 5725 819 5784; baseline 0 -2"><span class='ocrx_word' id='word_1_655' title='bbox 478 5727 721 5784; x_wconf 63' lang='lat' dir='ltr'><strong>Pas-non.</strong></span> <span class='ocrx_word' id='word_1_656' title='bbox 750 5725 819 5782; x_wconf 85' lang='lat' dir='ltr'><strong>ll.</strong></span> 
     </span>
    </p>
   </div>
   <div class='ocr_carea' id='block_1_95' title="bbox 651 4311 1934 4401">
    <p class='ocr_par' dir='ltr' id='par_1_95' title="bbox 651 4311 1934 4401">
     <span class='ocr_line' id='line_1_95' title="bbox 651 4311 1934 4401; baseline 0 -14"><span class='ocrx_word' id='word_1_657' title='bbox 651 4311 1283 4401; x_wconf 52' lang='lat' dir='ltr'><strong>isa‘imastaaaass</strong></span> <span class='ocrx_word' id='word_1_658' title='bbox 1326 4311 1593 4383; x_wconf 83' lang='lat' dir='ltr'><strong>habebant</strong></span> <span class='ocrx_word' id='word_1_659' title='bbox 1632 4311 1858 4401; x_wconf 64' lang='lat' dir='ltr'><strong>&#39;gentiles</strong></span> <span class='ocrx_word' id='word_1_660' title='bbox 1888 4311 1934 4388; x_wconf 79' lang='grc' dir='ltr'><strong>Β</strong></span> 
     </span>
    </p>
   </div>
   <div class='ocr_carea' id='block_1_96' title="bbox 1958 3759 2766 3832">
    <p class='ocr_par' dir='ltr' id='par_1_96' title="bbox 1958 3759 2766 3832">
     <span class='ocr_line' id='line_1_96' title="bbox 1958 3759 2766 3832; baseline 0.005 -18"><span class='ocrx_word' id='word_1_661' title='bbox 1958 3762 2181 3832; x_wconf 82' lang='lat' dir='ltr'><strong>ipsaque</strong></span> <span class='ocrx_word' id='word_1_662' title='bbox 2212 3776 2358 3817; x_wconf 89' lang='lat' dir='ltr'><strong>mors</strong></span> <span class='ocrx_word' id='word_1_663' title='bbox 2393 3759 2543 3818; x_wconf 86' lang='lat' dir='ltr'><strong>nihil.</strong></span> <span class='ocrx_word' id='word_1_664' title='bbox 2580 3779 2605 3815; x_wconf 70' lang='grc' dir='ltr'><strong><em>ι</em></strong></span> <span class='ocrx_word' id='word_1_665' title='bbox 2641 3761 2766 3818; x_wconf 73' lang='grc' dir='ltr'><strong>Βια.</strong></span> 
     </span>
    </p>
   </div>
   <div class='ocr_carea' id='block_1_97' title="bbox 2030 3831 3550 3903">
    <p class='ocr_par' dir='ltr' id='par_1_97' title="bbox 2030 3831 3550 3903">
     <span class='ocr_line' id='line_1_97' title="bbox 2030 3831 3550 3903; baseline 0.007 -18"><span class='ocrx_word' id='word_1_666' title='bbox 2030 3831 2109 3903; x_wconf 82' lang='lat'>(5)</span> <span class='ocrx_word' id='word_1_667' title='bbox 2139 3832 2375 3890; x_wconf 82' lang='lat' dir='ltr'><strong>Pulsata</strong></span> <span class='ocrx_word' id='word_1_668' title='bbox 2410 3835 2633 3899; x_wconf 79' lang='lat' dir='ltr'><strong>saltem,</strong></span> <span class='ocrx_word' id='word_1_669' title='bbox 2669 3834 2801 3889; x_wconf 80' lang='lat' dir='ltr'><strong>licet</strong></span> <span class='ocrx_word' id='word_1_670' title='bbox 2828 3849 2941 3890; x_wconf 87' lang='lat' dir='ltr'><strong>non</strong></span> <span class='ocrx_word' id='word_1_671' title='bbox 2981 3834 3135 3892; x_wconf 80' lang='lat' dir='ltr'><strong>adita</strong></span> <span class='ocrx_word' id='word_1_672' title='bbox 3169 3839 3426 3896; x_wconf 83' lang='lat' dir='ltr'><strong>veritate.</strong></span> <span class='ocrx_word' id='word_1_673' title='bbox 3459 3838 3550 3895; x_wconf 92' lang='lat' dir='ltr'><strong>Sic</strong></span> 
     </span>
    </p>
   </div>
   <div class='ocr_carea' id='block_1_98' title="bbox 1959 3902 3545 3982">
    <p class='ocr_par' dir='ltr' id='par_1_98' title="bbox 1959 3902 3545 3982">
     <span class='ocr_line' id='line_1_98' title="bbox 1959 3902 3545 3982; baseline 0.005 -24"><span class='ocrx_word' id='word_1_674' title='bbox 1959 3902 2129 3982; x_wconf 81' lang='lat' dir='ltr'><strong>visum</strong></span> <span class='ocrx_word' id='word_1_675' title='bbox 2145 3903 2393 3982; x_wconf 61' lang='lat' dir='ltr'><strong>Latinio.</strong></span> <span class='ocrx_word' id='word_1_676' title='bbox 2417 3904 2527 3982; x_wconf 65' lang='lat' dir='ltr'><strong>Sed</strong></span> <span class='ocrx_word' id='word_1_677' title='bbox 2548 3904 2820 3977; x_wconf 82' lang='lat' dir='ltr'><strong>vulgatam</strong></span> <span class='ocrx_word' id='word_1_678' title='bbox 2850 3905 3130 3982; x_wconf 74' lang='lat' dir='ltr'><strong>lectionem</strong></span> <span class='ocrx_word' id='word_1_679' title='bbox 3169 3908 3322 3982; x_wconf 82' lang='lat' dir='ltr'><strong>reddi</strong></span> <span class='ocrx_word' id='word_1_680' title='bbox 3349 3911 3545 3982; x_wconf 90' lang='lat' dir='ltr'><strong>placet,</strong></span> 
     </span>
    </p>
   </div>
   <div class='ocr_carea' id='block_1_99' title="bbox 1963 3975 3548 4047">
    <p class='ocr_par' dir='ltr' id='par_1_99' title="bbox 1963 3975 3548 4047">
     <span class='ocr_line' id='line_1_99' title="bbox 1963 3975 3548 4047; baseline 0.004 -18"><span class='ocrx_word' id='word_1_681' title='bbox 1963 3975 2193 4047; x_wconf 80' lang='lat' dir='ltr'><strong>pulsata</strong></span> <span class='ocrx_word' id='word_1_682' title='bbox 2243 3977 2447 4033; x_wconf 87' lang='lat' dir='ltr'><strong>salute.</strong></span> <span class='ocrx_word' id='word_1_683' title='bbox 2478 3977 2617 4031; x_wconf 90' lang='lat' dir='ltr'><strong>Nam</strong></span> <span class='ocrx_word' id='word_1_684' title='bbox 2648 3975 2711 4031; x_wconf 45' lang='lat' dir='ltr'><strong>‘et</strong></span> <span class='ocrx_word' id='word_1_685' title='bbox 2754 3980 3005 4033; x_wconf 90' lang='lat' dir='ltr'><strong>convenit</strong></span> <span class='ocrx_word' id='word_1_686' title='bbox 3050 3975 3381 4047; x_wconf 80' lang='lat' dir='ltr'><strong>Septimiano</strong></span> <span class='ocrx_word' id='word_1_687' title='bbox 3429 3975 3548 4037; x_wconf 51' lang='lat' dir='ltr'><strong>ser;</strong></span> 
     </span>
    </p>
   </div>
   <div class='ocr_carea' id='block_1_100' title="bbox 1965 4045 3545 4117">
    <p class='ocr_par' dir='ltr' id='par_1_100' title="bbox 1965 4045 3545 4117">
     <span class='ocr_line' id='line_1_100' title="bbox 1965 4045 3545 4117; baseline 0.007 -20"><span class='ocrx_word' id='word_1_688' title='bbox 1965 4045 2130 4114; x_wconf 82' lang='lat' dir='ltr'><strong>moni,</strong></span> <span class='ocrx_word' id='word_1_689' title='bbox 2161 4053 2215 4100; x_wconf 90' lang='lat' dir='ltr'><strong>et</strong></span> <span class='ocrx_word' id='word_1_690' title='bbox 2243 4056 2487 4104; x_wconf 89' lang='lat' dir='ltr'><strong>veterum</strong></span> <span class='ocrx_word' id='word_1_691' title='bbox 2515 4048 2896 4117; x_wconf 82' lang='lat' dir='ltr'><strong>exemplarium</strong></span> <span class='ocrx_word' id='word_1_692' title='bbox 2935 4045 3254 4107; x_wconf 82' lang='lat' dir='ltr'><strong>auctoritate</strong></span> <span class='ocrx_word' id='word_1_693' title='bbox 3285 4051 3545 4108; x_wconf 80' lang='lat' dir='ltr'><strong>limatur.</strong></span> 
     </span>
    </p>
   </div>
   <div class='ocr_carea' id='block_1_101' title="bbox 1965 4116 3549 4189">
    <p class='ocr_par' dir='ltr' id='par_1_101' title="bbox 1965 4116 3549 4189">
     <span class='ocr_line' id='line_1_101' title="bbox 1965 4116 3549 4189; baseline 0.006 -20"><span class='ocrx_word' id='word_1_694' title='bbox 1965 4116 2266 4189; x_wconf 84' lang='lat' dir='ltr'><strong>Pulsavere</strong></span> <span class='ocrx_word' id='word_1_695' title='bbox 2303 4117 2490 4189; x_wconf 83' lang='lat' dir='ltr'><strong>salutis</strong></span> <span class='ocrx_word' id='word_1_696' title='bbox 2557 4116 2772 4187; x_wconf 86' lang='lat' dir='ltr'><strong>januam</strong></span> <span class='ocrx_word' id='word_1_697' title='bbox 2826 4118 3099 4189; x_wconf 89' lang='lat' dir='ltr'><strong>Platonici,</strong></span> <span class='ocrx_word' id='word_1_698' title='bbox 3146 4122 3388 4179; x_wconf 87' lang='lat' dir='ltr'><strong>vindices</strong></span> <span class='ocrx_word' id='word_1_699' title='bbox 3441 4123 3549 4179; x_wconf 91' lang='lat' dir='ltr'><strong>im-</strong></span> 
     </span>
    </p>
   </div>
   <div class='ocr_carea' id='block_1_102' title="bbox 1966 4187 3549 4259">
    <p class='ocr_par' dir='ltr' id='par_1_102' title="bbox 1966 4187 3549 4259">
     <span class='ocr_line' id='line_1_102' title="bbox 1966 4187 3549 4259; baseline 0.005 -18"><span class='ocrx_word' id='word_1_700' title='bbox 1966 4187 2301 4259; x_wconf 86' lang='lat' dir='ltr'><strong>mortalitatis</strong></span> <span class='ocrx_word' id='word_1_701' title='bbox 2338 4187 2668 4259; x_wconf 19' lang='lat' dir='ltr'><strong>Aanimarum,</strong></span> <span class='ocrx_word' id='word_1_702' title='bbox 2701 4189 2795 4243; x_wconf 77' lang='lat' dir='ltr'><strong>sed</strong></span> <span class='ocrx_word' id='word_1_703' title='bbox 2853 4187 3164 4259; x_wconf 87' lang='lat' dir='ltr'><strong>qualitatem</strong></span> <span class='ocrx_word' id='word_1_704' title='bbox 3220 4202 3273 4247; x_wconf 90' lang='lat' dir='ltr'><strong>et</strong></span> <span class='ocrx_word' id='word_1_705' title='bbox 3328 4194 3549 4250; x_wconf 91' lang='lat' dir='ltr'><strong>modum</strong></span> 
     </span>
    </p>
   </div>
   <div class='ocr_carea' id='block_1_103' title="bbox 1968 4257 3545 4331">
    <p class='ocr_par' dir='ltr' id='par_1_103' title="bbox 1968 4257 3545 4331">
     <span class='ocr_line' id='line_1_103' title="bbox 1968 4257 3545 4331; baseline 0.005 -19"><span class='ocrx_word' id='word_1_706' title='bbox 1968 4257 2380 4331; x_wconf 84' lang='lat' dir='ltr'><strong>immortalitatis</strong></span> <span class='ocrx_word' id='word_1_707' title='bbox 2430 4258 2763 4331; x_wconf 80' lang='lat' dir='ltr'><strong>ignoravere,</strong></span> <span class='ocrx_word' id='word_1_708' title='bbox 2798 4257 2905 4314; x_wconf 81' lang='lat' dir='ltr'><strong>non</strong></span> <span class='ocrx_word' id='word_1_709' title='bbox 2953 4262 3097 4316; x_wconf 87' lang='lat' dir='ltr'><strong>adita</strong></span> <span class='ocrx_word' id='word_1_710' title='bbox 3151 4263 3387 4319; x_wconf 89' lang='lat' dir='ltr'><strong>veritate.</strong></span> <span class='ocrx_word' id='word_1_711' title='bbox 3420 4263 3545 4321; x_wconf 79' lang='lat' dir='ltr'><strong>Rm.</strong></span> 
     </span>
    </p>
   </div>
   <div class='ocr_carea' id='block_1_104' title="bbox 2035 4329 3550 4404">
    <p class='ocr_par' dir='ltr' id='par_1_104' title="bbox 2035 4329 3550 4404">
     <span class='ocr_line' id='line_1_104' title="bbox 2035 4329 3550 4404; baseline 0.006 -20"><span class='ocrx_word' id='word_1_712' title='bbox 2035 4330 2113 4401; x_wconf 89' lang='lat'>(6)</span> <span class='ocrx_word' id='word_1_713' title='bbox 2146 4329 2207 4385; x_wconf 89' lang='lat' dir='ltr'><strong>Si</strong></span> <span class='ocrx_word' id='word_1_714' title='bbox 2227 4329 2475 4404; x_wconf 51' lang='lat' dir='ltr'><strong>_ve_ro_et‘</strong></span> <span class='ocrx_word' id='word_1_715' title='bbox 2491 4331 2644 4404; x_wconf 79' lang='lat' dir='ltr'><strong>apud</strong></span> <span class='ocrx_word' id='word_1_716' title='bbox 2673 4333 2860 4404; x_wconf 71' lang='lat' dir='ltr'><strong>Qeam</strong></span> <span class='ocrx_word' id='word_1_717' title='bbox 2885 4332 3078 4404; x_wconf 83' lang='lat' dir='ltr'><strong>aliqua</strong></span> <span class='ocrx_word' id='word_1_718' title='bbox 3117 4337 3273 4389; x_wconf 85' lang='lat' dir='ltr'><strong>secta</strong></span> <span class='ocrx_word' id='word_1_719' title='bbox 3300 4340 3404 4390; x_wconf 84' lang='lat' dir='ltr'><strong>est.</strong></span> <span class='ocrx_word' id='word_1_720' title='bbox 3435 4336 3550 4393; x_wconf 88' lang='lat' dir='ltr'><strong>Hoc</strong></span> 
     </span>
    </p>
   </div>
   <div class='ocr_carea' id='block_1_105' title="bbox 1962 4399 3549 4470">
    <p class='ocr_par' dir='ltr' id='par_1_105' title="bbox 1962 4399 3549 4470">
     <span class='ocr_line' id='line_1_105' title="bbox 1962 4399 3549 4470; baseline 0.005 -15"><span class='ocrx_word' id='word_1_721' title='bbox 1962 4399 2061 4467; x_wconf 82' lang='lat' dir='ltr'><strong>est,</strong></span> <span class='ocrx_word' id='word_1_722' title='bbox 2096 4399 2245 4470; x_wconf 89' lang='lat' dir='ltr'><strong>apud</strong></span> <span class='ocrx_word' id='word_1_723' title='bbox 2282 4400 2499 4455; x_wconf 77' lang='lat' dir='ltr'><strong>Judaeos</strong></span> <span class='ocrx_word' id='word_1_724' title='bbox 2525 4399 2627 4456; x_wconf 47' lang='lat' dir='ltr'><strong>_vel</strong></span> <span class='ocrx_word' id='word_1_725' title='bbox 2665 4399 3019 4468; x_wconf 78' lang='lat' dir='ltr'><strong>Christianos,</strong></span> <span class='ocrx_word' id='word_1_726' title='bbox 3049 4403 3104 4456; x_wconf 89' lang='lat' dir='ltr'><strong>in</strong></span> <span class='ocrx_word' id='word_1_727' title='bbox 3149 4404 3315 4459; x_wconf 90' lang='lat' dir='ltr'><strong>sacris</strong></span> <span class='ocrx_word' id='word_1_728' title='bbox 3355 4407 3549 4463; x_wconf 86' lang='lat' dir='ltr'><strong>videli-</strong></span> 
     </span>
    </p>
   </div>
   <div class='ocr_carea' id='block_1_106' title="bbox 1962 4471 3549 4540">
    <p class='ocr_par' dir='ltr' id='par_1_106' title="bbox 1962 4471 3549 4540">
     <span class='ocr_line' id='line_1_106' title="bbox 1962 4471 3549 4540; baseline 0.004 -11"><span class='ocrx_word' id='word_1_729' title='bbox 1962 4481 2044 4529; x_wconf 89' lang='lat' dir='ltr'><strong>cet</strong></span> <span class='ocrx_word' id='word_1_730' title='bbox 2074 4472 2383 4540; x_wconf 86' lang='lat' dir='ltr'><strong>Scripturis.</strong></span> <span class='ocrx_word' id='word_1_731' title='bbox 2406 4471 2493 4527; x_wconf 91' lang='lat' dir='ltr'><strong>Sic</strong></span> <span class='ocrx_word' id='word_1_732' title='bbox 2514 4472 2611 4526; x_wconf 88' lang='lat' dir='ltr'><strong>lib.</strong></span> <span class='ocrx_word' id='word_1_733' title='bbox 2633 4472 2700 4527; x_wconf 90' lang='lat' dir='ltr'><strong>de</strong></span> <span class='ocrx_word' id='word_1_734' title='bbox 2738 4473 2959 4528; x_wconf 84' lang='lat' dir='ltr'><strong>Testim.</strong></span> <span class='ocrx_word' id='word_1_735' title='bbox 2982 4474 3195 4530; x_wconf 70' lang='lat' dir='ltr'><strong>anima:</strong></span> <span class='ocrx_word' id='word_1_736' title='bbox 3218 4494 3237 4530; x_wconf 91' lang='lat'><strong><em>:</em></strong></span> <span class='ocrx_word' id='word_1_737' title='bbox 3270 4496 3293 4526; x_wconf 70' lang='grc' dir='ltr'><em>α</em></span> <span class='ocrx_word' id='word_1_738' title='bbox 3326 4476 3405 4532; x_wconf 81' lang='lat' dir='ltr'><strong>Et</strong></span> <span class='ocrx_word' id='word_1_739' title='bbox 3426 4479 3549 4535; x_wconf 88' lang='lat' dir='ltr'><strong>licet</strong></span> 
     </span>
    </p>
   </div>
   <div class='ocr_carea' id='block_1_107' title="bbox 1960 4542 3550 4620">
    <p class='ocr_par' dir='ltr' id='par_1_107' title="bbox 1960 4542 3550 4620">
     <span class='ocr_line' id='line_1_107' title="bbox 1960 4542 3550 4620; baseline 0.006 -23"><span class='ocrx_word' id='word_1_740' title='bbox 1960 4543 2059 4620; x_wconf 65' lang='lat' dir='ltr'><strong>soli</strong></span> <span class='ocrx_word' id='word_1_741' title='bbox 2100 4543 2246 4620; x_wconf 81' lang='lat' dir='ltr'><strong>illum</strong></span> <span class='ocrx_word' id='word_1_742' title='bbox 2285 4542 2881 4620; x_wconf 85' lang='lat' dir='ltr'><strong>noverint_Christiani,</strong></span> <span class='ocrx_word' id='word_1_743' title='bbox 2911 4546 2993 4600; x_wconf 89' lang='lat' dir='ltr'><strong>vel</strong></span> <span class='ocrx_word' id='word_1_744' title='bbox 3022 4560 3359 4618; x_wconf 66' lang='lat' dir='ltr'><strong>quaecunque</strong></span> <span class='ocrx_word' id='word_1_745' title='bbox 3406 4552 3550 4620; x_wconf 89' lang='lat' dir='ltr'><strong>apud</strong></span> 
     </span>
    </p>
   </div>
   <div class='ocr_carea' id='block_1_108' title="bbox 1959 4615 2655 4673">
    <p class='ocr_par' dir='ltr' id='par_1_108' title="bbox 1959 4615 2655 4673">
     <span class='ocr_line' id='line_1_108' title="bbox 1959 4615 2655 4673; baseline 0.004 -3"><span class='ocrx_word' id='word_1_746' title='bbox 1959 4615 2245 4672; x_wconf 91' lang='lat' dir='ltr'><strong>Dominum</strong></span> <span class='ocrx_word' id='word_1_747' title='bbox 2278 4625 2435 4671; x_wconf 89' lang='lat' dir='ltr'><strong>secta.</strong></span> <span class='ocrx_word' id='word_1_748' title='bbox 2472 4635 2497 4667; x_wconf 82' lang='grc'><strong>››</strong></span> <span class='ocrx_word' id='word_1_749' title='bbox 2529 4615 2655 4673; x_wconf 77' lang='lat' dir='ltr'><strong>Rm.</strong></span> 
     </span>
    </p>
   </div>
   <div class='ocr_carea' id='block_1_109' title="bbox 2033 4685 3545 4757">
    <p class='ocr_par' dir='ltr' id='par_1_109' title="bbox 2033 4685 3545 4757">
     <span class='ocr_line' id='line_1_109' title="bbox 2033 4685 3545 4757; baseline 0.003 -16"><span class='ocrx_word' id='word_1_750' title='bbox 2033 4686 2110 4756; x_wconf 87' lang='lat'>(7)</span> <span class='ocrx_word' id='word_1_751' title='bbox 2142 4687 2223 4743; x_wconf 85' lang='lat' dir='ltr'><strong>Ad</strong></span> <span class='ocrx_word' id='word_1_752' title='bbox 2249 4688 2388 4743; x_wconf 85' lang='lat' dir='ltr'><strong>alios</strong></span> <span class='ocrx_word' id='word_1_753' title='bbox 2419 4688 2765 4745; x_wconf 72' lang='lat' dir='ltr'><strong>Sadducaeos.</strong></span> <span class='ocrx_word' id='word_1_754' title='bbox 2796 4686 2875 4742; x_wconf 91' lang='lat' dir='ltr'><strong>De</strong></span> <span class='ocrx_word' id='word_1_755' title='bbox 2915 4685 3003 4740; x_wconf 89' lang='lat' dir='ltr'><strong>his</strong></span> <span class='ocrx_word' id='word_1_756' title='bbox 3036 4702 3181 4757; x_wconf 71' lang='lat' dir='ltr'><strong>saepe</strong></span> <span class='ocrx_word' id='word_1_757' title='bbox 3219 4686 3277 4741; x_wconf 89' lang='lat' dir='ltr'><strong>ﬁt</strong></span> <span class='ocrx_word' id='word_1_758' title='bbox 3323 4690 3545 4746; x_wconf 89' lang='lat' dir='ltr'><strong>mentio.</strong></span> 
     </span>
    </p>
   </div>
   <div class='ocr_carea' id='block_1_110' title="bbox 1957 4759 3548 4830">
    <p class='ocr_par' dir='ltr' id='par_1_110' title="bbox 1957 4759 3548 4830">
     <span class='ocr_line' id='line_1_110' title="bbox 1957 4759 3548 4830; baseline 0.001 -17"><span class='ocrx_word' id='word_1_759' title='bbox 1957 4759 2246 4829; x_wconf 84' lang='lat' dir='ltr'><strong>Negabant</strong></span> <span class='ocrx_word' id='word_1_760' title='bbox 2286 4759 2478 4813; x_wconf 74' lang='lat' dir='ltr'><strong>animae</strong></span> <span class='ocrx_word' id='word_1_761' title='bbox 2509 4759 2952 4814; x_wconf 89' lang='lat' dir='ltr'><strong>resurrectionem</strong></span> <span class='ocrx_word' id='word_1_762' title='bbox 2981 4765 3036 4813; x_wconf 89' lang='lat' dir='ltr'><strong>et</strong></span> <span class='ocrx_word' id='word_1_763' title='bbox 3077 4759 3548 4830; x_wconf 84' lang='lat' dir='ltr'><strong>immortalitatem,</strong></span> 
     </span>
    </p>
   </div>
   <div class='ocr_carea' id='block_1_111' title="bbox 1963 4830 3549 4901">
    <p class='ocr_par' dir='ltr' id='par_1_111' title="bbox 1963 4830 3549 4901">
     <span class='ocr_line' id='line_1_111' title="bbox 1963 4830 3549 4901; baseline 0 -17"><span class='ocrx_word' id='word_1_764' title='bbox 1963 4837 2224 4901; x_wconf 86' lang='lat' dir='ltr'><strong>erantque</strong></span> <span class='ocrx_word' id='word_1_765' title='bbox 2254 4839 2396 4886; x_wconf 89' lang='lat' dir='ltr'><strong>secta</strong></span> <span class='ocrx_word' id='word_1_766' title='bbox 2433 4830 2637 4895; x_wconf 73' lang='lat' dir='ltr'><strong>Judzei;</strong></span> <span class='ocrx_word' id='word_1_767' title='bbox 2668 4846 2816 4885; x_wconf 90' lang='lat' dir='ltr'><strong>nunc</strong></span> <span class='ocrx_word' id='word_1_768' title='bbox 2855 4830 3182 4886; x_wconf 69' lang='lat' dir='ltr'><strong>Sadducaeos</strong></span> <span class='ocrx_word' id='word_1_769' title='bbox 3225 4831 3359 4886; x_wconf 91' lang='lat' dir='ltr'><strong>alios</strong></span> <span class='ocrx_word' id='word_1_770' title='bbox 3403 4830 3549 4885; x_wconf 87' lang='lat' dir='ltr'><strong>indi-</strong></span> 
     </span>
    </p>
   </div>
   <div class='ocr_carea' id='block_1_112' title="bbox 2004 4901 3549 4972">
    <p class='ocr_par' dir='ltr' id='par_1_112' title="bbox 2004 4901 3549 4972">
     <span class='ocr_line' id='line_1_112' title="bbox 2004 4901 3549 4972; baseline 0.003 -18"><span class='ocrx_word' id='word_1_771' title='bbox 2004 4901 2092 4955; x_wconf 88' lang='lat' dir='ltr'><strong>itat</strong></span> <span class='ocrx_word' id='word_1_772' title='bbox 2136 4902 2481 4971; x_wconf 88' lang='lat' dir='ltr'><strong>Marcionem,</strong></span> <span class='ocrx_word' id='word_1_773' title='bbox 2530 4902 2797 4972; x_wconf 81' lang='lat' dir='ltr'><strong>Apellem,</strong></span> <span class='ocrx_word' id='word_1_774' title='bbox 2841 4901 3197 4970; x_wconf 82' lang='lat' dir='ltr'><strong>Valentinum,</strong></span> <span class='ocrx_word' id='word_1_775' title='bbox 3240 4903 3549 4970; x_wconf 87' lang='lat' dir='ltr'><strong>Basilidem,</strong></span> 
     </span>
    </p>
   </div>
   <div class='ocr_carea' id='block_1_113' title="bbox 1964 4973 2709 5043">
    <p class='ocr_par' dir='ltr' id='par_1_113' title="bbox 1964 4973 2709 5043">
     <span class='ocr_line' id='line_1_113' title="bbox 1964 4973 2709 5043; baseline 0.001 -15"><span class='ocrx_word' id='word_1_776' title='bbox 1964 4973 2337 5043; x_wconf 84' lang='lat' dir='ltr'><strong>Saturninum,</strong></span> <span class='ocrx_word' id='word_1_777' title='bbox 2368 4981 2469 5030; x_wconf 91' lang='lat' dir='ltr'><strong>etc.</strong></span> <span class='ocrx_word' id='word_1_778' title='bbox 2503 4974 2583 5028; x_wconf 79' lang='lat' dir='ltr'><strong>LE</strong></span> <span class='ocrx_word' id='word_1_779' title='bbox 2612 4975 2709 5029; x_wconf 78' lang='lat' dir='ltr'><strong>Pa.</strong></span> 
     </span>
    </p>
   </div>
   <div class='ocr_carea' id='block_1_114' title="bbox 2040 5045 3553 5115">
    <p class='ocr_par' dir='ltr' id='par_1_114' title="bbox 2040 5045 3553 5115">
     <span class='ocr_line' id='line_1_114' title="bbox 2040 5045 3553 5115; baseline 0.001 -16"><span class='ocrx_word' id='word_1_780' title='bbox 2040 5045 2116 5115; x_wconf 85' lang='lat'>(8)</span> <span class='ocrx_word' id='word_1_781' title='bbox 2148 5048 2216 5100; x_wconf 84' lang='lat' dir='ltr'><strong>Et</strong></span> <span class='ocrx_word' id='word_1_782' title='bbox 2247 5046 2558 5102; x_wconf 83' lang='lat' dir='ltr'><strong>humanam</strong></span> <span class='ocrx_word' id='word_1_783' title='bbox 2587 5046 2945 5103; x_wconf 82' lang='lat' dir='ltr'><strong>vindicamus</strong></span> <span class='ocrx_word' id='word_1_784' title='bbox 2974 5047 3261 5114; x_wconf 84' lang='lat' dir='ltr'><strong>adversus,</strong></span> <span class='ocrx_word' id='word_1_785' title='bbox 3294 5056 3396 5104; x_wconf 89' lang='lat' dir='ltr'><strong>etc.</strong></span> <span class='ocrx_word' id='word_1_786' title='bbox 3430 5047 3553 5103; x_wconf 90' lang='lat' dir='ltr'><strong>Lib.</strong></span> 
     </span>
    </p>
   </div>
   <div class='ocr_carea' id='block_1_115' title="bbox 1966 5116 3555 5192">
    <p class='ocr_par' dir='ltr' id='par_1_115' title="bbox 1966 5116 3555 5192">
     <span class='ocr_line' id='line_1_115' title="bbox 1966 5116 3555 5192; baseline 0.001 -20"><span class='ocrx_word' id='word_1_787' title='bbox 1966 5116 2033 5192; x_wconf 81' lang='lat' dir='ltr'><strong>de</strong></span> <span class='ocrx_word' id='word_1_788' title='bbox 2084 5117 2263 5192; x_wconf 71' lang='lat' dir='ltr'><strong>Carne</strong></span> <span class='ocrx_word' id='word_1_789' title='bbox 2313 5116 2532 5192; x_wconf 77' lang='lat' dir='ltr'><strong>Christi</strong></span> <span class='ocrx_word' id='word_1_790' title='bbox 2557 5118 2782 5183; x_wconf 88' lang='lat' dir='ltr'><strong>scilicet,</strong></span> <span class='ocrx_word' id='word_1_791' title='bbox 2813 5118 2868 5173; x_wconf 89' lang='lat' dir='ltr'><strong>in</strong></span> <span class='ocrx_word' id='word_1_792' title='bbox 2914 5133 3024 5192; x_wconf 89' lang='lat' dir='ltr'><strong>quo</strong></span> <span class='ocrx_word' id='word_1_793' title='bbox 3071 5120 3317 5188; x_wconf 87' lang='lat' dir='ltr'><strong>probavit</strong></span> <span class='ocrx_word' id='word_1_794' title='bbox 3366 5127 3555 5176; x_wconf 87' lang='lat' dir='ltr'><strong>contra</strong></span> 
     </span>
    </p>
   </div>
   <div class='ocr_carea' id='block_1_116' title="bbox 1966 5189 3558 5263">
    <p class='ocr_par' dir='ltr' id='par_1_116' title="bbox 1966 5189 3558 5263">
     <span class='ocr_line' id='line_1_116' title="bbox 1966 5189 3558 5263; baseline 0.002 -20"><span class='ocrx_word' id='word_1_795' title='bbox 1966 5189 2293 5263; x_wconf 56' lang='lat' dir='ltr'><strong>Marcionem</strong></span> <span class='ocrx_word' id='word_1_796' title='bbox 2340 5189 2537 5246; x_wconf 80' lang='lat' dir='ltr'><strong>Christi</strong></span> <span class='ocrx_word' id='word_1_797' title='bbox 2579 5189 3017 5263; x_wconf 77' lang='lat' dir='ltr'><strong>carnemveram</strong></span> <span class='ocrx_word' id='word_1_798' title='bbox 3060 5206 3199 5248; x_wconf 90' lang='lat' dir='ltr'><strong>esse.</strong></span> <span class='ocrx_word' id='word_1_799' title='bbox 3235 5192 3455 5263; x_wconf 85' lang='lat' dir='ltr'><strong>Apelles</strong></span> <span class='ocrx_word' id='word_1_800' title='bbox 3502 5198 3558 5247; x_wconf 92' lang='lat' dir='ltr'><strong>et</strong></span> 
     </span>
    </p>
   </div>
   <div class='ocr_carea' id='block_1_117' title="bbox 1966 5260 3556 5331">
    <p class='ocr_par' dir='ltr' id='par_1_117' title="bbox 1966 5260 3556 5331">
     <span class='ocr_line' id='line_1_117' title="bbox 1966 5260 3556 5331; baseline 0.001 -14"><span class='ocrx_word' id='word_1_801' title='bbox 1966 5260 2281 5317; x_wconf 82' lang='lat' dir='ltr'><strong>Valentinus</strong></span> <span class='ocrx_word' id='word_1_802' title='bbox 2327 5278 2506 5316; x_wconf 85' lang='lat' dir='ltr'><strong>veram</strong></span> <span class='ocrx_word' id='word_1_803' title='bbox 2544 5278 2762 5318; x_wconf 89' lang='lat' dir='ltr'><strong>carnem</strong></span> <span class='ocrx_word' id='word_1_804' title='bbox 2803 5261 3128 5331; x_wconf 87' lang='lat' dir='ltr'><strong>fatebantur,</strong></span> <span class='ocrx_word' id='word_1_805' title='bbox 3160 5263 3256 5319; x_wconf 88' lang='lat' dir='ltr'><strong>sed</strong></span> <span class='ocrx_word' id='word_1_806' title='bbox 3286 5260 3410 5319; x_wconf 54' lang='lat' dir='ltr'><strong>&#39;non</strong></span> <span class='ocrx_word' id='word_1_807' title='bbox 3448 5264 3556 5319; x_wconf 87' lang='lat' dir='ltr'><strong>hu-</strong></span> 
     </span>
    </p>
   </div>
   <div class='ocr_carea' id='block_1_118' title="bbox 1968 5333 3557 5407">
    <p class='ocr_par' dir='ltr' id='par_1_118' title="bbox 1968 5333 3557 5407">
     <span class='ocr_line' id='line_1_118' title="bbox 1968 5333 3557 5407; baseline 0.002 -21"><span class='ocrx_word' id='word_1_808' title='bbox 1968 5348 2204 5407; x_wconf 79' lang='lat' dir='ltr'><strong>manam,</strong></span> <span class='ocrx_word' id='word_1_809' title='bbox 2237 5333 2505 5407; x_wconf 69' lang='lat' dir='ltr'><strong>sideream</strong></span> <span class='ocrx_word' id='word_1_810' title='bbox 2544 5350 2762 5407; x_wconf 90' lang='lat' dir='ltr'><strong>nempe,</strong></span> <span class='ocrx_word' id='word_1_811' title='bbox 2794 5334 3093 5403; x_wconf 82' lang='lat' dir='ltr'><strong>caelestem,</strong></span> <span class='ocrx_word' id='word_1_812' title='bbox 3120 5334 3400 5391; x_wconf 89' lang='lat' dir='ltr'><strong>animalem</strong></span> <span class='ocrx_word' id='word_1_813' title='bbox 3428 5350 3557 5391; x_wconf 90' lang='lat' dir='ltr'><strong>con-</strong></span> 
     </span>
    </p>
   </div>
   <div class='ocr_carea' id='block_1_119' title="bbox 1970 5403 2503 5478">
    <p class='ocr_par' dir='ltr' id='par_1_119' title="bbox 1970 5403 2503 5478">
     <span class='ocr_line' id='line_1_119' title="bbox 1970 5403 2503 5478; baseline 0.004 -18"><span class='ocrx_word' id='word_1_814' title='bbox 1970 5403 2262 5478; x_wconf 77' lang='lat' dir='ltr'><strong>ﬁngebant.</strong></span> <span class='ocrx_word' id='word_1_815' title='bbox 2295 5405 2371 5460; x_wconf 80' lang='lat' dir='ltr'><strong>LE</strong></span> <span class='ocrx_word' id='word_1_816' title='bbox 2406 5405 2503 5462; x_wconf 75' lang='lat' dir='ltr'><strong>Pa.</strong></span> 
     </span>
    </p>
   </div>
   <div class='ocr_carea' id='block_1_120' title="bbox 2045 5475 3558 5556">
    <p class='ocr_par' dir='ltr' id='par_1_120' title="bbox 2045 5475 3558 5556">
     <span class='ocr_line' id='line_1_120' title="bbox 2045 5475 3558 5556; baseline -0.012 -24"><span class='ocrx_word' id='word_1_817' title='bbox 2045 5475 2123 5549; x_wconf 88' lang='lat'>(9)</span> <span class='ocrx_word' id='word_1_818' title='bbox 2162 5478 2409 5556; x_wconf 68' lang='lat' dir='ltr'><strong>Proinde</strong></span> <span class='ocrx_word' id='word_1_819' title='bbox 2422 5483 2484 5556; x_wconf 68' lang='lat' dir='ltr'><strong>ei</strong></span> <span class='ocrx_word' id='word_1_820' title='bbox 2514 5478 2859 5556; x_wconf 73' lang='lat' dir='ltr'><strong>obducimus.</strong></span> <span class='ocrx_word' id='word_1_821' title='bbox 2892 5476 3175 5556; x_wconf 66' lang='lat' dir='ltr'><strong>deucere</strong></span> <span class='ocrx_word' id='word_1_822' title='bbox 3203 5491 3302 5556; x_wconf 75' lang='lat' dir='ltr'><strong>pro</strong></span> <span class='ocrx_word' id='word_1_823' title='bbox 3341 5475 3558 5556; x_wconf 35' lang='lat' dir='ltr'><strong>aviae-9&#39;-</strong></span> 
     </span>
    </p>
   </div>
   <div class='ocr_carea' id='block_1_121' title="bbox 1973 5545 3560 5616">
    <p class='ocr_par' dir='ltr' id='par_1_121' title="bbox 1973 5545 3560 5616">
     <span class='ocr_line' id='line_1_121' title="bbox 1973 5545 3560 5616; baseline -0.002 -16"><span class='ocrx_word' id='word_1_824' title='bbox 1973 5545 2145 5613; x_wconf 77' lang='lat' dir='ltr'><strong>re,ut</strong></span> <span class='ocrx_word' id='word_1_825' title='bbox 2190 5565 2336 5613; x_wconf 88' lang='lat' dir='ltr'><strong>mox,</strong></span> <span class='ocrx_word' id='word_1_826' title='bbox 2374 5549 2603 5606; x_wconf 81' lang='lat' dir='ltr'><strong>Obducti</strong></span> <span class='ocrx_word' id='word_1_827' title='bbox 2649 5550 2847 5608; x_wconf 88' lang='lat' dir='ltr'><strong>dehinc</strong></span> <span class='ocrx_word' id='word_1_828' title='bbox 2894 5549 2961 5606; x_wconf 83' lang='lat' dir='ltr'><strong>de</strong></span> <span class='ocrx_word' id='word_1_829' title='bbox 2998 5552 3105 5605; x_wconf 85' lang='lat' dir='ltr'><strong>Dee</strong></span> <span class='ocrx_word' id='word_1_830' title='bbox 3149 5545 3251 5616; x_wconf 83' lang='lat' dir='ltr'><strong>(sic</strong></span> <span class='ocrx_word' id='word_1_831' title='bbox 3292 5548 3432 5601; x_wconf 88' lang='lat' dir='ltr'><strong>enim</strong></span> <span class='ocrx_word' id='word_1_832' title='bbox 3475 5545 3560 5598; x_wconf 86' lang='lat' dir='ltr'><strong>di-</strong></span> 
     </span>
    </p>
   </div>
   <div class='ocr_carea' id='block_1_122' title="bbox 1974 5619 3558 5691">
    <p class='ocr_par' dir='ltr' id='par_1_122' title="bbox 1974 5619 3558 5691">
     <span class='ocr_line' id='line_1_122' title="bbox 1974 5619 3558 5691; baseline -0.001 -18"><span class='ocrx_word' id='word_1_833' title='bbox 1974 5619 2278 5688; x_wconf 79' lang='lat' dir='ltr'><strong>stinximus,</strong></span> <span class='ocrx_word' id='word_1_834' title='bbox 2317 5631 2642 5691; x_wconf 85' lang='lat' dir='ltr'><strong>exposcente</strong></span> <span class='ocrx_word' id='word_1_835' title='bbox 2686 5624 2877 5689; x_wconf 85' lang='lat' dir='ltr'><strong>sensu)</strong></span> <span class='ocrx_word' id='word_1_836' title='bbox 2917 5635 3017 5689; x_wconf 87' lang='lat' dir='ltr'><strong>pro</strong></span> <span class='ocrx_word' id='word_1_837' title='bbox 3063 5619 3329 5674; x_wconf 78' lang='lat' dir='ltr'><strong>convicii.</strong></span> <span class='ocrx_word' id='word_1_838' title='bbox 3368 5619 3558 5674; x_wconf 72' lang='lat' dir='ltr'><strong>BnnN.</strong></span> 
     </span>
    </p>
   </div>
   <div class='ocr_carea' id='block_1_123' title="bbox 3277 5722 3349 5777">
    <p class='ocr_par' dir='ltr' id='par_1_123' title="bbox 3277 5722 3349 5777">
     <span class='ocr_line' id='line_1_123' title="bbox 3277 5722 3349 5777; baseline 0 0"><span class='ocrx_word' id='word_1_839' title='bbox 3277 5722 3349 5777; x_wconf 79' lang='lat'><strong>2&#39;7</strong></span> 
     </span>
    </p>
   </div>
  </div>
