3972 6190
462 279 567 336 843

1159 271 1593 331 TERTULLIANI
1630 271 1897 332 OPERUM
1935 271 2107 332 ΡΑΒὶΞ
2139 272 2207 334 ll.
2248 298 2316 320 ω*
2353 270 2581 334 SERIES
2628 270 2669 347 1,
2712 269 3052 331 POLEMICA.

3639 262 3735 319 844

463 405 625 458 talem
671 401 718 437 1⁸
766 399 1101 455 ostendimus
1139 399 1428 463 Christum,
1462 399 1515 453 in
1563 415 1668 470 quo
1714 399 2052 470 dignoscitur
2083 420 2128 498 Α
2160 403 2580 475 resurrectione,
2627 398 2960 461 concutitur;
3012 394 3085 451 ita
3136 391 3424 459 vindicata,
3471 387 3739 445 constabi-

460 493 625 555 Deus,
661 489 833 561 qualis
866 490 1197 561 promittitur
1225 506 1256 542 a
1287 489 1561 544 Creatore.
1594 488 1828 544 Obducti
1858 489 2051 545 dehinc

465 582 530 636 de
587 581 699 635 Deo
755 579 930 636 carnis
984 588 1219 649 auctore,
1250 588 1303 635 et
1359 578 1425 633 de
1481 579 1693 633 Christo
1732 579 1904 634 carnis
1962 596 2050 636 re-

462 671 762 743 demptore,
791 671 897 738 jam
937 676 990 724 et
1028 670 1094 724 de
1133 667 1528 723 resurrectione
1564 667 1739 722 carnis
1777 669 2053 724 revincen-

464 767 569 814 tur.
621 760 995 832 Congruenter
1042 757 1246 814 scilicet
1294 758 1358 813 19.
1407 758 1475 813 Et
1519 757 1624 813 hoc
1670 758 1838 813 ferme
1892 758 2051 813 modo

464 848 690 905 dicimus
744 848 1036 904 ineundam
1092 863 1215 903 cum
1273 846 1539 902 haereticis
1593 847 2050 918 disceptationem.

462 940 601 994 Nam
628 945 681 992 et
719 937 850 992 ordo
890 951 1107 1008 semper
1144 953 1175 989 a
1214 936 1596 1007 principalibus
1631 937 1823 993 deduci
1861 954 2053 1009 expos-

466 1028 558 1093 cit,
587 1033 645 1081 ut
676 1026 741 1081 de
784 1025 901 1095 ipso
945 1025 1094 1097 prius
1142 1032 1369 1090 constet,
1403 1041 1433 1080 a
1469 1042 1576 1096 quo
1615 1024 1825 1082 dicatur
1860 1027 2051 1097 dispo-

467 1118 627 1172 situm
656 1130 797 1180 esse,
828 1114 969 1187 quod
1007 1114 1285 1185 quaeritur.
1318 1116 1495 1186 Atque
1540 1114 1671 1170 adeo
1712 1122 1763 1170 et
1791 1116 2050 1182 haeretici,

467 1221 531 1260 ex
614 1203 940 1258 conscientia
1018 1201 1363 1272 infirmitatis,
1430 1218 1704 1274 nunquam
1789 1203 2055 1259 ordinarie

467 1300 711 1350 tractant.
745 1294 898 1347 Certe
936 1292 1098 1360 enim,
1130 1306 1290 1362 quam
1340 1290 1587 1347 laborent
1624 1293 1678 1347 in
1717 1292 1935 1348 alterius
1965 1294 2055 1347 di-

464 1384 704 1442 vinitatis
740 1382 1097 1438 insinuatione
1141 1382 1398 1438 adversus
1436 1383 1609 1438 Deum
1648 1385 1835 1439 mundi
1872 1383 2054 1440 omni-

464 1474 567 1529 bus
598 1472 911 1528 naturaliter
948 1468 1135 1527 notum
1180 1471 1294 1542 (10)
1338 1471 1405 1525 de
1458 1473 1772 1528 testimoniis
1801 1488 2053 1543 Operum;

466 1572 610 1621 certe
658 1572 712 1619 et
754 1563 810 1618 in
851 1560 1197 1618 sacramentis
1242 1561 1497 1631 priorem,
1525 1570 1579 1615 et
1616 1561 1672 1615 in
1709 1561 2054 1631 praedicatio-

464 1653 625 1709 nibus
654 1650 1105 1716 manifestiorem;
1141 1650 1240 1703 sub
1279 1649 1505 1703 obtentu
1548 1648 1701 1719 quasi
1731 1651 2056 1724 urgentioris

467 1758 703 1810 caussae,
734 1740 789 1793 id
835 1746 938 1808 est,
971 1738 1139 1807 ipsius
1186 1738 1437 1792 humanae
1484 1738 1674 1792 salutis
1719 1746 1839 1794 ante
1876 1739 2058 1796 omnia

2160 493 2305 547 litur.
2354 492 2561 547 Animae
2618 498 2794 546 autem
2824 485 3050 542 salutem
3078 483 3241 539 credo
3271 487 3499 537 retractu
3543 492 3737 534 carere.

2158 581 2358 638 Omnes
2385 583 2527 637 enim
2557 580 2669 637 fere
2702 574 2943 633 haeretici
2972 591 3090 631 eam
3112 571 3332 645 quoque
3361 570 3522 626 modo
3580 567 3627 605 ²δ
3653 583 3741 625 ve-

2159 671 2260 726 lint
2287 670 2352 738 2⁷,
2389 679 2718 726 tamen-non
2767 672 2986 739 negant.
3019 662 3225 718 Viderit
3270 676 3411 717 unus
3441 657 3606 729 aliqui
3637 656 3741 713 Lu-

2161 776 2349 828 canus,
2373 776 2476 817 nec
2506 759 2635 816 huic
2662 757 2877 830 quidem
2927 750 3241 809 substantiae
3286 764 3542 822 parcens,
3591 761 3743 818 quam

2160 851 2456 907 secundum
2484 847 2834 906 Aristotelem
2873 843 3194 907 dissolvens,
3229 840 3373 895 aliud
3403 838 3535 911 quid
3565 851 3661 908 pro
3688 850 3745 892 ea

2162 941 2396 1011 subjicit,
2418 940 2574 1012 quasi
2595 938 2664 995 sit
2692 936 2905 995 tertium
2925 934 2975 973 2⁸
2995 932 3250 1005 quiddam
3269 932 3741 991 resurrrectnrum,

2162 1046 2336 1102 neque
2375 1032 2570 1101 anima,
2628 1044 2802 1100 neque
2857 1041 3004 1091 caro,
3038 1023 3091 1078 id
3149 1032 3231 1079 est
3274 1036 3386 1077 non
3427 1022 3608 1084 homo,
3660 1017 3743 1073 sed

2164 1136 2322 1176 ursus
2359 1118 2600 1185 forsitan,
2634 1132 2744 1190 qua
2780 1114 2828 1155 29
2857 1116 3107 1170 Lucanus
3144 1111 3281 1183 (11).
3312 1110 3486 1166 Habet
3515 1117 3568 1164 et
3596 1108 3695 1162 iste
3719 1122 3747 1161 a

2163 1208 2322 1264 nobis
2363 1206 2787 1280 plenisissimum
2818 1205 2885 1261 de
2913 1200 3061 1259 omni
3107 1207 3250 1255 statu
3294 1197 3487 1254 animae
3532 1196 3744 1266 stylum,

2165 1313 2327 1366 quam
2354 1296 2622 1368 imprimis
2649 1291 3004 1350 immortalem
3035 1295 3264 1359 tuentes,
3295 1287 3464 1343 solius
3492 1284 3668 1342 carnis
3701 1292 3749 1340 et

2164 1386 2523 1443 defectionem
2580 1384 2693 1457 (12)
2741 1382 3103 1456 agnoscimus,
3144 1386 3199 1433 et
3242 1377 3585 1433 refectionem
3643 1375 3749 1446 (t3)

2167 1493 2291 1533 cum
2343 1476 2573 1533 maxime
2631 1474 2959 1540 asserimus;
3020 1468 3250 1526 redactis
3307 1467 3363 1521 in
3420 1464 3749 1522 ordinarium

2164 1565 2406 1622 materiae
2449 1580 2666 1636 corpus,
2706 1562 2753 1617 si
2792 1577 2897 1634 qua
2948 1570 3002 1617 et
3040 1557 3166 1615 alibi
3195 1571 3294 1629 pro
3338 1569 3624 1610 causarum
3669 1553 3749 1607 in-

2166 1654 2419 1712 cursione
2447 1653 2746 1729 prmatricta
2774 1650 2825 1691 3°
2859 1649 3186 1707 distulimus.
3235 1646 3371 1703 Nam
3403 1650 3461 1700 ut
3510 1643 3751 1716 quaedam

2168 1744 2439 1816 praelibari
2480 1743 2718 1800 solemne
2747 1748 2851 1807 est,
2881 1739 2955 1796 ita
2983 1736 3194 1794 differri
3222 1748 3440 1791 necesse
3468 1739 3570 1801 est,
3605 1732 3750 1786 dum-

466 1829 823 1902 requirenda},
848 1843 879 1879 a
907 1825 1298 1897 quaestionibus
1326 1826 1733 1883 resurrectionis
1760 1828 2053 1899 incipiunt:
2094 1827 2137 1904 Β
2169 1835 2332 1891 modo
2372 1841 2424 1890 et
2473 1833 2750 1905 praelibata
2786 1829 3139 1903 suppleantur
3169 1840 3268 1882 suo
3299 1837 3552 1896 corpore,
3586 1828 3642 1877 et
3683 1820 3753 1875 di-

465 1920 591 1990 quia
636 1916 827 1972 durius
871 1916 1103 1970 creditur
1151 1916 1478 1971 resurrectio
1526 1918 1723 1984 carnis,
1755 1936 1913 1990 quam
1953 1935 2058 1974 una

464 2006 715 2063 divinitas
766 2021 780 2063 :
823 2012 979 2077 atque
1026 2004 1095 2061 ita
1135 2011 1438 2071 tractatum,
1470 2006 1674 2064 viribus
1722 2007 1929 2063 ordinis
1975 2009 2059 2064 sui

466 2096 797 2162 destitutum,
847 2104 901 2151 et
954 2095 1221 2165 scrupulis
1277 2096 1455 2166 patius
1527 2106 1802 2152 oneratum
1860 2099 2056 2167 depre-

463 2184 723 2241 tiantibus
778 2200 1015 2252 carnem,
1057 2184 1316 2256 paulatim
1381 2185 1429 2223 30
1484 2185 1705 2242 alterius
1768 2187 2060 2243 divinitatis

464 2282 765 2346 temperant
797 2290 1035 2338 sensum,
1068 2289 1131 2328 ex
1170 2273 1285 2342 ipsa
1331 2274 1447 2344 spei
1491 2276 1845 2331 concussione
1884 2286 1937 2331 et
1967 2277 2059 2331 de-

463 2365 778 2423 mutatione.
826 2364 1085 2432 Dejectus
1134 2362 1280 2416 enim
1336 2363 1708 2436 unusquisque
1753 2366 1835 2421 vel
1880 2373 2058 2422 motus

466 2455 533 2510 de
568 2454 740 2525 gradu
772 2453 894 2522 ejus
933 2452 1049 2522 spei
1096 2466 1259 2521 quam
1302 2462 1618 2523 susceperat
1659 2454 1798 2524 apud
1842 2455 2060 2510 Creato-

467 2559 599 2610 rem,
628 2541 785 2597 facile
812 2542 921 2611 jam
960 2539 1254 2596 declinatur
1286 2540 1353 2594 ad
1392 2540 1610 2595 alterius
1641 2542 1758 2613 spei
1784 2551 2056 2600 auctorem

467 2635 627 2689 etiam
666 2631 804 2687 ultro
842 2631 889 2668 21
941 2629 1337 2700 suSpicandum.
1371 2630 1474 2685 Per
1510 2630 1871 2689 diversitatem
1914 2633 2057 2689 enim

466 2720 893 2794 promissionum
947 2718 1229 2775 diversitas
1304 2718 1605 2774 insinuatur
1680 2720 1921 2776 deorum.
1972 2722 2058 2778 Sic

465 2812 661 2866 multos
691 2811 937 2865 interitos
964 2809 1228 2875 videmus,
1247 2808 1374 2863 dum
1405 2817 1529 2865 ante
1556 2811 1623 2865 de
1662 2812 2057 2868 resurrectione

467 2900 641 2957 carnis
670 2898 957 2967 eliduntur,
991 2913 1153 2968 quam
1186 2898 1253 2952 de
1280 2898 1478 2954 unione
1508 2898 1805 2956 divinitatis
1833 2901 2054 2958 elidunt.

466 2989 650 3061 Igitur,
688 2995 949 3058 quantum
987 2985 1055 3039 ad
1090 2985 1395 3057 haereticos,
1428 2988 1915 3046 demonstravimus
1949 3004 2057 3062 quo

468 3093 640 3134 cuneo
679 3074 1069 3132 occurrendum
1095 3074 1145 3112 22
1173 3074 1245 3129 sit
1282 3091 1312 3129 a
1351 3076 1542 3145 nobis;
1576 3083 1630 3131 et
1663 3092 1947 3133 occursum
1976 3088 2060 3136 est

464 3169 574 3237 jam
605 3165 654 3204 2³
683 3181 781 3221 suo
821 3179 1037 3236 quoque
1068 3163 1244 3231 titulo,
1277 3164 1345 3219 de
1392 3165 1507 3221 Deo
1556 3166 1773 3236 quidem
1815 3168 1973 3225 unico
2004 3177 2059 3225 et

471 3255 684 3311 Christo
741 3256 878 3325 ejus,
912 3255 1168 3311 adversus
1223 3252 1574 3325 Marcionem;
1608 3256 1676 3312 de
1714 3272 1875 3311 carne
1930 3274 2054 3316 vero
2090 3227 2132 3305 C

471 3344 710 3414 Domini,
743 3343 900 3399 etiam
949 3344 1208 3400 adversus
1247 3348 1473 3412 quatuor
1510 3346 1779 3415 haereses;
1813 3345 1881 3400 ad
1923 3348 2067 3403 hanc

472 3435 704 3492 maxime
732 3433 1089 3507 quaestionem
1134 3429 1298 3488 798
1340 3434 1785 3505 praestruendam,
1818 3436 1893 3491 uti
1922 3452 2067 3493 nunc

472 3525 541 3582 de
590 3526 703 3581 sola
750 3523 927 3579 carnis
977 3522 1371 3579 resurrectione
1427 3523 1500 3576 ita
1548 3521 1795 3596 digeram
1841 3525 1909 3594 24,
1944 3530 2065 3581 tan-

474 3630 632 3684 quam
664 3627 830 3682 penes
850 3626 949 3666 nos
978 3611 1267 3676 incertum,
1298 3610 1424 3664 dum
1454 3609 1524 3664 sit
1552 3620 2001 3692 quoque'certum
2018 3615 2067 3653 2⁵

474 3718 644 3774 penes
682 3702 1011 3757 Creatorem.
1045 3701 1178 3754 Nam
1219 3707 1272 3755 et
1317 3698 1493 3757 multi,
1512 3700 1694 3767 rudes,
1736 3712 1788 3758 et
1825 3703 2066 3775 plerique

479 3805 575 3845 sua
621 3788 727 3843 fide
774 3788 923 3843 dubii
968 3796 1022 3843 et
1074 3787 1369 3857 simplices;
1402 3789 1608 3859 plures,
1658 3805 1797 3861 quos
1852 3790 2062 3863 instrui,

481 3877 663 3949 dirigi,
694 3876 891 3933 muniri
935 3876 1237 3947 oportebit;
1269 3875 1393 3947 quia
1452 3884 1507 3931 et
1558 3878 1662 3933 hoc
1714 3879 1879 3936 latere
1936 3884 2065 3939 unio

478 3965 768 4024 divinitatis
822 3964 1162 4022 defendetur.
1210 3963 1380 4021 Sicuti
1435 3965 1580 4022 enim
1636 3979 1834 4042 negata
1897 3972 2070 4027 carnis

2168 1931 2271 1995 lata
2314 1924 2602 1980 reddantur
2644 1936 2740 1978 suo
2787 1918 3023 1975 nomine.

2780 2005 3001 2064 CAPUT
3041 2004 3137 2060 IlI.

2238 2101 2332 2155 Est
2382 2099 2602 2172 quidem
2647 2104 2698 2153 et
2749 2098 2817 2152 de
2856 2096 2902 2135 ³1
2942 2091 3317 2151 communibus
3354 2086 3609 2146 sensibus
3656 2088 3757 2158 (14)

2167 2206 2370 2260 saepere
2425 2188 2480 2242 in
2536 2186 2636 2244 Dei
2693 2188 2885 2257 rebus;
2936 2183 3034 2239 sed
3088 2181 3144 2236 in
3195 2176 3563 2237 testimonium
3621 2174 3752 2243 veri,

2166 2294 2274 2335 non
2303 2280 2360 2332 in
2406 2275 2728 2347 adjutorium
2761 2274 2877 2330 falsi
2928 2290 2943 2327 ι
3003 2272 3147 2345 quod
3179 2272 3248 2325 sit
3296 2270 3591 2326 secundum
3623 2264 3755 2322 divi-

2165 2383 2308 2433 nam,
2359 2381 2468 2423 non
2511 2371 2697 2421 contra
2742 2362 2978 2421 divinam
3032 2358 3465 2432 dispositionem.
3501 2355 3759 2425 Quaedam

2164 2456 2308 2511 enim
2363 2466 2416 2511 et
2454 2462 2647 2510 natura
2692 2464 2818 2511 nota
2868 2459 3011 2519 sunt,
3043 2458 3103 2507 ut
3158 2447 3534 2506 immortalitas
3571 2446 3760 2501 animae

2165 2561 2334 2618 penes
2378 2545 2579 2617 plures,
2628 2552 2687 2599 ut
2735 2544 2882 2600 Deus
2926 2550 3115 2598 noster
3159 2555 3326 2611 penes
3371 2552 3585 2595 omnes.
3635 2535 3762 2591 Utar

2164 2651 2295 2708 ergo
2323 2642 2377 2690 et
2405 2633 2667 2691 sententia
2696 2631 2936 2689 Platonis
2978 2632 3092 2703 (15)
3140 2629 3368 2698 alicujus
3410 2625 3764 2701 pronuntian-

2166 2725 2233 2779 tis
2270 2743 2283 2780 :
2335 2723 2526 2781 Omnis
2572 2723 2751 2780 anima
2793 2720 3132 2779 immortalis.
3182 2718 3312 2774 Utar
3346 2725 3399 2774 et
3440 2714 3761 2774 conscientia

2164 2813 2371 2887 populi,
2405 2812 2755 2870 contestantis
2794 2813 2968 2867 Deum
3003 2811 3249 2866 deorum.
3279 2808 3412 2864 Utar
3446 2815 3499 2862 et
3543 2803 3759 2875 reliquis

2164 2904 2541 2961 communibus
2559 2903 2831 2969 sensibus,
2860 2902 2955 2975 qui
2971 2903 3148 2958 Deum
3168 2898 3406 2970 judicem
3426 2896 3757 2969 praedicant:

2164 2994 2312 3048 Deus
2356 2994 2533 3063 videt;
2569 3001 2623 3049 et
2671 3011 2685 3048 :
2737 2994 2850 3048 Deo
2880 2992 3216 3048 commendo.
3274 2986 3346 3044 At
3391 3002 3520 3044 cum
3566 2986 3759 3040 aiunt:

2170 3085 2470 3153 Mortuum,
2521 3082 2663 3155 quod
2702 3090 2977 3138 mortuum
3006 3088 3060 3136 et
3104 3099 3119 3138 :
3152 3079 3304 3145 Vive,
3337 3078 3463 3133 dum
3513 3075 3563 3114 ³³
3591 3074 3761 3140 vivis;

2173 3180 2229 3229 et
2260 3188 2275 3227 :
2312 3174 2442 3229 Post
2471 3180 2697 3228 mortem
2737 3172 2916 3229 omnia
2943 3168 3221 3235 ﬁniuntur,
3252 3166 3411 3223 etiam
3454 3164 3575 3236 ipsa
3600 3182 3617 3231 ;
3648 3173 3769 3217 tunc

2172 3262 2495 3327 meminero,
2546 3269 2599 3317 et
2646 3276 2741 3317 cor
2790 3258 2942 3333 vulgi
2999 3259 3234 3314 cinerem
3294 3272 3325 3311 a
3376 3256 3494 3311 Deo
3546 3253 3770 3324 deputa-

2174 3360 2283 3408 tum
2323 3350 2369 3407 7
2375 3348 2494 3407 99
2513 3357 2566 3406 et
2594 3351 2766 3422 ipsam
2795 3348 3115 3419 sapientiam
3142 3345 3327 3405 saeculi
3349 3344 3630 3400 stultitiam
3652 3355 3774 3412 pro-

2174 3440 2490 3496 nuntiatam.
2517 3440 2655 3497 Tum
2684 3440 2732 3496 si
2761 3450 2816 3496 et
2843 3438 2891 3477 33
2921 3440 3205 3493 haereticus
3232 3435 3298 3491 ad
3333 3434 3483 3505 vulgi
3513 3432 3659 3500 vitia,
3693 3430 3775 3489 vel

2174 3532 2358 3587 saeculi
2384 3530 2601 3602 ingenia
2627 3528 2933 3602 confugerit
2960 3545 2972 3581 :
3000 3525 3252 3593 Discede,
3284 3524 3477 3590 dicam,
3512 3523 3581 3577 ab
3608 3519 3779 3577 ethni-

2173 3636 2257 3686 co,
2289 3621 2541 3676 haeretica
2570 3638 2583 3687 ;
2617 3621 2720 3676 etsi
2750 3635 2918 3677 unum
2948 3617 3078 3674 estis
3118 3631 3323 3686 omnes,
3354 3612 3447 3686 qui
3478 3614 3655 3668 Deum
3687 3609 3783 3665 ﬁn-

2174 3708 2300 3780 gitis
2321 3708 2390 3775 ³4,
2420 3708 2551 3763 dum
2575 3710 2675 3766 hoc
2697 3717 2879 3765 tamen
2906 3707 2962 3762 in
2992 3706 3193 3763 Christi
3222 3703 3439 3761 nomine
3463 3701 3620 3769 facis,
3649 3701 3781 3756 dum

2173 3796 2511 3852 Christianus
2541 3796 2638 3852 tibi
2668 3797 2881 3862 videris,
2914 3795 3046 3851 alius
3078 3795 3145 3850 ab
3198 3793 3412 3849 ethnico
3450 3806 3513 3847 es
3545 3808 3562 3846 ι
3612 3788 3782 3846 redde

2176 3884 2253 3939 illi
2284 3900 2415 3941 suos
2445 3900 2658 3952 sensus,
2679 3886 2805 3959 quia
2824 3900 2925 3940 nec
2952 3884 3042 3940 ille
3072 3884 3140 3939 de
3172 3883 3279 3940 tuis
3306 3880 3617 3938 instruitur.
3638 3875 3783 3946 Quid

2179 3990 2325 4031 caeco
2347 3974 2472 4033 duci
2492 3974 2756 4042 innitaris,
2782 3974 2827 4030 si
2848 3974 2999 4032 vides
3021 3973 3099 4029 35?
3121 3970 3261 4041 Quid
3273 3969 3496 4028 .vestiris
3515 3985 3545 4024 a
3564 3964 3784 4034 nudo,si

1828 4065 2021 4133 Variae
2064 4075 2374 4136 lectiones.

493 4248 503 4258 ⁸
552 4172 600 4211 18
647 4171 775 4258 Tale
831 4169 959 4258 Ven.
985 4170 1033 4208 19
1079 4169 1321 4258 D‘eHDeo
1355 4171 1911 4258 ⁷ρεινηὶεάηειιιςιοηῐχξέξι
1950 4179 2017 4233 de
2049 4180 2261 4258 Christo
2280 4181 2507 4258 carnisA
2529 4181 2871 4258 redemptore
2894 4197 3093 4258 rursus
3123 4178 3251 4258 add:
3286 4176 3389 4258 Ri}.
3420 4178 3585 4258 ξαρ.
3620 4175 3674 4214 ³ο
3704 4172 3787 4229 Ad

480 4248 656 4303 inse,”
689 4247 864 4320 Fraén'
894 4245 1058 4320 Pan—2‘
1084 4241 1128 4279 21
1166 4241 1504 4320 Ulyafam'
1542 4248 1713 4301 Fr‘m-
1747 4248 1796 4320 22
1824 4249 2229 4308 Dccurrendum
2264 4254 2438 4310 Rhen.
2472 4254 2641 4310 Seml.
2677 4241 2728 4291 23
2792 4252 2961 4308 Etiam
3000 4252 3176 4309 Rhen.
3212 4250 3379 4308 Seml.
3404 4248 3477 4320 7’?
3505 4248 3789 4320 Digeren-

482 4321 611 4372 dum
656 4317 723 4370 sit
774 4318 933 4370 Pam.
990 4316 1163 4370 Fran.
1222 4314 1271 4350 2⁵
1322 4316 1437 4371 Nos

480 4391 640 4445 Pam.
677 4388 725 4425 23
754 4388 920 4454 Quasi
952 4388 1020 4440 sit
1050 4388 1267 4441 tertium
1310 4388 1517 4444 absunt
1568 4407 1603 4443 α
1626 4388 1629 4389 ⁷
1656 4390 1833 4446 Rhen.
1893 4394 1941 4432 29
1968 4394 2064 4448 Tar

482 4464 666 4516 omitt.
700 4460 877 4514 Rhein.
913 4458 1077 4516 Seml.
1110 4458 1158 4495 32
1192 4455 1486 4515 Vivendum
1518 4460 1635 4517 cod.
1678 4464 1835 4520 Ptth.
1887 4465 2064 4524 Rhen.

485 4533 667 4590 Rhen.
701 4532 872 4587 Seml.

754 4386 920 4454 Quasi
952 4387 1020 4440 sit
1050 4384 1267 4441 tertium
1310 4384 1517 4444 absunt
1568 4384 1634 4443 a'
1656 4390 1833 4446 Rhen.
1893 4394 1941 4432 29
1965 4384 2077 4448 Tan

754 4460 877 4506 hen-
914 4458 1077 4506 Seml.
1110 4458 1158 4495 32
1192 4455 1483 4506 Vivendnm
1518 4460 1634 4506 cmL
1686 4464 1811 4506 Pith
1895 4465 2042 4506 ηιιοιη
2084 4413 2119 4506 (ἓ

1487 4331 1721 4393 quoque
1758 4319 1976 4388 incerta,
2015 4323 2067 4377 id
2112 4334 2193 4380 est
2242 4328 2411 4381 Fran.
2463 4328 2624 4381 Pam.
2671 4325 2719 4363 26
2769 4324 3052 4393 Quomodo
3089 4324 3264 4380 Rhen.
3296 4321 3344 4359 2⁷
3374 4319 3575 4375 Volunt
3599 4319 3789 4393 ’Rhep.

2122 4413 2239 4449 nam
2272 4398 2448 4454 Rhen.
2484 4398 2712 4454 Semler.
2754 4389 2813 4435 35
2850 4396 3134 4453 Perrtricta
3172 4398 3345 4451 Fran.
3376 4394 3539 4447 Pam.
3607 4390 3657 4428 31
3709 4389 3792 4443 De

2123 4468 2145 4506 3
2174 4470 2241 4523 Et
2269 4470 2420 4525 abest
2456 4485 2491 4525 α
2529 4470 2706 4527 Rhen.
2749 4470 2918 4527 Seml.
2950 4469 2999 4507 ³4
3044 4466 3254 4542 Fugitis
3298 4465 3424 4521 alii.
3466 4462 3518 4501 ³⁵
3569 4461 3797 4519 Videris

1856 4610 2391 4683 ,Commentarius.

552 4710 665 4782 (10)
693 4711 871 4782 Deum
899 4707 1107 4764 mundi
1132 4709 1483 4782 naturaliter
1510 4714 1732 4768 notum.
1764 4714 1915 4771 Adeo
1954 4716 2071 4772 haec

480 4780 663 4854 Opinio
710 4780 987 4854 hominum
1026 4782 1262 4836 omnium
1300 4780 1495 4854 animis
1540 4783 1769 4852 inhaesit,
1801 4796 1859 4843 ut
1895 4788 2069 4845 Athe-

481 4853 698 4929 nienses
791 4853 1083 4929 sophistae
1131 4853 1413 4929 cujusdam
1496 4854 1817 4929 Pythagorae
1890 4860 2085 4916 librum

484 4924 901 4990 combusserint,
937 4923 1029 4993 qui
1070 4922 1123 4975 in
1156 4924 1420 4995 principio
1463 4922 1790 4995 continebat,
1823 4932 1909 4987 An
1939 4935 2085 4990 Deus

484 4999 595 5070 sit?
625 4996 716 5070 Sic
773 4994 1253 5070 Cantabrigiensis
1289 4996 1577 5053 academtae
1639 4994 1914 5070 fundator,
1964 5021 2085 5059 cum

486 5069 616 5141 olim
664 5066 785 5121 illac
822 5067 1104 5141 transiret,
1138 5069 1479 5140 audissetque
1536 5070 1868 5141 disputantes
1900 5066 2084 5132 'theo—

484 5138 642 5217 logo_s
691 5154 768 5217 qn
813 5138 957 5217 Deus
1002 5141 1108 5217 sit,
1140 5138 1409 5208 paenituit
1444 5138 1638 5217 ipsum
1667 5149 1899 5201 fundata:
1940 5148 2083 5203 illius

486 5209 888 5288 academim,.in_
934 5225 1040 5278 qua
1079 5211 1147 5288 de
1196 5228 1253 5288 re
1299 5209 1528 5268 naturali
1579 5217 1893 5288 cognitione
1941 5220 2083 5275 clara

486 5281 661 5337 adhuc
692 5280 1055 5335 dubitabatur.
1092 5282 1165 5335 LE
1198 5282 1296 5337 PR.

555 5352 671 5434 (11)
710 5353 813 5434 S_ed
843 5368 1007 5434 ursus
1045 5354 1314 5434 [orsitan2
1351 5371 1473 5434 quq.
1495 5357 1774 5415 Lucanus.
1806 5361 2080 5415 Lucanum

486 5423 862 5482 Ma‘rcionitam
890 5423 1200 5481 haereticum
1238 5423 1394 5480 ridet.
1426 5426 1559 5481 Nam
1618 5444 1785 5487 ursus
1844 5447 1947 5488 vox
2002 5442 2082 5488 est

494 5499 725 5575 Lucana,
761 5498 889 5575 Δῒιορ
929 5504 1021 5575 est
1094 5496 1339 5575 bucaniaz
1414 5499 1700 5575 provinciae
1762 5519 1882 5575 quae
1936 5520 2080 5561 nunc

497 5572 809 5627 Basilicam
837 5568 1051 5627 dicitur.
1092 5568 1171 5624 Ln
1213 5570 1306 5626 Pa.
1338 5598 1411 5611 —
1446 5570 1654 5629 Allusio
1693 5568 1794 5631 est"
1808 5575 1877 5631 ad
1904 5578 2079 5649 gentis

2101 4733 2146 4810 ο
2179 4734 2374 4810 "Ornet
2402 4719 2583 4810 (ὲξδᾱδςν
2612 4718 2825 4810 lactist
2844 4717 2994 4810 REI!-

2190 4863 2230 4918 Β
2261 4790 2376 4915 (112)
2407 4786 2567 4847 Solus
2598 4786 2792 4848 carnis
2832 4790 3218 4862 defectionem.
3248 4786 3366 4843 Hoc
3394 4794 3494 4852 est,
3531 4792 3776 4843 mortem

2241 4878 2258 4916 ι
2304 4902 2316 4915 .

2190 4877 2379 5060 ἓιῗίὶι)
2428 4936 2497 4990 Et
2542 4935 2928 5006 relectionem.
2988 4934 3102 4989 Hoc
3145 4939 3245 5000 est,
3307 4925 3798 4985 resurrectionem.

2239 5020 2315 5060 rc.

2239 5020 2315 5060 ια.

2269 5076 2383 5149 (14)
2412 5079 2488 5134 De
2518 5077 2912 5136 communibus
2941 5075 3209 5135 sensibus.
3240 5074 3441 5130 Sensus
3463 5082 3800 5149 communes

2197 5141 2323 5203 sunt
2362 5141 2525 5203 ’κοιναὶ
2555 5149 2735 5203 ἔννοιαι
2815 5166 2914 5206 seu
3013 5157 3282 5215 notiones,
3339 5141 3578 5198 omnium
3680 5144 3795 5195 fere

2199 5236 2359 5276 sensu
2400 5230 2453 5277 et
2482 5223 2839 5278 consensione
2877 5221 3260 5291 comprobatae.
3290 5216 3364 5291 In;
3394 5216 3491 5270 PR.

2267 5293 2417 5365 {15),
2460 5296 2592 5352 Utar
2641 5311 2769 5365 ergo
2837 5299 2889 5350 et
2922 5278 3228 5365 sententia
3268 5286 3566 5365 Platonis.
3608 5278 3793 5365 Aliud

2194 5359 2371 5419 dubie
2392 5364 2551 5421 debet
2580 5359 2723 5420 istud
2765 5364 2992 5421 intelligi
3022 5366 3086 5419 de
3116 5360 3282 5419 ommi
3322 5359 3499 5414 anima
3537 5359 3789 5410 rationa-

2202 5434 2279 5503 li;
2325 5452 2447 5491 nam
2494 5439 2560 5492 de
2607 5437 2698 5492 illa
2741 5444 2795 5492 et
2838 5436 2893 5492 in
2929 5427 3228 5500 Phaedone,
3269 5440 3323 5489 et
3372 5429 3495 5487 alibi
3537 5427 3793 5498 loquitur

2199 5506 2370 5575 Plato,
2416 5509 2862 5581 quotiescumque
2941 5507 3295 5565 immortalem
3355 5503 3591 5559 animum
3653 5511 3790 5569 pro-

2189 5579 2418 5637 nuntiat.
2450 5580 2589 5638 Plut.
