4030 6184
206 381 310 442 845

1265 379 1456 446 LIBER
1493 379 1578 442 DE
1615 379 2152 446 RESUBBEGTIONB
2185 379 2438 446 CARNIS.

3388 389 3498 452 846

199 503 474 602 Christum
501 501 798 602 ‘induisti?
859 502 1005 602 Quid
1050 503 1224 602 alieno
1263 505 1432 602 uteris
1487 507 1696 580 clypeo,
1748 505 1796 562 si
1825 523 1872 602 Α
1903 517 1956 564 et
1999 508 2144 566 visui
2201 515 2254 568 et
2297 506 2566 566 contactui
2613 513 2668 564 et
2717 509 3001 567 recordata
3083 518 3177 572 tuo
3224 523 3462 588 ereptam
3486 559 3522 594 ,,

199 595 262 650 ab
307 594 554 664 apostolo
627 600 862 650 armatus
899 595 1007 649 es?
1059 594 1152 652 Ille
1203 595 1382 666 potius
1447 613 1478 652 a
1525 605 1575 652 te
1624 597 1796 652 discat

200 684 376 741 carnis
417 682 864 739 resurrectionem
920 683 1184 749 confiteri,
1246 701 1406 755 quam
1457 691 1516 740 tu
1581 685 1648 740 ab
1703 683 1798 742 illo

209 771 426 828 difﬁteri
459 789 472 825 :
505 770 634 842 quia
677 769 724 826 si
763 779 814 826 et
863 769 912 808 ³6
967 787 998 826 a
1050 771 1372 826 Christianis
1419 771 1612 843 negari
1677 787 1796 828 eam

211 869 542 934 opporteret,
574 858 846 916 sufﬁceret
869 859 972 916 illis
1018 862 1087 916 de
1113 877 1207 918 sua
1254 861 1500 926 scientia,
1563 877 1675 918 non
1731 862 1798 915 de

204 953 348 1028 vulgi
395 951 700 1025 ignorantia
747 951 951 1008 instrui.
985 952 1138 1008 Adeo
1171 969 1278 1008 non
1308 955 1406 1008 erit
1437 953 1796 1020 Christianus,

207 1044 299 1114 qui
349 1057 464 1098 eam
523 1041 759 1112 negabit,
809 1057 974 1112 quam
1020 1042 1341 1098 conﬁtentur
1398 1042 1705 1109 Christiani,
1748 1051 1803 1097 et

206 1131 288 1186 his
315 1131 647 1202 argumentis
681 1129 922 1201 negabit,
953 1131 1150 1202 quibus
1199 1132 1368 1186 utitur
1396 1147 1506 1187 non
1534 1131 1798 1188 Christia-

205 1237 306 1276 nus
369 1219 438 1274 ³⁷.
501 1219 669 1274 Aufer
734 1219 784 1256 33
837 1219 1069 1290 denique
1147 1221 1409 1277 haereticis
1485 1237 1604 1294 quae
1679 1237 1801 1278 cum

207 1309 437 1368 ethnicis
479 1309 528 1348 39
557 1307 812 1378 sapiunt;
876 1317 932 1364 ut
987 1309 1054 1366 de
1107 1309 1399 1380 Scripturis
1459 1311 1593 1365 solis
1650 1325 1801 1382 qua:-

207 1401 406 1456 stiones
462 1405 598 1454 suas“
642 1397 830 1453 sistant
877 1398 948 1470 4°,
1025 1407 1078 1454 et
1151 1407 1293 1454 stare
1357 1415 1468 1456 non
1521 1407 1800 1471 poterunt.

209 1489 532 1546 Communes
561 1487 704 1542 enim
731 1501 921 1542 sensus
949 1486 1262 1559 simplicitas
1283 1487 1400 1558 ipsa
1442 1489 1800 1552 commendat,

209 1587 262 1634 et
289 1576 594 1648 compassio
629 1575 1014 1632 sententiarum
1045 1577 1182 1646 (16),
1217 1583 1272 1631 et
1317 1574 1654 1632 familiaritas
1681 1575 1804 1645 opi-

209 1667 464 1736 nionum;
507 1681 682 1738 eoque
727 1661 1006 1722 ﬁdeliores
1033 1666 1432 1732 existimantur,
1481 1666 1608 1740 quia
1663 1664 1806 1722 nuda

207 1764 260 1812 et
287 1763 472 1827 aperta
501 1763 554 1812 et
585 1753 836 1812 omnibus
865 1761 994 1810 nota
1013 1751 1296 1812 deﬁniunt.

820 1843 1048 1900 CAPUT
1101 1843 1190 1900 IV.

289 1932 472 2004 Itaque
503 1931 736 1988 haeretici
767 1930 890 1986 inde
921 1932 1100 1988 statim
1127 1930 1407 2003 incipiunt,
1438 1936 1491 1986 et
1514 1929 1641 1986 inde
1675 1945 1811 2004 prae-

213 2030 468 2086 struunt;
500 2021 688 2076 dehinc
733 2020 1028 2087 instruunt,
1077 2021 1218 2076 unde
1275 2019 1454 2076 sciunt
1492 2019 1648 2076 facile
1692 2020 1812 2091 capi

209 2121 440 2175 mentes,
469 2110 534 2164 de
554 2109 936 2165 communione
959 2108 1243 2165 favorabili
1268 2124 1544 2164 sensuum.
1566 2110 1650 2164 Au
1670 2107 1812 2163 aliud

213 2201 365 2274 prius
395 2201 511 2271 (I7)
531 2199 618 2254 vel
641 2199 810 2270 magis
831 2199 1018 2256 audias
1049 2207 1155 2254 tam
1177 2199 1223 2236 41
1245 2199 1311 2254 ab
1343 2198 1619 2267 haeretico,
1652 2213 1810 2269 quam

211 2291 279 2346 ab
310 2290 525 2346 ethnico
545 2289 572 2342 ‘i
602 2289 670 2344 Et
699 2305 806 2345 non
855 2289 1121 2360 protinus,
1155 2299 1206 2344 et
1235 2303 1341 2344 non
1393 2287 1594 2358 ubique
1622 2287 1810 2343 convi-

212 2381 356 2438 cium
386 2379 582 2446 carnis,
609 2379 663 2434 in
692 2378 975 2454 originem,
1008 2377 1062 2432 in
1089 2379 1390 2444 materiam,
1441 2376 1492 2452 in
1523 2391 1709 2432 casum
1737 2375 1808 2446 ‘3,

209 2471 266 2526 in
297 2485 507 2526 omnem
537 2468 738 2524 exitum
795 2469 952 2538 ejus?
998 2467 1294 2522 Immundas
1347 2481 1378 2520 a
1422 2463 1719 2540 primordio
1747 2481 1812 2520 ex

213 2559 438 2616 faecibus
482 2566 662 2624 terrae,
714 2555 1089 2612 immundioris
1152 2555 1409 2626 deinceps
1467 2571 1534 2611 ex
1592 2554 1814 2610 seminis

213 2649 298 2706 sui
329 2649 476 2714 limo,
507 2647 714 2702 frivola;
763 2647 898 2718 (18),
951 2645 1196 2715 inﬁrmae,
1255 2645 1580 2714 criminosas,
1622 2659 1812 2700 onero-

214 2755 312 2796 δε.
352 2735 529 2794 800
558 2737 822 2804 molestae,
872 2743 926 2791 et
965 2742 1088 2807 post
1116 2743 1286 2790 totum
1319 2733 1674 2807 ignobilitatis
1702 2733 1812 2788 elo-

209 2829 360 2902 gium
389 2827 438 2866 4³
473 2827 612 2896 (19),
645 2825 864 2882 caducae
895 2824 948 2878 in
980 2824 1242 2898 originem
1283 2831 1480 2879 terram
1522 2823 1590 2890 44,
1624 2829 1678 2877 et
1715 2837 1810 2878 ca-

220 2917 432 2974 daveris
486 2931 704 2982 nomen,
762 2924 816 2970 et
862 2915 930 2970 de
957 2913 1060 2970 isto
1091 2929 1306 2986 quoque
1336 2911 1556 2970 nomine
1599 2911 1810 2982 peritu-

215 3023 294 3062 rae
321 3007 432 3078 (20)
474 3006 526 3062 in
555 3005 766 3061 nullum
814 3004 936 3058 inde
964 3005 1074 3076 jam
1113 3019 1334 3074 nomen,
1365 3003 1422 3058 in
1466 3003 1641 3059 omnis
1694 3002 1806 3070 jam

1903 599 2223 670 persuadere
2260 599 2309 636 ’⁸⁵
2345 599 2490 670 quod
2521 614 2579 653 se
2620 607 2902 669 receptura
2947 601 3271 674 quandoque
3328 605 3395 660 sit
3439 605 3493 660 in

1903 687 2174 762 integrum
2213 689 2278 744 de
2309 695 2584 758 corrupto,
2619 688 2672 742 in
2713 686 2946 743 solidum
2977 689 3045 744 de
3073 706 3246 754 casso,
3291 693 3344 746 in
3387 694 3497 762 ple-

1907 795 2033 832 num
2063 779 2128 834 de
2177 776 2398 846 inanito,
2453 777 2506 830 in
2547 776 2748 848 aliquid
2798 777 3016 832 omnino
3057 779 3124 832 de
3162 779 3376 835 nihilo?
3429 783 3499 837 Et

1905 867 2092 938 utique
2121 865 2524 922 redhibentibus
2551 881 2670 919 eam
2700 865 2916 936 ignibus
2954 873 3007 922 et
3047 866 3225 932 undis,
3260 877 3312 922 et
3365 871 3499 926 alvis

1908 955 2160 1010 ferarum.
2196 964 2244 1010 el
2276 954 2437 1010 rumis
2477 955 2684 1022 alitum,
2728 964 2779 1008 et
2809 954 3039 1010 lactibus
3069 955 3116 992 ίίδ
3147 955 3398 1026 piscium,
3447 964 3500 1013 et

1909 1043 2148 1116 ipsorum
2193 1053 2490 1112 temporum
2529 1044 2575 1080 4⁷
2621 1042 2842 1114 prOpria
2887 1043 3017 1116 gula
3073 1043 3229 1116 (22(?
3285 1045 3501 1102 Adeone

1907 1141 2085 1188 autem
2117 1133 2306 1188 eadem
2340 1132 2642 1202 sperabitur
2671 1148 2793 1204 quae
2825 1131 3114 1200 intercidit,
3149 1142 3206 1188 ut
3254 1135 3499 1202 clandus,

1909 1229 1962 1278 et
1991 1222 2198 1290 luscus,
2224 1229 2276 1278 et
2307 1237 2500 1290 cereus,
2531 1229 2584 1275 et
2623 1221 2891 1291 leprosus,
2935 1232 2988 1276 et
3032 1223 3365 1294 paralyticus
3414 1243 3502 1282 re-

1909 1315 2209 1376 vertantur,
2241 1319 2299 1366 ut
2328 1309 2533 1365 redisse
2563 1325 2668 1363 non
2717 1309 2882 1364 libeat
2927 1311 2995 1364 ad
3051 1311 3340 1382 pristinum
3361 1314 3388 1368 ‘I
3417 1315 3504 1369 An

1909 1399 2122 1472 integri,
2155 1409 2214 1456 ut
2271 1401 2462 1456 iterum
2515 1399 2638 1454 talia
2665 1401 2776 1470 pati
2809 1400 3072 1456 timeant?
3121 1399 3262 1470 Quid
3295 1413 3406 1458 tum
3433 1403 3503 1460 de

1911 1490 2310 1561 consequentiis
2338 1488 2554 1546 carnis?
2607 1489 2888 1544 Rursusne
2953 1489 3136 1545 omnia
3201 1494 3509 1548 necessaria

1913 1577 2009 1642 illi,
2040 1585 2092 1632 et
2122 1577 2389 1648 imprimis
2417 1577 2618 1648 pabula
2661 1586 2825 1650 atque
2874 1579 3138 1647 potacula,
3201 1586 3251 1635 et
3296 1580 3507 1652 pulmo-

1913 1665 2072 1722 nibus
2111 1667 2432 1732 natandum,
2464 1673 2520 1720 et
2567 1665 2837 1721 intestinis
2893 1667 3249 1734 aestuandum,
3312 1676 3364 1724 et
3411 1684 3508 1740 pu-

1915 1753 2106 1812 dendis
2135 1770 2242 1810 non
2283 1753 2612 1824 pudendum,
2655 1761 2708 1809 et
2749 1751 3002 1809 omnibus
3039 1755 3294 1810 membris
3349 1756 3508 1812 labo-

1917 1844 2190 1900 randum?
2255 1845 2464 1899 Rursus
2507 1843 2712 1916 ulcera,
2789 1849 2842 1896 et
2915 1841 3157 1912 vulnera,
3217 1850 3272 1898 et
3321 1843 3504 1912 febris,

1917 1941 1972 1990 et
2003 1935 2246 2006 podagra
2275 1933 2344 2003 4⁸,
2369 1941 2420 1990 et
2447 1921 2597 1988 mors
2623 1930 2957 2000 redoptanda
2975 1929 3068 1984 ‘19?
3095 1931 3363 1988 Nimirum
3391 1935 3510 1990 haec

1917 2034 2074 2079 erunt
2119 2030 2246 2082 vota
2317 2021 2496 2078 carnis
2553 2019 2962 2092 recuperandae,
3029 2019 3222 2076 iterum
3311 2037 3512 2092 cupere

1919 2111 1987 2166 de
2026 2127 2088 2166 ea
2117 2111 2366 2170 evadere.
2416 2110 2486 2164 Et
2529 2124 2628 2165 nos
2665 2108 2888 2180 quidem
2917 2109 3049 2180 ,haec
3104 2109 3378 2181 aliquanto
3407 2111 3512 2166 ho-

1918 2199 2122 2256 nestius
2151 2215 2249 2271 pro
2296 2199 2420 2272 styli
2447 2199 2674 2272 pudore.
2721 2198 3004 2268 Caeterum,
3025 2197 3312 2270 {quantam
3351 2199 3510 2256 etiam

1919 2288 2272 2362 spurciloquii
2303 2288 2430 2344 licet
2479 2289 2528 2326 ⁵ο
2577 2287 2790 2343 illorum
2851 2287 2906 2342 in
2936 2289 3321 2360 congressibus
3346 2305 3512 2362 expe-

1917 2377 2032 2444 riri,
2059 2385 2165 2434 tam
2195 2378 2559 2443 ethnicorum,
2590 2392 2746 2446 quam
2779 2375 3160 2434 haereticorum
3185 2375 3198 2434 Ι

2551 2465 2776 2522 CAPUT
2803 2465 2870 2523 Υ.

1989 2555 2159 2629 Igitur
2206 2553 2463 2626 quoniam
2512 2563 2566 2610 et
2623 2553 2787 2612 rudes
2827 2553 3029 2628 quique
3084 2555 3151 2610 de
3205 2557 3514 2613 communi-

1918 2645 2020 2700 bus
2047 2644 2223 2699 adhuc
2254 2643 2502 2699 sensibus
2541 2643 2776 2716 sapiunt,
2827 2651 2880 2698 et
2927 2642 3082 2698 dubii
3137 2651 3190 2700 et
3246 2645 3518 2717 simplices

1918 2750 2014 2805 per
2074 2734 2296 2789 eosdem
2341 2748 2532 2789 sensus
2571 2731 2746 2787 denuo
2781 2731 3168 2802 inquietantur,
3228 2744 3281 2789 et
3321 2735 3517 2807 ubique

1921 2822 2128 2893 primus
2156 2821 2200 2858 51
2235 2821 2333 2874 iste
2391 2819 2444 2874 in
2493 2834 2594 2876 nos
2642 2819 2782 2876 aries
2809 2827 3155 2890 temperatur,
3187 2836 3293 2892 quo
3339 2823 3516 2880 carnis

1921 2910 2158 2966 conditio
2195 2917 2518 2980 quassatur;
2583 2909 2887 2965 necessario
2943 2915 2996 2964 et
3054 2923 3084 2962 a
3131 2910 3288 2965 nobis
3340 2914 3519 2970 carnis

1915 2999 2148 3070 primum
2200 2997 2440 3054 conditio
2490 2995 2664 3054 810
2708 2997 2998 3056 munietur.
3061 2997 3516 3070 Vituperationem

209 3095 464 3154 vocabuli
493 3103 720 3152 mortem
754 3093 916 3164 (21)?
967 3094 1186 3149 IIancne
1232 3109 1362 3168 ergo
1403 3090 1505 3158 vis,
1565 3089 1800 3164 sapiens,
1843 3085 1885 3163 ο
1918 3087 2230 3143 laudatione
2284 3087 2519 3158 depellas
2587 3087 2656 3141 53.
2732 3087 2810 3142 Ita
2877 3103 2979 3143 nos
3030 3087 3347 3146 rhetoricari
3399 3093 3517 3166 (23)

1571 3207 1764 3270 Variae
1827 3207 2141 3268 lectiones.

281 3321 332 3362 35
363 3319 428 3376 Et
486 3319 640 3378 abest
686 3335 722 3374 α
771 3319 943 3374 Fran.
985 3317 1146 3372 Pam.
1199 3316 1246 3355 37
1298 3315 1534 3370 Utuntur
1580 3329 1688 3368 non
1737 3311 2024 3366 Christiani
2072 3309 2195 3365 alii.
2248 3309 2298 3346 33
2347 3307 2548 3364 Aufers
2605 3307 2776 3366 Rhen.
2839 3308 3011 3366 Seml.
3058 3307 3107 3348 39
3145 3309 3192 3378 Q

3198 3327 3515 3390 mecumque

209 3393 418 3452 ethnici
451 3393 626 3448 Rhen.
661 3393 798 3448 Jun.
847 3391 896 3428 4ο
949 3389 1218 3444 Instruant
1263 3389 1386 3443 Lat.
1429 3387 1474 3424 ἰι
1522 3387 1648 3440 Tam
1699 3385 1856 3442 abest
1901 3400 1936 3438 α
1983 3382 2159 3438 ΙίΙιθηι.
2203 3380 2251 3418 ’⁸2
2303 3379 2530 3434 Causam
2592 3381 2716 3436 alii.
2767 3379 2816 3417 ’13
2861 3381 3112 3489 Illogium
3151 3383 3282 3437 Jun.
3309 3385 3354 3421 ’I’I
3383 3379 3516 3440 Τὸν..

209 3483 390 3489 _-_..._..
437 3465 535 3489 1-.-.
593 3463 641 3489 [ις
675 3462 1036 3489 ῐ),....-..ε.,1ηη..η
1086 3461 1180 3489 1....
1246 3459 1390 3489 mm“
1467 3457 1517 3489 [.6
1557 3455 1782 3489 ῐοηιῖιῃια
1821 3455 1962 3489 Camn]
2017 3453 2061 3489 ιἰἿ
2109 3453 2435 3489 Tomnnrnm
2483 3453 2632 3489 nil-mc}
2679 3468 2709 3489 η
2766 3451 2912 3489 mium
3001 3453 3026 3488 8
3073 3451 3309 3489 Dnrlgnrn
3363 3455 3513 3489 ηιιοοι

201 3451 390 3522 renam
421 3465 556 3520 Jun.
593 3463 641 3500 ’⁸⁵
675 3462 1036 3518 Persuadeare
1069 3461 1202 3516 Jun.
1237 3459 1414 3514 Ilhcn.
1467 3457 1517 3494 "6
1547 3455 1786 3511 Jactibus
1813 3455 1982 3510 Seml.
2017 3453 2061 3490 ἰἿ
2109 3453 2440 3520 Temporum
2482 3453 2632 3508 abest
2679 3468 2712 3504 α
2757 3451 2936 3522 Rhen.

3001 3453 3026 3488 ⁸
3071 3451 3314 3525 Podagra
3360 3455 3513 3514 abest

199 3521 438 3594 αίιίΙιθη.
472 3535 520 3572 ἰθ
553 3533 866 3604 ReOptanda
897 3533 1022 3604 alii.
1063 3527 1516 3604 50,Spurciloquio
1545 3527 1708 3584 liceat
1745 3527 1924 3582 Rhen.
1968 3526 2129 3580 Pam.
2163 3523 2209 3561 ⁵ι
2253 3524 2310 3576 [ιι
2341 3523 2532 3594 primis
2561 3521 2734 3578 Rhen.
2775 3522 2824 3560 ⁵2
2875 3521 3280 3594 Vituperatione
3329 3525 3514 3585 lauda-

197 3609 349 3665 tione
377 3607 594 3680 dipulsa
625 3603 800 3662 Rhen.
847 3603 964 3660 cod.
1012 3603 1166 3658 Pith.

1681 3669 2183 3734 Commentarius.

271 3785 390 3858 (16)
423 3785 740 3858 σοιιηραιςδὶο
789 3781 1230 3858 sententiarum.
1271 3777 1436 3858 Inter_
1461 3792 1560 3832 eos
1601 3776 1803 3833 scilicet

195 3848 526 3930 quibuscum
553 3848 852 3930 intercedit
879 3855 1182 3930 communis
1209 3848 1488 3930 sententiae
1519 3863 1802 3930 commune

197 3919 504 4002 negotium.
565 3928 656 4002 Sic
710 3933 926 4002 contra;
989 3925 1136 4002 libro
1193 3923 1258 4002 de
1339 3925 1476 4002 Virg.
1527 3919 1798 3986 vetandis,

196 3995 318 4074 jam
343 4017 408 4058 se
433 3998 722 4074 proprium
757 3997 1109 4068 opinionibus
1137 3995 1250 4050 suis
1279 3997 1548 4066 negotium
1583 4007 1802 4064 passum

209 4067 648 4152 esse_priefaiur.
681 4067 832 4152 BIGZ.
1005 4147 1013 4152 Δ

279 4131 400 4214 (1⁸7)
429 4145 516 4198 Αη
542 4141 702 4198 aliud
743 4141 920 4214 prius,
968 4147 1072 4194 etc.
1107 4135 1368 4214 _Haeret_i_ci
1393 4133 1511 4214 _isti_
1549 4131 1806 4187 adversus

199 4205 352 4286 quos
381 4205 522 4286 'agit
585 4205 944 4286 Tertulliauus
1015 4208 1215 4286 malam
1268 4205 1521 4286 dicebant
1592 4219 1808 4286 carnem

197 4275 474 4350 nostram:
507 4293 568 4342 ut
603 4283 800 4340 factam
842 4299 875 4338 a
905 4282 1004 4338 deo
1037 4279 1211 4350 malo,
1246 4279 1326 4350 sic
1368 4275 1530 4350 etiam
1583 4284 1638 4330 et
1673 4289 1807 4350 gen_-_

1909 3775 2000 3830 ubi
2027 3775 2094 3828 de
2133 3779 2320 3828 natura
2349 3779 2525 3828 terrae.
2559 3771 2688 3828 RIG.

1981 3846 2092 3926 (2g)
2123 3847 2190 3926 Et
2213 3845 2473 3926 ipsorum.
2507 3847 2828 3926 temporum
2849 3847 3082 3926 propria
3111 3847 3266 3919 gula.
3303 3847 3510 3926 Alludit

1913 3917 1979 3980 ad
2042 3917 2194 3974 Vedii
2251 3917 2507 3972 Pollionis
2541 3917 2799 3988 gulosam
2846 3917 3127 3974 saevitiam
3174 3927 3226 3974 et
3280 3921 3508 3976 saevien-

1913 3998 2018 4044 tem
2077 3989 2315 4061 gulam;_
2355 4003 2478 4040 nam
2537 3987 2582 4061 is
2652 3987 2900 4042 damnata
2973 3989 3234 4061 mancipia
3289 3989 3508 4049 vivariis

1911 4059 2270 4115 muraenarum
2305 4059 2675 4128 immergebat,
2708 4075 2814 4114 non
2863 4069 3066 4115 tantum
3113 4059 3173 4118 ut
3203 4071 3370 4118 totum
3413 4064 3508 4120 ho-

1911 4131 2113 4203 minem
2191 4128 2392 4198 pariter
2447 4129 2714 4203 _distrahi_
2746 4141 3029 4200 spectaret,
3095 4135 3242 4203 quod
3298 4134 3506 4190 Plinius

1911 4201 2112 4272 prodit,
2161 4215 2352 4256 verum
2389 4201 2550 4273 etiam
2603 4211 2662 4256 ut
2691 4201 2936 4273 llumana
2965 4201 3129 4273 carne
3161 4204 3214 4273 in
3271 4203 3510 4273 piscibus

1913 4270 2240 4342 vesceretur,
2296 4271 2445 4342 quod
2478 4271 2638 4324 docet
2690 4270 3046 4328 Tertullianus
3089 4271 3142 4326 in
3183 4270 3504 4342 de‘Pallio,

1247 4329 1532 4419 ~Epicurei
1600 4329 1806 4428 etualii
1838 4329 1882 4405 Β
1913 4343 1998 4398 his
2039 4329 2237 4428 ‘verbis'
2271 4329 2904 4428 :‘anlrnmergowteque
2933 4343 3274 4426 scalpellum,
3311 4329 3502 4426 inquit;

197 4417 524 4500 philosophi
564 4425 645 4500 in
695 4439 912 4480 carnem
979 4417 1218 4479 nostram
1275 4417 1806 4500 et'mgenerationem

197 4487 400 4555 inultis
431 4487 848 4565 'invehebantur,
877 4503 934 4550 ut
972 4501 1183 4550 constat
1237 4507 1297 4565 ex
1341 4487 1622 4565 Cl'e'mente
1645 4487 1800 4543 Alex.

117 4605 130 4618 -
190 4571 304 4626 lib.
329 4585 392 4624 ιιι
422 4571 650 4634 Strom.,
699 4577 775 4640 et
799 4561 1068 4640 Lactantio
1099 4565 1192 4619 lib.
1223 4562 1290 4640 de
1306 4561 1570 4640 ⁸Οριγῖσὶο.
1601 4561 1730 4640 Lac.

269 4645 392 4712 (18)
437 4633 691 4698 Frivolae.
717 4639 801 4712 Ob
857 4639 1180 4712 nuditatem;
1241 4633 1418 4712 infans
1463 4647 1570 4686 non
1604 4633 1804 4712 inativo

187 4703 426 4778 vestitu,
463 4721 522 4768 ut
565 4713 670 4767 alia
715 4709 983 4778 animalia,
1029 4709 1124 4764 sed
1179 4703 1794 4778 nttdusLtremulusque

181 4777 417 4856 prodit,
437 4787 584 4856 quod
617 4785 818 4856 Optime
839 4777 1088 4856 Sidonius
1113 4779 1364 4856 enpendit
1392 4777 1486 4856 lib.
1521 4790 1602 4856 vn
1630 4777 1791 4846 epist.

185 4849 246 4926 ἒ,
283 4869 342 4913 et
375 4849 682 4911 Lactantius
711 4855 806 4909 lib.
837 4869 898 4907 ιιι
928 4854 992 4909 de
1025 4851 1258 4926 Opi/icio
1281 4853 1487 4926 cap._5_.
1519 4849 1650 4901 Lac.

263 4930 390 4998 (19)
425 4929 556 4982 Post
588 4933 772 4983 totum
795 4921 1090 4998 dignitatis
1118 4922 1379 4998 elogium.
1413 4921 1472 4974 Id
1501 4926 1582 4974 est
1611 4934 1792 4998 recen-

181 4991 436 5055 sioneni.
479 4999 538 5052 In
595 5000 788 5053 bonam
835 4991 889 5052 et
935 4997 988 5049 in
1049 4991 1240 5049 malam
1293 5001 1494 5063 partem
1535 4991 1796 5063 accipitur

183 5071 468 5142 elogium,
523 5069 610 5142 Sic
667 5069 846 5142 infra:
907 5067 1242 5142 Religivnem
1289 5062 1506 5136 publico
1561 5062 1686 5116 odio
1741 5067 1796 5116 et

181 5141 386 5198 hostili
423 5141 604 5214 elogio
636 5141 942 5195 obnoxiam.
981 5161 1004 5189 n
1043 5141 1226 5214 BHEN.

259 5215 388 5286 (20)
409 5215 486 5268 De
513 5203 624 5268 isto
651 5227 866 5286 quoque
895 5213 1126 5266 nomine
1150 5210 1446 5286 periturae.
1477 5205 1604 5286 Post
1631 5203 1794 5286 cada-

175 5276 556 5340 veris'nostri
607 5276 1030 5354 corruptionem,
1072 5276 1280 5354 nullum
1328 5286 1408 5354 est
1469 5276 1790 5354 destinatum

177 5371 401 5428 nomen
437 5373 540 5428 quo
581 5347 804 5428 materia
857 5355 963 5420 illa,
1005 5347 1125 5424 qua:
1172 5352 1346 5406 fuerat
1393 5347 1615 5428 humani
1659 5361 1790 5428 εον-

181 5427 373 5498 poris,
403 5417 664 5498 signetur.
723 5427 838 5482 Huc
863 5417 1284 5498 vocat-mortem
1329 5419 1610 5498 vocabuli:
1659 5417 1792 5471 Nam

183 5489 431 5556 cadaver
452 5489 680 5554 facessit
709 5498 764 5552 in
793 5507 1014 5560 terram,
1039 5499 1122 5552 vel
1153 5494 1258 5549 alia
1285 5491 1556 5546 animalia.
1589 5489 1717 5543 Lac.

249 5569 380 5643 (21)
411 5571 478 5643 In
507 5574 690 5628 omnis
711 5569 1389 5643 ja-m‘vocabulimortem.
1420 5560 1626 5643 Etenim
1649 5575 1793 5643 mor-

181 5631 268 5698 tui
297 5631 569 5700 desinunt
605 5631 730 5698 esse
763 5641 888 5714 quic
925 5641 1020 5698 uid
1075 5643 1201 5694 dum
1242 5635 1488 5694 viverent
1523 5631 1792 5688 vocaban-

181 5725 294 5770 tur.
361 5723 422 5770 et
473 5715 586 5770 iam
635 5722 760 5770 sunt
805 5659 960 5770 nulli.
1003 5711 1210 5768 Plinius
1247 5709 1342 5763 lib.
1379 5721 1440 5764 XI
1479 5706 1618 5762 Hist.
1664 5705 1788 5757 nat.

179 5725 294 5780 tur,
361 5723 422 5770 et
471 5715 586 5783 jam
635 5722 760 5770 sunt
781 5705 960 5770 'nulli.
1003 5711 1210 5768 Plinius
1247 5709 1342 5763 lib.
1379 5721 1440 5764 XI
1479 5706 1618 5762 Hist.
1664 5705 1788 5757 nat.

1915 4413 2188 4470 acerbitati
2218 4427 2324 4482 qua
2376 4410 2574 4482 Vedius
2625 4411 2791 4464 Pollio
2817 4410 3014 4482 "servos
3047 4410 3306 4470 mura-mis
3347 4410 3504 4472 itian

1915 4487 1980 4541 de
2007 4485 2214 4540 dendos
2236 4481 2558 4552 objectabat.
2590 4482 2743 4536 Nova
2772 4481 2974 4537 scilicet
3007 4486 3214 4539 smvitia
3243 4486 3506 4544 delectata

1913 4566 2140 4614 terrente
2169 4555 2352 4610 bestiae
2394 4553 2723 4626 exedentnlae
2755 4562 2806 4608 et
2834 4555 3118 4624 exanguis,
3152 4565 3206 4612 et
3229 4559 3506 4626 excornis,

1913 4630 1979 4684 de
2011 4627 2252 4698 piscibus
2281 4625 2480 4698 placuit
2527 4623 2664 4698 feras
2699 4623 3132 4698 cogere,i_utique
3164 4627 3340 4682 statim
3397 4623 3500 4686 co-'

1904 4695 2151 4773 quendis,
2185 4707 2243 4754 ut
2271 4695 2322 4752 in
2355 4696 2654 4773 visceribus
2678 4711 2860 4750 earum
2890 4695 3087 4766 aliquid
3121 4699 3500 4773 dc_servqrum

1907 4767 2132 4828 suorum
2179 4770 2496 4840 corporibus
2541 4777 2596 4840 et
2630 4767 2754 4840 ipse
2792 4774 3070 4840 gustaret.
3109 4791 3128 4817 ι
3199 4771 3321 4826 Haec
3369 4771 3498 4827 illic.

1905 4845 2058 4914 Ergo
2089 4859 2200 4898 non
2235 4837 2358 4915 sine
2376 4855 2568 4915 caussa
2587 4839 2676 4915 hic
2695 4837 2841 4894 dicit
2858 4855 2871 4892 :
2893 4841 2962 4915 _Et
2993 4839 3243 4911 ipsorum
3271 4845 3504 4915 propria

1905 4911 2035 4988 gula
2067 4914 2389 4970 redhibente
2409 4932 2426 4974 ;
2449 4911 2702 4980 subaudi,
2735 4927 2855 4982 qum
2877 4912 3222 4968 devoraverat
3249 4911 3317 4970 de
3339 4911 3500 4970 carne

1907 4993 2159 5043 humana.

1977 5061 2090 5128 (23)
2127 5059 2332 5132 [ianos
2359 5055 2714 5132 ritetoricari.
2765 5052 2982 5132 Minime
3020 5054 3258 5132 libenter
3293 5056 3504 5132 antiqui

1906 5125 2086 5184 Patres
2118 5126 2470 5198 pltilOSOpllitB
2512 5134 2562 5180 et
2618 5125 2942 5196 eloquentiae
2990 5125 3133 5184 rivos
3186 5125 3494 5196 vertebant,

1905 5217 2040 5272 quos
2071 5200 2334 5272 modestia
2364 5215 2460 5252 sua
2499 5199 2864 5272 continebant,
2907 5213 2981 5272 ac_
2999 5209 3283 5272 propterea
3312 5203 3499 5260 Simon

1903 5269 2096 5345 magus
2125 5271 2202 5341 (II
2243 5273 2478 5345 Recogn.
2507 5271 2582 5345 ΔΒ.
2633 5269 2824 5345 Clem.)
2865 5281 2918 5345 et
2955 5269 3219 5345 Julianus,
3273 5283 3326 5328 et
3375 5275 3501 5329 Por-

1905 5341 2128 5416 phvv'ins
2161 5341 2988 5416 apudEusebium,objicieliant
3027 5341 3492 5416 Christianismu-

1905 5413 2162 5486 losophiae
2201 5425 2252 5470 et
2281 5414 2604 5486 eloquentia:
2637 5413 2989 5486 imperitiam;
3018 5415 3120 5486 sed
3147 5433 3304 5485 quam
3337 5414 3494 5469 falso-

1902 5483 2228 5544 convincunt
2283 5483 2695 5558 elegantissima,
2736 5493 2787 5539 et
2843 5483 3195 5558 disertissima
3251 5487 3488 5558 Patrum,

1903 5559 2198 5624 volumina,
2227 5560 2318 5628 qui
2355 5553 2424 5614 ab
2461 5555 2727 5612 haereticis
2767 5555 2938 5612 coacti
2967 5556 3128 5626 plena
3165 5555 3362 5610 ﬂuenta
3401 5553 3488 5610 fu-

1903 5630 2116 5688 derunt.
2147 5631 2276 5686 LAC.
