3972 6190
546 369 650 428 8’17

1256 361 1701 422 TERTULLIANI
1740 360 2005 422 OPERUM
2038 361 2203 422 PARS
2234 361 2304 422 ΙΙ.
2344 393 2413 403 -
2443 360 2663 421 SERIES
2702 361 2742 425 Ι,
2782 358 3121 420 POLEMICA.

3722 354 3839 416 858

508 507 767 567 ‘quoque
835 495 1130 562 provocant
1180 488 1438 553 hscretici,
1499 487 1640 542 sicut
1679 487 1834 542 etiam
1895 486 2135 558 philoso-
2168 501 2213 580 Α
2246 486 2393 558 prior
2422 488 2741 544 vocabulum
2772 485 3005 543 hominis
3032 479 3359 556 occupavit:
3396 485 3466 539 Et
3484 483 3656 553 ﬁnxit
3683 485 3842 540 Deus

541 582 718 657 phari.
762 580 939 636 Futile
974 586 1027 634 et
1074 577 1322 633 frivolum
1372 578 1496 633 illud
1539 577 1934 647 corpusculum,
1993 577 2133 649 quod

541 673 741 729 malum
798 668 1033 738 denique
1083 666 1204 738 (24)
1260 667 1536 739 appellare
1594 682 1699 723 non
1744 668 1985 733 horrent,
2035 665 2135 722 etsi

540 762 852 833 angelorum
944 756 1135 811 fuisset
1206 756 1465 824 operatio,
1556 764 1617 811 ut
1697 754 1988 810 Menandro
2080 762 2133 809 et

540 852 718 907 Marco
749 850 923 920 placet
979 844 1133 917 (25);
1192 844 1294 898 etsi
1351 843 1495 913 ignei
1544 842 1772 912 alicujus
1818 841 2129 905 exstructio,

539 955 691 1012 aeque
723 936 924 1011 angeli,
950 944 1006 990 ut
1035 933 1251 1006 Apelles
1287 932 1481 1003 docet;
1527 930 1798 987 sufﬁceret
1826 931 1891 985 ad
1948 937 2132 986 aucto-

538 1030 751 1085 ritatem
833 1024 1007 1082 carnis
1078 1021 1327 1077 secunda:
1388 1020 1682 1076 divinitatis
1749 1018 2127 1091 patrocinium.

538 1119 768 1195 angelos
806 1123 926 1187 post
964 1114 1135 1168 Deum
1174 1109 1445 1166 novimus.
1489 1110 1606 1163 Jam
1662 1122 1826 1173 nunc,
1888 1107 2133 1179 quisquis

535 1208 631 1264 ille
656 1222 900 1262 summus
946 1206 1091 1259 Deus
1130 1199 1369 1255 hmretici
1418 1200 1675 1271 cujusque
1734 1207 1835 1268 est,
1876 1212 1981 1252 non
2031 1196 2130 1251 im-

539 1298 729 1355 merito
773 1298 839 1352 ab
878 1295 996 1365 ipso
1026 1307 1238 1363 quoque
1284 1289 1608 1345 deducerem
1663 1287 1839 1344 carnis
1894 1287 2130 1359 dignita-

536 1396 664 1450 tem,
698 1404 728 1441 a
756 1402 866 1458 quo
886 1383 1131 1445 voluntas
1176 1380 1537 1453 producenda;
1583 1377 1632 1433 ei
1681 1376 1962 1433 adfuisset.
2012 1377 2126 1432 Uti-

534 1494 637 1551 que
689 1477 833 1532 enim
874 1472 1240 1545 prohibuisset
1277 1469 1410 1538 ﬁeri,
1456 1483 1617 1541 quam
1667 1466 1785 1522 fieri
1832 1467 2038 1533 scisset,
2080 1466 2124 1522 si

533 1567 657 1624 ﬁeri
704 1565 983 1623 noluisset.
1042 1564 1123 1619 Ita
1170 1568 1224 1616 et
1279 1560 1571 1616 secundum
1611 1556 1751 1625 illos,
1803 1571 1955 1628 aeque
1997 1571 2124 1612 caro

534 1658 637 1714 Dei
676 1674 784 1714 res.
824 1655 969 1711 Nihil
1018 1651 1199 1723 operis
1226 1664 1334 1704 non
1361 1648 1479 1716 ejus
1514 1652 1616 1716 est,
1648 1645 1742 1716 qui
1796 1660 1987 1715 passus
2042 1651 2125 1700 est

533 1764 675 1804 esse.
709 1747 847 1801 Bene
880 1750 1080 1806 autem,
1112 1739 1253 1810 quod
1296 1737 1479 1807 plures
1530 1740 1584 1790 et
1613 1734 1862 1789 duriores
1891 1748 2123 1805 quaeque

534 1836 794 1895 doctrinae
851 1841 1011 1888 totam
1059 1824 1295 1883 hominis
1351 1823 1719 1897 ﬁgulationem
1773 1823 1888 1877 Deo
1936 1832 2122 1877 nostro

536 1929 752 1984 cedunt.
801 1922 1046 1992 Quantus
1091 1916 1179 1972 hic
1227 1914 1319 1984 sit,
1378 1914 1506 1967 satis
1536 1912 1701 1981 nosti,
1751 1911 1846 1982 qui
1903 1913 2122 1967 unicum

532 2014 823 2073 credidisti.
883 2007 1109 2082 Incipiat
1168 2007 1278 2077 jam
1336 2002 1430 2058 tibi
1491 2017 1617 2058 caro
1670 2002 1905 2073 placere,
1965 2002 2123 2070 cujus

532 2106 722 2163 artifex
789 2109 969 2159 tantus
1027 2107 1127 2154 est.
1190 2095 1294 2151 Sed
1345 2105 1395 2149 et
1449 2093 1711 2162 mundus,
1772 2090 1972 2163 inquis,
2026 2089 2120 2144 Dei

532 2213 670 2267 Opus
710 2202 811 2265 est,
844 2201 897 2248 et
935 2198 1110 2244 tamen
1139 2186 1400 2259 praeterit
1431 2183 1651 2238 habitus
1685 2180 1852 2252 hujus
1898 2180 2119 2245 mundi,

531 2285 788 2357 Apostolo
833 2295 1047 2353 qquue
1094 2284 1312 2331 auctOre
1344 2275 1392 2341 (Ι
1446 2273 1567 2329 Cor.
1601 2272 1705 2339 vn)
1737 2287 1750 2323 :
1783 2285 1880 2324 nec
1918 2269 2121 2323 idcirco

532 2374 803 2433 restitutio
852 2369 1037 2426 mundi
1072 2363 1507 2436 prmjudicabitur
1554 2361 1621 2430 53,
1674 2359 1797 2430 quia
1846 2359 1940 2412 Dei
1985 2373 2122 2429 Opus

530 2476 631 2523 est.
686 2462 749 2517 Et
805 2459 989 2530 utique
1061 2454 1103 2508 si
1158 2449 1474 2509 universitas
1542 2446 1947 2503 irreformabilis
2001 2452 2126 2518 post

531 2557 829 2617 decessum,
894 2544 1025 2618 quid
1075 2542 1296 2614 portio?
1344 2539 1526 2605 Plane,
1575 2538 1623 2592 si
1677 2536 1850 2607 portio
1905 2536 2122 2591 univer-

531 2643 676 2702 sitati
752 2639 1085 2708 adsequatur.
1143 2631 1227 2687 Ad
1289 2628 1595 2684 distantiam
1651 2626 1792 2681 enim
1861 2639 2121 2697 provoca-

529 2752 668 2790 mus.
724 2730 906 2786 Primo
971 2723 1210 2796 quidem,
1268 2718 1414 2792 quod
1472 2715 1654 2774 omnia
1714 2730 1961 2771 sermone
2025 2715 2121 2769 Dei

528 2825 669 2880 facta
717 2826 862 2885 sunt,
892 2823 947 2873 et
992 2814 1108 2868 sine
1158 2812 1249 2866 illo
1290 2809 1444 2865 nihil.
1492 2808 1629 2863 Caro
1673 2814 1850 2861 autem
1906 2813 1959 2858 et
2002 2820 2120 2859 ser-

528 2926 689 2968 mone
738 2906 837 2962 Dci
888 2901 1127 2959 constitit
1170 2907 1383 2971 propter
1432 2895 1679 2963 formam,
1729 2910 1797 2950 ne
1832 2893 1958 2966 quid
2005 2893 2122 2949 sine

528 3013 777 3056 sermone
805 3012 817 3049 :
850 2994 1149 3050 Faciamus
1185 2989 1327 3044 enim
1343 2987 1647 3054 hominem,
1681 2994 1804 3041 ante
1833 2982 2113 3057 prmmisit,

528 3092 595 3147 Et
642 3085 892 3158 amplius,
944 3097 1127 3150 manu,
1174 3084 1399 3149 prepter
1446 3074 1835 3145 praelationem,
1886 3089 1953 3128 ne
2007 3072 2123 3164 uni-
2155 3086 2197 3164 ε

526 3178 762 3237 versitati
794 3177 1214 3244 compararetur.
1249 3170 1320 3223 Et
1348 3167 1542 3236 ﬁnxit,
1589 3164 1779 3236 inquit,
1827 3165 1970 3220 Deus
2027 3162 2123 3218 ho-

519 3272 756 3328 minem.
806 3264 1015 3336 Magnae
1050 3259 1168 3314 sine
1222 3254 1391 3312 dubio
1441 3254 1761 3310 differentiae
1816 3254 1971 3317 ratio,
2020 3266 2118 3322 pro

520 3357 833 3416 conditione
868 3350 1064 3408 scilicet
1101 3361 1301 3403 rerum.
1351 3342 1561 3399 Minora
1587 3343 1730 3397 enim
1768 3355 1890 3413 quas
1922 3339 2120 3396 fiebant

516 3465 582 3507 eo
612 3448 700 3507 cui
732 3446 952 3501 fiebant.
984 3437 1263 3511 Siquidem
1310 3432 1517 3491 homini
1558 3430 1777 3501 ﬁebant,
1808 3430 1896 3487 cui
1931 3446 2059 3487 mox
2087 3446 2117 3485 a

518 3541 633 3595 Deo
663 3535 875 3592 addicta
917 3540 1058 3587 sunt.
1104 3527 1294 3584 Merito
1327 3525 1511 3597 igitur,
1544 3532 1605 3579 ut
1634 3520 1851 3589 famula,
1876 3520 2032 3590 jussu
2063 3528 2117 3576 et

518 3628 747 3697 imperio
793 3622 925 3695 (26),
976 3626 1030 3674 et
1072 3617 1189 3673 sola
1234 3613 1465 3673 vocabili
1504 3613 1553 3650 ⁵4
1601 3618 1864 3682 potestate
1891 3610 2112 3668 univer-

515 3732 573 3771 sa
632 3717 1018 3786 processerant.
1076 3708 1295 3773 Contra,
1355 3706 1539 3772 homo,
1597 3707 1657 3755 ut
1706 3698 1957 3755 dominus
2016 3713 2111 3756 eo-

515 3820 654 3870 rum,
695 3803 751 3857 in
797 3803 901 3855 hoc
965 3798 1031 3852 ab
1073 3796 1194 3867 ipso
1253 3796 1369 3849 Deo
1412 3797 1716 3847 exstructus
1768 3798 1871 3855 est,
1912 3798 1971 3845 ut
2015 3788 2111 3845 do-

513 3893 694 3948 minus
721 3905 844 3948 esse
873 3893 1081 3962 posset,
1112 3885 1237 3940 dum
1269 3884 1337 3938 sit
1365 3900 1396 3938 a
1431 3879 1689 3937 Domino.
1720 3876 1887 3935 802
1917 3877 2113 3934 Homi-

516 3999 641 4039 nem
701 3987 881 4038 autem
944 3980 1214 4034 memento
1263 3987 1476 4029 carnem
1520 3970 1741 4043 pr0prie
1794 3969 1920 4039 dici,
1985 3983 2108 4040 quae

2249 577 2535 632 hominem
2559 577 2763 633 limum
2789 577 2853 634 de
2876 582 3051 633 terra.
3082 575 3197 630 Iam
3226 574 3411 642 homo,
3445 572 3533 644 qui
3564 572 3733 628 adhuc
3752 572 3839 626 li-

2242 682 2383 721 mus.
2419 670 2487 723 Et
2518 668 2839 738 insufﬂauit
2890 668 2951 722 in
2998 667 3203 736 faciem
3240 666 3363 735 ejus
3421 663 3633 733 ﬂatum
3664 664 3841 729 vitta;

2242 763 2293 812 et
2321 758 2510 826 factus
2546 760 2629 813 est
2677 756 2856 824 homo,
2887 754 2938 808 id
2984 762 3068 808 est
3107 751 3268 806 limus
3295 750 3433 822 (27),
3477 754 3536 807 in
3576 752 3843 806 animum

2240 846 2446 901 vivam.
2479 846 2556 901 Et
2588 847 2778 918 posuit
2809 847 2951 901 Deus
2980 844 3286 907 hominem,
3334 858 3493 914 quem
3541 841 3733 909 ﬁnxit,
3773 842 3843 895 in

2235 933 2521 1006 paradiso.
2581 936 2732 990 Adeo
2783 935 2946 989 homo
3004 931 3321 1004 figmentum
3378 930 3570 1001 primo,
3637 928 3843 984 dehinc

2236 1029 2403 1079 totus.
2445 1023 2558 1077 Hoc
2613 1036 2678 1076 eo
2728 1020 3169 1084 commendarim,
3223 1018 3300 1072 uti
3329 1016 3589 1090 quidquid
3643 1016 3839 1072 omni-

2238 1126 2308 1167 no
2340 1112 2544 1167 homini
2577 1128 2605 1166 a
2638 1112 2751 1167 Deo
2796 1120 3139 1182 prospectum
3167 1116 3328 1180 atque
3361 1108 3682 1179 promissum
3720 1114 3837 1172 est,

2238 1215 2353 1256 non
2420 1200 2521 1256 soli
2575 1202 2784 1267 animae,
2842 1216 3025 1257 verum
3078 1206 3131 1253 et
3184 1198 3327 1255 carni
3376 1197 3514 1253 scias
3550 1197 3838 1265 debitum;

2236 1297 2295 1344 ut
2332 1289 2374 1344 si
2404 1304 2510 1346 non
2546 1306 2611 1346 ex
2641 1290 2918 1346 consortio
2956 1287 3192 1365 generis,
3240 1296 3385 1345 certe
3428 1285 3513 1343 vel
3567 1300 3632 1343 ex
3662 1284 3843 1357 privi-

2228 1378 2383 1452 legio
2410 1379 2664 1434 nominis.

2852 1522 3081 1579 CAPUT
3119 1522 3211 1579 VI.

2303 1646 2602 1719 Persequar
2647 1645 2832 1717 itaque
2877 1644 3245 1718 pr0positum;
3309 1644 3355 1701 si
3411 1653 3583 1703 tamen
3627 1652 3841 1701 tantum

2233 1734 2432 1808 possim
2464 1735 2610 1792 carni
2647 1734 2940 1803 vindicare,
2987 1740 3249 1807 quantum
3309 1735 3539 1791 contulit
3596 1734 3685 1791 ille
3742 1733 3841 1806 qui

2232 1841 2349 1880 eam
2381 1824 2525 1891 fecit,
2556 1825 2665 1894 jam
2698 1831 2825 1880 tunc
2853 1823 3194 1897 gloriantem,
3234 1824 3384 1896 quod
3415 1824 3505 1879 illa
3537 1822 3838 1896 pusillitas,

2231 1913 2392 1969 limus
2422 1914 2476 1968 in
2506 1929 2697 1970 manus
2726 1914 3204 1986 Dei,quascunque
3226 1919 3372 1980 sunt,
3408 1913 3681 1985 pervenit,
3704 1914 3842 1970 satis

2230 2004 2442 2072 beatus,
2486 2004 2587 2059 etsi
2643 2004 2984 2059 solummodo
3026 2010 3323 2059 contactus.
3373 2003 3517 2072 Quid
3569 2004 3744 2075 enim,
3793 2002 3842 2060 si

2231 2094 2377 2149 nullo
2408 2092 2638 2164 amplius
2667 2108 2848 2164 opere,
2876 2091 3056 2146 statim
3095 2092 3417 2165 ﬁgmentum
3456 2092 3525 2147 de
3574 2100 3841 2149 contactu

2229 2184 2326 2238 Dei
2357 2183 2723 2239 constitisset?
2750 2182 2901 2237 Adeo
2932 2198 3128 2254 magna
3159 2199 3248 2238 res
3274 2184 3556 2255 agebatur,
3588 2198 3693 2255 qua
3734 2185 3843 2238 ista

2234 2273 2449 2327 materia
2513 2271 2911 2327 exstruebatur.
2985 2272 3170 2345 Itaque
3246 2272 3443 2328 totiens
3499 2272 3836 2342 honoratur,

2229 2360 2481 2433 quatiens
2508 2377 2698 2417 manus
2726 2361 2825 2417 Dei
2859 2360 3079 2432 patitur,
3112 2362 3240 2417 dum
3271 2361 3529 2434 tangitur,
3564 2361 3699 2417 dum
3742 2364 3841 2418 de-

2231 2450 2484 2522 cerpitur,
2515 2451 2641 2505 dum
2690 2450 2999 2517 deducitur,
3041 2451 3173 2506 dum
3227 2450 3519 2523 efﬁngitur.
3568 2450 3842 2526 Recogita

2232 2547 2401 2595 totum
2432 2538 2507 2593 illi
2555 2539 2729 2595 Deum
2777 2547 3100 2611 occupatum
3137 2555 3199 2596 ac
3245 2539 3481 2596 deditum
3513 2539 3584 2605 55,
3643 2556 3837 2611 manu,

2231 2644 2617 2700 sensu,opere,
2658 2628 2908 2699 consilio,
2933 2628 3218 2702 sapientia,
3239 2629 3601 2700 providentia,
3628 2641 3685 2687 et
3718 2633 3842 2703 ipsa

2231 2717 2496 2791 imprimis
2552 2716 2865 2788 affectione,
2933 2735 3053 2792 qum
3108 2720 3431 2776 lineamenta
3473 2720 3715 2777 ducebat
3764 2721 3834 2777 ⁵6.

2230 2807 2600 2881 Quodcunque
2656 2811 2799 2865 enim
2881 2808 3045 2865 limus
3102 2809 3519 2882 exprimebatur,
3576 2811 3836 2869 Christus

2230 2898 2568 2971 cogitabatur
2614 2898 2777 2954 homo
2818 2897 3045 2965 futurus,
3074 2899 3218 2971 quod
3260 2906 3315 2956 et
3362 2898 3539 2965 limus,
3588 2908 3644 2956 et
3703 2917 3834 2958 caro

2228 3001 2407 3043 sermo
2436 2986 2506 3058 57,
2534 2988 2679 3061 quod
2703 2996 2755 3043 et
2786 2995 2926 3043 terra
2955 2996 3080 3045 tunc
3111 2989 3245 3060 (28).
3284 2988 3373 3044 Sic
3396 2989 3541 3045 enim
3584 2990 3835 3060 praefatio

2228 3076 2401 3132 Patris
2426 3077 2491 3132 ad
2522 3078 2717 3134 Filium
2750 3096 2763 3133 :
2789 3080 3087 3135 Faciamus
3120 3079 3404 3138 hominem
3421 3080 3495 3134 ad
3518 3082 3832 3153 imaginem

2235 3171 2291 3222 et
2319 3168 2762 3225 similitudinem
2786 3172 3065 3225 nostram.
3092 3171 3161 3224 Et
3187 3169 3329 3240 fecit
3352 3170 3640 3227 hominem
3655 3174 3831 3229 Deus.

2232 3254 2298 3310 Id
2338 3258 2525 3328 utique
2557 3256 2700 3328 quod
2741 3256 2913 3323 ﬁnxit,
2945 3257 3009 3311 ad
3044 3258 3341 3331 imaginem
3368 3258 3470 3313 Dei
3504 3258 3629 3316 fecit
3650 3262 3829 3332 illum,

2226 3344 2431 3400 scilicet
2459 3344 2679 3399 Christi.
2712 3346 2779 3400 Et
2806 3343 2994 3401 Sermo
3024 3345 3165 3400 enim
3190 3346 3354 3413 Deus,
3392 3347 3487 3420 qui
3542 3348 3598 3403 in
3638 3349 3831 3420 efﬁgie

2225 3432 2326 3486 Dei
2374 3432 2720 3500 constitutus,
2770 3447 2879 3488 non
2930 3433 3169 3503 rapinam
3197 3434 3524 3491 existimavit
3550 3439 3832 3507 periuri“

2224 3522 2340 3579 Deo
2362 3522 2496 3592 (29).
2529 3522 2605 3578 Ita
2634 3522 2796 3579 limus
2826 3523 2937 3589 ille,
2965 3524 3079 3594 jam
3110 3531 3237 3581 tunc
3267 3523 3560 3595 imaginem
3589 3524 3832 3583 induens

2225 3610 2422 3666 Christi
2458 3611 2621 3667 futuri
2667 3610 2720 3665 in
2760 3626 2940 3679 carne,
2982 3628 3095 3667 non
3142 3620 3347 3671 tantum
3380 3613 3478 3669 Dei
3504 3629 3639 3685 opus
3684 3626 3826 3681 erat,

2221 3698 2318 3754 sed
2349 3707 2402 3755 et
2432 3699 2650 3774 pignus.
2683 3700 2800 3771 Quo
2832 3716 2974 3756 nunc
3020 3699 3163 3769 facit,
3198 3702 3263 3756 ad
3295 3700 3669 3758 infuscandam
3706 3705 3827 3761 ori-

2221 3786 2403 3860 ginem
2433 3787 2629 3855 carnis,
2663 3803 2860 3844 nomen
2885 3796 3046 3844 terra:
3079 3789 3359 3860 ventilare,
3391 3788 3569 3846 803
3610 3804 3671 3847 ut
3693 3808 3825 3850 sor—

2218 3877 2419 3946 dentis,
2442 3885 2501 3933 ut
2527 3880 2757 3949 jacentis
2794 3878 3097 3935 elementi?
3124 3894 3249 3935 cum
3298 3879 3401 3935 etsi
3455 3879 3560 3936 alia
3597 3882 3829 3940 materia

2217 3968 2552 4024 excludendo
2583 3969 2633 4009 59
2660 3968 2870 4027 homini
2898 3968 3245 4043 competisset
3276 3969 3497 4028 artiﬁcis
3541 3969 3826 4048 fastigium

1910 4056 2104 4121 Variae
2172 4062 2461 4122 lectiones

588 4182 637 4223 53
682 4175 1070 4249 Praejudicatur
1098 4166 1572 4249 Rhen._§4ﬂVocali
1600 4170 1778 4249 Pam;
1794 4163 1982 4249 Rhen;
2008 4165 2056 4203 ⁵⁵
2084 4164 2401 4249 Βςρξςειῐιιξη
2430 4164 2605 4224 Rhen.
2641 4165 2811 4249 Semt.
2839 4164 2894 4249 f5
2919 4166 3180 4222 Ductabat
3222 4169 3382 4225 Pam.
3424 4171 3606 4249 ’ξπ-αξξ
3640 4170 3823 4249 getae.

510 4256 605 4314 bat
649 4237 825 4311 Rhen'.
858 4247 1091 4303 dictabat
1120 4244 1244 4303 alii.
1278 4241 1325 4281 57
1358 4240 1548 4297 Sermo
1578 4254 1701 4295 caro
1731 4239 1907 4294 Fran.
1938 4239 2099 4293 Pam.
2132 4237 2182 4276 ⁵8
2208 4239 2305 4293 Par
2334 4238 2510 4295 Rhen.
2552 4237 2705 4311 paria
2757 4238 2943 4297 Geten.
2982 4254 3166 4311 parem
3213 4255 3332 4297 esse
3378 4240 3505 4298 alii.
3551 4241 3604 4281 59
3638 4240 3836 4299 Excu-

513 4328 691 4385 dendo
720 4324 895 4382 Rhen.

1951 4405 2449 4472 Commentarius.

585 4524 699 4595 (24)
733 4513 1160 4595 Corpusculum,
1194 4508 1342 4595 gu_o_d
1388 4508 1614 4595 malum
1648 4505 2108 4595 ideniqueli’uto

517 4578 781 4653 auctorem
827 4578 1099 4661 respicere
1142 4578 1221 4661 ad'
1260 4580 1546 4637 Marcionis
1600 4578 1871 4661 haeresim;
1906 4579 2107 4661 quippe

520 4648 635 4742 iiii;
650 4648 721 4721 ίέο
752 4664 879 4742 ipso.
900 4648 1005 4732 duo
1025 4656 1257 4742 dicabat:
1280 4648 1974 4742 assesasses?
2002 4648 2108 4742 999

522 4720 1104 4796 eltne'xima‘teria-mala,
1139 4720 1396 4781 ἱῐιάίτοοίέ
1425 4720 1783 4796 εοηοὶυάθδθί
1809 4720 1969 4774 etiam
1998 4734 2113 4774 cor-

519 4795 626 4882 pus
664 4810 867 4863 malum
896 4819 1034 4859 esse.
1068 4801 1272 4882 Y‘erun‘i
1302 4795 1540 4882 apertius
1576 4809 1700 4849 eum
1734 4806 1975 4846 errorem
2004 4805 2111 4862 po-

517 4868 634 4937 stea
690 4879 858 4933 secuti
914 4884 1038 4929 sunt
1072 4868 1374 4924 Manichaei.
1410 4868 1551 4922 PAM.

588 4934 696 5022 (25)
734 4952 797 5008 Ut
830 4944 1124 5004 Menandro
1150 4941 1423 5022 'et‘Mareo
1444 4940 1653 5022 placet.
1687 4934 1926 5006 Angelos
1947 4949 2109 5022 mun-

517 5011 647 5078 du‘m
679 5011 915 5087 creasse,
950 5027 1003 5073 et
1046 5012 1273 5088 proinde
1322 5011 1482 5067 etiam
1521 5011 1810 5088 humanam
1868 5021 2107 5073 carnem,

515 5092 796 5151 Menandri
826 5090 923 5145 fuit
953 5105 1071 5144 Cum
1095 5087 1315 5160 Simone
1346 5097 1504 5160 mago
1540 5096 1639 5136 suo
1670 5087 1925 5160 magistro
1955 5092 2109 5160 com-

515 5150 695 5221 munis
726 5165 963 5226 hzeresis,
994 5159 1148 5215 sicuti
1180 5171 1347 5227 supra
1377 5150 1563 5211 videre
1591 5162 1671 5207 est
1703 5150 1796 5207 lib.
1848 5150 1912 5205 de
1948 5151 2107 5204 Prw-

516 5242 711 5311 script.
745 5232 1343 5311 adversushcereticos,
1374 5243 1493 5310 cap.
1528 5229 1615 5307 4t}.
1645 5227 1831 5311 Paul
1867 5293 1917 5311 Lf

587 5291 697 5383 (2‘67)
732 5311 795 5365 Ut
827 5306 1075 5383 famula,
1090 5305 1262 5383 jussu
1291 5291 1632 5383 etimperio.
1667 5293 1953 5383 Acuta
1981 5291 2108 5383 Ter:

513 5372 790 5447 tullianus,
827 5372 996 5450 'quasi
1030 5372 1138 5445 jam
1180 5382 1306 5450 tunc
1358 5374 1413 5426 in
1452 5385 1630 5450 rerum
1686 5372 1956 5450 creatione
2007 5377 2106 5450 eas

689 5435 1059 5527 inauguraret",
1093 5463 1187 5527 seu
1216 5444 1510 5527 instrueret
1540 5442 1685 5527 Deus
1712 5435 2105 5527 Βρ-

512 5507 958 5595 ἰῖιῖιῖἷδῖιηρὲτὶρ.
1002 5507 1067 5575 Et
1106 5518 1265 5588 jussu
1314 5515 1449 5571 facta
1496 5518 1649 5595 sunt;
1702 5523 1882 5595 secus.
1912 5507 2079 5595 homo

512 5546 673 5582 Πιιηιδ
707 5546 958 5595 ιιιῳυηυ.
1002 5546 1067 5575 nl.
1106 5546 1265 5588 Juaau
1314 5546 1449 5571 suum
1496 5546 1649 5595 D.uuli,
1702 5546 1869 5590 'Duvua
1918 5546 2099 5631 μνιιινᾶ

512 5599 606 5667 qui
633 5598 887 5652 dominus
914 5593 1350 5667 futurus,_e_sset,
1384 5602 1493 5641 non
1524 5596 1751 5667 imperio
1783 5580 2099 5667 factusis‘g

510 5651 578 5722 ἑά
604 5670 892 5739 imaginem
921 5664 1048 5733 Dei,
1084 5651 1177 5735 qui
1205 5651 1473 5729 immersus
1512 5651 1615 5726 est,
1648 5666 1896 5709 summus
1926 5651 2102 5706 factus

2219 4511 2304 4581 est
2334 4504 2401 4558 ab
2436 4503 2554 4581 ipso
2595 4503 2849 4581 Domino.
2894 4503 3032 4581 Nam
3072 4520 3192 4563 esse
3234 4505 3523 4581 imaginem
3573 4507 3674 4564 Dei
3715 4510 3829 4566 ho-

2218 4578 2440 4646 minem,
2466 4577 2629 4648 juxta
2651 4575 2864 4648 aliquos
2894 4578 3092 4648 Patres,
3134 4581 3187 4632 in
3218 4575 3395 4634 rerum
3433 4581 3679 4635 omnium
3722 4582 3827 4635 im-

2219 4649 2370 4719 perio
2388 4648 2559 4721 stetit.
2592 4647 2843 4721 Isidorus
2866 4649 3043 4705 Pelus.
3070 4647 3163 4704 lib.
3197 4664 3279 4714 III,
3309 4649 3467 4721 epist.
3521 4654 3611 4706 95.
3642 4652 3786 4709 Lac.

2293 4720 2404 4788 (27)
2431 4720 2618 4782 Homo,
2643 4719 2701 4773 id
2720 4724 2804 4776 est
2828 4720 3014 4777 limus.
3056 4740 3077 4769 ν
3114 4721 3306 4788 Adam,
3344 4719 3524 4785 homo,
3561 4726 3683 4779 sive
3713 4734 3827 4779 ter-

2223 4805 2411 4855 renus,
2443 4799 2534 4845 aut
2558 4788 2841 4865 indigena,
2874 4792 2954 4865 vel
2997 4799 3137 4847 terra
3182 4792 3362 4865 rubra,
3399 4813 3421 4844 ι
3458 4793 3531 4849 ait
3583 4795 3643 4852 Β.
3686 4797 3820 4850 Hie-

2221 4876 2499 4929 ronymus,
2534 4861 2599 4915 de
2622 4861 2777 4919 Nom.
2800 4863 2955 4918 Hebr.
2989 4865 3126 4917 Enn.

2288 4934 2406 5001 (28)
2430 4932 2688 4988 Christus
2703 4934 3052 5005 cogitabatur
3068 4937 3225 4990 homo
3245 4937 3490 5004 futurus
3549 4937 3656 4993 uod
3678 4943 3737 4994 et
3765 4938 3827 4992 li-

2288 5020 2363 5062 us.
2395 5006 2449 5060 et
2476 5021 2606 5062 caro
2625 5020 2823 5062 sermo.
2850 5007 2990 5062 ouod
3019 5010 3073 5061 et
3106 5010 3257 5062 terra
3297 5011 3456 5062 tunc.
3492 4954 3621 5062 lyaeo
3648 5024 3824 5062 aner—

2216 5020 2363 5078 mus,
2395 5006 2606 5078 et_caro
2625 5020 2823 5078 sermo.
2850 5007 3073 5078 quodet
3106 5010 3257 5063 terra
3297 5011 3456 5062 tunc.
3492 5006 3621 5063 Haec
3648 5024 3824 5078 aper-

2220 5075 2354 5129 tiora
2383 5074 2630 5131 Videntur
2660 5074 3097 5131 distinctionibus
3135 5078 3409 5142 adhibitis,
3444 5089 3501 5133 ut
3530 5080 3586 5134 in
3623 5074 3827 5135 exem-

2217 5147 2353 5215 plari
2386 5147 2665 5203 Pithmano
2698 5165 2711 5201 :
2759 5168 2784 5198 α
2819 5147 3059 5204 Christus
3107 5149 3453 5219 cogitabatur
3492 5152 3662 5207 homo
3731 5151 3828 5205 fu-

2218 5225 2370 5344 turus
2398 5220 2544 5345 qugd
2574 5226 2627 5274 et
2653 5219 2815 5274 limus
2850 5230 2903 5275 et
2937 5235 3089 5290 caro;
3139 5236 3319 5276 sermo
3358 5223 3504 5292 quod
3556 5233 3613 5277 et
3674 5230 3829 5277 terra

2239 5304 2359 5345 unc.
2400 5309 2423 5339 ι
2506 5306 2587 5344 re.

2214 5298 2359 5345 tunc.
2400 5309 2423 5339 ι
2457 5298 2587 5345 Κιῦ.

2285 5360 2401 5441 (29)
2421 5361 2841 5441 your-umnam
2870 5362 3224 5441 existimavit
3252 5364 3478 5441 pariam
3506 5366 3641 5422 Deo.
3686 5363 3830 5441 Nam

2212 5431 2314 5508 Dei
2336 5443 2389 5487 et
2420 5431 2652 5508 Domini,
2686 5434 2788 5508 hoc
2820 5439 2923 5508 _est
2960 5434 3132 5508 Patris
3160 5445 3215 5508 et
3252 5431 3399 5504 Filii,
3433 5452 3500 5490 ex
3530 5450 3701 5508 ieun
3740 5436 3837 5487 di-

2211 5506 2402 5576 vinitas
2442 5512 2544 5576 est,
2588 5502 3041 5576 inquitGregor.
3082 5505 3312 5561 Baeticus
3364 5502 3458 5561 lib.
3515 5502 3618 5565 ἄρ’
3646 5505 3834 5569 Fide;

2212 5574 2622 5651 deinde_ad_jicit
2655 5592 2670 5651 :_
2702 5574 2797 5629 Dei
2828 5574 2971 5629 enim
3004 5576 3251 5651 voluntas
3278 5586 3332 5634 et
3358 5579 3687 5651 cujuslibet,
3721 5593 3823 5633 non

2209 5653 2388 5703 tamen
2414 5645 2535 5716 Dei,
2556 5646 2766 5717 pariare
2799 5660 2908 5701 non
2938 5658 3136 5718 potest.
3178 5649 3298 5705 ltro.
