3972 6190
226 340 325 400 849

1256 348 1454 411 LIBER
1511 347 1595 409 DE
1634 344 2174 410 RESURREC’I‘IONE
2211 345 2473 408 CARNIS.

3397 352 3508 412 850

223 463 501 538 recogitari
543 473 840 539 oporteret,
863 467 954 539 qui
985 468 1135 526 illam
1163 481 1216 529 et
1235 473 1286 514 δο
1312 475 1564 552 eligendo
1591 475 1814 548 dignam
1842 490 1889 569 Α
1923 490 2137 531 carnem
2165 474 2215 514 ⁷⁸
2244 472 2616 546 recognoverit
2646 473 2722 528 υτ
2764 476 2875 530 Hoc
2913 490 3066 530 nunc
3093 492 3152 532 os
3187 493 3262 533 ea:
3290 478 3503 536 ossibus

218 554 524 626 judicasset,
555 561 608 610 et
636 557 912 612 tractando
943 557 1180 617 fecisset.
1218 562 1422 620 Phidiae
1469 579 1662 619 manus
1697 564 1800 620 Jo-

220 659 335 702 νθω
370 641 678 714 Olympium
699 660 764 700 ex
803 647 966 703 8b0re
1003 647 1119 719 (30)
1153 651 1370 720 molitae,
1408 653 1703 708 adorantur
1729 652 1798 723 5‘,

219 750 314 790 nec
343 735 454 805 jam
484 732 690 804 bestiae,
723 741 774 788 et
814 734 1037 806 quidem
1074 737 1468 808 insulsissimae,
1501 742 1638 797 deus
1696 751 1798 807 est,

219 823 308 879 sed
346 837 616 876 summum
653 823 840 878 saeculi
869 841 1100 895 numen;
1142 844 1254 884 non
1296 830 1422 904 quia
1459 831 1795 901 elephantus,

218 911 306 968 sed
336 911 461 983 quia
499 911 715 967 Phidias
751 919 964 969 tantus:
1000 915 1149 971 Deus
1178 917 1356 984 vivus,
1379 927 1431 976 et
1450 920 1596 974 Deus
1616 935 1797 991 verus,

217 1017 598 1074 quamcumque
617 1001 851 1058 materiae
873 1003 1126 1059 vilitatem
1148 1022 1258 1062 non
1277 1007 1346 1063 de
1369 1024 1465 1066 sua
1483 1009 1799 1078 operatione

216 1097 512 1164 purgasset,
541 1098 596 1146 et
623 1091 692 1146 ab
721 1090 868 1147 omni
908 1091 1218 1152 inﬁrmitate
1253 1105 1496 1154 sanasset
1515 1097 1544 1153 ‘2
1572 1100 1657 1152 An
1693 1098 1799 1154 hoc

215 1179 496 1250 supererit,
536 1188 597 1235 ut
638 1181 915 1259 honestius
951 1184 1116 1240 homo
1154 1186 1346 1257 Deum,
1394 1202 1556 1259 quam
1612 1186 1796 1242 homi-

214 1284 327 1325 nem
354 1269 503 1324 Deus
523 1268 736 1325 ﬁnxerit
753 1253 793 1324 τ’
805 1271 980 1338 Nunc,
1011 1271 1112 1328 etsi
1143 1253 1456 1331 scandalum
1485 1275 1668 1342 limus,
1691 1276 1796 1332 alia

207 1357 308 1427 jam
353 1373 442 1412 res
487 1365 588 1412 est.
635 1357 862 1412 Carnem
896 1360 1008 1428 jam
1038 1369 1216 1429 teneo,
1261 1379 1369 1419 non
1409 1373 1631 1419 terram:
1672 1363 1796 1420 licet

214 1452 263 1501 et
295 1445 344 1483 62
371 1460 497 1500 caro
526 1445 726 1511 audiat,
765 1448 930 1503 Terra
958 1464 1036 1520 es,
1055 1455 1111 1506 et
1139 1454 1202 1506 ia
1234 1457 1449 1509 terram
1477 1454 1612 1521 ibis;
1636 1453 1790 1524 origo

211 1540 533 1599 recensetur,
548 1549 656 1589 non
677 1536 975 1592 substantia
1006 1542 1518 1597 revocatur.Datum
1551 1551 1634 1598 est
1665 1558 1786 1597 esse

209 1620 403 1694 aliquid
423 1622 473 1661 53
491 1622 702 1694 origine
721 1626 1060 1696 generosius,
1084 1636 1137 1684 et
1162 1630 1530 1686 demutatione
1551 1630 1788 1688 felicius.

208 1711 339 1766 Nam
378 1720 430 1766 et
457 1728 649 1782 aurum
681 1719 838 1781 terra,
859 1715 984 1787 quia
1012 1716 1081 1772 de
1105 1725 1276 1788 terra;
1309 1721 1572 1776 hactenus
1601 1727 1782 1775 tamen

210 1805 382 1854 terra:
413 1816 478 1855 ex
507 1815 614 1872 quo
650 1817 860 1869 aurum,
902 1804 1062 1877 longe
1111 1807 1214 1862 alia
1249 1809 1495 1874 materia,
1540 1809 1787 1880 splendi-

211 1887 331 1944 dior
355 1896 509 1960 atque
542 1889 796 1957 nobilior,
821 1891 888 1948 de
925 1894 1249 1952 obsoletiore
1278 1898 1329 1936 64
1363 1897 1610 1953 matrice.
1640 1898 1718 1953 Ita
1737 1905 1791 1953 et

209 1976 326 2034 Deo
368 1976 534 2043 licuit,
574 1979 752 2035 carnis
792 1994 1006 2048 aurum,
1059 1983 1127 2038 de
1174 1983 1307 2052 limi,
1361 1985 1561 2058 quibus
1609 1993 1786 2058 putas,

201 2065 452 2122 sordibus
479 2074 735 2125 excusato
763 2084 951 2140 censu,
984 2071 1258 2143 eliquasse
1295 2074 1434 2146 (3t).

804 2157 1031 2217 CAPUT
1068 2162 1182 2219 VII.

271 2243 378 2300 Sed
405 2243 456 2282 6⁵
500 2245 723 2302 dilutior
767 2246 1018 2306 videatur
1065 2249 1354 2308 auctoritas
1416 2253 1614 2321 carnis,
1661 2251 1789 2325 quia

200 2347 304 2387 non
335 2331 512 2404 ipsam
542 2335 760 2406 pr0prie
797 2351 992 2393 manus
1021 2337 1201 2394 divina
1239 2340 1500 2406 tractavit,
1541 2339 1677 2395 sicut
1714 2340 1787 2395 li-

198 2438 365 2478 mum.
397 2421 627 2490 Quando
658 2423 711 2478 in
759 2424 860 2480 hoc
910 2427 1148 2482 tractavit
1194 2427 1402 2496 limum,
1453 2435 1511 2483 ut
1551 2438 1790 2499 postmo-

197 2510 322 2565 dum
363 2525 492 2566 caro
519 2508 671 2566 ﬁeret
708 2527 774 2566 ex
804 2511 954 2579 limo,
988 2514 1162 2570 carnis
1188 2515 1239 2554 66
1279 2515 1461 2587 utique
1510 2515 1787 2587 negotium

197 2602 388 2676 gessit.
420 2599 526 2656 Sed
556 2601 729 2658 adhuc
758 2603 918 2658 velim
946 2603 1140 2677 discas,
1172 2607 1389 2677 quando
1417 2613 1469 2660 et
1515 2604 1786 2676 quomodo

196 2691 246 2730 ⁵⁷
283 2705 410 2747 caro
455 2689 696 2746 ﬂoruerit
739 2691 792 2730 6⁸
837 2708 899 2748 ex
939 2693 1085 2748 limo.
1116 2694 1304 2766 Neque
1352 2693 1517 2760 enim,
1562 2701 1620 2747 ut
1675 2691 1788 2762 qui-

195 2779 320 2835 dam
344 2779 552 2852 volunt,
575 2781 683 2836 illae
701 2780 926 2851 pelliciae
954 2783 1004 2822 69
1023 2783 1238 2855 tunicae,
1253 2800 1385 2856 quas
1411 2786 1587 2840 Adam
1613 2780 1782 2838 θυι

193 2877 249 2926 et
305 2870 440 2936 Eva,
486 2869 794 2942 paradisum
856 2871 1023 2941 exuti,
1073 2871 1385 2943 induerunt,
1434 2873 1568 2945 ipsae
1625 2881 1784 2930 erunt

191 2958 370 3015 carnis
401 2975 474 3014 ex
502 2957 633 3014 limo
661 2959 968 3016 reformatio
998 2960 1148 3032 (32);
1179 2977 1305 3018 cum
1336 2962 1608 3034 aliquanto
1628 2965 1785 3033 prius

1919 566 2076 632 meis,
2109 568 2168 642 et
2195 581 2324 622 caro
2351 580 2422 620 ea:
2453 579 2626 620 carae
2654 580 2822 632 mea;
2851 572 2905 618 et
2935 563 3052 633 ipsa
3077 565 3334 622 delibatio
3363 584 3501 622 mas-

1908 653 2014 710 culi
2044 654 2101 710 in
2158 654 2413 711 feminam
2470 670 2632 709 carne
2686 654 2933 725 suppleta
2983 653 3070 720 sit,
3103 653 3252 725 limo,
3284 656 3504 726 Opinor,

1906 744 2228 814 supplenda,
2256 744 2301 798 si
2331 743 2499 799 Adam
2535 743 2710 797 adhuc
2751 741 2926 796 limus.
2967 740 3299 796 Obliteratus
3331 744 3501 815 igitur

1908 839 1961 887 et
1991 833 2281 889 devoratus
2326 838 2409 887 est
2444 832 2606 886 limus
2649 831 2706 885 in
2746 845 2984 885 carnem.
3034 828 3308 899 Quando?
3362 831 3517 890 Cum:

1907 918 2082 976 factus
2120 931 2202 977 est
2254 923 2418 976 homo
2455 920 2511 974 in
2557 919 2790 974 animam
2843 918 3038 987 vivam,
3080 917 3148 973 de
3187 917 3287 974 Dei
3343 920 3494 987 ﬂatu,

1902 1023 2103 1079 vapore
2129 1009 2179 1048 73
2226 1009 2430 1065 scilicet
2449 1009 2644 1064 idoneo
2664 1009 2714 1046 ⁷4
2761 1018 2964 1064 torrere
2995 1007 3396 1078 quodammodo
3425 1009 3494 1064 li-

1903 1113 2052 1152 mum
2090 1097 2146 1152 in
2183 1097 2342 1152 aliam
2376 1097 2729 1169 qualitatem;
2776 1095 2928 1168 quasi
2982 1096 3038 1150 in
3078 1104 3290 1163 testam,
3333 1097 3409 1152 ita
3440 1098 3496 1153 in

1902 1198 2148 1241 carnem.
2179 1185 2266 1242 Sic
2295 1193 2348 1241 et
2377 1184 2544 1259 ﬁgulo
2576 1186 2702 1240 licet
2737 1184 2985 1256 argillam
3015 1193 3310 1255 temperato
3351 1185 3494 1258 ignis

1900 1272 2098 1328 adﬁatu
2128 1275 2182 1328 in
2213 1274 2493 1330 materiam
2527 1274 2883 1329 robustiorem
2930 1288 3303 1345 recorporare,
3347 1284 3400 1330 et
3439 1275 3494 1329 in

1899 1361 2064 1417 aliam
2093 1379 2160 1418 ex
2197 1363 2300 1417 alia
2328 1362 2534 1436 ﬁngere
2564 1361 2612 1399 ’⁷⁵
2642 1361 2900 1432 speciem,
2941 1361 3202 1429 aptiorem
3241 1362 3489 1432 pristina,

1899 1457 1956 1504 et
1982 1450 2066 1506 sui
2092 1452 2204 1520 jam
2231 1451 2448 1525 generis
2488 1467 2551 1506 ac
2597 1450 2850 1505 nominis.
2880 1449 3019 1504 Nam
3073 1451 3175 1505 etsi
3227 1451 3493 1523 scriptum

1897 1547 1979 1594 est
2009 1541 2186 1606 (Rom.
2219 1540 2336 1607 ix):
2368 1538 2652 1610 Numquid
2681 1539 2891 1610 argilla
2919 1539 3066 1596 dicet
3097 1539 3146 1576 ⁷6
3176 1539 3346 1610 ﬁgulo
3370 1540 3398 1594 .9
3435 1540 3491 1594 id

1897 1635 1998 1692 est,
2027 1627 2188 1682 homo
2217 1627 2371 1694 Deo;
2405 1637 2457 1682 et
2487 1627 2532 1681 si
2561 1628 2873 1697 Apostolus,
2907 1629 2971 1683 In
3003 1631 3285 1698 testaceis,
3314 1630 3386 1684 ait
3415 1630 3496 1700 (ΙΙ

1902 1715 2005 1772 Cor
2024 1729 2104 1780 1v,
2135 1715 2217 1786 7),
2257 1715 2535 1782 vasculis;
2581 1722 2757 1770 tamen
2796 1724 2850 1770 et
2895 1715 3083 1787 argilla
3132 1719 3314 1781 homo,
3373 1716 3501 1789 quia

1898 1802 2060 1859 limus
2092 1811 2249 1873 ante;
2286 1812 2339 1858 et
2367 1810 2506 1858 testa
2534 1818 2681 1872 caro,
2717 1804 2846 1874 quia
2872 1818 2936 1858 ex
2965 1803 3094 1859 limo
3125 1820 3218 1873 per
3246 1804 3294 1843 ’Π
3321 1806 3488 1860 adﬁa-

1901 1900 1986 1949 tus
2014 1892 2182 1948 divini
2210 1906 2488 1963 vaporem,
2520 1906 2680 1963 quam
2719 1899 2904 1962 postea
2927 1890 3152 1962 pelliciae
3183 1892 3398 1962 tunicae,
3428 1893 3484 1948 id

1897 1989 2001 2048 est,
2033 1986 2188 2040 cutes
2235 1980 2596 2052 superductae,
2630 1978 2928 2037 vestierunt
2950 1979 3078 2050 (33).
3107 1982 3285 2048 Usque
3323 1979 3484 2046 adeo,

1895 2071 1942 2128 si
1985 2070 2285 2127 detraxeris
2327 2075 2526 2138 cutem,
2575 2067 2858 2125 nudaveris
2905 2082 3140 2123 carnem.
3192 2068 3291 2134 Ita,
3341 2068 3489 2139 quod

1897 2160 2058 2216 hodie
2098 2159 2334 2230 spolium
2354 2157 2604 2225 efﬁcitur,
2637 2156 2683 2212 si
2702 2156 3034 2222 detrahatur,
3064 2155 3173 2210 hoc
3203 2154 3308 2212 fuit
3337 2156 3492 2211 indu-

1896 2256 2142 2304 mentum
2180 2263 2303 2303 cum
2342 2245 2830 2317 superstruebatur.
2881 2245 3016 2300 Hinc
3069 2253 3122 2300 et
3178 2243 3488 2314 Apostolus,

1892 2336 2356 2394 circumcisionem
2424 2335 2885 2406 despoliationem
2941 2333 3120 2388 carnis
3185 2332 3482 2404 appellans,

1894 2427 2127 2484 tunicam
2159 2432 2340 2482 cutem
2371 2423 2713 2480 conﬁrmavit
2750 2421 2821 2477 ⁷8.
2879 2421 3005 2478 Haec
3059 2438 3180 2478 cum
3229 2421 3300 2478 ita
3356 2423 3486 2492 sint,

1894 2517 2062 2571 habes
2090 2521 2144 2570 et
2200 2513 2385 2568 limum
2429 2513 2498 2568 de
2543 2527 2711 2567 manu
2757 2511 2860 2566 Dei
2898 2510 3218 2585 gloriosum,
3256 2518 3309 2566 et
3356 2527 3481 2567 car-

1894 2621 2016 2660 nem
2045 2605 2113 2658 de
2149 2602 2332 2658 afflatu
2368 2601 2471 2656 Dei
2517 2600 2914 2673 gloriosiorem,
2945 2615 3052 2671 quo
3112 2599 3308 2672 pariter
3353 2616 3481 2657 caro

1895 2702 1950 2748 et
1993 2692 2108 2746 limi
2159 2691 2461 2747 rudimenta
2510 2689 2780 2760 deposuit,
2822 2697 2876 2744 et
2923 2689 3118 2744 animae
3165 2700 3486 2746 ornamenta

1893 2778 2147 2848 suscepit.
2198 2779 2321 2831 Non
2361 2793 2420 2832 es
2466 2775 2776 2848 diligentior
2823 2778 2960 2846 Deo,
3006 2775 3084 2830 uti
3150 2784 3207 2830 tu
3263 2776 3484 2847 quidem

1891 2867 2164 2938 Scythicas
2219 2873 2274 2922 et
2335 2867 2542 2922 Indicas
2589 2880 2832 2937 gemmas
2889 2871 2942 2920 et
3009 2864 3252 2921 rubentis
3307 2863 3487 2922 805

1889 2955 2054 3012 maris
2081 2970 2248 3028 grana
2273 2955 2593 3023 candentia;
2626 2970 2737 3012 non
2779 2955 3024 3026 plumbo,
3059 2969 3167 3010 non
3214 2971 3343 3020 aere,
3375 2969 3485 3010 non

190 3053 251 3103 et
279 3046 476 3111 Adam,
510 3046 820 3103 substantiae
857 3064 970 3103 suae
1001 3025 1276 3105 traducem
1308 3048 1363 3104 in
1392 3025 1590 3106 femina
1610 3025 1783 3119 7.0jam
1817 3025 1859 3103 θ
1887 3047 2050 3111 ferro,
2082 3025 2149 3100 ne
2179 3053 2406 3116 argento
2443 3059 2662 3116 quoque
2690 3025 2979 3118 oblaquees
3031 3044 3175 3118 (34.);
3229 3045 3325 3101 sed
3370 3043 3484 3101 ele-

1565 3138 1753 3202 Variae
1795 3139 2108 3202 lectiones.

271 3232 328 3272 5°
354 3233 415 3287 In
462 3232 583 3291 add.
632 3235 758 3291 alii.
804 3232 852 3273 δι
899 3234 1121 3291 Molitur
1165 3242 1220 3291 et
1264 3235 1518 3292 adoratur
1564 3239 1721 3292 Pam.
1771 3235 1944 3293 Rhea.
1993 3231 2044 3270 62
2089 3229 2151 3285 Et
2181 3230 2333 3288 deest
2359 3231 2510 3287 aliis.
2541 3229 2592 3268 53
2621 3231 2683 3284 In
2711 3231 2886 3287 inser.
2931 3232 3050 3290 cod.
3099 3233 3252 3290 Pith.
3285 3233 3334 3272 64
3368 3233 3484 3289 Ob-

190 3303 505 3360 solentiore
545 3306 720 3362 Rhea.
768 3307 904 3363 Jun.
954 3307 1005 3346 6⁵
1049 3308 1129 3362 Ne
1178 3307 1308 3363 add.
1354 3307 1477 3363 alii.
1520 3307 1570 3346 66
1615 3308 1768 3363 Carni
1817 3307 1994 3362 Rhea.
2045 3301 2093 3340 57
2141 3301 2424 3369 Quomodo
2462 3309 2514 3374 et
2545 3303 2760 3374 quando
2792 3303 2966 3360 Rhea.
2998 3303 3048 3341 6⁸
3076 3303 3313 3359 Fluxerit
3342 3305 3472 3361 alii.

186 3376 242 3415 59
292 3376 542 3431 Pelliceae
587 3377 756 3434 Seml.
807 3379 970 3434 Pam.
1013 3377 1066 3417 ἰο
1111 3378 1346 3432 Feminae
1395 3379 1568 3434 Rhea.
1602 3381 1773 3437 Seml.
1825 3376 1868 3416 τί
1919 3375 2088 3430 Carne
2106 3374 2286 3446 Rhea.
2309 3373 2572 3446 Sami,“
2601 3374 3120 3446 CiognoveritFran.
3158 3377 3205 3413 73
3237 3377 3481 3446 Vaporeo

185 3447 388 3522 Rhea:
427 3446 474 3484 ⁷⁴
521 3448 590 3522 Et
632 3449 811 3522 iaser.
849 3449 1032 3522 _Rhea.
1082 3449 1199 3508 cod.
1250 3449 1402 3506 Pith.
1447 3450 1496 3489 75
1538 3450 1820 3522 Stringcre
1863 3447 2040 3504 Rhea.
2087 3445 2258 3502 Seml.
2308 3444 2358 3484 76
2399 3443 2546 3500 Dicit
2589 3443 2714 3500 alii.
2764 3444 2810 3484 ἠ
2859 3446 2961 3500 Per
3007 3444 3158 3504 deest
3187 3443 3476 3518 Bia—Ven.

184 3518 242 3558 ’⁸⁸
265 3515 592 3575 Adﬁrmavit
619 3519 800 3576 Rhea.
835 3520 1005 3578 Seml.

1591 3591 2088 3656 Commentarius.

258 3669 380 3741 (30)
411 3669 599 3727 Jovem
629 3669 948 3742 Olympium
985 3685 1058 3727 ex
1085 3668 1261 3737 ebore,
1288 3678 1392 3730 etc.
1425 3672 1647 3740 Plinius,
1689 3675 1783 3728 lib.

183 3756 379 3822 xxsrv,
422 3755 543 3812 cap.
575 3744 644 3795 8:
679 3741 1338 3822 Minoribusl‘si‘mulacris.
1359 3743 1669 3822 signisque,
1694 3745 1782 3799 in-

183 3761 379 3822 IX-XIV,
422 3761 543 3812 Cap.
575 3761 644 3795 δε
679 3761 1316 3826 ωιῐιοι-ιοιιξῖεμηυιθοηει
1359 3761 1658 3871 ειὲῐιιείιυθ,
1694 3762 1782 3799 ιη-

182 3821 328 3883 quit,
359 3827 645 3867 innumera
675 3827 848 3884 prope
877 3817 1160 3868 artiﬁcium
1190 3814 1400 3870 multitu
1445 3832 1477 3871 ο
1505 3815 1784 3871 nobilitata

181 3891 310 3948 est;
359 3889 485 3937 ante
531 3897 718 3938 omnes
763 3892 938 3938 tamen
990 3884 1206 3939 Phidias
1255 3886 1618 3951 Atheniensis,
1652 3888 1782 3943 Jove

177 3953 447 4079 1ῼΙξῖῖιιιῗὶο
467 3953 604 4010 facto
623 3973 640 4022 ;
659 3969 725 4009 ex
755 3955 921 4011 ebore
940 3954 1178 4026 quidem,
1202 3957 1297 4011 sed
1319 3967 1372 4013 et
1399 3972 1463 4012 ex
1495 3973 1602 4013 aere
1631 3958 1785 4032 signa

201 4040 288 4079 ecl
327 4065 340 4079 .
432 4039 565 4079 nam.

201 4029 340 4080 'ecit.
382 4029 565 4080 Ralm.

257 4096 376 4165 (31)
409 4099 495 4152 Ita
524 4101 580 4153 et
608 4098 715 4170 Deo
747 4095 913 4152 licuit
930 4097 1140 4162 carnis,
1172 4112 1396 4163 aurum,
1428 4097 1494 4153 de
1512 4098 1636 4154 limi
1655 4101 1781 4170 qui-

177 4166 288 4223 bus
313 4172 479 4242 putas
495 4167 743 4226 sordibus
773 4173 1044 4242 excusato
1063 4184 1253 4242 censu,
1286 4169 1578 4242 eliquasse.
1602 4166 1780 4242 Eitcu-

175 4239 345 4311 satus
371 4239 588 4311 dicitur,
616 4246 766 4311 estra
785 4254 1004 4311 causam
1021 4239 1190 4311 legis,
1221 4239 1401 4294 oneris
1421 4251 1512 4296 aut
1540 4240 1781 4297 criminis

173 4309 421 4378 positus.
453 4308 557 4378 Qui
595 4308 800 4365 scilicet
830 4309 1016 4364 docuit
1041 4308 1110 4364 in'
1128 4327 1191 4365 ea
1219 4327 1276 4368 se
1302 4326 1461 4366 causa
1499 4327 1607 4365 non
1638 4327 1776 4378 esse,

172 4387 240 4451 ut
270 4395 442 4451 onere
469 4379 650 4450 aliquo
693 4379 811 4434 sive
853 4381 1191 4437 accusatione
1229 4381 1406 4448 aliqua
1432 4381 1624 4451 premi,
1664 4382 1778 4438 sive

172 4449 311 4520 lege
341 4450 518 4520 aliqua
535 4449 738 4507 censeri
760 4459 851 4506 aut
873 4451 1041 4507 teneri
1070 4453 1279 4507 debeat.
1315 4452 1402 4507 Sic
1429 4449 1496 4510 Ds
1531 4453 1647 4510 cibo
1670 4470 1777 4510 ex-

173 4536 480 4584 cusamus,
505 4522 609 4576 hoc
633 4529 734 4588 est,
760 4521 1111 4591 abstinemus,
1134 4531 1188 4578 et
1221 4525 1498 4582 Cervicem
1523 4529 1778 4581 nostram

170 4595 410 4664 aitaato
424 4595 557 4664 jugo
586 4597 883 4650 excusant.
919 4593 1016 4648 Sic.
1035 4595 1196 4650 etiam
1227 4595 1332 4660 hic,
1378 4595 1554 4651 carnis
1583 4612 1778 4651 census

168 4661 292 4718 dici
326 4661 571 4738 videatur
601 4675 892 4738 excusatus
902 4665 1171 4738 sordibus
1194 4666 1328 4731 limi,
1351 4666 1504 4738 quasi
1533 4666 1782 4722 sordium

165 4748 378 4809 mors
424 4734 844 4809 limosarum,_et
879 4734 1016 4790 libro
1061 4736 1126 4792 de
1177 4738 1316 4809 Virg.
1355 4734 1624 4804 vetandis,
1655 4739 1779 4796 Flos

164 4807 480 4877 virgineus
507 4812 741 4864 excusat
771 4806 1080 4863 humanam
1112 4806 1419 4874 libidiaem,
1451 4811 1554 4866 hoc
1571 4818 1668 4875 est,
1693 4825 1779 4864 re-

164 4885 350 4952 cusat
377 4877 624 4932 humanae
655 4877 890 4952 libidinis
927 4879 1180 4952 maculas.
1200 4880 1574 4952 Verumtamen
1606 4880 1784 4952 Septié

163 4950 296 5003 mio
318 4955 508 5004 nostro
530 4956 759 5004 mentem
790 4947 960 5004 fuisse
989 4949 1148 5004 aliam
1167 4951 1470 5006 credimus:
1504 4962 1559 5007 et
1587 4947 1777 5007 aurum

165 5028 225 5075 et
255 5033 486 5094 carnem
507 5020 573 5094 de
590 5027 729 5075 terra
750 5034 868 5074 esse
885 5021 985 5094 ait;
1018 5028 1305 5094 utrumque
1335 5028 1516 5094 autem
1535 5023 1782 5078 manibus

163 5089 741 5174 artiﬁcis‘perfectum
774 5090 1072 5174 transirem
1101 5089 1381 5174 materiam
1411 5092 1571 5174 longe
1599 5094 1776 5160 aliam,

162 5161 613 5231 splendidiorem
641 5168 804 5233 atque
847 5162 1163 5218 nobiliorem
1202 5165 1270 5220 de
1317 5161 1640 5221 obsoletiore
1675 5181 1783 5219 ma-

163 5233 342 5304 trice,
377 5243 437 5289 ut
468 5233 579 5302 jam
604 5247 712 5287 non
749 5233 979 5304 amplius
1008 5240 1168 5304 terra,
1214 5233 1307 5289 sed
1345 5250 1530 5291 aurum
1560 5243 1612 5290 et
1655 5251 1780 5292 caro

160 5302 456 5375 dicantur,
490 5305 674 5375 Itaque
699 5313 752 5360 ut
796 5303 947 5360 licuit
977 5302 1168 5360 artiﬁci
1195 5321 1384 5360 aurum
1408 5307 1472 5361 de
1511 5317 1658 5362 terra
1687 5323 1786 5363 ex-

156 5374 405 5450 cudere,
437 5374 710 5450 etgpruna:
741 5375 993 5450 violentia
1031 5382 1246 5450 coctum
1277 5377 1411 5432 adeo
1441 5394 1694 5450 purgare,
1719 5386 1780 5434 ut

157 5446 410 5518 tandem
458 5446 534 5518 inf
556 5446 997 5517 perfectissimam
1052 5447 1292 5518 proﬁciat
1343 5446 1662 5516 bonitatEm;
1707 5450 1778 5503 ita

154 5517 352 5574 etiam
401 5517 620 5575 licuisse
669 5535 882 5576 summo
910 5517 1146 5575 omnium
1201 5518 1386 5575 artiﬁci
1434 5521 1566 5586 Deo,
1606 5520 1781 5577 carnis

149 5597 395 5647 nostrae
421 5605 612 5646 aurum
640 5589 709 5646 de
753 5591 881 5647 limo
920 5592 1213 5658 excudere,
1243 5605 1307 5647 ac
1338 5590 1528 5649 virium
1569 5591 1781 5647 divina-

150 5677 299 5718 rum
327 5659 649 5720 fornacibus
663 5669 945 5720 excoctum
963 5669 1018 5720 et
1033 5663 1326 5736 eliquatum
1345 5662 1399 5718 in
1414 5662 1783 5720 nobillissimae

1894 3667 2132 3723 materiae
2163 3682 2380 3723 censum
2411 3663 2634 3733 referre,
2666 3664 2892 3735 pristino
2933 3665 3027 3724 illo
3055 3674 3214 3722 terra
3239 3681 3339 3722 seu
3363 3665 3481 3724 limi

1895 3755 2058 3797 censu
2106 3739 2358 3794 sordibus
2396 3745 2669 3794 excusato.
2703 3736 2937 3792 Censum
2992 3738 3269 3793 materiam
3319 3737 3477 3805 dixit,

1891 3811 2281 3882 qualiscunque
2311 3815 2613 3882 censeatur.
2645 3807 2971 3863 Excusatum
3016 3823 3163 3882 vero,
3200 3823 3477 3876 excusum,

1891 3880 1960 3936 ab
1991 3898 2056 3937 eo
2083 3883 2229 3953 quod
2262 3891 2345 3936 est
2373 3880 2642 3953 cudereet
2670 3882 2957 3953 excudere,
2997 3880 3142 3953 unde
3181 3895 3382 3936 cusare
3428 3891 3482 3936 et

1889 3950 2178 4018 excusare,
2223 3950 2679 4024 quemadmodum
2711 3951 2778 4004 ab
2824 3966 2888 4005 eo
2931 3952 3076 4024 quod
3107 3959 3188 4004 est
3237 3959 3481 4020 quatere,

1886 4024 2087 4093 jacere,
2135 4021 2402 4094 premere,
2454 4022 2692 4094 dicimus
2721 4037 2999 4090 quassare,
3045 4021 3275 4094 jactare,
3327 4037 3481 4093 pres-

1888 4110 2027 4160 sare,
2058 4093 2203 4149 unde
2230 4101 2282 4149 et
2313 4103 2646 4164 quassatum,
2675 4093 3308 4164 jactatum,pressatum,
3340 4093 3485 4164 quod

1888 4166 2018 4220 alias
2042 4163 2341 4234 quassum,
2355 4165 2553 4232 jactum
2584 4171 2636 4217 et
2664 4179 2930 4234 pressum.
2963 4163 3089 4217 RIG.

1957 4233 2076 4307 (535
2106 4237 2290 4306 Neque
2319 4235 2470 4307 enim
2496 4239 2562 4289 ut
2591 4233 2820 4304 quidam
2847 4234 3066 4307 volunt,
3090 4233 3210 4287 illa:
3241 4233 3487 4307 pellicias

1889 4303 2118 4370 tuaicae,
2141 4303 2280 4376 quas
2310 4306 2485 4360 Adam
2515 4309 2570 4358 et
2599 4303 2710 4358 Eva
2731 4305 3061 4376 paradisum
3095 4304 3256 4376 exuti
3286 4303 3487 4376 iadue-

1887 4380 2048 4442 ruat,
2079 4373 2217 4456 ipsa;-
2244 4380 2410 4456 erant
2441 4376 2638 4455 carnis
2667 4373 2743 4429 θεέ
2773 4376 2901 4456 limo
2929 4375 3282 4456 reformatio.
3309 4373 3494 4456 Carpit

1888 4445 2210 4503 sententiam
2251 4445 2765 4508 Valentinianorum,
2809 4448 2901 4512 qui
2947 4446 3218 4499 hominem
3279 4459 3310 4497 a
3367 4447 3483 4500 Deo

1885 4528 2122 4574 creatum
2154 4517 2314 4573 fuisse
2359 4517 2606 4571 dicebant
2637 4515 2888 4584 spiritalis
2935 4515 3241 4569 substantiae
3292 4529 3486 4581 Censu,

1889 4597 2074 4661 postea
2105 4604 2233 4644 vero
2255 4589 2323 4643 de
2346 4586 2578 4658 paradisi
2611 4589 2833 4661 regione
2865 4587 3039 4661 ejecto
3085 4586 3352 4661 carnalem
3385 4603 3486 4661 su-

1923 4661 2161 4717 erﬁciem
2195 4656 2582 4731 .supertextam,
2633 4656 2694 4712 ut
2755 4656 2826 4731 ait
2872 4657 3132 4731 adversus
3201 4658 3482 4731 Valentia.

1935 4733 2003 4799 el,
2034 4740 2093 4786 ut
2112 4727 2346 4786 Irenzeus
2374 4731 2634 4784 adversus
2653 4728 2871 4783 eosdem
2909 4727 3140 4799 dixerat,
3173 4728 3480 4784 circumda-

1885 4795 1999 4860 tam
2053 4801 2217 4856 fuisse
2257 4801 2603 4856 dermatinam
2651 4799 2905 4864 tunicam,
2954 4795 3236 4870 δερμάτινον
3286 4805 3486 4870 χιεεῶνα.

1889 4875 1976 4931 Sic
2015 4872 2358 4943 appellabant
2386 4887 2599 4943 carnem
2631 4869 2914 4943 obnoxiam
2937 4865 3139 4943 sensui,
3179 4874 3315 4943 tanta
3349 4865 3403 4943 δὲ
3430 4872 3484 4923 τὸ

1887 4937 2106 4999 αἰσθητδῦ
2137 4942 2328 5014 σαρκὶον
2363 4937 2482 4996 εἶναι
2506 4945 2708 5015 λέγουσι,
2739 4941 2910 5013 inquit
2940 4941 3084 5013 apud
3112 4939 3480 5014 Epiphanium

1886 5018 2144 5072 Irenaeus.
2175 5015 2305 5070 Βία.

1963 5089 2078 5158 (33)
2120 5087 2277 5159 Caro,
2300 5101 2468 5158 quam
2499 5089 2692 5159 postea
2731 5085 2973 5159 pellicia:
3006 5084 3330 5159 tugzicce,_id
3376 5087 3484 5159 est,

1889 5155 2430 5230 cutes'superdu'ctce
2457 5155 2793 5230 vestieruat.
2828 5158 3010 5228 Itaque
3049 5155 3352 5230 Septimius
3371 5157 3490 5230 pel-

1894 5228 2050 5284 licias
2078 5227 2284 5283 tunicas
2320 5236 2470 5283 cutes
2517 5229 2681 5283 fuisse
2730 5227 2936 5295 censet,
2971 5227 3213 5293 non,’ut
3260 5227 3494 5284 Valenti-

1900 5299 2066 5366 niani,
2099 5315 2313 5354 carnem
2345 5300 2535 5364 ipsam.
2568 5300 2692 5356 Βία.

1973 5371 2196 5444 (34)_Ne
2233 5374 2712 5444 argeatfogquoque
2739 5369 3042 5444 oblaquees.
3070 5371 3325 5444 Itairecte
3353 5369 3493 5444 divi-

1904 5440 2384 5522 navit'legendum
2426 5440 2735 5522 Bhenanus,
2777 5440 2885 5522 qui
2918 5442 3046 5522 illud
3092 5440 3478 5522 oblaque‘esjn

1902 5510 2251 5585 terpretat'ur,
2307 5515 2518 5585 idest,
2579 5510 2899 5578 circumdes,
2959 5515 3168 5585 cingas,
3225 5510 3488 5585 includas,

1904 5595 1966 5640 ut
1990 5582 2061 5640 sit
2089 5600 2118 5638 a
2151 5587 2268 5640 lacu
2296 5584 2587 5640 deductum
2616 5587 2836 5641 verbum
2869 5582 3150 5655 oblaqu'eo,
3187 5582 3489 5655 cujusmodi

1889 5659 1960 5712 'et
1984 5656 2129 5727 quod
2158 5655 2400 5727 sequitur
2435 5656 2735 5725 descrobes,
2768 5655 2821 5710 id
2854 5661 2936 5710 est
2955 5653 3179 5718 inseras,
3211 5668 3240 5706 a
3278 5653 3486 5721 scrobe,
