4028 6188
417 334 518 395 851

420 550 560 608 vinis
590 549 715 603 item
745 548 794 587 79
827 556 880 603 et
919 546 1209 617 unguentis
1257 546 1666 616 pretiosissimis
1703 545 2011 617 quibusque

425 639 770 693 vasculorum
802 638 954 708 prius
974 635 1379 705 congruentiam
1411 649 1570 690 cures
1603 651 1617 699 ;
1651 635 1875 703 proinde
1900 652 2015 705 per-

421 729 575 784 fectae
604 726 716 798 (35)
748 724 1036 796 ferruginis
1066 724 1116 760 80
1146 723 1337 795 gladiis
1359 722 1402 760 εί
1430 723 1745 793 vaginarum
1767 723 2012 793 adanues

424 815 781 888 dignitatem:
814 814 960 867 Deus
991 826 1118 866 vero
1153 812 1342 865 animae
1389 828 1497 866 sua:
1543 812 1809 877 umbram,
1852 811 2012 879 spiri-

424 917 511 961 tus
557 904 640 958 sui
682 918 887 971 auram,
929 900 1041 955 oris
1100 898 1185 953 sui
1232 916 1470 970 operam,
1538 899 1805 954 vilissimo
1852 899 2011 954 alicui

426 990 754 1047 commiserit
772 988 965 1058 capulo
988 988 1127 1057 (36),
1148 996 1197 1041 et
1232 987 1451 1059 indigne
1481 988 1801 1042 collocando
1830 989 2013 1057 utique

425 1080 780 1135 damnaverit.
823 1076 1113 1133 Collocavit
1152 1085 1355 1142 autem,
1397 1092 1463 1130 an
1490 1076 1669 1146 potius
1707 1076 1931 1131 inseruit
1962 1082 2014 1128 et

425 1169 717 1225 immiscuit
754 1167 921 1235 carni,
954 1174 1103 1220 tanta
1132 1164 1346 1236 quidem
1396 1164 1762 1233 concretione,
1814 1172 1873 1220 ut
1919 1164 2011 1216 in-

428 1269 634 1315 certum
680 1256 867 1311 haberi
915 1255 1083 1324 possit
1134 1265 1383 1307 utrumne
1450 1267 1574 1307 caro
1628 1253 1892 1316 animam,
1948 1267 2015 1305 an

429 1363 642 1403 carnem
673 1347 848 1401 anima
876 1343 1239 1408 circumferat;
1282 1351 1530 1397 utrumne
1561 1344 1751 1395 animae
1780 1357 1925 1406 caro,
1948 1358 2017 1395 an

429 1437 605 1492 anima
634 1442 891 1507 appareat
914 1435 963 1471 82
995 1433 1164 1489 carni.
1210 1432 1317 1486 Sed
1363 1440 1415 1485 et
1461 1433 1511 1468 33
1556 1431 1728 1504 magis
1783 1433 2016 1485 animam

1139 328 1580 391 TERTULLIANI
1608 318 1873 391 OPERUM
1899 329 2072 391 PARS
2108 330 2173 391 Il.
2205 363 2274 376 -—
2310 330 2539 393 SERIES
2576 334 2618 405 Ι,
2646 334 3003 395 POLEMICA.

419 457 664 519 ctissimo
724 463 781 513 et
823 456 1046 529 insuper
1083 454 1468 526 operosissimo
1516 456 1801 511 descrobes
1849 471 2015 512 auro:
2050 472 2096 550 Α

3605 322 3721 385 852

2701 506 2928 563 CAPUT
2975 504 3119 561 VIII.

2188 641 2257 694 Et
2296 639 2409 695 haec
2435 639 2674 711 quidem,
2706 642 2852 697 velut
2882 642 2947 695 de
2986 638 3199 710 publica
3238 634 3409 689 forma
3454 633 3720 687 humanae

2118 729 2442 784 conditionis
2495 730 2549 784 in
2599 729 2923 802 suffragium
2979 730 3026 767 8⁷
3076 724 3225 783 carni
3277 720 3721 795 procuraverim.

2119 818 2412 872 Videamus
2451 834 2595 872 nunc
2627 818 2693 874 de
2730 820 2944 890 prOpria
2973 818 3136 873 etiam
3186 810 3480 869 Christiani
3536 808 3728 864 nomi-

2118 908 2203 961 nis
2234 906 2423 976 forma,
2465 918 2663 978 quanta
2712 910 2837 964 huic
2876 906 3211 972 substantiae,
3250 901 3459 959 frivolae
3486 917 3546 955 ac
3589 916 3728 954 sor-

2119 995 2279 1062 didm,
2311 997 2453 1067 apud
2486 998 2655 1051 Deum
2700 999 3061 1067 praerogativa
3110 994 3212 1049 sit:
3265 1000 3317 1047 et
3356 991 3402 1045 si
3441 988 3732 1045 sufﬁceret

2122 1083 2222 1149 illi,
2261 1085 2404 1155 quod
2435 1085 2583 1139 nulla
2624 1086 2841 1140 omnino
2881 1085 3059 1139 anima
3111 1084 3349 1137 salutem
3393 1079 3556 1149 possit
3602 1078 3732 1133 adi-

2123 1172 2273 1242 pisci,
2308 1173 2407 1227 nisi
2439 1173 2564 1227 dum
2594 1183 2677 1229 est
2704 1175 2753 1211 ⁸⁸
2783 1175 2835 1228 in
2864 1189 3026 1230 carne
3055 1170 3382 1227 crediderit:
3418 1168 3550 1223 adeo
3585 1181 3727 1222 caro

2122 1260 2307 1315 salutis
2342 1268 2421 1316 est
2447 1262 2626 1316 cardo.
2658 1263 2902 1333 Denique
2929 1262 2979 1299 89
3008 1276 3131 1316 cum
3161 1259 3344 1313 anima
3375 1258 3486 1311 Deo
3516 1255 3730 1327 allegi-

2124 1358 2228 1415 tur,
2270 1349 2386 1418 ipsa
2415 1359 2493 1404 est
2528 1367 2647 1423 quae
2677 1352 2841 1407 efﬁcit
2865 1359 2923 1407 ut
2951 1350 3131 1404 anima
3159 1348 3318 1420 allegi
3358 1346 3545 1416 possit.
3580 1345 3726 1400 Sci-

2122 1439 2247 1493 licet
2280 1438 2331 1477 90
2376 1455 2504 1495 caro
2542 1441 2793 1507 abluitur,
2844 1450 2901 1496 ut
2942 1440 3125 1495 anima
3173 1435 3546 1505 emaculetur;
3591 1449 3732 1490 caro

430 1526 609 1581 invehi
638 1534 799 1595 atque
828 1522 1093 1579 dominari
1131 1521 1456 1577 credendum
1483 1529 1581 1588 est,
1614 1531 1672 1575 ut
1702 1522 1871 1595 magis
1901 1522 2017 1575 Deo
2123 1527 2358 1599 ungitur,
2390 1537 2447 1583 ut
2476 1528 2656 1584 anima
2700 1538 3083 1597 consecretur;
3125 1543 3252 1585 caro
3301 1525 3547 1595 signatur
3576 1524 3733 1596 (39),

430 1612 752 1686 proximam.
778 1613 888 1667 lloc
925 1626 1144 1683 quoque
1174 1609 1243 1663 ad
1274 1609 1498 1680 gloriam
1522 1609 1697 1664 carnis
1735 1608 2014 1673 exulaarat,
2126 1627 2182 1672 ιιι
2222 1626 2275 1672 ει
2327 1618 2504 1671 anima
2561 1619 2871 1687 muniatur;
2913 1634 3040 1674 caro
3116 1632 3307 1671 manus
3373 1612 3735 1684 impositione

429 1700 575 1773 quod
608 1698 914 1770 proximam
949 1701 1059 1754 DCO
1100 1709 1153 1755 et
1179 1699 1437 1764 continet,
1474 1707 1527 1755 et
1571 1698 1738 1769 ipsius
1768 1697 2017 1755 domiua-
2126 1706 2494 1773 adumbratur,
2528 1712 2585 1760 ut
2623 1715 2676 1760 et
2724 1706 2905 1760 anima
2941 1705 3135 1776 spiritu
3181 1701 3553 1765 illuminetur;
3591 1715 3733 1756 caro

432 1788 595 1845 ιίοῐιίε
631 1796 934 1857 ϐοηψοῐετη
954 1796 1195 1859 Ρτῖθδίθίο
1230 1788 1407 1857 Quem
1436 1790 1578 1842 enim
1611 1798 1817 1843 malum
1848 1802 2027 1857 usum,
2064 1801 2106 1877 Β
2137 1809 2363 1865 corpore
2418 1804 2471 1849 et
2516 1794 2776 1867 sanguine
2822 1794 3023 1850 Christi
3052 1792 3307 1857 vescitur,
3349 1798 3409 1847 ut
3450 1799 3503 1844 et
3541 1788 3742 1844 anima

432 1890 591 1949 quem
624 1876 811 1932 mundi
840 1876 1091 1943 fructum,
1125 1892 1281 1949 quem
1331 1877 1722 1932 Elementorum
1751 1888 2018 1947 Saporem,
2136 1885 2249 1939 Deo
2276 1882 2571 1954 saginetur.
2622 1884 2745 1938 Non
2786 1888 3013 1952 possunt
3043 1896 3175 1952 ergo
3214 1877 3453 1950 separari
3481 1878 3537 1932 in
3588 1891 3746 1932 mer-

432 1984 543 2024 non
607 1983 706 2038 per
756 1983 969 2023 carnem
1028 1966 1207 2021 anima
1247 1966 1592 2037 depascitur?
1647 1966 1882 2038 quidni?
1930 1983 2025 2038 per
2129 1972 2279 2038 cede,
2311 1984 2449 2042 quas
2488 1985 2654 2039 Opera
2706 1971 3003 2044 conjungit.
3045 1969 3184 2024 Nam
3222 1976 3274 2023 et
3320 1964 3580 2022 sacriﬁcia
3608 1966 3736 2020 Deo

432 2072 594 2129 quam
626 2055 772 2111 omni
818 2055 1177 2112 instrumento
1226 2072 1443 2111 sensum
1482 2055 1618 2111 fulta
1656 2063 1739 2111 est
1784 2056 1853 2123 ⁸4,
1882 2055 2021 2123 visu,
2131 2068 2301 2134 grata,
2340 2059 2760 2117 conﬂictationes
2793 2060 2912 2115 dico
2961 2059 3173 2124 animae,
3208 2055 3432 2127 jejunia,
3467 2063 3519 2110 et
3577 2070 3740 2109 seras

433 2144 637 2214 ἃυάίῐυν
672 2154 855 2219 gustu,
888 2147 1133 2213 οάοΐδῐυι
1166 2153 1444 2211 contam“;
1494 2161 1592 2215 Per
1640 2160 1802 2216 quam
1842 2144 2025 2199 divina
2130 2159 2184 2204 et
2238 2149 2416 2203 aridas
2462 2165 2632 2215 escas,
2682 2158 2736 2205 et
2782 2147 3110 2221 appendices
3168 2148 3333 2216 hujus
3394 2143 3555 2200 ofﬁcii
3613 2144 3749 2213 (40)

432 2243 694 2315 potestate
728 2252 978 2306 respersa
1010 2242 1114 2303 est,
1152 2235 1284 2289 nihil
1314 2251 1423 2289 non
1456 2250 1708 2289 sermone
1738 2234 2024 2303 perﬁciens
2133 2240 2338 2304 sordes,
2362 2254 2485 2293 caro
2517 2238 2583 2292 de
2600 2238 2824 2310 proprio
2856 2254 2955 2294 suo
2988 2236 3331 2293 incommodo
3364 2235 3631 2289 instaurat
3656 2232 3748 2291 εί.

433 2324 520 2381 vel
549 2324 705 2381 tacite
736 2325 1039 2397 praemisso.
1071 2325 1140 2379 Et
1177 2339 1353 2378 sermo
1385 2322 1527 2378 enim
1559 2324 1625 2377 de
1670 2336 1872 2395 organo
1900 2338 2025 2377 car-
2133 2324 2423 2398 Virginitas
2460 2340 2678 2397 quoque
2708 2335 2762 2381 et
2792 2326 3045 2391 viduitas,
3073 2334 3125 2379 et
3154 2323 3394 2378 modesta
3430 2324 3481 2376 in
3511 2319 3749 2376 occulto

442 2414 526 2468 nis
569 2422 679 2483 est;
711 2424 854 2469 artes
905 2429 1005 2484 per
1069 2428 1307 2477 carnem;
1367 2408 1574 2478 studia,
1634 2410 1870 2480 ingenia,
1930 2427 2030 2481 per
2135 2412 2461 2470 matrimonii
2499 2413 2853 2469 dissimulatio
2880 2414 3019 2485 (41),
3052 2420 3105 2469 et
3134 2428 3241 2468 una
3269 2410 3455 2467 notitia
3488 2410 3633 2479 ejus,
3669 2410 3750 2463 de

438 2518 683 2572 carnem;
714 2516 902 2573 Opera,
937 2500 1174 2571 negotia,
1213 2497 1414 2565 ofﬁcia,
1450 2514 1542 2566 per
1589 2514 1837 2553 carnem:
1871 2509 2031 2571 atque
2136 2504 2294 2561 bonis
2325 2502 2506 2557 carnis
2546 2503 2660 2558 Deo
2690 2502 2976 2558 adolentur
3004 2503 3073 2557 92.
3107 2506 3225 2574 Age
3254 2503 3386 2570 jam,
3411 2500 3536 2571 quid
3579 2500 3648 2553 de
3680 2517 3753 2555 ea

438 2591 571 2647 adeo
605 2598 776 2645 totum
807 2588 994 2645 vivere
1041 2585 1232 2640 animie
1279 2585 1458 2639 carnis
1484 2593 1564 2640 est
1617 2587 1750 2657 (37),
1800 2598 1857 2643 ut
1922 2604 2029 2645 non
2138 2591 2328 2661 sentis,
2369 2606 2486 2644 cum
2528 2604 2625 2659 pro
2661 2590 2896 2644 nominis
2935 2589 3047 2644 fide
3095 2590 3204 2658 (42)
3256 2587 3311 2642 in
3349 2588 3589 2643 medium
3638 2602 3751 2642 ex-

437 2678 615 2736 vivere
646 2678 841 2732 animae
880 2674 1012 2731 nihil
1043 2674 1185 2727 aliud
1219 2674 1287 2727 sit
1317 2673 1456 2744 (38),
1486 2690 1650 2745 quam
1680 2692 1709 2728 a
1741 2690 1903 2731 carne
1932 2676 2030 2731 de-
2141 2688 2331 2747 tracta,
2381 2689 2432 2734 et
2470 2680 2594 2735 odio
2643 2680 2857 2750 publico
2911 2678 3170 2749 exposita,
3211 2678 3481 2742 decertat;
3514 2691 3641 2732 cum
3692 2678 3753 2729 in

434 2777 687 2823 vertere:
722 2765 803 2820 sic
843 2765 1005 2820 etiam
1034 2764 1215 2833 ipsum
1256 2763 1396 2817 mori
1441 2764 1620 2818 carnis
1649 2772 1747 2829 est,
1782 2768 1943 2835 cujus
1983 2774 2038 2823 et
2143 2770 2446 2827 carceribus
2482 2776 2801 2834 maceratur,
2844 2767 3116 2824 teterrimo
3146 2766 3284 2822 lucis
3312 2765 3525 2831 exsilio,
3563 2780 3753 2833 penu-

436 2855 644 2908 vivere.
710 2854 902 2920 Porro,
963 2852 1007 2904 si
1063 2850 1320 2905 universa
1370 2866 1467 2922 per
1505 2868 1720 2907 carnem
1759 2855 2039 2924 subjacent
2145 2860 2223 2916 ria
2256 2857 2461 2923 mundi,
2502 2858 2768 2929 squalore,
2792 2859 3031 2929 paedore,
3062 2854 3381 2912 contumelia
3404 2854 3615 2924 victus;
3663 2869 3744 2908 ne

436 2942 649 3005 animae,
681 2940 827 2995 carni
848 2954 1062 3009 quoque
1091 2939 1374 3007 subjacant
1402 2939 1470 3008 85,
1494 2954 1592 3011 per
1610 2944 1752 3012 quod
1774 2945 1940 3000 utaris
1961 2948 2033 2997 δεῖν
2148 2961 2337 3004 somno
2369 2946 2586 3019 quidem
2621 2946 2811 3015 libera,
2858 2944 3058 3017 quippe
3095 2943 3226 3013 ipsis
3263 2942 3425 2997 etiam
3463 2942 3751 2998 cubilibus

437 3042 661 3082 necesse
690 3035 790 3081 est.
824 3026 903 3079 Ita
923 3040 1068 3091 caro,
1102 3025 1229 3080 dum
1260 3025 1506 3083 ministra
1552 3036 1606 3083 et
1665 3029 1859 3086 famula
1898 3033 2024 3087 ani-
2133 3038 2312 3094 vincta
2350 3035 2589 3108 ipsisque
2619 3034 2923 3090 stramentis
2960 3034 3255 3097 lancinata;
3289 3047 3407 3087 cum
3441 3031 3558 3101 jam
3590 3041 3643 3086 et
3682 3033 3744 3087 in

434 3127 539 3167 mae
772 3112 1076 3204 deputatur,
1119 3128 1340 3170 consors
1376 3122 1428 3170 et
1459 3116 1769 3173 cohaeredes
1810 3120 2024 3177 inveni~
2062 3125 2103 3204 ε
2133 3127 2253 3181 luce
2282 3124 2428 3181 omni
2461 3132 2847 3179 tormentorum
2878 3122 3275 3177 machinatione
3304 3120 3534 3175 laniatur
3574 3122 3735 3189 (53);

439 3211 544 3257 ""-
574 3200 632 3256 Ξῖ
661 3200 1061 3271 temporalium,
1097 3216 1195 3258 cur
1224 3216 1331 3258 non
1361 3210 1415 3259 et
1443 3210 1765 3262 εθίθνηοτυπι
1794 3208 1822 3261 ‘?
2070 3200 2095 3204 θ
2140 3232 2262 3270 cum
2292 3210 2466 3269 807
2502 3211 2737 3283 denique
2767 3210 3051 3282 suppliciis
3091 3217 3366 3282 erogatur,
3406 3208 3556 3263 enisa
3605 3210 3748 3265 red-

1874 3308 2062 3377 Variaa
2105 3315 2418 3376 lectiones.

503 3423 735 3507 79ﬂVinis
783 3423 910 3507 itam
956 3438 1072 3507 noli
1122 3424 1392 3507 legauit-ir
1423 3426 1526 3507 “in_
1549 3427 2027 3507 Pith._Rhen._78°
2068 3439 2372 3507 Perspectaa
2431 3436 2602 3507 Frari.
2634 3432 2871 3507 perfecte
2904 3432 3079 3489 Rhen.
3112 3429 3748 3507 81ﬂFerrugineisiRhen.

433 3496 512 3577 82.
541 3496 741 3577 .Pareat
775 3495 960 3577 lmen.
988 3496 1181 3577 “Sensi.
1231 3496 1281 3533 83
1322 3496 1436 3553 Etsi
1485 3499 1867 3577 Parn._‘Fran.
1916 3505 1965 3542 ⁸4
2012 3495 2279 3565 Ὲυιοὶδίυι·
2323 3504 2595 3577 ΒΙιθγιηθδ
2634 3495 2929 3577 Subjacent
2975 3506 3093 3575 Rig.
3154 3505 3301 3577 VenL
3325 3495 3491 3560 85ml.
3525 3506 3751 3560 Forsan

435 3566 724 3651 sub-jaceat.
775 3568 914 3651 Enn.
980 3566 1037 3651 ff
1062 3566 1347 3651 “Cuim‘e'o'
1376 3568 1543 3651 utaris
1589 3569 1727 3651 add.
1767 3574 1927 3651 Pam.
1982 3579 2103 3651 Rig.
2166 3582 2289 3635 Ven.
2327 3578 2383 3651 f3]
2424 3574 2694 3651 suffragia
2740 3566 2914 3651 ξίζιθη.
2961 3566 3129 3651 Servat.
3181 3577 3233 3613 ⁸³
3263 3575 3354 3630 Est
3385 3578 3575 3631 omitt.
3607 3578 3745 3632 alii.

440 3637 489 3676 89
518 3639 599 3694 De
633 3652 742 3708 qua
770 3637 948 3693 Rhen.
980 3634 1031 3676 9°
1062 3636 1167 3692 Sed
1198 3645 1250 3693 et
1279 3638 1455 3695 Rhea.
1481 3641 1642 3696 Pam.
1683 3642 1730 3679 91
1765 3634 2096 3704 Instaumtdr
2122 3634 2300 3705 Rhea.
2323 3648 2373 3685 92
2404 3634 2701 3701 Adolanvtur
2742 3648 2914 3702 Rhen.
2953 3648 3121 3705 Seml.

1837 3734 2335 3802 Commentarius.

520 3829 631 3907 “est
663 3837 706 3903 ,α
756 3820 933 3907 fovea.
968 3822 1288 3907 Estnautenm
1340 3822 1645 3906 adnotanda
1710 3831 1867 3907 ang].
1915 3850 2032 3907 gms.
2145 3851 2243 3907 per
2270 3836 2453 3890 vivere
2482 3840 2533 3889 et
2568 3833 2981 3907 vitamanimae
3007 3831 3093 3887 hic
3111 3831 3364 3907 intelligit
3392 3832 3747 3907 informatio-

439 3893 677 3978 Xaticani
716 3894 932 3962 antiqua
979 3892 1159 3956 lectio,
1205 3895 1507 3965 farraginis
1564 3911 1662 3965 pro
1698 3892 2035 3974 farraginis.
2146 3892 2577 3978 i1emanimae,et
2603 3905 2766 3963 vitam
2789 3921 2950 3978 quam
2979 3892 3621 3961 caussatinformationes
3640 3921 3748 3960 sua

442 3965 623 4102 P733)
644 4034 915 4102 Perfecta:
944 4034 1253 4105 farraginis
1295 4034 1570 4106 gladium.
1604 4037 1693 4096 Sic
1729 4044 2042 4100 emendavi-

437 4122 557 4161 mus
603 4105 1004 4186 ex-Pithceano
1032 4106 1238 4186 codice,
1280 4105 1451 4186 "quod
1515 4118 1677 4186 antea
1709 4114 2033 4186 legebatur,

434 4179 742 4255 perspecta;
779 4177 1118 4255 ferrugiriis.
1172 4175 1472 4255 Perfectam
1518 4175 1847 4255 ferruginém
1908 4175 2037 4244 dicit

439 4237 690 4331 perfecta:
728 4237 983 4328 bonitatis
1030 4246 1254 4312 ferrum,
1305 4252 1463 4319 cujus
1526 4262 1607 4308 est
1664 4237 2036 4331 Ecié's7mé'r3';
2073 4237 2116 4314 ο

438 4318 537 4401 nec
575 4319 748 4372 solum
796 4318 1018 4401 ingenio
1047 4335 1196 4400 vena
1236 4318 1521 4401 praestans,
1573 4326 1671 4401 sed
1710 4336 1769 4401 et
1814 4318 2036 4398 factura,

440 4391 537 4516 sed
576 4404 726 4515 Ἦλθε
756 4391 1033 4445 nobilitate
1062 4392 1146 4446 cui
1187 4393 1419 4449 subinde
1469 4397 1709 4452 candens
1759 4391 2042 4475 immergiQ

474 4479 556 4516 ur.
703 4501 715 4513 .

511 4531 629 4614 (36)
660 4532 845 4614 Alicui
873 4533 1216 4614 commiserit
1263 4537 1481 4614 capulo.
1534 4538 1742 4614 corpus
1794 4543 2046 4613 capulum

441 4606 639 4658 animae
678 4613 854 4668 vocat,
898 4604 953 4657 id
992 4611 1074 4657 est
1112 4606 1534 4674 receptaculum.
1574 4604 1761 4667 nam.

516 4674 631 4744 (37)
662 4676 853 4730 Totum
874 4676 1053 4732 viuere
1072 4678 1279 4731 ani-ma:
1298 4680 1486 4733 carnis
1506 4684 1609 4735 est.
1627 4682 1914 4741 Verissime
1936 4686 2049 4743 dic-

446 4754 584 4828 tum,
616 4746 743 4827 dum
775 4754 859 4800 est
891 4748 1038 4801 unita
1064 4750 1277 4817 corpori
1301 4751 1529 4828 anima,
1559 4754 1699 4828 quia
1722 4755 1857 4810 nihil
1906 4773 2046 4828 ope-

451 4826 607 4897 ratur
636 4820 743 4897 nisi
776 4834 869 4899 per
916 4834 1116 4897 organa
1170 4820 1507 4899 carnis,__imo
1555 4820 1861 4899 intellectio
1908 4820 2044 4899 ipsa,

442 4905 563 4961 quae
591 4889 763 4958 ip~ius
791 4889 953 4961 veluti
981 4890 1169 4949 animae
1216 4892 1481 4959 peculium
1528 4904 1628 4961 est,
1681 4913 1788 4952 non
1838 4898 1894 4953 fit
1930 4889 2046 4956 ἰιἰεί

443 4959 953 5040 cumoependentia
981 4963 1276 5029 specierum
1306 4959 1660 5021 materialium
1689 4980 1739 5023 et
1772 4971 2047 5040 phantas-

452 5032 631 5085 matis.
674 5029 807 5084 Lac.

517 5102 635 5178 (38)
670 5103 745 5178 _Ut
795 5118 908 5178 non
948 5104 1131 5158 viuere
1178 5106 1394 5178 anima:
1435 5106 1522 5161 nil
1579 5108 1741 5165 aliud
1788 5112 1885 5177 sit,
1942 5121 2046 5169 etc.

450 5173 622 5227 Etiam
666 5176 769 5229 hoc
813 5177 1013 5230 dictum
1061 5179 1297 5231 auctoris
1345 5175 1436 5229 illo
1485 5193 1650 5233 sensu
1702 5173 1885 5237 verum
1942 5193 2043 5242 est.

451 5245 608 5324 Nam,
646 5244 746 5299 nisi
800 5262 897 5324 per
960 5248 1255 5302 ministeria
1310 5248 1619 5324 corporalia
1666 5252 1739 5305 nil
1796 5264 2045 5323 Operatur

451 5318 719 5393 animaet
753 5318 898 5393 velut
928 5328 1138 5393 mortua
1164 5329 1264 5388 est,
1307 5321 1428 5373 ideo
1465 5335 1587 5393 cum
1625 5318 1846 5393 organa'
1868 5328 2045 5381 carnis

455 5387 761 5467 materialia
790 5390 1176 5467 impediuntur,
1218 5387 1394 5467 tOrpet
1424 5390 1620 5467 anima,
1659 5387 1717 5446 ut
1772 5394 1847 5448 nil
1904 5412 2042 5467 0pc-

456 5459 566 5540 rari
606 5464 796 5531 possit.
842 5459 967 5540 llam
1024 5464 1168 5518 enim
1215 5460 1304 5540 lex
1341 5462 1453 5537 sive
1509 5464 1735 5540 societas
1792 5466 1895 5540 lata
1942 5459 2049 5540 est,

460 5529 994 5613 dumo—suntnunite
1022 5538 1267 5613 “caronet
1295 5529 1524 5613 anima,
1558 5540 1619 5588 ut
1675 5534 1791 5613 haec
1844 5529 2049 5613 absqué

458 5601 700 5659 subsidio
769 5602 915 5661 illius
979 5604 1053 5661 nil
1115 5600 1330 5667 efﬁciat.
1395 5603 1655 5660 Praeterea
1698 5600 2062 5669 Tertullianus'

2158 3980 2215 4034 in
2244 3993 2463 4047 corpus.
2504 3977 2637 4030 Lac.

2215 4052 2329 4120 (39)
2348 4050 2485 4107 Caro
2498 4049 2654 4104 ablui
2659 4051 2775 4112 tur,
2791 4064 2920 4105 caro
2935 4048 3190 4120 ungitur,
3208 4064 3337 4104 caro
3348 4050 3743 4120 signatur,etc.

2147 4120 2382 4177 Strictim
2421 4122 2524 4174 hoc
2562 4121 2678 4173 loco
2727 4119 3014 4184 recensuit,
3063 4120 3159 4174 sed
3216 4119 3612 4189 appositissime
3652 4120 3744 4175 de-

2150 4192 2369 4249 claravit
2408 4191 2756 4263 baptismum,
2789 4191 3120 4258 unctionem,
3169 4189 3507 4263 signaculum
3544 4192 3744 4256 crucis,

2148 4278 2401 4319 manuum
2430 4261 2848 4331 impositionem.
2880 4261 3297 4318 Eucharistiam.
3328 4264 3456 4318 Rm.

2223 4335 2334 4405 (40)
2354 4334 2695 4407 Appendices
2717 4334 2886 4407 hujus
2909 4335 3104 4405 ofﬁcii.
3128 4332 3274 4407 Alibi
3294 4333 3428 4387 dixit
3443 4333 3744 4407 horrorem

2152 4403 2360 4464 cineris
2391 4403 2447 4464 et
2473 4403 2917 4478 asperitudiaem
2942 4403 3347 4478 sacci.Quibus
3373 4403 3552 4478 etiam
3578 4404 3744 4459 adde~

2153 4479 2282 4533 bant
2319 4480 2435 4533 haec
2476 4475 2774 4542 Lticilliana,
2820 4477 3079 4545 illuviem,
3122 4475 3499 4542 imbalnitiem,
3538 4475 3744 4547 imper-

2155 4550 2418 4616 fundiem,
2450 4548 2731 4605 incuriam.
2772 4547 2893 4602 Rm.

2230 4622 2345 4745 (at)
2371 4622 2607 4677 Modesta
2630 4622 2691 4675 in
2711 4621 2930 4677 occulto
2956 4618 3316 4674 matrimonii
3336 4617 3744 4673 dissimulatw.

2230 4694 2437 4745 amicat
2484 4692 2602 4745 ipsa
2652 4691 2976 4745 matrimonii
3030 4697 3252 4745 secreta.
3307 4706 3429 4745 quae
3475 4690 3617 4744 libro
3671 4688 3744 4743 ad

2159 4688 2437 4761 Signiﬁcat
2484 4692 2602 4761 ipsa
2652 4691 2976 4745 matrimonii
3030 4697 3252 4753 secreta,
3306 4706 3429 4761 quae
3475 4690 3617 4744 libro
3671 4688 3747 4743 ad

2164 4759 2399 4820 Umbram
2427 4778 2487 4830 ti,
2509 4759 2702 4832 penes
2739 4770 2952 4817 sanctos
2989 4777 3108 4815 esse
3152 4762 3227 4814 ait
3257 4759 3438 4832 ofﬁcia
3474 4776 3655 4825 sexus,
3685 4776 3747 4814 ac

2157 4834 2355 4888 debere
2386 4850 2506 4887 cum
2538 4831 2740 4888 honore
2769 4832 2938 4902 ipsius
2975 4831 3329 4895 necessitatis,
3365 4840 3618 4902 tanquam
3645 4833 3748 4885 sub

2160 4906 2329 4960 oculis
2357 4906 2477 4972 Dei,
2511 4905 2755 4959 modeste
2782 4920 2845 4959 ac
2874 4904 3151 4959 moderate
3184 4903 3426 4974 transigi.
3460 4903 3587 4958 Rm.

2233 4978 2346 5048 (42)
2376 4980 2482 5032 Pro
2512 4977 2754 5033 nominis
2785 4976 2910 5044 ﬁde.
2954 4976 3070 5029 Non
3107 4974 3273 5029 semel
3310 4974 3684 5030 adnotavimus
3711 4989 3747 5027 α

2160 5048 2493 5102 Tertulliano
2542 5059 2596 5102 et
2650 5049 2707 5103 Β,
2771 5048 3042 5116 Cypriano
3100 5048 3347 5102 usitatum
3396 5062 3605 5101 nomen
3654 5059 3750 5113 pro

2166 5120 2486 5176 Christiano
2519 5121 2765 5176 nomine.
2806 5120 2894 5173 Sic
2939 5118 3117 5181 etiam,
3150 5132 3270 5186 cap.
3320 5119 3408 5181 40,
3445 5118 3748 5189 suppliciis

2153 5193 2401 5247 nominis
2450 5208 2683 5249 caussa:
2723 5189 3119 5246 Tertullianicaa
3172 5198 3298 5243 sunt
3344 5189 3507 5243 etiam
3563 5202 3751 5243 voces.

2156 5264 2291 5317 Pu.

2221 5335 2331 5402 (43)
2370 5334 2794 5388 Tormentorum
2823 5331 3243 5389 machinatione
3266 5330 3547 5402 laniatur.
3580 5329 3749 5386 Ferti-

2156 5401 2267 5458 lem
2307 5414 2360 5459 et
2388 5404 2722 5475 ingeniosam
2764 5412 3118 5475 tyrannorum
3176 5402 3435 5475 saevitiam
3481 5401 3540 5475 in
3584 5402 3747 5475 adin-

2156 5476 2431 5532 veniendis
2449 5472 2737 5546 suppliciis
2756 5472 2945 5545 tangit.
2978 5475 3057 5530 De
3087 5472 3247 5529 variis
3277 5474 3449 5529 illiset
3476 5474 3743 5533 immittis

2157 5547 2333 5619 pinnis
2360 5545 2620 5605 videndus
2646 5546 2940 5605 Eusebius.
2970 5546 3049 5603 La
3080 5545 3175 5601 Pa.
