4030 6184
245 339 353 402 853

1309 336 1500 400 LIBER
1540 337 1628 399 DE
1665 338 2200 407 RESUEREGTIONE
2236 349 2491 414 CARNIS.

3435 365 3541 424 854

244 469 376 524 ἀπο
411 465 626 560 Cliti?”
652 465 846 532 νίοθπιν
879 463 1164 550 moriendo,
1196 478 1296 560 PP?
1339 463 1480 536 ίΡδος
1519 473 1574 522 ει
1620 464 1840 560 quidem
1865 480 1912 560 Α
1938 471 2133 542 gratia,
2173 477 2560 550 misericordia,
2603 483 2783 537 omnis
2834 484 2920 540 vis
2968 486 3070 543 Dei
3119 485 3386 558 beneﬁca,
3434 503 3539 542 va-

243 571 343 630 per
396 554 642 612 eamdem
697 568 920 610 crucem
966 568 1134 624 saepe,
1182 553 1380 609 nedum
1429 569 1526 623 per
1571 553 1842 610 atrociora

241 660 464 720 quoque
511 644 735 716 ingenia
774 643 1108 715 poenarum?
1154 643 1267 698 Nec
1317 641 1407 698 illa
1450 642 1759 698 beatissima
1789 650 1843 699 et

241 731 662 809 gloriosissima,
693 745 814 802 qua
842 738 1022 803 potest
1056 730 1201 804 apud
1227 729 1501 787 Christum
1552 731 1843 787 Dominum

243 838 435 895 parere
461 821 513 860 93
538 821 719 876 debito
759 825 906 875 tanto
936 819 1073 888 (44),
1104 828 1163 874 ut
1198 820 1306 874 hoc
1337 819 1514 876 solum
1544 820 1741 876 debeat
1791 819 1842 876 ei

241 913 390 984 quod
416 910 467 966 ei
496 911 693 966 debere
721 908 976 976 desierit;
1008 909 1113 966 hoc
1155 909 1329 980 magis
1377 909 1581 982 vincta,
1620 911 1766 982 quod
1794 909 1844 950 9‘

238 1001 512 1058 absoluta.

849 1103 1073 1162 CAPUT
1112 1103 1215 1159 IX.

309 1212 506 1286 Igitur,
537 1217 596 1266 ut
632 1216 874 1266 retexam
919 1225 1080 1282 quam
1132 1213 1282 1267 Deus
1324 1209 1577 1266 manibus
1625 1211 1740 1268 suis
1778 1213 1841 1267 ad

237 1301 540 1372 imaginem
598 1299 698 1355 Dei
757 1301 976 1367 struxit,
1037 1316 1201 1370 quam
1252 1299 1286 1353 d
1368 1315 1469 1356 suo
1524 1300 1725 1356 adflatu
1777 1301 1844 1356 ad

236 1389 652 1446 similitudinem
692 1401 804 1444 suae
834 1388 1134 1444 vivacitatis
1171 1387 1446 1454 animavit,
1477 1406 1640 1464 quam
1687 1390 1843 1448 inco—

235 1478 404 1545 latui,
461 1477 691 1542 fructui,
750 1475 1047 1534 dominatui
1102 1476 1265 1534 totius
1341 1494 1454 1533 suae
1520 1479 1848 1549 operationis

234 1566 576 1638 praeposuit,
644 1581 805 1638 quam
865 1567 1218 1622 sacramentis
1263 1565 1373 1621 suis
1435 1567 1847 1639 disciplinisque

234 1655 459 1713 vestivit
488 1673 503 1710 :
535 1656 692 1724 cujus
723 1654 1015 1710 munditias
1067 1661 1229 1720 amat,
1260 1657 1416 1724 cujus
1467 1655 1846 1730 castigationes

235 1746 458 1818 probat,
490 1746 648 1816 cujus
699 1743 981 1814 passiones
1010 1744 1112 1800 sibi
1142 1744 1402 1816 adpretiat
1427 1761 1444 1814 ;
1474 1746 1710 1802 haeccine
1739 1760 1845 1801 non

240 1843 503 1907 resurget
538 1833 735 1889 totiens
763 1832 910 1888 Dei?
937 1833 1113 1901 Absit,
1147 1833 1286 1890 absit
1329 1834 1400 1900 95,
1431 1841 1490 1890 ut
1533 1835 1683 1889 Deus
1720 1850 1838 1889 ma-

242 1938 422 1978 nuum
467 1937 680 1977 suarum
725 1936 964 1993 operam,
994 1919 1196 1996 ingenii
1239 1923 1324 1977 sui
1363 1937 1570 1988 curam,
1613 1921 1841 1978 adﬂatus

241 2010 338 2066 sui
369 2009 634 2082 vaginam,
673 2009 964 2066 molitionis
1006 2025 1119 2065 suae
1158 2010 1398 2082 reginam
1427 2011 1562 2082 (45),
1595 2009 1836 2066 liberali-

238 2099 372 2155 tatis
407 2113 534 2153 suae
564 2097 852 2164 heredem,
884 2097 1164 2170 religionis
1192 2114 1305 2153 suae
1335 2099 1672 2155 sacerdotem
1701 2099 1838 2171 (46),

238 2186 544 2244 testimonii
571 2187 655 2242 sui
691 2187 938 2252 militem,
969 2187 1170 2243 Christi
1208 2187 1293 2243 sui
1329 2203 1569 2246 sororem
1615 2188 1753 2260 (4⁸7),
1785 2188 1840 2244 in

236 2283 509 2332 aeternum
537 2276 792 2332 destituat
835 2275 1150 2332 interitum!
1197 2277 1406 2332 Bonum
1456 2277 1632 2333 Deum
1678 2277 1841 2333 novi-

235 2383 387 2431 mus,
423 2368 599 2421 solum
627 2367 891 2437 optimum
923 2381 953 2420 a
981 2367 1199 2423 Christo
1239 2369 1359 2438 ejus
1387 2367 1438 2406 96
1486 2367 1596 2437 (48)
1651 2367 1841 2423 addis-

233 2454 460 2525 cimus;
511 2454 604 2525 qui
661 2454 995 2511 dilectionem
1046 2455 1332 2522 maudans,
1392 2464 1513 2526 post
1567 2471 1742 2526 suam,
1788 2457 1841 2510 in

235 2542 576 2617 proximum,
625 2542 785 2600 faciet
837 2550 893 2598 et
946 2543 1064 2614 ipse
1109 2545 1253 2615 quod
1294 2543 1553 2616 praecepit
1599 2562 1612 2598 :
1657 2544 1844 2616 diliget

235 2648 494 2699 carnem,
546 2639 625 2688 tot
670 2631 847 2688 modis
893 2631 997 2688 sibi
1037 2632 1355 2702 proximam,
1404 2632 1503 2688 etsi
1555 2633 1844 2702 inﬁrmam

235 2721 478 2794 (Matth.
510 2736 662 2789 xxvr,
694 2720 936 2794 41);sed
968 2723 1149 2778 virtus
1176 2723 1240 2778 in
1269 2723 1611 2793 inﬁrmitate
1630 2723 1848 2795 perﬁci-

236 2815 350 2868 tur
383 2809 469 2880 (ΙΙ
497 2811 619 2867 Cor.
660 2825 760 2881 xu,
801 2811 886 2878 9);
918 2809 1018 2865 etsi
1054 2809 1408 2878 imbecillam;
1442 2811 1538 2868 sed
1565 2809 1846 2868 medicum

234 2918 367 2960 non
396 2900 742 2970 desiderant,
773 2901 892 2956 nisi
926 2902 1078 2958 male
1108 2901 1369 2957 habentes
1398 2899 1624 2971 (Matth.
1657 2902 1838 2972 xxii);

236 2990 362 3047 etsi
389 2989 754 3058 inhonestam;
787 2991 883 3046 sed
911 2990 1389 3047 inhonestioribus
1417 2991 1692 3060 majorem
1721 2992 1842 3046 eir-

233 3078 590 3136 eumdamus
637 3079 902 3138 honorem
942 3079 1056 3150 (t9)
1087 3081 1167 3149 (ΙΙ
1192 3080 1314 3135 Cor.
1346 3080 1486 3147 xn);
1519 3077 1621 3134 etsi
1661 3075 1849 3148 pcrdi-
1879 3062 1923 3141 Β

231 3177 356 3225 tam
384 3167 520 3238 ;sed
550 3183 662 3239 ego,
683 3166 876 3238 inquit,
900 3169 1027 3226 veni
1053 3172 1121 3225 ut
1151 3167 1296 3240 quod
1310 3170 1485 3241 periit
1515 3167 1732 3223 salvum
1761 3168 1846 3237 fa-

228 3258 398 3316 ciam
427 3258 583 3323 (Luc.
615 3257 706 3328 v);
755 3257 857 3311 etsi
893 3255 1281 3328 peccatricem;
1321 3256 1417 3311 sed
1472 3255 1620 3311 malo
1677 3255 1843 3321 mihi,

229 3343 447 3416 inquit,
481 3343 721 3402 salutem
765 3346 1094 3418 peccatoris,
1128 3361 1298 3419 quam
1334 3347 1574 3403 mortem
1616 3342 1840 3414 (Ezech.

228 3433 424 3504 xvm)
450 3450 466 3503 ;
491 3432 594 3488 etsi
616 3436 948 3500 damnatam;
973 3435 1069 3490 sed
1091 3451 1204 3507 ego,
1230 3433 1401 3505 inquit
1425 3434 1608 3504 (Deut.
1630 3431 1848 3503 χχχιι),

227 3523 598 3598 percutiam,
620 3526 676 3579 et
701 3523 924 3581 sonabo.
951 3523 1089 3592 Quid
1119 3539 1182 3578 ea
1212 3523 1512 3594 exprobras
1538 3520 1708 3588 carni,
1729 3536 1851 3591 qua:

227 3614 424 3670 Deum
466 3618 797 3683 exspectant,
830 3627 950 3683 quae
979 3613 1034 3666 in
1080 3612 1255 3668 Deum
1301 3621 1537 3684 sperant,
1571 3626 1696 3682 quae
1742 3611 1848 3666 ho-

229 3710 515 3760 norantur
558 3701 625 3757 ab
673 3700 786 3768 illo,
837 3700 1032 3774 quibus
1080 3699 1374 3758 subvenit?
1417 3698 1605 3755 Ausim
1641 3698 1842 3765 dicere,

231 3791 283 3847 si
343 3793 473 3847 hac
524 3788 675 3848 carni
727 3805 836 3848 non
889 3790 1231 3856 accidissent,
1288 3787 1463 3847 808
1520 3788 1842 3864 benignitas,

1948 560 2146 618 cuisset
2175 567 2247 621 9".

2552 694 2779 751 CAPUT
2825 696 2900 752 X.

2020 786 2198 842 Tenes
2244 786 2569 860 Scripturas,
2618 794 2816 864 quibus
2853 810 2983 850 caro
3030 793 3367 869 infuscatur;
3414 801 3541 857 tene

1948 875 2126 941 etiam,
2175 876 2372 948 quibus
2408 877 2745 939 inlustratur.
2795 883 2973 954 Legis,
3015 899 3138 940 cum
3183 885 3234 923 93
3283 901 3411 943 caro
3441 887 3540 945 de-

1950 964 2198 1034 primitur
2229 984 2243 1018 :
2278 967 2439 1037 adige
2467 970 2673 1038 oculos,
2705 979 2759 1027 et
2785 987 2912 1028 cum
2938 974 2990 1012 99
3015 989 3140 1030 caro
3188 975 3457 1033 relevatur
3496 977 3539 1044 ι,

1957 1054 2147 1111 Omnis
2177 1071 2307 1112 caro
2351 1059 2574 1127 frenum
2613 1061 2742 1130 (Isa.
2792 1063 2948 1133 xu);
2995 1078 3103 1120 non
3144 1063 3248 1120 hoc
3293 1065 3318 1102 2
3365 1064 3540 1121 solum

1951 1143 2312 1215 pronuntiavit
2348 1145 2546 1218 Isaias;
2595 1149 2692 1204 sed
2741 1159 2793 1206 et
2841 1172 2854 1207 :
2911 1154 3102 1210 Omnis
3159 1170 3289 1212 caro
3335 1154 3542 1212 videbit

1950 1233 2207 1289 salutare
2251 1235 2349 1290 Dei
2388 1236 2501 1304 (50)
2531 1236 2737 1309 (ibid).
2767 1239 2996 1296 Notatur
3035 1241 3089 1296 in
3119 1241 3322 1298 Genesi
3351 1243 3543 1298 dicens

1951 1323 2099 1376 Deus
2126 1322 2288 1391 (Gen.
2309 1324 2431 1395 vr):
2464 1325 2592 1380 Non
2621 1328 2871 1385 manebit
2901 1331 3148 1402 Spiritus
3171 1349 3326 1390 meus
3362 1334 3424 1388 in
3447 1333 3542 1390 ho-

1951 1411 2198 1467 minibus
2245 1413 2393 1478 istis,
2428 1417 2557 1485 quia
2595 1431 2725 1472 caro
2774 1424 2944 1487 sunt;
2974 1421 3071 1476 sed
3109 1427 3161 1475 et
3201 1421 3416 1477 auditur
3446 1438 3543 1492 per

1950 1500 2151 1556 Joelem
2171 1501 2326 1570 (Joel.
2350 1501 2413 1573 ιι)
2431 1521 2442 1556 :
2458 1505 2765 1575 Effundam
2783 1509 2849 1564 de
2866 1510 3087 1581 Spiritu
3101 1526 3220 1567 meo
3237 1514 3299 1566 in
3319 1527 3542 1568 omnem

1954 1605 2203 1646 carnem.
2234 1592 2554 1661 Apostolum
2585 1610 2804 1666 quoque
2834 1613 2901 1651 ne
2931 1597 3000 1652 de
3029 1613 3138 1654 uno
3186 1601 3324 1671 stylo
3372 1602 3538 1668 noris,

1951 1693 2059 1748 quo
2096 1692 2312 1734 carnem
2357 1679 2674 1750 plerumque
2719 1685 3054 1755 compungit.
3105 1686 3260 1751 Nam,
3293 1687 3391 1742 etsi
3437 1703 3540 1743 ne-

1877 1771 1922 1848 Β
1950 1777 2042 1839 gat
2085 1766 2328 1822 habitare
2373 1767 2502 1822 boni
2551 1769 2836 1841 quicquam
2866 1771 2922 1825 in
2951 1789 3114 1828 carne
3143 1789 3240 1829 sua
3265 1793 3278 1838 ;
3311 1775 3412 1831 etsi
3440 1776 3542 1832 ad-

1950 1856 2125 1913 ﬁrmat
2172 1872 2274 1912 .eos
2329 1857 2422 1928 qui
2473 1856 2531 1912 in
2577 1873 2738 1913 carne
2793 1858 2920 1925 sint,
2972 1862 3088 1916 Deo
3143 1862 3360 1932 placere
3433 1879 3543 1920 non

1946 1961 2132 2017 posse,
2153 1945 2277 2018 quia
2299 1946 2646 2017 concupiscat
2673 1946 2934 2003 adversus
2964 1948 3232 2020 Spiritum,
3263 1960 3337 2018 et,
3361 1951 3408 2007 si
3435 1969 3543 2024 qua

1948 2035 2056 2089 alia
2084 2035 2157 2090 ita
2186 2035 2358 2106 ponit,
2400 2049 2460 2090 ut
2496 2036 2671 2092 carnis
2716 2052 2822 2094 non
2869 2045 3048 2095 tamen
3099 2027 3418 2110 substantia,
3447 2041 3543 2096 sed

1949 2133 2100 2180 actus
2130 2123 2484 2181 inhonoretur
2513 2143 2528 2180 :
2558 2126 2802 2182 dicemus
2827 2125 3042 2196 quidem
3074 2126 3201 2183 alibi
3231 2126 3363 2184 nihil
3414 2143 3541 2198 pro-

1949 2212 2066 2284 prie
2094 2214 2240 2268 carni
2267 2213 2583 2284 exprobrari
2613 2222 2884 2286 oportere,
2916 2215 3016 2270 nisi
3063 2217 3118 2272 in
3163 2217 3358 2272 animae
3405 2233 3540 2291 sug-

1951 2301 2312 2372 gillationem,
2365 2318 2487 2374 quae
2531 2318 2747 2358 carnem
2787 2303 3083 2359 ministerio
3131 2304 3234 2359 sibi
3264 2306 3464 2379 subigit
3490 2306 3536 2364 3.

1949 2392 2147 2449 Verum
2194 2391 2408 2446 interim
2454 2399 2508 2446 et
2545 2392 2597 2446 in
2638 2392 2741 2447 illis
2788 2392 2978 2448 litteris
3016 2393 3208 2449 Paulus
3259 2401 3341 2449 est
3397 2395 3537 2464 (51),

1951 2496 2073 2537 cum
2106 2481 2358 2552 stigmata
2385 2480 2580 2537 Christi
2612 2481 2666 2535 in
2696 2497 2928 2553 corpore
2957 2497 3056 2540 suo
3103 2489 3315 2554 portat;
3347 2499 3472 2540 cum
3513 2483 3540 2522 ἰ

1953 2581 2214 2638 nostrum,
2260 2579 2317 2626 ut
2362 2571 2462 2626 Dei
2510 2572 2790 2642 templum,
2822 2571 2997 2628 vitiari
3034 2578 3216 2643 vetat;
3259 2588 3387 2630 cum
3415 2588 3540 2629 cor-

1954 2676 2087 2734 pora
2124 2671 2308 2716 nostra
2337 2661 2578 2718 membra
2605 2660 2800 2718 Christi
2827 2661 2990 2733 facit;
3041 2679 3166 2718 cum
3212 2670 3394 2720 monet
3440 2663 3543 2718 tol-

1955 2751 2066 2806 lere
2109 2761 2162 2807 et
2207 2751 2551 2822 magniﬁcare
2595 2753 2767 2807 Deum
2813 2753 2872 2804 in
2909 2766 3137 2822 corpore
3181 2762 3389 2810 nostro.
3431 2753 3541 2808 Ita-

1955 2857 2079 2914 que,
2113 2841 2160 2897 si
2209 2840 2520 2912 ignominiae
2556 2840 2732 2896 carnis
2779 2840 3223 2896 resurrectionem
3272 2840 3392 2909 ejus
3449 2857 3546 2896 ex-

1951 2932 2182 3004 pellunt,
2213 2946 2309 2986 cur
2355 2945 2463 2986 non
2502 2929 2794 3002 dignitates
2835 2930 3013 3000 potius
3058 2929 3362 2985 inducent?
3390 2928 3544 2997 Quo-

1951 3022 2094 3078 niam
2148 3021 2263 3075 Deo
2331 3019 2507 3090 magis
2565 3018 2814 3091 congruit
2867 3017 2923 3073 in
2978 3018 3208 3076 salutem
3278 3017 3541 3091 redigere,

1953 3110 2098 3183 quod
2155 3107 2456 3180 reprobarit
2503 3106 2792 3173 interdum,
2853 3124 3015 3180 quam
3070 3108 3128 3162 iu
3183 3107 3538 3179 perditionem

1953 3200 2174 3270 dedere,
2205 3198 2351 3270 quod
2388 3196 2548 3252 etiam
2577 3196 2861 3268 aliquando
2890 3198 2913 3235 5
2941 3196 3212 3268 probavit.

2574 3319 2794 3376 CAPUT
2829 3319 2929 3375 XI.

2028 3423 2317 3492 Hucusque
2344 3420 2410 3475 de
2437 3417 2709 3490 praeconio
2752 3417 2928 3474 carnis
2965 3416 3224 3475 adversus
3274 3415 3539 3488 inimicos,

1957 3522 2013 3571 et
2053 3509 2396 3570 nihilnininus
2442 3506 2791 3564 amicissimos
2835 3508 2973 3576 ejus.
3019 3506 3195 3562 Nemo
3244 3505 3386 3562 enim
3434 3513 3542 3559 tam

1957 3600 2239 3660 carnaliter
2275 3597 2430 3665 vivit,
2476 3612 2635 3668 quam
2679 3595 2773 3666 qui
2819 3604 3024 3668 negant
3073 3595 3253 3650 carnis
3300 3609 3543 3651 resurre-

1957 3691 2208 3748 ctionem.
2233 3686 2512 3757 Negantes
2541 3685 2680 3740 enim
2705 3686 2824 3753 ejus
2849 3684 2874 3722 δ
2905 3699 3136 3754 poenam,
3159 3681 3469 3754 despiciunt
3489 3689 3545 3740 et

1953 3778 2308 3850 disciplinam.
2339 3777 2420 3831 De
2449 3775 2644 3846 quibus
2671 3773 2975 3830 luculenter
3012 3782 3065 3828 et
3102 3772 3408 3828 Paracletus
3444 3787 3546 3843 per

1697 3923 1888 3985 Variae
1925 3920 2243 3982 lectiones.

309 4031 372 4072 93
400 4031 656 4102 Pargesse
681 4030 809 4086 Lat.
842 4029 1051 4102 pariare
1085 4031 1340 4090 Ciaccon.
1389 4029 1440 4069 9"
1487 4026 1610 4096 Quo
1654 4031 1835 4102 Pam._
1864 4029 2034 4102 Fran.
2080 4024 2136 4102 ἓξ
2182 4019 2340 4102 Absit
2369 4016 2857 4102 se—melsRhenLW
2874 4016 3038 4102 “Ejus
3082 4016 3318 4102 abest‘a
3365 4014 3543 4102 Eheu.

233 4105 430 4164 Seml.
488 4101 536 4142 9⁷
587 4100 890 4159 Vacavisset
930 4104 1054 4159 alii.
1105 4105 1156 4142 98
1201 4102 1441 4172 Quando,
1478 4103 1654 4157 Rhen.
1705 4100 1756 4139 99

1803 4097 2030 4169 Quando
2069 4095 2246 4169 Rhen.
2300 4092 2329 4169 1A
2369 4089 2824 4169 develatuialii'.
2873 4088 3065 4169 {Hnno
3112 4089 3264 4169 abest
3308 4105 3344 4169 ᾳ
3374 4091 3543 4144 Pam.

229 4159 425 4236 Han.
453 4174 480 4213 3
506 4174 737 4245 Snbjicit
766 4175 892 4231 alii.
920 4175 945 4214 4
976 4175 1190 4248 Corpus
1211 4159 1348 4232 add.
1379 4171 1557 4232 Rhen.
1591 4172 1763 4229 Seml.
1798 4159 2149 4238 5wAliquando
2179 4163 2331 4220 deest
2361 4162 2540 4218 Rhen.
2565 4161 2590 4198 δ
2618 4159 2752 4228 Ejus
2779 4159 2931 4216 deest
2963 4160 3138 4215 Rhen.
3171 4160 3342 4214 Seml.

1702 4293 2208 4359 Commentarius.

344 4406 443 4489 at)
479 4407 609 4476 Qua:
633 4408 870 4487 potesta
911 4406 986 4463 ud
1019 4405 1622 4488 ChristumDominum
1639 4418 1837 4476 parere
1873 4420 1919 4498 ο

232 4409 438 4538 debtto
469 4481 650 4534 tanta.
684 4477 775 4534 Sic
802 4424 997 4534 habent
1024 4478 1387 4538 exemplaria;
1424 4493 1522 4532 nec
1554 4484 1682 4538 puto
1722 4489 1839 4528 mu-

385 4477 438 4536 to
469 4477 650 4534 tanta.
684 4477 775 4534 Sic
802 4477 997 4534 habent
1024 4477 1387 4548 exemplaria;
1424 4493 1522 4548 nec
1546 4484 1682 4548 puto
1722 4489 1839 4548 mru-

235 4551 482 4607 tandum
533 4564 654 4605 esse
699 4550 1005 4621 quicquam,
1055 4549 1156 4621 etsi
1185 4547 1465 4621 ’maluerit
1526 4547 1848 4621 Ciacconius

229 4623 508 4698 pariqre.
559 4619 866 4698 Appellanti
923 4620 1176 4698 creditori
1231 4628 1398 4698 paret_
1438 4619 1669 4698 debitor,
1727 4631 1848 4698 cum

234 4687 541 4753 satisfacit.
560 4687 737 4765 dubet
765 4691 860 4764 qui
895 4691 1081 4765 exigit,
1116 4687 1264 4762 paret
1311 4691 1403 4762 qui
1446 4697 1659 4762 praestat
1706 4687 1849 4760 quod

232 4762 681 4840 ΡΨΨίβίίεβέβξ

313 4837 447 4908 (45)
510 4834 825 4908 1110ιὶιροηίεῇ
859 4850 976 4890 suae
1023 4834 1294 4908 reginam.
1345 4833 1670 4908 molitionem
1720 4828 1850 4885 dicit

233 4903 608 4966 creationem.
642 4903 852 4962 Creavit
887 4915 1066 4961 autem
1086 4903 1240 4961 Deus
1274 4905 1546 4960 hominem
1594 4912 1849 4976 tauquam

235 4992 448 5054 regem
478 4976 714 5054 omnium
739 4992 860 5054 quae
888 4977 942 5031 in
980 4985 1290 5054 terra,_quae
1321 4978 1386 5054 in_
1403 4979 1560 5054 mari.
1592 4977 1715 5031 Rm.

317 5048 446 5124 (4(5)
483 5048 936 5124 Religionis_sua3
958 5048 1330 5124 sacerdotem.
1364 5049 1575 5103 Laudes
1620 5056 1673 5103 et
1717 5061 1846 5118 gra-

239 5119 354 5178 tias
386 5119 761 5175 immolantem
791 5121 925 5176 Deo.
958 5120 1085 5176 Rm.

323 5193 448 5264 (47)
487 5191 698 5248 Christi
723 5195 818 5264 sui
836 5207 1100 5264 sororem.
1133 5190 1270 5260 Quia
1295 5195 1537 5264 cognatae
1565 5195 1616 5264 et
1643 5201 1848 5264 conge-

248 5259 561 5334 neris'cum
592 5279 754 5318 carne
781 5262 993 5328 Christi,
1026 5277 1136 5318 non
1162 5259 1241 5318 fut
1282 5261 1524 5334 plerique
1566 5259 1849 5314 haeretico-

253 5350 411 5406 rum,
441 5333 681 5398 illorum,
741 5336 1005 5390 adversus
1076 5348 1212 5406 quos
1266 5331 1590 5406 digladiatur
1643 5337 1848 5406 auctor,

254 5405 529 5479 putabant
583 5421 786 5479 carnea
829 5406 1035 5479 ’Christi
1064 5401 1349 5479 diversa!
1369 5401 1591 5479 rationis
1617 5402 1808 5479 fuisse
1832 5441 1847 5470 ,

252 5473 355 5558 aut
386 5476 784 5558 .phantast‘icte,
846 5485 941 5535 aut
993 5476 1376 5558 sid‘ereaanaut
1425 5473 1702 5558 animalis,
1763 5483 1853 5558 aut

253 5544 591 5623 spiritualis,
644 5550 714 5606 de
769 5544 1022 5622 quorum
1071 5548 1366 5605 haeresibus
1425 5546 1524 5602 lib.
1608 5544 1841 5616 praeced.

258 5622 406 5680 Lac.

333 5690 458 5766 (48)
491 5690 686 5750 Solum
713 5692 991 5766 optimum
1025 5709 1062 5749 a
1091 5691 1307 5750 Christo
1344 5691 1487 5762 ejus,
1516 5693 1617 5746 etc.
1664 5683 1858 5757 Operi-

1950 4398 2051 4451 bus
2099 4391 2303 4464 gratite
2331 4389 2566 4464 optimus
2609 4389 2754 4443 Deus
2791 4385 3009 4464 agnitus
3038 4393 3140 4464 est.
3173 4385 3372 4464 Contra
3401 4387 3550 4464 Maro

1954 4456 2192 4525 cioniTas
2237 4456 2402 4518 etiam
2449 4460 2646 4514 dictum
2695 4466 2779 4512 est
2825 4456 2947 4521 hoc,
2978 4456 3069 4526 qui
3098 4473 3220 4511 cum
3250 4458 3388 4512 duos
3412 4459 3548 4513 deos

1959 4538 2383 4610 distinguerent,
2429 4533 2598 4610 deum.
2636 4529 2846 4610 malum
2887 4536 3217 4610 creatorem,
3269 4534 3323 4610 et
3380 4528 3542 4582 deum

1955 4599 2180 4679 bonum,
2251 4608 2394 4679 hunc
2463 4601 2714 4679 dicebant
2776 4599 3177 4679 fuisseoDeum
3243 4599 3312 4653 ad
3383 4615 3543 4679 quem

1957 4669 2206 4738 Christus
2255 4677 2574 4750 pertinebat,
2615 4679 2668 4729 et
2714 4687 2810 4742 per
2859 4669 3131 4727 Christum
3189 4680 3372 4725 notam
3427 4670 3545 4739 ejus

1956 4754 2272 4810 bonitatem.
2315 4750 2442 4803 Lac.

2027 4827 2141 4896 (49)
2176 4823 2280 4880 Sed
2305 4816 2783 4896 inhonestioribus
2810 4817 3087 4896 majorem
3127 4809 3545 4896 circumdamus

1959 4885 2244 4952 honorem.
2295 4894 2427 4960 Quae
2455 4906 2574 4944 cum
2605 4887 2868 4942 nominari
2898 4885 3120 4941 necesse
3151 4891 3251 4952 est,
3285 4885 3544 4937 honorem

1955 4966 2170 5040 praefari
2196 4965 2462 5040 solemus.
2495 4962 2617 5040 Rm,

2027 5038 2143 5110 (50)
2177 5035 2368 5110 Omnis
2398 5029 3044 5110 carotidebitusalutare
3080 5029 3195 5082 Dei.
3230 5024 3375 5110 infra
3405 5041 3541 5110 .cap.

1954 5097 2048 5176 59,
2081 5097 2284 5164 eaedem
2314 5107 2398 5159 hae
2429 5103 2718 5184 Scriptum
2749 5100 2937 5184 iisdem
2969 5115 3112 5184 pene
3143 5099 3321 5154 verbis
3372 5097 3546 5184 citant

1960 5171 2063 5236 tur.
2097 5181 2312 5250 Legitur
2342 5184 2513 5230 autem
2545 5171 2599 5227 id
2637 5172 2931 5250 secundum
2967 5171 3137 5250 LXX,
3170 5187 3268 5250 pro
3291 5186 3374 5250 _e_o
3401 5171 3546 5242 quod

1956 5253 2142 5307 beatus
2172 5243 2526 5318 Hieronymus
2554 5245 2712 5303 vertit
2739 5243 3031 5318 dumtaxat,
3065 5247 3115 5299 et
3127 5315 3137 5318 _
3162 5243 3366 5300 videbit
3421 5261 3546 5318 om-

1964 5328 2052 5380 nis
2084 5338 2210 5379 caro
2240 5314 2457 5395 pariter
2478 5333 2680 5395 :_quam
2711 5314 3303 5395 u_tramque_lection.em
3324 5314 3548 5395 _eo.dem

1963 5395 2200 5452 recidere
2234 5385 2454 5464 pulchre
2485 5385 2702 5446 deducit
2731 5387 2838 5442 Leo
2870 5387 2936 5442 de
2967 5387 3155 5441 Castro
3199 5387 3262 5439 in
3314 5385 3543 5440 Isaiam.

1958 5468 2031 5522 LE
2067 5469 2160 5522 ΡΒ.

2029 5539 2142 5610 (51)
2177 5540 2242 5594 Et
2272 5537 2334 5591 in
2363 5534 2479 5590 illis
2514 5534 2723 5610 litteris
2752 5530 2964 5610 Pdulus
2993 5531 3095 5586 est.
3138 5527 3374 5610 Hochest,
3411 5533 3466 5610 et
3493 5523 3546 5580 in

1969 5597 2076 5666 illis
2101 5597 2388 5681 scripturae
2426 5603 2752 5662 testimoniis
2801 5602 2944 5656 Pauli
2988 5614 3090 5656 vox
3135 5597 3368 5656 auditur.
3419 5597 3543 5653 Βία.
