4030 6184
355 313 461 373 855

1042 309 1479 372 TERTULLIANI
1532 308 1799 369 OPERUM
1836 306 2003 366 PARS
2058 308 2126 370 II.
2173 338 2243 351 -
2278 306 2503 365 SERIES
2542 308 2583 375 Ι,
2616 305 2959 366 POLEMICA.

3532 304 3640 362 856

358 416 533 477 809
562 414 934 489 prOphetidem
970 412 1086 483 (52)
1115 412 1347 467 Priscam
1382 430 1395 465 :
1433 432 1456 461 α
1490 410 1685 465 Carnes
1712 416 1857 476 sunt,
1890 416 1943 463 et
1972 421 2017 499 Α
2050 409 2365 463 dehaustam
2412 422 2638 462 evocare
2694 410 2760 461 de
2808 408 2929 462 alio.
2984 405 3048 461 Et
3086 404 3271 475 utique
3301 404 3531 461 idoneus
3556 411 3639 459 est

357 524 571 566 carnem
599 508 849 562 oderunt.
888 524 909 553 »
945 502 1115 571 Quam
1148 501 1191 554 Si
1225 512 1365 557 tanta
1404 500 1698 555 auctoritas
1746 496 1938 565 munit,

356 604 552 669 quanta
590 596 665 650 illi
712 594 780 648 ad
830 592 1080 647 meritum
1137 588 1325 646 salutis
1373 586 1691 660 patrocinari
1749 585 1938 656 possit,

357 684 616 757 numquid
660 684 817 739 etiam
870 681 965 735 Dei
1013 680 1185 751 ipsius
1244 677 1554 749 potentiam,
1606 685 1660 731 et
1708 680 1945 745 potesta-

359 787 488 846 tem,
522 785 576 830 et
601 773 869 829 licentiam
908 785 1187 825 recensere
1226 768 1505 834 debemus,
1537 782 1605 821 an
1653 773 1829 820 tantus
1876 765 1947 819 sit

359 866 450 939 qui
485 866 660 920 valeat
706 862 990 931 dilapsum,
1041 866 1094 913 et
1145 859 1478 925 devoratum,
1520 867 1574 913 et
1620 856 1947 927 quibuscum-

360 971 463 1026 que
490 952 667 1009 modis
703 958 941 1021 ereptum
981 950 1002 987 ἰ
1053 948 1452 1002 tabernaculum
1502 946 1677 1001 carnis
1723 942 1947 1000 reaedifi-

361 1060 482 1101 care
534 1050 691 1112 atque
741 1038 1059 1112 restituere?
1090 1036 1175 1090 An
1217 1044 1266 1089 et
1314 1035 1489 1105 aliqua
1517 1035 1669 1090 nobis
1706 1034 1948 1104 exempla

362 1133 525 1202 hujus
555 1130 639 1186 sui
665 1128 805 1199 juris
836 1129 891 1182 in
924 1127 1136 1197 publico
1160 1128 1496 1195 naturac(53)
1519 1124 1879 1196 promulgavit
1901 1125 1943 1189 8,

366 1238 432 1278 ne
485 1220 576 1289 qui
623 1220 762 1274 forte
810 1217 984 1272 adhuc
1036 1216 1275 1271 nesciant
1322 1216 1346 1252 9
1396 1216 1565 1269 Deum
1616 1228 1774 1268 nosse
1812 1213 1947 1281 (54),

364 1309 457 1382 qui
500 1325 606 1364 non
650 1308 754 1362 alia
796 1308 915 1376 lege
960 1305 1263 1361 credendus
1312 1312 1412 1369 est,
1459 1319 1617 1373 quam
1665 1311 1724 1356 ut
1771 1303 1952 1358 omnia

366 1414 523 1467 posse
554 1399 799 1454 credatur
820 1398 847 1451 ‘P
879 1397 1038 1450 Plane
1064 1394 1205 1465 apud
1235 1393 1584 1464 phi1050phos
1635 1392 1819 1460 habes,
1861 1391 1953 1461 qui

366 1487 625 1542 mundum
655 1486 797 1540 hunc
826 1485 1065 1539 innatum
1096 1484 1209 1555 (55)
1238 1482 1604 1552 infectumque
1626 1480 1953 1537 defendant:

367 1576 463 1632 sed
494 1574 665 1631 multo
695 1573 907 1639 melius,
934 1574 1079 1644 quod
1110 1588 1299 1629 omnes
1328 1571 1441 1625 fere
1488 1572 1725 1626 haereses
1772 1576 1954 1623 natum

2050 495 2287 565 reficere,
2330 495 2420 565 qui
2478 494 2599 549 fecit
2657 494 2802 563 (58);
2854 501 3056 566 quanto
3113 494 3232 562 plus
3288 501 3378 549 est
3425 492 3636 563 fecisse,

2054 602 2215 657 quam
2255 584 2526 649 refecisse,
2561 583 2734 639 8I0
2764 584 2973 640 initium
3003 583 3241 652 dedisse,
3275 598 3434 655 quam
3468 582 3643 639 reddi-

2052 675 2217 744 disse,
2275 674 2349 729 ita
2406 674 2793 730 restitutionem
2867 672 3046 729 carnis
3100 672 3391 731 faciliorem
3449 671 3642 728 credas

2053 764 2410 821 institutione.

2653 913 2877 969 CAPUT
2922 914 3044 969 XII.

2126 1040 2322 1110 Aspice
2352 1054 2494 1094 nunc
2539 1037 2603 1093 ad
2644 1039 2762 1109 ipsa
2799 1052 3008 1111 quoque
3036 1041 3277 1111 exempla
3322 1041 3515 1099 divinae
3545 1059 3646 1113 po-

2060 1132 2281 1185 testatis.
2323 1127 2451 1183 Dies
2480 1126 2706 1183 moritur
2732 1126 2787 1180 in
2818 1136 3047 1193 noctem,
3079 1136 3133 1183 et
3163 1131 3405 1185 tenebris
3451 1148 3648 1204 usque-

2057 1234 2266 1290 quaque
2306 1216 2561 1289 sepelitur
2594 1234 2607 1271 :
2653 1216 2951 1271 funestatur
2984 1234 2997 1272 :
3047 1217 3238 1272 mundi
3284 1219 3458 1275 honor
3497 1222 3605 1290 (59)
3628 1237 3645 1288 ;

2060 1306 2236 1362 omnis
2283 1306 2581 1361 substantia
2626 1304 2971 1376 denigratur;
3025 1306 3263 1371 sordent,
3318 1306 3498 1373 silent,
3532 1319 3648 1363 stu-

2063 1407 2193 1468 pent
2219 1405 2448 1467 cuncta;
2481 1394 2675 1464 ubique
2704 1392 2971 1463 justitiam
3004 1404 3085 1448 est
3116 1393 3184 1448 “1.
3220 1396 3300 1450 Ita
3322 1396 3419 1451 lux
3445 1398 3651 1453 amissa

2065 1489 2313 1561 lugetur;
2345 1493 2395 1540 et
2425 1493 2601 1539 tamen
2632 1497 2819 1539 rursus
2847 1499 2971 1539 cum
3000 1499 3099 1539 suo
3126 1484 3293 1554 cultu,
3325 1501 3447 1542 cum
3495 1486 3646 1551 dote,

2064 1591 2185 1631 cum
2231 1573 2370 1643 sole,
2415 1572 2599 1628 eadem
2642 1579 2695 1626 et
2725 1570 2934 1641 integra
2980 1580 3032 1627 et
3079 1579 3193 1629 tota
3234 1574 3484 1628 universo
3529 1572 3650 1629 orbi

365 1670 418 1719 et
474 1662 674 1718 factum
730 1661 986 1716 mundum
1044 1663 1356 1726 annuenteS,
1418 1658 1782 1713 conditionem
1838 1658 1953 1713 Deo
1989 1657 2032 1733 Β
2065 1662 2370 1731 reviviscit;
2422 1660 2745 1716 interficiens
2792 1668 3019 1717 mortem
3068 1677 3242 1733 suam,
3279 1670 3530 1730 noctem;
3567 1679 3651 1719 re-

366 1759 550 1808 nostro
604 1751 931 1806 adscribunt.
988 1749 1162 1820 Igitur
1222 1746 1439 1805 confide
1496 1746 1541 1784 ιο
1597 1746 1745 1801 illum
1785 1754 1955 1801 totum

366 1842 471 1896 hoc
521 1857 589 1895 ex
634 1839 801 1895 nihilo
849 1836 1155 1909 protulisse,
1204 1846 1257 1893 et
1304 1837 1474 1893 Deum
1525 1837 1690 1905 nosti,
1740 1835 1956 1894 fidendo

367 1930 512 2003 quod
560 1936 765 1986 tantum
804 1928 949 1983 Deus
996 1927 1187 1983 valeat.
1236 1928 1373 1982 Nam
1418 1936 1471 1982 et
1516 1926 1756 1996 quidam,
1808 1926 1957 1981 inﬁr-

369 2022 566 2077 miores
612 2022 717 2077 hoc
764 2019 915 2090 prius
970 2018 1213 2086 credere,
1275 2018 1340 2071 de
1396 2016 1620 2071 materia
1674 2018 1853 2087 potius
1912 2016 1953 2055 11

370 2110 669 2179 subjacenti
726 2109 911 2167 volunt
968 2108 1033 2161 ab
1087 2108 1182 2163 illo
1221 2106 1621 2162 universitatem
1660 2105 1955 2161 dedicatam

369 2202 661 2255 secundum
709 2199 1065 2271 phil030phos
1111 2198 1243 2269 (56).
1294 2199 1478 2260 Porro,
1512 2197 1611 2250 etsi
1650 2195 1722 2248 ita
1746 2194 1800 2248 in
1830 2209 1957 2249 vero

370 2288 696 2359 haberetur,
750 2305 871 2343 cum
951 2298 1125 2342 tamen
1199 2288 1360 2356 longe
1415 2286 1543 2338 alias
1607 2283 1952 2347 substantias,

368 2378 643 2449 longeque
697 2376 830 2432 alias
882 2374 1091 2443 Species
1148 2372 1664 2427 ett—reformatione
1722 2373 1957 2428 materias

371 2466 641 2521 diceretur
697 2462 1002 2535 protulisse,
1057 2478 1220 2531 quam
1274 2460 1465 2515 fuisset
1511 2460 1626 2529 ipsa
1695 2461 1950 2529 materia;

370 2570 479 2610 non
517 2554 695 2607 minus
722 2552 1061 2606 defenderem
1094 2566 1159 2604 ex
1190 2549 1359 2604 nihilo
1391 2566 1512 2604 eum
1558 2550 1867 2619 protulisse,
1909 2551 1952 2605 si

370 2660 435 2700 ea
463 2643 776 2711 protulerat,
809 2656 931 2712 quae
962 2640 1180 2695 omnino
1220 2655 1328 2694 non
1368 2640 1597 2693 fuerant.
1640 2640 1762 2706 Quo
1811 2640 1951 2694 enim

372 2734 597 2790 interest
626 2734 760 2803 (57),
794 2748 859 2786 ex
888 2730 1052 2784 nihilo
1084 2728 1212 2799 quid
1242 2728 1490 2799 proferri,
1533 2744 1601 2783 an
1642 2744 1705 2783 ex
1751 2730 1952 2801 aliquo,

373 2823 503 2877 dum
531 2821 676 2893 quod
707 2835 814 2874 non
843 2819 959 2883 fuit,
994 2817 1085 2872 fiat
1106 2819 1134 2873 ?
1164 2818 1380 2889 quando
1420 2817 1579 2871 etiam
1617 2832 1724 2871 non
1772 2816 1957 2885 fuisse,

371 2911 507 2968 nihil
556 2910 624 2965 sit
674 2908 858 2964 fuisse.
905 2907 992 2964 Sic
1039 2915 1091 2961 et
1120 2906 1283 2962 fuisse
1313 2923 1340 2961 e
1368 2906 1654 2975 contrario,
1687 2922 1795 2961 non
1826 2908 1958 2962 nihil

374 3008 456 3059 est
503 2999 689 3054 fuisse.
747 2999 935 3065 Nunc,
986 2997 1086 3051 etsi
1139 2998 1381 3059 interest,
1440 3003 1613 3051 tamen
1672 3007 1959 3068 utrumque

374 3088 505 3144 mihi
551 3086 849 3158 applaudit.
900 3086 1022 3142 Sive
1062 3087 1203 3142 enim
1254 3073 1329 3142 ex.
1367 3085 1536 3141 nihilo
1573 3087 1717 3141 Deus
1748 3088 1962 3143 molitus

375 3185 457 3234 est
502 3184 709 3240 cuncta,
760 3176 955 3247 poterit
1002 3180 1055 3229 et
1103 3190 1337 3241 carnem,
1393 3175 1449 3230 in
1497 3173 1722 3229 nihilum
1771 3174 1965 3244 perdu-

374 3276 519 3323 ctam
549 3266 617 3331 12,
648 3265 948 3336 eXprimere
975 3264 1042 3320 de
1074 3265 1260 3320 nihilo.
1299 3264 1420 3322 Sive
1466 3266 1532 3320 de
1580 3264 1799 3320 materia
1849 3281 1965 3321 mo-

376 3355 591 3414 dulatus
641 3355 689 3394 13
735 3363 816 3411 est
861 3355 984 3422 alia,
1033 3355 1235 3425 poterit
1279 3363 1331 3410 et
1385 3369 1601 3410 carnem
1646 3370 1965 3428 quocunque

2065 1754 2318 1809 scindens
2360 1752 2693 1823 sepulturam
2736 1766 2909 1816 suam,
2960 1751 3245 1820 tenebras;
3295 1752 3472 1807 haeres
3521 1751 3653 1807 sibi-

2066 1850 2173 1899 met
2218 1841 2505 1905 exsistens,
2543 1840 2713 1895 donec
2757 1849 2810 1894 et
2876 1854 2981 1895 nox
3025 1839 3334 1907 reviviscat,
3382 1858 3505 1897 cum
3554 1856 3653 1897 suo

2065 1942 2119 1988 et
2147 1932 2237 1987 illa
2264 1941 2546 2003 suggestu.
2576 1930 3054 1985 Redaccenduntur
3083 1929 3226 1984 enim
3278 1938 3331 1985 et
3373 1931 3652 1987 stellarum

2066 2021 2220 2087 radii,
2273 2036 2411 2089 quos
2450 2018 2703 2073 matutina
2751 2018 3030 2073 succensio
3082 2020 3128 2056 15
3166 2019 3491 2075 exstinxerat
3522 2038 3536 2075 :
3570 2036 3655 2075 re-

2068 2110 2338 2165 ducuntur
2394 2116 2445 2164 et
2513 2107 2746 2162 siderum
2810 2107 3098 2173 absentiae,
3156 2124 3289 2179 quas
3350 2107 3657 2179 temporalis

2067 2199 2338 2255 distinctio
2403 2206 2673 2253 exemerat
2724 2214 2739 2251 :
2792 2198 3149 2253 redornantur
3209 2197 3253 2235 ιδ
3309 2205 3362 2253 et
3436 2198 3657 2269 specula

2065 2290 2227 2353 lunae,
2274 2304 2397 2360 qua:
2440 2298 2745 2342 menstruus
2794 2303 3047 2341 numerus
3094 2286 3432 2344 adtriverat:
3485 2288 3661 2343 revol-

2062 2386 2259 2432 vuntur
2306 2378 2525 2447 hyemes
2568 2382 2619 2429 et
2665 2382 2895 2443 aestates,
2950 2374 2994 2413 1⁷
3050 2392 3212 2430 verna
3268 2385 3322 2430 et
3371 2384 3655 2440 autumna,

2063 2482 2182 2522 cum
2213 2465 2327 2521 suis
2358 2465 2578 2529 viribus,
2614 2465 2875 2533 moribus,
2920 2464 3201 2520 fructibus.
3232 2463 3449 2536 Quippe
3499 2466 3661 2520 etiam

2065 2563 2219 2611 terrae
2268 2555 2332 2609 de
2372 2554 2507 2609 ccelo
2555 2554 2838 2625 disciplina
2885 2564 2968 2609 est
3017 2555 3239 2609 arbores
3288 2554 3485 2611 vestire
3539 2563 3664 2626 post

2062 2645 2254 2717 Spolia,
2286 2644 2447 2700 ﬂores
2491 2645 2669 2699 denuo
2715 2643 2980 2710 colorare,
3022 2644 3217 2699 herbas
3255 2660 3442 2699 rursus
3488 2644 3666 2714 impo-

2063 2752 2209 2801 nere,
2239 2735 2496 2791 exhibere
2544 2735 2733 2790 eadem
2783 2752 2903 2806 quae
2951 2736 3241 2805 absumpta
3291 2734 3398 2789 sint
3428 2733 3660 2789 seminav

2072 2841 2171 2880 nec
2230 2826 2377 2895 prius
2425 2823 2677 2879 exhibere
2725 2840 2883 2895 quam
2932 2824 3237 2894 absumpta.
3296 2823 3425 2878 Mira
3481 2822 3658 2879 ratiol

2070 2916 2149 2970 De
2199 2914 2519 2970 fraudatrice
2574 2913 2851 2978 servatrix,
2886 2922 2943 2967 ut
2991 2913 3203 2983 reddat,
3252 2912 3557 2982 intercipit;
3611 2920 3670 2966 ut

2070 3003 2357 3068 custodiat,
2410 3001 2614 3073 perdit;
2648 3009 2707 3056 ut
2754 3002 3004 3073 integret,
3036 3001 3223 3069 vitiat;
3263 3008 3321 3056 ut
3350 3000 3513 3054 etiam
3554 3016 3671 3054 am-

2076 3092 2217 3161 pliet,
2248 3092 2400 3164 prius
2444 3090 2713 3161 decoquit.
2747 3090 3028 3161 Siquidem
3078 3090 3329 3145 uberiora
3357 3098 3411 3145 et
3439 3089 3672 3145 cultiora

2077 3180 2327 3249 restituit,
2358 3195 2517 3251 quam
2559 3178 2957 3245 exterminavit,
3006 3194 3195 3233 revera
3244 3178 3453 3233 faenore
3503 3178 3676 3232 inter-

2078 3269 2171 3334 itu,
2203 3278 2255 3325 et
2286 3269 2481 3339 injuria
2510 3284 2693 3336 usura,
2736 3275 2790 3323 et
2836 3267 2988 3323 lucro
3036 3267 3254 3324 damno.
3290 3267 3467 3322 Semel
3518 3266 3676 3321 dixe-

2076 3358 2200 3424 rim,
2244 3358 2496 3417 universa
2542 3356 2777 3414 conditio
2840 3355 3075 3414 recidiva
3132 3364 3235 3412 est.
3295 3354 3674 3428 Quodcunque

1722 3480 1909 3543 Variae
1950 3485 2258 3546 lectiones.

448 3621 471 3658 ⁷
519 3619 846 3688 Exemptum
888 3617 1019 3673 Jun.
1067 3614 1093 3653 ⁸
1142 3615 1515 3688 Promulgarct
1555 3616 1730 3688 Rhen.
1793 3616 2095 3688 promulget
2136 3617 2257 3671 alii.
2306 3616 2331 3655 9
2375 3614 2566 3673 Sitiant
2612 3615 3012 3688 RhenySeml.
3048 3613 3219 3670 sciant
3265 3616 3423 3688 Pam.
3474 3616 3665 3688 Eran-

382 3692 430 3731 10
484 3685 732 3745 Conﬁdet
779 3688 900 3757 Rig.
964 3688 1090 3743 Ven.
1147 3687 1190 3723 11
1243 3685 1429 3757 Totius
1474 3685 1592 3757 cod.
1658 3689 1853 3743 Woaw.
1905 3687 1951 3724 ¹²

2050 3688 2325 3743 roductam
2374 3691 2534 3743 Pam.
2577 3689 2751 3743 Rhen.
2805 3687 2850 3724 13
2898 3687 3201 3743 Moderatus
3264 3685 3439 3743 Rhen.
3492 3686 3665 3743 Scmt.

384 3764 432 3803 ιιι
459 3760 624 3830 Quies
655 3774 833 3814 rerum
856 3756 989 3813 add.
1018 3757 1175 3813 Pith.
1212 3758 1257 3795 1³
1285 3756 1573 3829 Suggestio
1603 3757 1779 3813 Rhen.
1813 3758 1965 3813 Pith.
2000 3758 2046 3797 ιδ
2077 3759 2420 3815 Redouantur
2450 3760 2622 3817 Rhen.
2659 3759 2701 3796 Π
2735 3759 2800 3813 Et
2826 3761 2999 3816 inser.
3030 3758 3205 3815 Rhen.
3252 3759 3418 3816 Semt.

1795 3880 2295 3946 Commentarius.

454 3990 567 4061 (52)
603 3987 934 4066 Para_(3_letas
970 3984 1530 4066 perprophetirtem,
1581 3993 1688 4066 etc.
1728 3987 1985 4043 Paracle-’

384 4058 495 4117 tum
542 4068 699 4113 vocat
748 4058 983 4111 Montani
1031 4058 1298 4124 spiritum,
1332 4058 1421 4111 cui
1462 4060 1572 4125 jam
1622 4059 1847 4113 haeserat
1875 4075 1965 4113 au-

385 4140 518 4198 ctor,
550 4146 669 4185 cum
702 4130 842 4184 hunc
871 4134 1152 4183 tractatum
1192 4129 1423 4198 scripsit.
1456 4129 1635 4183 Prisca
1665 4145 1790 4184 vero
1838 4130 1970 4185 alias

382 4202 644 4269 Priscilla,
692 4202 848 4269 cujus
895 4198 1133 4252 meminit
1182 4207 1368 4253 auctor
1406 4200 1529 4255 adv.
1581 4203 1869 4269 Pravarean,
1918 4211 1970 4257 et

384 4275 480 4329 lib.
513 4274 577 4329 de
598 4273 861 4345 jejuniis,
886 4270 1119 4325 Montani
1149 4270 1489 4345 prophetissa
1506 4271 1632 4345 fuit.
1666 4273 1797 4327 Lac.

458 4345 571 4415 (53)
599 4342 680 4399 ’1η
704 4343 924 4415 publica
954 4347 1199 4398 naturae.
1231 4343 1288 4396 In
1323 4342 1548 4412 publicis
1581 4352 1782 4399 naturae
1812 4345 1966 4399 tabu-

2080 3996 2393 4045 retractasse
2419 3996 2607 4060 putant
2636 3988 2897 4045 nonnulli.
2932 3989 3007 4044 LE
3041 3989 3141 4043 Pa.

2149 4062 2263 4131 (56)
2296 4059 2613 4117 Secundum
2642 4061 3015 4132 philosophos.
3051 4062 3219 4127 Plato,
3243 4059 3319 4113 uti
3351 4065 3674 4132 attestantur

2077 4133 2421 4197 Athanasius,
2466 4133 2555 4188 lib.
2609 4132 2676 4188 de
2719 4131 2942 4187 Incarn.
2997 4132 3165 4197 Verbi,
3215 4132 3268 4185 in
3321 4131 3553 4201 princip.
3621 4138 3675 4184 et

2077 4205 2343 4273 Epiphan.
2376 4205 2511 4259 haar.
2544 4207 2599 4265 6,
2641 4204 2814 4257 Deum
2846 4204 2978 4257 dixit
3002 4219 3065 4257 ex
3096 4203 3317 4257 materia
3349 4205 3679 4273 prazjacente

2078 4285 2131 4330 et
2182 4275 2380 4329 infecta
2417 4275 2671 4329 mundum
2723 4274 3045 4329 condidisse.
3092 4273 3349 4341 Quamvis
3409 4273 3681 4328 Marsilius

2077 4346 2297 4401 Ficinus
2346 4347 2399 4400 in
2442 4360 2617 4415 comp.
2670 4347 2859 4403 Timaei
2907 4346 3182 4414 Platonici,
3223 4360 3341 4412 cap.
3388 4348 3419 4396 9
3468 4354 3521 4399 et
3558 4359 3678 4413 seq.

386 4392 477 4470 lis:
518 4392 657 4481 Ipse,
704 4392 799 4468 lib.
852 4414 916 4468 de
968 4416 1178 4471 Corona
1209 4433 1227 4468 :
1263 4434 1288 4465 α
1319 4392 1529 4481 Quaeris
1559 4414 1717 4482 igitur
1748 4417 1842 4470 Dei
1895 4417 1968 4469 le-
2000 4392 2044 4468 0
2077 4426 2300 4472 conetur
2346 4392 2600 4472 excusare
2654 4392 2831 4472 illumw
2853 4417 2920 4470 ab
2969 4418 3073 4471 hoc
3118 4392 3326 4481 er'rore,
3375 4425 3425 4470 et
3463 4392 3678 4470 tantum

387 4486 550 4561 gem?
580 4486 1127 4561 iiabescommunem
1158 4485 1311 4537 istam
1346 4486 1401 4561 in
1432 4485 1648 4561 publico
1677 4486 1884 4561 mundi,
1920 4487 1971 4539 in

387 4556 723 4614 naturalibus
756 4556 975 4622 fabulis,
1007 4557 1072 4610 ad
1113 4571 1250 4626 quas
1280 4563 1331 4610 et
1360 4556 1654 4625 Apostolus
1682 4558 1819 4611 solet
1850 4574 1975 4629 pro-

387 4644 598 4682 vocare.
636 4649 657 4677 ι
694 4629 819 4682 RIG.

386 4644 598 4685 vocare.
636 4649 657 4677 ι
694 4643 819 4682 HIG.

461 4699 575 4768 (54)
606 4700 681 4756 Ne
704 4701 801 4771 qui
820 4702 965 4768 forte
991 4698 1175 4753 adhuc
1208 4698 1674 4771 nesciantpeam
1702 4716 1881 4755 nosse.
1916 4700 1973 4753 In

389 4766 666 4827 Pithoeano
711 4766 943 4838 "legitur,
998 4770 1220 4825 sitiant.
1272 4766 1405 4834 Quae
1476 4768 1651 4824 forma
1724 4771 1975 4840 loquendi

389 4842 652 4913 Septimio
685 4840 981 4913 familiaris.
1014 4840 1210 4893 Sitiunt
1241 4842 1651 4913 nosseLDeum,
1686 4841 1774 4909 qui
1833 4857 1972 4896 non-

391 4910 518 4968 duin
562 4920 779 4975 norunt,
832 4911 1070 4978 adeoque
1107 4910 1369 4967 nesciunt.
1413 4911 1518 4977 Sic,
1558 4935 1578 4960 α
1613 4913 1974 4967 Nihilominus

391 4992 571 5055 tamen
621 4982 792 5055 ipsius
839 4980 1192 5051 simplicitatis
1250 4998 1363 5037 suae
1419 4983 1602 5038 sitiant
1657 4984 1975 5055 interpreta-

392 5051 620 5109 tionem.
654 5073 679 5099 ι
712 5053 834 5106 RIG.

464 5124 575 5191 (55)
604 5123 759 5200 Αριέᾴ
789 5123 1139 5200 philosophos
1163 5124 1332 5200 habes
1361 5130 1458 5200 qui
1504 5128 1778 5200 mundum
1806 5127 1973 5200 ,hunc

390 5199 675 5252 innatum.
703 5195 987 5267 Vulgatum
1010 5205 1097 5267 est
1125 5196 1272 5259 illud,
1308 5195 1393 5252 Ea}
1438 5198 1617 5252 nihilo
1666 5199 1814 5251 nihil
1860 5199 1923 5265 ﬁt
1956 5217 1973 5251 :

392 5284 457 5322 ex
488 5282 595 5336 quo
647 5266 904 5321 aaternum
947 5266 1113 5321 fuisse
1169 5270 1423 5322 mundum
1475 5267 1819 5336 futurumque
1870 5285 1970 5334 pu-

392 5284 457 5322 ex
529 5284 595 5321 uo
647 5284 904 5321 aeternum
947 5284 1113 5321 ruisse
1169 5284 1423 5322 mundum
1475 5284 1819 5336 ruturnmque
1870 5285 1969 5334 pu-

392 5346 468 5394 tat
488 5284 1088 5411 iristoteles,_Physic.
1139 5355 1177 5407 ι,
1227 5349 1281 5393 et
1319 5338 1409 5391 lib.
1459 5338 1524 5393 de
1572 5337 1726 5411 cado,
1780 5337 1969 5389 Verum

391 5411 437 5464 si
473 5426 594 5467 vera
624 5409 869 5479 principii
900 5407 1046 5464 illius
1075 5425 1137 5462 ac
1179 5423 1431 5479 germana
1472 5407 1757 5474 explicatio
1804 5415 1973 5460 atten-

392 5482 571 5545 datur,
619 5482 763 5535 Deus
810 5479 945 5537 dixit
986 5499 999 5533 :
1044 5482 1161 5549 Ego
1209 5479 1475 5549 sum‘qui
1519 5494 1677 5542 sum;
1728 5491 1856 5549 ergo
1905 5480 1972 5532 ab

393 5551 687 5607 exsistente
732 5550 824 5605 illo
872 5552 983 5607 Deo
1021 5546 1199 5604 omnia
1238 5546 1575 5619 proﬂuxisse,
1607 5546 1981 5619 mundumque

393 5628 633 5677 creatum
660 5621 930 5691 conjicere
957 5627 1058 5677 est.
1107 5618 1443 5676 Aristotelem
1485 5618 1798 5691 Opinionem
1849 5618 1984 5678 hanc

2084 4491 2313 4543 voluisse
2343 4488 2620 4543 Platonem
2649 4488 2925 4543 materiam
2974 4488 3135 4542 fuisse
3175 4504 3204 4541 a
3248 4490 3359 4542 Deo
3398 4486 3682 4541 immedia-

2082 4560 2187 4614 tius
2220 4560 2429 4620 factam.
2462 4576 2620 4627 quam
2652 4575 2741 4613 res
2771 4558 2913 4613 alite.
2946 4559 3077 4613 LAC.

2158 4634 2266 4700 (57)
2319 4632 2429 4698 Quo
2476 4633 2625 4685 enim
2678 4630 2933 4699 interest,
2988 4637 3090 4685 etc.
3141 4630 3261 4684 Non
3309 4636 3686 4685 asseveranter

2082 4704 2197 4757 hinc
2244 4702 2416 4770 inquit
2465 4710 2671 4764 auctor,
2720 4716 2828 4755 non
2879 4702 3083 4755 audens
3129 4710 3472 4756 contemnere
3510 4707 3684 4754 statas

2084 4772 2433 4843 philosOphiaa
2465 4772 2613 4843 leges
2640 4774 2891 4841 probatas
2941 4772 3202 4837 Patribns,
3238 4780 3298 4827 ut
3343 4772 3411 4825 ad
3460 4786 3575 4826 rem
3618 4770 3689 4825 de

2083 4842 2212 4915 quia
2240 4844 2453 4913 agimus
2481 4842 2705 4910 Gregor.
2739 4845 2879 4899 hom.
2907 4848 2993 4911 20,
3032 4845 3085 4897 in
3117 4844 3308 4897 Ezech.
3345 4844 3475 4898 Lac.

2154 4916 2266 4984 (58)
2322 4916 2389 4969 Et
2439 4916 2631 4985 utique
2680 4916 2911 4971 idoneus
2961 4919 3046 4973 est
3096 4916 3344 4984 reﬁcere,
3378 4916 3478 4985 qui
3521 4913 3688 4985 fecit.

2080 4985 2378 5049 Manichaei,
2424 4984 2765 5051 Cerdoniani,
2815 4987 3165 5053 Marcionitaa,
3217 4984 3490 5055 negabant
3540 4984 3688 5037 illam

2083 5057 2447 5119 refectionem,
2484 5073 2577 5110 seu
2609 5057 3098 5123 resurrectionem;
3131 5073 3257 5111 cum
3297 5064 3475 5110 tamen
3510 5055 3691 5125 longe

2081 5127 2351 5253 Eifﬁfqilius
2388 5126 2630 5181 videatur
2672 5144 2701 5181 e
2759 5127 2927 5183 nihilo
2985 5144 3169 5184 creare
3224 5144 3385 5200 quam
3431 5124 3683 5181 reﬁcere.

2125 5216 2158 5253 E
2236 5214 2286 5252 a.

2125 5216 2158 5253 E
2194 5214 2286 5252 ΥΒ.

2151 5272 2263 5338 (59)
2296 5274 2641 5326 Funestatur
2680 5269 2883 5325 mundi
2929 5271 3125 5326 honor.
3168 5269 3351 5324 Solem
3396 5268 3571 5323 innuit
3599 5266 3695 5337 qui

2079 5360 2251 5413 θεοσμου
2285 5343 2335 5391 τὸ
2370 5338 2646 5413 περίδρομον
2678 5344 2833 5413 ὄμμα,
2879 5343 3082 5397 mundi
3120 5344 3425 5413 cursatilis.
3454 5340 3655 5413 oculus
3678 5380 3691 5405 ,

2082 5404 2300 5482 Orpheo
2344 5404 2573 5482 dicitur,
2592 5422 2643 5467 et
2683 5404 2866 5482 Proclo
2928 5416 3085 5482 Lycio
3118 5414 3262 5482 bym.
3300 5417 3351 5477 1,
3392 5404 3540 5463 ’λλλὰ
3572 5404 3688 5460 aiant

2083 5479 2262 5553 ἄριὶττε,
2300 5479 2574 5556 πυριστεφὲξ
2631 5481 2754 5537 ὄλϐιε
2784 5479 3002 5555 δαῖμον-ς
3036 5487 3127 5551 At,
3157 5479 3403 5543 'deorum
3449 5484 3687 5556 optime,

2091 5556 2185 5626 qui
2232 5558 2361 5627 igne
2406 5560 2646 5620 cinctus,
2694 5560 2895 5629 potens
2924 5556 3164 5614 damon.
3195 5556 3272 5611 Ls
3305 5558 3399 5612 Pa.
