4030 6184
257 364 361 423 857

1289 360 1481 421 LIBER
1523 359 1606 418 DE
1644 359 2187 428 RESURRECTIONE
2244 369 2509 435 CARNIS.

3447 385 3554 445 858

257 487 595 571 conveneris,
645 486 788 545 fuit:
839 488 1201 562 quodcunque
1249 485 1510 554 amiseris,
1562 484 1690 540 nihil
1742 501 1849 541 non
1880 507 1928 586 Α
1961 499 2155 559 morte,
2188 495 2254 550 de
2300 495 2526 572 funere;
2569 501 2644 557 uti
2691 501 2904 571 credas,
2954 503 3020 560 de
3069 506 3288 577 ignibus
3330 523 3549 580 quoque

255 570 454 635 iterum
485 588 586 636 est.
619 576 812 633 Omnia
840 576 894 632 in
941 584 1141 632 statum
1188 576 1430 641 redeunt,
1463 591 1584 631 cum
1625 575 1850 631 absces-

254 668 424 724 serint
459 684 472 724 ε
506 666 687 723 omnia
715 666 995 738 incipiunt,
1031 682 1150 722 cum
1179 665 1434 719 desierint
1465 681 1480 718 :
1513 663 1630 718 ideo
1661 663 1851 718 ﬁniun-

257 766 361 828 tur,
395 766 454 814 ut
493 756 619 812 ﬁant
651 772 665 813 :
700 757 831 812 nihil
880 756 1116 827 deperit,
1144 754 1247 811 nisi
1296 754 1350 809 in
1396 754 1641 810 salutem.
1684 756 1852 809 Totus

251 847 428 922 igitur
493 846 579 902 hic
631 846 764 901 ordo
824 844 1142 900 revolubilis
1200 860 1378 899 rerum
1441 843 1573 913 (60),
1639 842 1851 899 testatio

254 945 337 992 est
377 934 784 991 resurrectionis
831 941 1186 988 mortuorum.
1218 931 1378 988 8H
1426 930 1692 1002 Operibus
1732 947 1852 986 eam

253 1024 590 1098 praescripsit
631 1024 780 1078 Deus
809 1031 952 1090 ante,
984 1039 1145 1094 quam
1183 1021 1372 1077 litteris
1404 1039 1418 1076 :
1457 1019 1662 1076 viribus
1704 1038 1848 1091 prae-

251 1115 454 1171 dicavit
495 1122 636 1181 ante,
671 1128 835 1183 quam
885 1112 1126 1168 vocibus.
1166 1111 1430 1167 Prasmisit
1461 1111 1554 1166 tibi
1605 1119 1849 1166 naturam

252 1202 591 1275 magistram,
644 1200 1014 1256 submissurus
1052 1207 1106 1254 et
1145 1200 1502 1270 prephetiam,
1556 1214 1664 1269 quo
1711 1199 1850 1254 faci-

248 1292 360 1348 lius
430 1281 622 1345 credas
685 1289 1014 1360 prephetiae,
1074 1289 1370 1360 discipulus
1431 1297 1665 1357 naturae;
1743 1304 1850 1359 quo

253 1380 435 1435 statim
483 1378 756 1443 admittas,
791 1393 913 1433 cum
960 1377 1195 1433 audieris
1243 1378 1387 1449 quod
1417 1377 1617 1446 ubique
1669 1377 1714 1414 1⁸
1741 1379 1849 1448 jam

253 1468 494 1538 videris;
527 1483 626 1521 nec
663 1466 878 1522 dubites
906 1467 1078 1522 Deum
1125 1467 1301 1523 carnis
1348 1468 1504 1522 etiam
1554 1466 1848 1522 resuscita-

252 1565 452 1624 torem,
491 1572 654 1628 quem
687 1555 732 1594 19
760 1556 1000 1611 omnium
1040 1555 1186 1610 noris
1215 1556 1594 1610 restitutorem.
1629 1556 1697 1612 Et
1737 1553 1848 1608 uti-

250 1663 359 1718 que
391 1647 435 1701 si
464 1645 643 1700 omnia
673 1644 876 1700 homini
920 1651 1232 1716 resurgunt,
1263 1642 1346 1700 cui
1389 1650 1669 1714 procurata
1701 1651 1846 1712 sunt,

253 1749 423 1806 porro
451 1749 559 1790 non
609 1732 833 1800 homini,
861 1733 964 1788 nisi
1014 1739 1070 1788 et
1115 1734 1283 1800 carni,
1319 1733 1476 1804 quale
1523 1741 1602 1787 est
1647 1741 1705 1787 ut
1733 1733 1849 1804 ipsa

1958 582 2306 641 substantiam
2352 590 2594 660 corporis
2634 589 2776 662 exigi
2825 606 2984 660 posse
3013 592 3148 664 (63).
3186 595 3376 651 Multis
3411 613 3551 668 pas-

1959 671 2173 728 seribus
2203 678 2485 733 antistare
2514 696 2612 735 nos
2642 678 2903 734 Dominus
2934 681 3332 748 pronuntiavit:
3367 683 3414 737 si
3444 701 3553 740 non

1960 761 2015 812 et
2047 761 2402 834 phoenicibus,
2437 767 2578 820 nihil.
2622 783 2894 838 magnum.
2933 769 3040 823 Sed
3077 770 3127 807 ³2
3176 770 3426 826 homines
3454 787 3551 828 se-

1961 848 2062 902 mel
2130 849 2451 923 interibunt,
2509 854 2697 912 avibus
2753 856 2964 912 Arabiae
3028 858 3096 914 de
3160 860 3556 917 resurrectione

1959 937 2164 993 securis
2176 941 2204 994 ‘I

2443 1029 2616 1089 812
2655 1034 2879 1090 CAPUT
2917 1035 3066 1093 XIV.

2033 1115 2189 1173 Talia
2233 1117 2450 1176 interim
2493 1123 2796 1180 divinarum
2844 1124 3036 1180 virium
3085 1125 3409 1182 lineamenta
3449 1142 3557 1183 non

1959 1205 2137 1262 minus
2187 1210 2457 1278 parabolis
2503 1221 2726 1284 operate
2763 1215 2896 1282 Deo,
2929 1230 3093 1286 quam
3140 1214 3339 1282 locuto,
3373 1217 3560 1272 venia-

1961 1310 2080 1349 mus
2137 1303 2191 1350 et
2255 1299 2320 1353 ad
2380 1298 2499 1370 ipsa
2554 1301 2727 1356 edicta
2775 1312 2934 1372 atque
2984 1303 3200 1358 decreta
3255 1304 3393 1372 ejus,
3451 1320 3558 1376 quo

1959 1400 2080 1440 cum
2111 1386 2344 1443 maxime
2391 1388 2719 1447 divisionem
2759 1392 2913 1446 istam
2955 1393 3190 1448 materiae
3219 1393 3553 1451 ordinamus.

1960 1473 2154 1528 Exorsi
2187 1476 2327 1532 enim
2358 1493 2541 1534 sumus
2586 1480 2652 1535 ab
2701 1482 3018 1537 auctoritate
3048 1481 3245 1546 carnis,
3278 1498 3348 1537 an
3395 1498 3457 1539 ea
3487 1483 3560 1539 sit

1962 1561 2048 1616 cui
2079 1561 2300 1633 dilapsae
2349 1569 2495 1622 salus
2539 1576 2848 1638 competat:
2899 1569 3115 1634 dehinc,
3167 1569 3439 1641 prosecuti
3489 1572 3560 1627 de

1965 1649 2203 1719 potentia
2232 1650 2348 1717 Dei,
2379 1668 2447 1707 an
2479 1661 2620 1709 tanta
2666 1656 2736 1710 sit
2781 1673 2900 1726 quae
2928 1657 3156 1714 salutem
3187 1658 3429 1713 conferre
3462 1658 3554 1713 di-

1958 1735 2122 1808 lapsae
2162 1739 2240 1793 rei
2291 1739 2513 1796 soleat:
2565 1759 2730 1809 nunc,
2762 1744 2808 1797 si
2856 1745 3198 1816 probavimus
3245 1754 3555 1817 utrumque,

256 1802 518 1893 depereat
545 1822 601 1877 in
628 1830 820 1887 totum,
854 1831 1076 1894 propter
1105 1837 1266 1893 quam
1298 1802 1352 1876 et
1389 1821 1478 1878 cui
1516 1821 1646 1875 nihil
1675 1802 1848 1894 depe-
1884 1802 1928 1880 Β
1959 1802 2117 1882 velim
2170 1828 2330 1883 etiam
2386 1828 2454 1884 de
2505 1845 2665 1884 causa
2707 1802 2958 1901 requiras
3003 1849 3071 1886 an
3113 1833 3182 1888 sit
3225 1833 3409 1906 aliqua
3442 1802 3560 1892 tam

263 1909 378 1965 rit?

846 1998 1070 2056 CAPUT
1109 1999 1263 2056 XIII.

329 2087 391 2144 Si
438 2104 629 2160 parum
680 2087 1000 2144 universitas
1050 2087 1499 2151 resurrectionem
1544 2085 1760 2159 ﬁgurat,
1804 2085 1850 2139 si

249 2172 390 2228 nihil
439 2174 545 2228 tale
600 2173 838 2230 conditio
886 2172 1080 2244 signat,
1132 2174 1258 2245 quia
1303 2172 1516 2244 singula
1565 2174 1685 2240 ejus
1742 2187 1850 2227 non

250 2269 365 2317 tam
424 2263 580 2328 mori,
639 2272 800 2333 quam
857 2262 1105 2318 desinere
1161 2262 1424 2330 dicantur,
1474 2277 1576 2318 nec
1632 2259 1848 2316 redani-

248 2350 410 2420 mari,
471 2350 567 2406 sed
625 2350 847 2406 formari
903 2350 1293 2416 existimentur,
1353 2349 1535 2421 accipe
1594 2350 1850 2420 plenissi-

251 2457 404 2494 mum
451 2441 502 2479 2ο
547 2447 709 2509 atque
756 2439 1125 2494 firmissimum
1172 2440 1338 2509 hujus
1380 2439 1496 2509 spei
1551 2439 1849 2510 specimen.

254 2529 532 2602 Siquidem
600 2529 851 2584 animalis
907 2539 990 2584 est
1045 2545 1149 2594 res,
1205 2538 1257 2584 et
1310 2528 1433 2585 vitae
1488 2530 1741 2594 obnoxia,
1799 2539 1852 2586 et

249 2619 460 2675 morti:
507 2618 661 2675 illum
709 2619 832 2674 dico
878 2619 1061 2674 alitem
1110 2618 1346 2675 Orientis
1391 2618 1735 2690 peculiarem,
1784 2619 1851 2675 de

250 2706 642 2782 singularitate
671 2709 956 2776 famosum,
980 2709 1048 2763 de
1076 2708 1387 2780 posteritate
1417 2718 1852 2780 monstruosum;

244 2799 345 2874 qui
392 2798 742 2869 semetipsum
774 2797 1022 2875 lubenter
1051 2797 1306 2853 funerans
1337 2806 1559 2853 renovat
1586 2797 1724 2870 (61),
1757 2814 1850 2852 na-

246 2887 347 2942 tali
393 2884 500 2941 ﬁne
547 2887 816 2941 decedens
864 2894 1028 2958 atque
1080 2886 1402 2954 succedens;
1449 2887 1637 2942 iterum
1690 2887 1852 2959 plice-

1963 1913 2148 1986 digna,
2197 1931 2318 1988 quae
2367 1917 2818 1973 resurrectionem
2871 1919 3050 1974 carnis
3103 1923 3463 1980 necessariam
3505 1934 3560 1981 et

1959 2002 2150 2058 rationi
2217 2012 2361 2060 certe
2429 2005 2740 2062 omnimodo
2805 2006 3044 2063 debitam
3102 2008 3366 2074 vindicet,
3429 2014 3560 2084 quia

1958 2094 2145 2148 subest
2173 2093 2374 2164 dicere,
2407 2098 2512 2152 etsi
2561 2113 2687 2154 caro
2731 2114 2899 2168 capax
2948 2099 3181 2169 restitui,
3213 2100 3316 2154 etsi
3361 2101 3562 2157 divini-

1961 2187 2040 2235 tas
2093 2182 2291 2239 idonea
2345 2185 2678 2256 restituendi,
2735 2187 2833 2244 sed
2888 2187 2937 2226 ²³
2981 2203 3144 2244 causa
3210 2188 3563 2246 restitutionis

1958 2285 2196 2341 praeesse
2263 2273 2501 2332 debebit.
2557 2275 2756 2347 Accipe
2815 2275 2981 2348 igitur
3036 2285 3090 2332 et
3146 2292 3415 2345 caussam,
3471 2281 3561 2352 qui

1960 2360 2102 2427 apud
2149 2360 2196 2398 24
2230 2363 2401 2416 Deum
2449 2362 2634 2428 discis,
2679 2371 2788 2418 tam
2836 2366 3120 2434 optimum,
3156 2381 3321 2436 quam
3373 2375 3425 2423 et
3464 2368 3563 2436 ju-

1961 2457 2098 2504 stum
2128 2448 2246 2520 (64)
2273 2468 2285 2503 :
2318 2451 2386 2506 de
2415 2467 2514 2508 suo
2543 2452 2827 2524 Optimum,
2865 2454 2933 2508 de
2966 2461 3150 2508 nostro
3185 2455 3413 2523 justum.
3445 2457 3563 2518 Nisi

1963 2537 2104 2594 enim
2137 2540 2296 2594 homo
2334 2539 2671 2612 deliquisset,
2704 2541 2966 2613 optimum
3016 2541 3358 2598 solummodo
3389 2545 3563 2600 Deum

1962 2634 2165 2693 nosset,
2211 2644 2276 2683 ex
2326 2638 2527 2684 naturae
2575 2630 2926 2702 proprietate;
2979 2638 3033 2685 at
3079 2647 3221 2687 nunc
3265 2633 3429 2688 etiam
3473 2635 3565 2703 ju-

1962 2725 2103 2772 stum
2149 2733 2274 2772 eum
2306 2718 2526 2789 patitur,
2559 2735 2623 2774 ex
2672 2735 2878 2775 caussae
2920 2720 2968 2756 2⁵
2999 2720 3347 2785 necessitate;
3386 2730 3563 2778 tamen

1963 2811 2017 2858 et
2072 2808 2173 2860 hoc
2229 2808 2347 2874 ipso
2404 2806 2688 2878 Optimum,
2739 2807 2871 2864 dum
2923 2815 2975 2861 et
3021 2808 3246 2876 justum.
3299 2809 3363 2864 Et
3417 2811 3562 2866 bono

1965 2891 2107 2947 enim
2151 2893 2412 2962 juvando,
2456 2901 2508 2948 et
2564 2893 2710 2948 malo
2761 2893 3050 2964 puniendo,
3096 2893 3356 2962 justitiam
3403 2895 3562 2950 exhi-

249 2976 377 3041 nix,
405 2984 466 3031 ut
501 2977 606 3045 jam
647 2991 836 3048 nemo;
881 2975 1074 3034 iterum
1106 2977 1239 3046 ipse,
1274 2977 1368 3048 qui
1397 2992 1505 3032 non
1530 2977 1680 3046 jam;
1713 2978 1851 3031 alius
1881 2976 1926 3054 ε
1967 2981 2126 3045 bens,
2186 2992 2473 3052 utramque
2533 2981 2857 3038 sententiam
2909 2981 3054 3037 bono
3112 2990 3328 3052 praestat
3359 3000 3374 3037 :
3437 2983 3563 3043 hinc

247 3065 422 3120 idem.
482 3063 617 3133 Quid
682 3066 988 3138 expressius
1056 3073 1220 3138 atque
1275 3065 1552 3142 signatius
1603 3066 1656 3120 in
1715 3067 1856 3121 hanc
1953 3069 2235 3126 vindicans
2285 3069 2449 3137 istud,
2500 3069 2624 3124 inde
2673 3085 3034 3126 remunerans
3085 3069 3234 3126 illud.
3281 3071 3391 3128 Sed
3437 3088 3563 3129 cum

243 3155 524 3212 causam?
573 3159 662 3208 aut
691 3155 777 3210 cui
828 3155 916 3210 alii
968 3154 1045 3209 rei
1090 3156 1195 3210 tale
1246 3154 1674 3211 documentum?
1703 3157 1852 3211 Deus

245 3243 416 3297 etiam
461 3242 751 3313 Scripturis
799 3243 956 3298 suis:
1005 3245 1074 3299 Et
1118 3243 1338 3312 ﬂorebit
1379 3244 1425 3281 ²ι
1473 3243 1637 3311 enim,
1680 3243 1854 3316 inquit

244 3333 431 3404 (Psal.
483 3347 601 3399 xei,
655 3333 766 3404 13),
814 3333 972 3391 velut
1018 3333 1260 3407 pluenix
1308 3333 1458 3404 (62);
1512 3333 1564 3389 id
1622 3340 1729 3400 est,
1787 3333 1854 3391 de

1962 3156 2232 3213 Marcione
2253 3157 2463 3227 plenius
2490 3157 2670 3212 disces
2703 3157 2838 3229 (65),
2871 3175 2944 3212 an
2971 3159 3078 3214 hoc
3116 3160 3184 3215 sit
3232 3160 3328 3216 Dei
3368 3167 3558 3218 totum.

1963 3245 2179 3302 Interim
2230 3245 2349 3300 talis
2391 3252 2471 3300 est
2503 3251 2715 3311 noster;
2757 3245 2948 3302 merito
2987 3247 3177 3316 judex,
3206 3249 3330 3319 quia
3359 3249 3556 3305 Domi-

1965 3352 2098 3406 nus;
2133 3333 2325 3391 merito
2374 3333 2656 3402 Dominus,
2689 3335 2816 3406 quia
2862 3342 3076 3408 auctor;
3117 3335 3309 3393 merito
3349 3350 3562 3405 auctor,

1645 3482 1836 3550 Variae
1879 3490 2192 3552 lectiones.

321 3605 377 3645 ‘8
403 3605 600 3664 Utique
628 3609 795 3663 Fran.
847 3607 894 3646 19

923 3607 1028 3678 Qui
1060 3609 1236 3667 Rhen.
1278 3611 1413 3667 Jun.
1461 3609 1512 3648 ’³ο
1544 3609 1921 3666 Planissimum
1969 3613 2095 3668 alii.
2147 3613 2194 3651 ²ι
2242 3613 2486 3669 Florebis
2535 3615 2709 3672 Rhea.
2763 3611 3028 3671 efﬂorebit
3076 3611 3200 3671 alii.
3245 3612 3295 3652 ²²
3343 3611 3569 3669 Scilicet

245 3680 390 3737 Jun.
423 3678 475 3717 ³³
503 3678 569 3734 Et
599 3678 781 3737 Rhen.
811 3686 866 3736 et
891 3681 970 3737 sic
995 3682 1132 3738 Jun.
1164 3682 1212 3720 24
1242 3680 1398 3750 Quia,
1432 3689 1564 3752 puto
1588 3683 1722 3739 Jun.
1755 3683 1804 3720 2⁵
1842 3683 1966 3738 Suae
1996 3684 2125 3740 add.
2165 3687 2336 3743 Fran.
2370 3687 2528 3742 Pam.

1663 3853 2174 3919 Commentarius.

325 3982 459 4056 (60),
493 3982 591 4056 Hic
621 3981 750 4056 ordo
797 3981 1115 4043 reuolubilis
1144 3999 1354 4056 rerum.
1386 3981 1429 4036 Ε
1484 3992 1746 4056 perpetua
1777 4000 1868 4040 re-

247 4071 379 4110 rum
410 4053 801 4124 vicissitudine,
832 4062 884 4110 et
930 4056 1077 4110 ﬂuxu
1134 4055 1387 4112 continuo
1421 4053 1495 4110 ac
1526 4053 1861 4112 volubilitate

248 4125 712 4181 resurrectionem
764 4125 1128 4192 demonstrat;
1178 4142 1243 4180 ex
1293 4127 1386 4182 illa
1432 4125 1628 4196 quippe
1684 4143 1858 4184 rerum

247 4197 584 4252 naturalium
616 4198 754 4252 serie
795 4198 1145 4266 sapientiores
1184 4195 1488 4267 philosophi
1533 4197 1675 4251 istud
1725 4199 1856 4252 sub-

251 4268 474 4322 odorati
520 4279 668 4338 sunt,
712 4277 767 4322 ut
817 4269 967 4324 Plato
1017 4269 1069 4323 in
1119 4271 1318 4328 Timaeo
1365 4277 1415 4323 et
1463 4268 1758 4339 Pluedone,
1801 4279 1858 4325 ut

249 4339 465 4395 Seneca
495 4339 671 4412 epist._
697 4343 764 4396 35
796 4357 808 4392 :
859 4359 880 4391 ι
914 4341 1058 4395 Mors
1103 4357 1264 4412 qaum
1317 4339 1766 4412 pertimescimus,
1799 4348 1852 4394 et

251 4410 602 4476 accusamus,
661 4410 958 4467 intermittit
1014 4410 1198 4476 vitam,
1259 4426 1377 4482 non,
1424 4410 1618 4482 eripit;
1677 4412 1858 4466 veniet

254 4484 456 4536 iterum
487 4482 576 4551 qui
609 4485 705 4536 hos
753 4483 807 4536 in
855 4484 1026 4536 lucem
1081 4490 1304 4554 reponat
1349 4481 1724 4554 diesynildem
1764 4499 1854 4554 ep.

257 4555 354 4617 ιο,
395 4556 479 4619 92,
514 4555 635 4620 102,
677 4561 729 4607 et
757 4554 824 4607 ad
850 4554 1126 4614 Marciam.
1150 4553 1276 4623 Cap.
1313 4557 1401 4607 26.
1437 4555 1511 4610 LE
1543 4553 1639 4607 Pa.

337 4625 455 4694 (61)
492 4625 595 4692 Qui
620 4625 990 4696 semetipsum
1023 4624 1263 4696 libenter
1294 4628 1570 4696 funerans
1601 4629 1852 4682 renovat.

255 4695 520 4751 Clemens
558 4695 629 4751 ad
672 4695 994 4752 Corinthios
1026 4698 1108 4750 sic
1138 4695 1299 4752 refert
1331 4714 1343 4748 :
1380 4695 1705 4761 Phoenicem,
1735 4711 1856 4750 cum

263 4769 536 4840 se_morti
569 4767 883 4840 proximum
923 4766 1162 4840 sentit,_e
1210 4769 1364 4822 thure
1395 4784 1456 4824 ac
1504 4770 1720 4840 myrrha
1768 4783 1867 4822 cae-

250 4837 506 4905 terisque
580 4838 888 4906 hujnsmodi
963 4838 1222 4892 odoribus
1293 4849 1498 4894 struere
1562 4837 1674 4894 'sibi
1731 4840 1867 4892 σηκόν

251 4907 498 4980 (Plinius
547 4907 783 4980 nidum);
847 4925 912 4964 eo
961 4925 1087 4964 mox
1147 4909 1324 4964 alitem
1378 4911 1650 4966 conditum
1706 4909 1864 4966 mori.

249 4977 336 5035 Bx
383 4977 586 5050 mortui
629 4977 791 5035 carne
821 4980 966 5035 nasci
1000 4980 1172 5050 primo
1199 4997 1300 5035 ceu
1333 4983 1706 5045 vermiculum,
1741 4982 1866 5035 inde

250 5049 383 5106 ﬁeri
416 5048 646 5121 pullum.
679 5052 826 5106 Hanc
872 5048 1027 5107 nobis
1066 5069 1096 5107 a
1125 5053 1239 5107 Deo
1282 5052 1695 5109 resurrectionis
1728 5053 1869 5106 ima-

256 5123 448 5195 ginem
482 5121 616 5174 dari.
635 5123 770 5195 ARIG,
1416 5193 1424 5195 _
1571 5194 1580 5195 ί
1753 5134 1761 5144 ⁸

333 5194 453 5266 (62)
491 5196 558 5248 Et
613 5193 832 5266 ﬂorebit
881 5194 1071 5266 enim,
1094 5194 1308 5266 inquit,
1340 5193 1496 5248 velut
1525 5194 1777 5266 phrenix,
1809 5196 1872 5254 ὡς

258 5263 433 5336 vicini.
478 5267 547 5320 ut
574 5265 788 5336 palma,
849 5267 936 5322 Ps.
997 5265 1120 5320 XII.
1171 5263 1438 5334 Deceptus
1474 5263 1678 5336 auctor
1721 5266 1871 5319 vocis

260 5334 471 5408 Graecae
513 5334 883 5406 ambiguitate.
927 5337 1093 5391 SEML.
1146 5366 1213 5375 —
1266 5335 1355 5408 Sic
1390 5335 1545 5408 _solet
1577 5336 1871 5408 Septimius

259 5403 599 5478 Scripturam
632 5403 698 5478 ad
732 5409 1071 5476 propositum
1114 5422 1268 5460 suum
1315 5405 1576 5478 latissime
1607 5403 1872 5478 interpre-

259 5474 392 5549 tari.
428 5476 608 5549 Itaque
649 5474 742 5531 hic
788 5474 1050 5542 phaznicis
1098 5477 1415 5533 vocabulum
1449 5477 1588 5532 inter
1614 5474 1789 5534 alitem
1821 5488 1874 5533 et

257 5546 534 5622 arborem
563 5549 900 5622 ambiguum,
932 5565 1030 5620 pro
1060 5549 1308 5622 phmnice
1352 5549 1478 5622 alite
1508 5549 1738 5619 positum
1768 5566 1872 5604 vo-

256 5617 396 5690 luit,-
428 5626 484 5673 et
526 5617 755 5676 verbum
795 5617 1017 5690 ﬂorebit
1055 5617 1120 5676 ad
1169 5617 1611 5677 resurrectionem
1655 5635 1871 5676 accom-

261 5689 534 5746 modavit.
569 5690 693 5748 Βιο.

2053 3986 2164 4057 (63)
2186 3987 2286 4066 _Uti
2311 3987 2504 4066 credas
2552 3985 2616 4043 de
2635 3984 2897 4066 ignibus.
2928 4000 3136 4066 quoque
3171 3985 3564 4066 substantiam

1978 4055 2220 4129 corporis
2245 4059 2395 4129 exigi
2423 4074 2600 4129 posse,
2635 4057 2760 4111 Haec
2789 4055 2988 4112 indicia
3017 4055 3141 4113 sunt
3170 4057 3564 4115 Tertullianum

1971 4128 2024 4182 in
2072 4128 2355 4199 ’phtenicis’
2401 4128 2627 4199 historia
2680 4137 2922 4182 secutum
2964 4143 3114 4199 esse,
3167 4145 3288 4197 quae
3348 4130 3566 4184 fuerant

1967 4196 2118 4254 varie
2169 4202 2234 4252 ab
2284 4199 2442 4252 variis
2497 4197 2710 4261 tradita;
2770 4196 3069 4264 sumpsisse
3105 4196 3301 4252 autem
3349 4200 3417 4252 ab
3473 4199 3562 4264 iis,

1965 4285 2087 4341 qua)
2118 4269 2425 4341 tractationi
2455 4285 2565 4341 suae
2606 4269 2779 4323 facere
2822 4267 3109 4341 plurimum
3159 4267 3308 4341 vidit.
3339 4269 3405 4324 Et
3442 4269 3568 4324 Cle-

1965 4338 2159 4394 mentis
2217 4338 2462 4408 epistola,
2521 4340 2586 4391 de
2657 4345 2995 4408 putrescente
3051 4338 3316 4408 phcenicis
3380 4355 3566 4405 carne,

1968 4427 2074 4466 non
2113 4412 2180 4464 de
2208 4419 2458 4479 cremata,
2492 4409 2798 4483 phoenicem
2830 4408 3035 4483 renasci
3072 4409 3384 4483 tradiderat.
3416 4412 3564 4483 Ergo

1967 4490 2025 4538 ut
2089 4496 2374 4551 corporum
2443 4479 2832 4551 restitutionem
2903 4479 3087 4551 etiam_
3131 4479 3188 4551 in!
3248 4495 3312 4534 eo
3376 4479 3566 4536 mortis

1965 4548 2200 4626 genere,
2219 4567 2326 4626 quo
2358 4550 2768 4626 magispboleri
2798 4565 2926 4618 spes
2958 4548 3567 4626 restitutionisvideba-

1969 4620 2074 4690 tur,
2108 4620 2474 4685 conﬁrmaret,“
2493 4621 2559 4675 ad
2589 4637 2684 4676 eos
2713 4637 2770 4675 se
2790 4622 3054 4674 convertit
3073 4620 3166 4690 qui
3189 4621 3256 4674 de
3287 4622 3567 4677 cineribus

1974 4696 2198 4752 cremati
2246 4694 2508 4766 pheenicis
2551 4708 2747 4766 novum
2795 4690 3000 4744 restitui
3032 4691 3378 4766 scripserant.
3418 4712 3443 4742 α
3481 4693 3569 4748 Uti

1977 4768 2188 4832 credas,
2224 4763 2414 4837 inquit,
2448 4766 2514 4818 de
2559 4763 2774 4837 ignibus
2803 4776 3021 4837 quoque
3060 4763 3569 4837 substantiam‘cor-

1979 4839 2125 4909 poris
2154 4831 2560 4910 exigi-posse.)
2597 4835 2755 4910 Quod
2794 4839 2848 4887 et
2876 4833 3264 4910 citato_Psalmi
3299 4831 3570 4910 versiculo

1977 4903 2272 4979 subjungit',
2299 4903 2453 4979 quasi
2507 4905 2769 4979 fueritin
2799 4911 2998 4979 _mente
3045 4903 3450 4978 Psalmographi
3500 4905 3570 4960 de

1977 4976 2237 5054 plimnice
2255 4976 2491 5054 cremato
2521 4977 2760 5032 historia.
2799 4976 2922 5054 RIG.

2049 5051 2165 5133 (6t)
2201 5053 2329 5133 Tant
2358 5051 2639 5133 optimum
2670 5053 2921 5133 quani-et
2942 5047 3194 5133 justum.
3230 5045 3572 5133 .Ma‘rcionitas

1981 5119 2120 5189 ferit,
2149 5119 2264 5192 qui
2313 5123 2367 5177 in
2390 5119 2514 5176 'uno
2562 5119 2691 5174 Deo’
2715 5119 2982 5192 justitiam;
3023 5127 3077 5192 et
3119 5119 3416 5192 bonitatem
3463 5134 3572 5192 non

1978 5189 2420 5266 compin'gebant,
2454 5192 2548 5266 sed
2579 5189 3167 5266 discidentesdivinam
3206 5191 3572 5266 substantiam

1980 5267 2034 5320 in
2072 5261 2384 5333 duos'deos,
2418 5265 2581 5319 alium
2634 5265 2836 5318 bonum
2867 5261 3137 5328 dicebant,
3171 5263 3335 5318 alium
3368 5263 3572 5317 malum

1979 5347 2032 5393 et
2085 5339 2326 5408 juetum.
2370 5338 2520 5392 Hunc
2573 5334 2865 5391 Marcionis
2896 5349 3156 5408 _errorem
3200 5334 3574 5408 _retulithcum

1980 5403 2100 5463 suis
2140 5407 2436 5465 rationibus
2483 5408 2855 5465 Theodoretus
2896 5404 2993 5460 lib.
3035 5422 3066 5462 v
3095 5407 3160 5463 de
3189 5405 3346 5463 Decr.
3392 5403 3569 5458 divin.

1981 5481 2108 5538 Lac.

2054 5551 2168 5622 (65)
2201 5552 2475 5627 δρᾶ-εφη
2518 5546 3287 5627 Μανείοηεὶριθηίης-ᾀίςςσςε.
3331 5544 3574 5626 Remittit

1980 5617 2236 5678 lectorem
2267 5623 2334 5677 ad
2381 5623 2548 5678 libros
2589 5637 2727 5692 quos
2755 5617 3020 5678 aduersus
3065 5617 3402 5674 Marcionem
3430 5617 3574 5673 scri-

1980 5693 2110 5765 psit.
2141 5695 2325 5750 Rem.
