4030 6184
328 344 435 405 859

324 555 519 610 merito
563 566 672 608 non
715 550 906 621 judex,
939 566 1047 607 non
1084 554 1231 609 enim
1272 557 1417 612 Deus
1446 556 1529 626 26;
1559 555 1757 610 merito
1804 566 1915 605 non

325 641 608 706 Dominus,
633 656 741 695 non
768 640 908 694 enim
936 648 1122 696 auctor
1146 661 1157 695 :
1183 643 1361 699 nescio
1385 645 1497 713 jam
1526 645 1570 698 si
1603 645 1746 698 Deus
1779 634 1919 711 (66),

325 731 420 805 qui
469 746 566 787 nec
621 738 830 797 auctor,
884 731 1028 800 quod
1086 732 1252 802 Deus,
1304 750 1402 789 nec
1451 733 1729 797 Dominus,
1773 729 1918 801 quod

327 828 515 877 auctor
561 820 626 876 27.
668 818 839 889 Igitur
876 819 921 872 si
951 820 998 857 2⁸
1027 821 1142 877 Deo
1181 829 1234 876 et
1282 823 1511 878 Domino
1560 832 1613 879 et
1640 822 1689 860 29
1717 818 1919 875 auctori

328 907 872 981 congruentissimum
906 917 1002 972 est,
1042 910 1309 978 judicium
1356 912 1409 966 in
1449 912 1725 966 hominem
1751 906 1923 964 desti-

330 1014 480 1066 nare,
511 997 578 1051 de
608 997 708 1051 hoc
740 998 855 1065 ipso
887 1012 953 1050 an
984 998 1275 1054 Dominum
1309 1007 1361 1054 et
1391 1008 1659 1055 auctorem
1688 1014 1845 1052 suum
1876 996 1925 1033 ³ο

329 1101 624 1159 agnoscere
678 1092 732 1140 et
779 1086 1061 1142 observare
1116 1085 1275 1143 8I3
1321 1089 1517 1144 curarit
1582 1089 1651 1155 31,
1697 1103 1764 1141 an
1812 1100 1924 1140 non

331 1176 514 1245 utique
559 1174 608 1211 ³³
652 1174 915 1242 judicium
960 1176 1274 1231 resurrectio
1322 1187 1612 1247 expunget.
1658 1179 1782 1230 Hmc
1826 1173 1927 1229 erit

334 1270 448 1320 tota
477 1279 686 1330 caussa,
721 1263 827 1318 imo
858 1265 1149 1319 necessitas
1181 1267 1584 1321 resurrectionis
1618 1266 1765 1336 (67);
1798 1279 1928 1319 con-

337 1352 716 1424 gruentissima
757 1351 963 1406 SCiiiCPi.
994 1353 1109 1407 Deo
1158 1353 1444 1409 destinatio
1468 1354 1660 1424 judicii
1692 1371 1704 1407 :
1738 1352 1808 1407 de
1838 1368 1931 1407 cu-

333 1439 425 1509 jus
480 1438 836 1508 dispositione
895 1439 1167 1510 dispicias,
1227 1458 1292 1496 an
1349 1443 1562 1515 utrique
1618 1441 1930 1496 substantiae

343 1529 591 1583 humante
656 1528 1013 1598 dijudicandae
1078 1546 1307 1586 censura
1372 1532 1552 1587 divina
1616 1531 1927 1602 praesideat,

340 1625 445 1671 tam
494 1616 687 1672 animae
744 1634 901 1689 quam
952 1627 1004 1673 et
1042 1621 1211 1675 carni.
1262 1620 1418 1688 Quod
1473 1620 1613 1674 enim
1672 1626 1934 1688 congruet

334 1704 587 1773 judicari,
635 1708 736 1760 hoc
780 1712 1047 1775 competet
1095 1708 1255 1761 etiam
1312 1707 1639 1763 resuscitari.
1691 1706 1932 1761 Dicimus

340 1795 560 1865 plenum
601 1795 776 1865 primo
824 1795 1229 1868 perfectumque
1285 1797 1612 1852 credendum
1666 1796 1932 1867 judicium

342 1884 462 1980 Dei,
494 1892 554 1938 ut
598 1884 843 1938 ultimum
885 1884 994 1951 jam
1043 1887 1203 1956 atque
1248 1885 1441 1941 exinde
1468 1895 1835 1959 perpetuum:
1873 1892 1932 1940 ut

345 1972 423 2069 sic
450 1986 664 2043 quoque
704 1973 931 2040 justum,
960 1972 1093 2029 dum
1140 1990 1247 2030 non
1292 1975 1348 2029 in
1396 1976 1576 2049 aliquo
1615 1975 1796 2031 minus
1833 1993 1845 2030 :
1876 1982 1937 2031 ut

348 2061 429 2116 sic
474 2075 688 2131 quoque
728 2061 841 2117 Deo
886 2062 1130 2136 dignum,
1165 2064 1294 2120 dum
1340 2079 1440 2137 pro
1488 2072 1634 2120 tanta
1681 2065 1799 2134 ejus
1837 2078 1937 2133 pa-

350 2150 551 2215 tientia,
601 2149 819 2220 plenum
850 2160 1008 2223 atque
1048 2154 1391 2224 perfectum:
1444 2156 1621 2226 itaque
1665 2155 1715 2194 33
1760 2154 1939 2225 pleni-

350 2237 592 2294 tudinem
632 2242 1131 2313 perfectionemque
1176 2244 1386 2313 judic'ri,
1437 2260 1545 2300 non
1590 2243 1694 2297 nisi
1740 2243 1806 2299 de
1851 2250 1941 2297 to-

353 2327 458 2383 tius
488 2327 722 2384 hominis
749 2332 1223 2401 reprtesentatione
1254 2340 1525 2388 constare.
1559 2334 1753 2388 Totum
1780 2346 1942 2402 porro

354 2416 628 2472 hominem
681 2435 746 2475 ex
801 2420 1074 2491 utriusque
1130 2422 1441 2476 substantiae
1495 2423 1839 2477 concretione
1896 2420 1945 2458 3"

357 2523 543 2579 parere
574 2508 649 2573 35;
685 2508 991 2580 idcircoque
1030 2510 1086 2564 in
1117 2520 1345 2582 utraque
1374 2510 1757 2579 exhibendum,
1788 2526 1947 2579 quem

358 2604 528 2695 totum
558 2604 808 2695 oporteat
851 2600 1079 2668 judicari
1111 2621 1124 2654 :
1167 2601 1259 2673 qui
1298 2600 1400 2655 nisi
1431 2608 1597 2671 totus,
1629 2600 1809 2670 utique
1839 2612 1949 2652 non

357 2685 571 2741 vixerit.
598 2686 789 2756 Qualis
818 2704 953 2758 ergo
1002 2689 1216 2755 vixerit,
1254 2690 1417 2744 talem
1439 2688 1695 2759 judicari,
1726 2687 1852 2760 quia
1882 2686 1950 2741 de

360 2789 425 2830 eo
448 2775 593 2846 quod
622 2775 832 2844 vixerit,
852 2778 1047 2834 habeat
1069 2779 1323 2847 judicari.
1358 2779 1475 2834 Vita
1506 2787 1588 2835 est
1618 2777 1763 2833 enim
1792 2790 1954 2833 causa

352 2864 579 2934 judicii;
616 2881 711 2934 per
749 2874 826 2922 tot
870 2868 1198 2925 substantias
1241 2868 1643 2941 diSpungenda,
1688 2883 1788 2940 per
1823 2872 1955 2938 quot

360 2958 415 3009 et
443 2953 629 3009 functa
657 2962 760 3009 est.

959 3044 1187 3100 CAPUT
1235 3046 1362 3103 XV.

432 3132 553 3205 Age
594 3133 725 3203 jam,
778 3131 1023 3189 scindant
1067 3134 1358 3191 adversarii
1407 3132 1581 3191 nostri
1626 3132 1802 3189 carnis
1850 3129 1960 3185 ani-

364 3237 577 3294 maeque
622 3229 950 3289 contextum,
996 3222 1146 3295 prius
1191 3226 1243 3279 in
1289 3224 1411 3280 vitae
1458 3220 1955 3292 administratione,

366 3320 425 3367 ut
448 3310 524 3367 ita
567 3309 801 3366 audeant
849 3311 1098 3368 scindere
1129 3312 1261 3368 illud
1298 3313 1464 3367 etiam
1507 3312 1560 3365 in
1608 3310 1731 3366 vitae
1780 3325 1960 3364 remu-

364 3398 657 3456 neratione.
689 3400 901 3473 Negent
947 3416 1237 3471 cperarum
1282 3401 1331 3439 35
1370 3400 1682 3457 societatem
1730 3399 1865 3468 (68),
1898 3403 1957 3451 ut

365 3489 556 3547 merito
610 3490 824 3561 possint
868 3490 1026 3546 etiam
1082 3490 1392 3546 mercedem
1451 3504 1669 3560 negare.
1719 3487 1839 3541 Non
1891 3485 1960 3542 sit

366 3578 634 3650 particeps
691 3579 759 3641 in,
797 3579 1070 3635 sententia
1118 3593 1263 3644 caro,
1313 3577 1359 3632 si
1407 3592 1513 3632 non
1569 3574 1729 3631 fuerit
1792 3581 1846 3629 et
1900 3572 1958 3628 in

366 3682 576 3723 caussa.
610 3665 734 3719 Sola
778 3669 955 3721 anima
997 3678 1301 3731 revocetur,
1332 3667 1377 3720 si
1424 3665 1540 3719 sola
1579 3664 1791 3719 decedit
1820 3663 1961 3735 (69).

365 3756 581 3813 Atenim
628 3768 735 3809 non
782 3758 953 3827 magis
1007 3756 1121 3811 sola
1159 3756 1389 3821 decedit,
1437 3770 1601 3828 quam
1648 3754 1761 3809 sola
1798 3753 1963 3809 decu-

368 3844 538 3902 currit
578 3839 713 3899 illuc
756 3844 900 3900 unde
940 3844 1195 3900 decedit:
1237 3844 1403 3899 vitam
1451 3844 1587 3900 hanc
1634 3842 1774 3899 dico.
1806 3842 1961 3898 Adeo

1017 332 1461 403 TERTULLIANI
1499 338 1764 403 OPERUM
1803 333 1951 397 PARS

2061 374 2075 389 .
2114 360 2187 375 ——
2222 322 2445 388 SERIES
2481 324 2524 394 Ι,
2570 316 2935 381 ΡΟΙιΙΞΜΙΟᾹ.Δ
3543 306 3614 365 60

322 468 447 541 quia
489 466 656 519 Deus.
687 461 823 554 Hinc
865 468 919 517 et
964 462 1053 519 ille
1099 464 1281 521 nescio
1328 468 1452 539 quis
1498 465 1907 529 haereticorum;
1943 476 1988 554 Α
2019 466 2202 513 autem
2247 469 2362 509 non
2406 451 2526 507 sola
2570 446 2618 488 3"
2661 444 2837 500 anima
2875 438 3129 514 transigit
3176 444 3367 504 "tam:
3415 442 3473 489 ιη
3521 448 3619 490 nec

2130 546 2140 554 .
2209 552 2213 554 .
2338 540 2370 554 υ
2445 546 2454 554 .
2515 537 2653 554 ,_uA_
2711 534 2831 554 1:--1
2877 546 2982 554 μ-..
3036 529 3099 554 ,Δ
3142 526 3397 554 καιιιιίιινιη
3440 524 3619 554 Ἄιδι-ιη-

2024 546 2308 619 cogitatus,
2338 540 2462 595 licet
2508 537 2677 603 solos,
2711 534 2835 589 licet
2877 546 2986 587 non
3035 529 3102 583 ad
3141 526 3398 583 effectum
3439 524 3491 563 ³⁸
3519 539 3619 595 per

2027 613 2239 691 carnem
2284 631 2565 696 deductos,
2595 622 2907 679 auferamus
2949 636 2982 674 a
3024 616 3253 689 collegio
3300 616 3498 672 carnis.
3532 613 3621 669 Si-

2031 724 2250 796 quidem
2292 721 2347 774 in
2377 733 2559 785 carne,
2591 721 2643 769 et
2669 728 2790 769 cum
2824 724 3003 775 carne,
3037 716 3091 762 et
3115 722 3216 778 per
3254 720 3475 760 carnem
3505 704 3623 776 agi-

2030 794 2119 871 tur
2164 814 2230 867 ab
2268 810 2470 879 anima,
2499 804 2645 878 quod
2674 803 2854 875 agitur
2888 802 2943 855 in
2980 800 3160 855 corde.
3191 797 3341 852 Hanc
3386 794 3622 865 denique

2034 903 2212 961 carnis
2260 899 2512 969 Speciem,
2561 910 2737 950 arcem
2784 891 2997 954 animai,
3041 888 3204 943 etiam
3251 884 3519 941 Dominus
3569 884 3622 937 in

2034 989 2473 1065 suggillationem
2512 983 2845 1056 cogitatuum
2876 984 3018 1032 taxat
3045 977 3095 1015 39
3126 992 3140 1028 :
3181 972 3323 1043 Quid
3362 972 3626 1043 cogitatis

2036 1060 2396 1140 iniam-dibus
2433 1074 2632 1131 vestris
2671 1085 2916 1142 nequam
2963 1064 3186 1137 (Matth.
3219 1064 3347 1131 Ix)?
3376 1068 3473 1115 et:
3524 1060 3629 1128 Qui

2036 1170 2394 1241 conspexerit
2448 1166 2745 1219 mulierem
2804 1159 2873 1214 ad
2931 1150 3458 1226 concupiscendum,
3502 1150 3630 1220 jam

2038 1239 2383 1317 adulteravit
2410 1257 2472 1311 in
2501 1251 2663 1309 corde
2688 1247 2918 1321 (Matth.
2948 1247 3024 1311 v).
3051 1244 3202 1297 Adeo
3232 1251 3287 1296 et
3315 1239 3433 1295 sine
3464 1252 3631 1307 Opere

2040 1348 2199 1405 814
2240 1347 2357 1402 sine
2399 1343 2595 1398 effectu
2644 1338 2925 1411 cogitatus,
2967 1331 3141 1389 carnis
3184 1338 3263 1384 est
3310 1337 3485 1384 actus.
3522 1324 3629 1382 Sed

2040 1440 2136 1497 etsi
2186 1438 2240 1491 in
2288 1436 2534 1498 cerebro,
2567 1431 2651 1485 vel
2681 1429 2735 1482 in
2776 1426 2950 1481 medio
2978 1420 3391 1494 superciliorum
3433 1414 3630 1471 discri-

2040 1531 2205 1593 mine,
2236 1525 2323 1581 vel
2351 1524 2442 1577 ubi
2472 1522 2564 1576 ubi
2585 1522 2635 1559 40
2666 1514 2999 1591 philosophis
3031 1511 3222 1583 placet,
3254 1505 3627 1580 principalitas

2041 1592 2294 1673 sensuum
2325 1618 2636 1667 consecrata
2662 1614 2764 1675 est,
2798 1603 2943 1675 quod
2972 1596 3357 1672 hegcmonicon
3387 1592 3629 1666 appella-

2042 1718 2145 1774 tur,
2178 1720 2301 1763 caro
2329 1704 2430 1759 erit
2476 1715 2637 1756 omne
2676 1696 2870 1751 animae
2907 1689 3281 1764 cogitatorium
3311 1687 3446 1756 (70).
3475 1684 3632 1739 Nun-

2041 1813 2204 1868 quam
2250 1794 2427 1849 anima
2469 1793 2586 1846 sine
2622 1801 2779 1844 carne
2826 1791 2927 1849 est,
2958 1778 3213 1853 quamdiu
3248 1775 3307 1831 in
3332 1790 3494 1831 carne
3522 1778 3627 1828 est.

2040 1860 2184 1940 Nihil
2226 1898 2336 1938 non
2382 1897 2503 1936 cum
2550 1878 2642 1931 illa
2673 1874 2802 1947 agit,
2835 1871 2952 1928 sine
2994 1884 3103 1940 qua
3146 1880 3254 1920 non
3297 1869 3399 1919 est.
3434 1860 3633 1930 Quaere

2045 1975 2222 2029 adhuc
2274 1987 2342 2026 an
2399 1967 2661 2042 cogitatus
2707 1976 2923 2035 quoque
2980 1972 3080 2028 per
3132 1968 3349 2009 carnem
3395 1947 3634 2003 admini-

2045 2069 2279 2120 strentur
2324 2060 2395 2130 41,
2439 2038 2533 2129 qui
2573 2071 2673 2126 per
2728 2065 2942 2108 carnem
2979 2046 3328 2101 dinoscuntur
3371 2038 3637 2093 extrinse-

2047 2170 2164 2209 cus.
2210 2122 2425 2207 Volutet
2459 2122 2668 2218 aliquid
2715 2140 2914 2210 anima,
2959 2136 3143 2192 vultus
3194 2135 3447 2201 operatur
3492 2122 3639 2180 indi-

2047 2242 2184 2300 cium
2241 2240 2336 2294 ⁴²ε
2388 2215 2573 2291 ῖδοίθεί
2622 2231 2980 2287 intentionum
3045 2220 3287 2280 omnium
3353 2215 3640 2288 speculum

2050 2340 2132 2387 est
2188 2328 2322 2400 (7t).
2372 2327 2581 2399 Negent
2618 2321 2881 2377 factorum
2928 2312 3263 2373 societatem,
3306 2306 3399 2379 qui
3438 2318 3645 2375 negare

2052 2436 2161 2475 non
2191 2394 2416 2489 possunt
2460 2394 2838 2484 cogitatorum.
2872 2407 2941 2461 Et
2968 2401 3044 2460 illi
3080 2400 3298 2471 quidem
3325 2394 3650 2464 delinquen-

2054 2508 2155 2566 tias
2210 2505 2386 2561 carnis
2434 2482 2785 2562 enumerant;
2843 2507 2975 2564 ergo
3041 2486 3308 2561 peccatrix
3372 2482 3653 2537 tenebitur

2056 2593 2346 2666 supplicio.
2394 2591 2505 2646 Nos
2545 2600 2678 2643 vero
2716 2585 2877 2639 etiam
2922 2580 3146 2637 virtutes
3191 2572 3367 2632 carnis
3414 2568 3653 2641 opponi-

2059 2655 2178 2740 mus
2211 2703 2222 2738 :
2256 2696 2387 2754 ergo
2417 2688 2471 2733 et
2501 2678 2639 2731 bene
2688 2682 2905 2743 operata
2933 2666 3197 2725 tenebitur
3227 2660 3470 2735 praemio.
3498 2659 3573 2713 Bt
3603 2655 3657 2712 si

2060 2773 2240 2828 anima
2268 2748 2351 2825 est
2380 2782 2501 2841 quae
2547 2764 2659 2836 agit
2687 2772 2742 2819 et
2770 2758 2997 2832 impellit
3026 2757 3082 2811 in
3113 2754 3311 2810 omnia.
3344 2748 3525 2804 carnis
3548 2749 3659 2802 ob-

2063 2862 2303 2933 sequium
2336 2838 2435 2926 cst,
2476 2857 2646 2911 Deum
2688 2867 2796 2907 non
2844 2850 2970 2905 licet
3006 2854 3097 2901 aut
3125 2843 3386 2915 injustum
3412 2838 3657 2908 judicem

1986 2941 2029 3019 Β
2061 2931 2231 3018 credi,
2271 2954 2363 3003 aut
2407 2946 2677 3000 inertem:
2730 2940 3009 3010 injustam,
3056 2934 3103 2990 si
3137 2932 3339 2989 sociam
3385 2931 3658 2985 bonorum

2064 3055 2287 3111 operum
2317 3053 2347 3091 a
2381 3033 2616 3108 praemiis
2654 3036 2836 3094 arcet;
2869 3028 3114 3091 inertem,
3147 3022 3192 3078 si
3234 3019 3443 3078 sociam
3483 3016 3662 3073 malo-

2065 3144 2187 3183 rum
2236 3143 2266 3181 a
2314 3122 2589 3195 suppliciis
2635 3124 2914 3175 secernat:
2965 3130 3089 3170 cum
3137 3113 3374 3167 humana
3422 3117 3664 3162 censura

2064 3233 2130 3273 eo
2184 3191 2476 3287 perfectior
2521 3212 2801 3275 habeatur,
2847 3220 2953 3277 quo
2990 3202 3155 3259 etiam
3206 3197 3482 3255 ministros
3526 3191 3661 3250 facti

2065 3306 2327 3374 cujusque
2373 3298 2637 3371 deposcit,
2687 3310 2787 3350 nec
2831 3306 3046 3364 parens,
3086 3303 3189 3344 nec
3225 3284 3474 3341 invidens
3523 3280 3657 3344 illis,

2066 3393 2356 3465 quominus
2402 3370 2525 3446 cum
2569 3384 2899 3449 auctoribus,
2945 3388 3035 3437 aut
3082 3391 3281 3451 pinnas,
3331 3381 3423 3431 aut
3466 3370 3660 3445 gratim

2065 3481 2457 3539 communicent
2486 3478 2736 3533 fructum.

2655 3561 2879 3618 CAPUT
2917 3559 3062 3614 XVI.

2137 3657 2243 3713 Sed
2308 3671 2430 3712 cum
2503 3652 2783 3724 imperium
2856 3648 3067 3715 animm,
3125 3638 3438 3713 obsequium
3511 3633 3661 3693 carni

2068 3744 2460 3812 distribuimus,
2490 3738 2933 3813 prospiciendum
2977 3742 3058 3792 est
3089 3749 3153 3788 ne
3191 3740 3244 3789 et
3280 3732 3384 3785 hoc
3430 3727 3535 3783 alia
3581 3740 3661 3780 ar-

2068 3832 2474 3911 gumentatione
2523 3832 2857 3894 subvertant,
2900 3834 2960 3882 ut
3007 3822 3170 3882 velint
3214 3834 3429 3877 carnem
3478 3815 3559 3872 sic
3607 3815 3665 3868 in

1760 3994 1947 4057 Variae
1988 3996 2298 4056 lectiones.

443 4134 493 4214 ?5
519 4131 780 4214 Dominus
810 4130 904 4214 lib.
939 4128 1123 4214 Ursi-tt‘.
1166 4131 1375 4214 Wounw'.‘
1405 4129 1452 4168 τι
1486 4129 1644 4199 Quod
1673 4129 2006 4185 dominus...
2039 4125 2186 4198 quod
2217 4128 2402 4179 auctor
2431 4120 2638 4214 desup‘t
2664 4117 2762 4214 lib.
2796 4116 3012 4214 Ursini
3040 4112 3239 4214 Wouzcv.
3268 4110 3319 4214 7?
3369 4108 3442 4214 [ἒξ
3478 4107 3670 4214 linser-

1385 4209 1393 4214 .
1533 4210 1539 4214 Α
1936 4201 1949 4214 ι
2102 4202 2113 4214 .
2195 4213 2199 4214 ,
2230 4197 2244 4214 ι
2320 4196 2467 4214 “re-”
2710 4194 2883 4214 ...η-λι
3025 4201 3084 4214 ι...
3205 4198 3284 4214 nm
3506 4186 3670 4214 {anna

382 4209 581 4263 Wouw.
613 4204 661 4242 29
692 4206 811 4259 Non
840 4204 1017 4259 inser.
1050 4201 1223 4257 Rhen.
1256 4202 1306 4240 3°
1332 4203 1401 4257 Et
1428 4178 1697 4258 auctorem
1716 4178 2263 4256 Q’EﬁH'ciés'uiii'éod.
2320 4196 2520 4252 Wouw.
2568 4190 2613 4228 31
2663 4189 2887 4263 Curaret
2934 4185 3110 4263 Rhea.
3163 4181 3363 4263 Stangl.“
3388 4179 3437 4217 ³2
3478 4178 3675 4263 itaque

377 4277 543 4337 Seml.
599 4276 772 4332 Rhea.
824 4275 880 4327 id

374 4250 2405 4388 '33iéiié6iziﬁ~fﬁdaf’Pkini.‘rm}
2457 4265 2507 4302 3"
2560 4263 2669 4341 Con
2716 4260 2989 4331 regatione
3038 4257 3209 4313 Rhea.
3245 4253 3295 4293 35
3327 4251 3511 4305 Parari
3544 4250 3671 4326 Lat:

452 4351 693 4403 Onerum
724 4349 849 4403 alii.
882 4344 928 4383 ³⁷
957 4346 1141 4401 bolum
1173 4345 1349 4401 Rhen.
1383 4347 1553 4402 Seml.
1587 4345 1804 4401 Oberth.
1830 4344 1878 4381 38
1905 4342 2188 4397 Adfectum
2217 4339 2388 4396 Rhen.
2424 4336 2473 4374 39
2503 4278 2895 4403 Suggilglatione
2923 4327 3216 4400 cogitatum
3260 4327 3419 4381 Pam.
3461 4319 3513 4359 ⁸ο
3565 4321 3671 4377 [11η

508 4278 543 4331 ι.
599 4278 880 4358 Rhea...”
930 4290 1140 4360 quoque
1186 4278 1345 4331 Pam.
1414 4278 1464 4312 33
1510 4278 1802 4328 Perfectam
1845 4278 1971 4329 add.
2025 4278 2184 4325 Pam.
2235 4278 2405 4324 lv‘ran.
2457 4278 2507 4302 οἱ
2560 4278 2669 4317 uon

506 4364 693 4417 perum
724 4349 849 4403 alii.
882 4344 928 4383 ³⁷
957 4345 1349 4417 bolumRhen.
1383 4347 1553 4402 Seml.
1587 4345 1804 4401 Oberth.
1830 4344 1878 4381 33
1905 4342 2188 4417 Ad_f_ec_tur_n
2217 4336 2473 4417 Bhen;_39
2503 4278 2715 4417 Suggilgi

2719 4316 2895 4388 ativone
2923 4327 3216 4400 cogitatum
3260 4327 3419 4381 Pam.
3461 4319 3513 4359 ⁸ο
3565 4316 3676 4377 Ubi

375 4405 547 4477 semel
587 4419 765 4477 Rhen.
800 4417 968 4477 Seml.
1002 4418 1049 4456 41
1079 4416 1536 4473 Administrantur
1566 4418 1742 4474 Rhea.
1778 4417 1947 4473 Se-ml.
1980 4414 2028 4451 ¹ι²
2058 4410 2329 4467 Judicium
2356 4408 2531 4464 Rhea.
2563 4405 2731 4463 Seinl.

1762 4531 2265 4593 Commentarius.

450 4668 565 4750 (θεᾷ)
596 4669 785 4756 Nescio
797 4670 923 4756 jam
949 4666 1001 4756 si
1032 4669 1191 4756 Deus,
1215 4664 1688 4756 etc.JSensusesse
1715 4662 1925 4756 videtur
1950 4679 1964 4714 :
2000 4680 2045 4756 Β

379 4735 573 4796 Nescio
620 4757 687 4794 an
733 4735 868 4794 deus
906 4738 1279 4793 haereticorum
1322 4735 1455 4790 deus
1493 4737 1582 4806 sit,
1616 4736 1830 4806 quando
1870 4748 1971 4789 nec

382 4821 570 4868 auctor
598 4820 699 4888 est,
729 4810 873 4882 quod
899 4818 1094 4888 tamen
1140 4824 1320 4887 verus,
1363 4807 1416 4861 id
1468 4815 1548 4861 est
1586 4817 1776 4888 ‘noster
1827 4807 1972 4860 Deus

383 4899 505 4939 esse
537 4878 869 4947 scitur;'nec
897 4878 1024 4933 item
1053 4878 1304 4934 dominus
1330 4886 1432 4945 est,
1456 4879 1601 4951 quod
1630 4894 1749 4934 esse
1778 4878 1976 4933 debeat

384 4957 430 5011 si
455 4964 638 5010 auctor
667 4959 830 5007 esset.
865 4952 1051 5007 RHEN.

461 5026 575 5094 (6’7)
610 5023 1133 5093 Congruentissima
1162 5021 1383 5078 scilicet
1420 5023 1526 5077 Deo
1557 5020 1861 5094 destinatio
1882 5020 1977 5090 ju-

386 5092 655 5177 diciilta
699 5092 1011 5177 legendum,
1051 5094 1313 5177 siquidem
1350 5093 1618 5177 praecedit
1656 5112 1701 5173 α.
1715 5092 1977 5177 judicium

388 5163 783 5249 inhominem'
800 5166 1089 5249 destiiiare,
1120 5173 1246 5249 anet
1286 5165 1425 5249 infra
1457 5182 1469 5220 :
1512 5184 1536 5245 gi
1568 5163 1812 5243 Denique
1861 5163 1981 5216 haec

390 5239 517 5365 ἵζε
548 5237 683 5294 ratio
738 5238 793 5292 in
858 5232 1106 5293 ultimum
1160 5237 1322 5291 tinem
1389 5234 1640 5290 destinati
1693 5232 1902 5302 judicii.
1950 5252 1973 5280 ι

525 5327 583 5365 Ν.

442 5326 583 5366 BEN.

396 5456 405 5466 _
462 5382 576 5455 (68)
606 5381 817 5466 Negept
846 5394 1147 5466 operarum
1173 5378 1520 5466 societatem,
1553 5384 1656 5429 etc.
1692 5369 1847 5466 Ratio
1881 5371 1980 5425 hu-

388 5449 482 5524 jus
520 5449 711 5525 capitis
739 5449 1021 5525 desumpta
1033 5461 1128 5525 est
1166 5466 1233 5503 ex
1284 5449 1423 5525 bono
1470 5455 1523 5525 et
1553 5460 1725 5515 aequo,
1755 5450 1807 5497 et
1858 5457 1985 5523 con-

393 5515 552 5599 kruo,
587 5515 664 5580 'ac
701 5525 804 5599 usi_
830 5515 978 5599 sunt
1011 5521 1099 5574 illa
1152 5521 1421 5599 quotquot
1475 5515 1985 5599 de'resurrectione

395 5588 576 5652 carnis
612 5605 735 5665 post
763 5591 1147 5665 Tertullianum
1172 5588 1526 5665 scripserunt.
1562 5588 1691 5665 Lac.

469 5665 585 5735 (69)
613 5658 745 5722 Sola
773 5662 1012 5719 decedit.
1045 5658 1312 5718 Decedere
1362 5676 1466 5718 non
1516 5659 1710 5732 accipit
1756 5674 1856 5732 pro
1894 5658 1984 5713 in-

2078 4660 2236 4716 terire
2283 4654 2526 4721 omnino,
2551 4668 2671 4707 nam
2702 4651 2879 4706 anima
2927 4646 3245 4721 immortalis
3275 4641 3554 4721 persistit,
3583 4639 3679 4721 sed

2084 4712 2463 4851 pro-:deflilcere
2514 4712 2587 4780 ab
2640 4725 2740 4779 hac
2793 4723 2902 4779 vita
2965 4712 3303 4791 dependenti'
3359 4712 3682 4769 ministeriis

2084 4817 2277 4851 carnis.
2354 4812 2438 4851 AC.

2082 4817 2277 4860 carnis.
2310 4812 2438 4853 LAC.

2152 4854 2267 4943 ζῆο)
2299 4871 2435 4943 Car_o
2456 4867 2567 4943 erit
2586 4865 3005 4943 omneaaimm
3021 4859 3441 4943 cegitatorium.
3466 4854 3683 4935 Cogitac

2083 4926 2281 4999 torium
2321 4957 2352 4994 a
2380 4938 2706 4993 Tertulliano
2745 4937 2947 4991 dicitur
2993 4926 3144 4989 locus
3191 4933 3244 4984 in
3275 4942 3531 4998 corpore,
3560 4926 3681 4981 'sive

2081 5032 2209 5087 pars
2234 5011 2497 5087 corporis,
2530 5009 2620 5087 ubi
2658 5007 2838 5087 anima
2867 5005 3245 5087 cogitat..RtG.

2154 5084 2272 5159 (7i)
2301 5071 2493 5140 Facies
2515 5082 2919 5159 intentionum
2937 5071 3212 5159 'oianium
3240 5071 3680 5159 speculum‘est.

2086 5159 2142 5212 In
2160 5138 2325 5213 \vul’tu
2356 5138 2529 5210 notari
2558 5154 2730 5208 solent
2760 5150 2923 5205 animi
2952 5138 3300 5213 affectiones;
3333 5142 3468 5197 adeo
3500 5147 3565 5213 ut
3590 5138 3685 5213 tri-

2088 5187 2142 5212 ιιι
2180 5187 2325 5213 νυιιαιι
2357 5187 2529 5210 ιιυιαιι
2558 5187 2730 5208 ῠυιῠιιι
2760 5187 2923 5205 uuqu
2952 5187 3267 5204 υιιιυυυινυινυ
3333 5187 3466 5197 νην-υτ
3505 5187 3564 5195 -ν
3594 5187 3657 5193 ---

2088 5230 2254 5306 stitia,
2288 5226 2555 5306 hilaritas,
2588 5238 2757 5288 amor,
2790 5223 2969 5306 odium
3014 5220 3209 5306 aliique
3252 5187 3487 5306 a‘ifectujs.
3524 5210 3687 5265 facile

2090 5283 2254 5355 vultu,
2277 5283 2676 5365 dijudicentur;
2713 5283 2855 5349 unde
2885 5309 2915 5346 a
2944 5283 3173 5365 colendo
3204 5288 3408 5365 vultum
3434 5283 3689 5365 dixerunt

2088 5354 2459 5427 Grammatici.
2512 5354 2690 5423 Animi
2740 5366 2899 5438 signa
2952 5363 3006 5418 in
3056 5362 3205 5419 vultu
3255 5356 3528 5438 observari
3572 5354 3687 5424 ipse

2090 5444 2249 5498 etiam
2298 5440 2431 5496 dixit
2477 5440 2689 5496 Tullius
2734 5427 2820 5491 inv
2840 5438 3134 5492 Pisonem:
3194 5451 3220 5483 α
3270 5427 3444 5493 Oculi,
3500 5442 3689 5496 super-

2092 5515 2234 5583 cilia,
2287 5514 2461 5575 frons,
2512 5512 2695 5567 vultus
2740 5510 2975 5583 denique
3022 5514 3189 5573 totus,
3234 5514 3415 5559 sermo
3466 5499 3689 5571 quidam

2094 5581 2287 5645 tacitus
2318 5584 2514 5640 mentis
2539 5592 2640 5640 est.
2678 5604 2696 5630 ι
2735 5582 2812 5636 Ls
2846 5581 2944 5635 Pa.
