4030 6184
242 355 344 417 861

1299 352 1498 414 LIBER
1536 351 1620 412 DE
1656 351 2199 418 RESURREGTIONE
2237 355 2493 420 CABNIS.

3440 368 3546 429 862

243 478 426 538 ofﬁcio
454 476 650 533 animm
675 475 964 542 collocare,
1002 489 1113 531 non
1139 475 1290 548 quasi
1315 475 1635 545 ministram,
1668 492 1738 532 ne
1771 491 1842 532 ex
1874 489 1921 568 Α
1952 477 2018 533 de
2043 477 2092 515 ⁵⁸
2139 479 2358 534 coronis
2407 495 2624 553 quoque
2667 480 2928 552 potatoris
2975 485 3058 539 sui
3101 484 3440 544 inornabitur
3468 488 3544 557 ⁵⁷,

243 571 350 625 hoc
396 568 446 607 ’⁸³
512 566 712 622 sociam
763 574 1029 636 cOgantur
1083 580 1396 638 agnoscere.
1455 567 1645 622 Dicent
1697 565 1842 621 enim

247 657 525 714 ministros
580 662 632 709 ct
687 653 864 710 socios
929 654 1126 708 habere
1179 654 1460 709 arbitrium
1511 653 1846 710 ministra-udi

243 755 406 820 atque
455 741 724 810 sociandi,
783 750 838 798 et
893 750 1212 812 potestatem
1259 759 1372 798 suae
1424 743 1731 799 voluntatis
1789 743 1844 798 in

243 843 553 905 utrumque,
600 833 847 886 homines
882 830 1093 886 scilicet
1139 839 1193 886 et
1239 831 1389 903 ipsos
1437 832 1682 888 :idcirco
1724 848 1848 887 cum

244 924 560 982 auctoribus
617 919 806 975 merita
879 919 1298 987 communicare,
1359 920 1554 992 quibus
1626 937 1846 991 operam

243 1021 437 1086 sponte
484 1010 1011 1075 accommodant“;
1056 1025 1276 1066 carnem
1305 1017 1510 1076 autem,
1568 1011 1700 1064 nihil
1753 1026 1846 1064 sa-

244 1103 516 1175 pientem,
574 1097 705 1153 nihil
763 1098 1080 1154 sententiem
1139 1114 1232 1168 per
1293 1099 1666 1170 semetipsam,
1737 1114 1846 1154 non

241 1191 398 1256 velle,
444 1204 552 1244 non
581 1187 730 1242 nolle
775 1187 843 1241 de
873 1202 972 1242 suo
1021 1188 1332 1253 habentem,
1365 1187 1480 1242 vice
1520 1186 1700 1258 potius
1747 1203 1842 1244 va-

241 1277 381 1332 sculi
432 1289 696 1346 apparere
740 1273 857 1345 (72)
897 1274 1108 1340 animm,
1144 1282 1201 1328 ut
1248 1275 1688 1346 instrumentum,
1740 1290 1846 1330 non

227 1377 302 1423 -nt
327 1365 714 1420 ministerium.
744 1365 932 1434 Itaque
969 1365 1164 1419 animm
1191 1363 1363 1419 solius
1401 1363 1668 1432 judicium
1698 1380 1845 1434 prm-

243 1455 439 1524 sidere,
490 1453 718 1524 qualiter
769 1468 866 1507 usa
914 1451 983 1506 sit
1030 1452 1247 1508 vasculo
1305 1453 1518 1516 carnis;
1570 1453 1844 1508 vasculum

241 1559 375 1602 vero
434 1544 615 1615 ipsum
667 1557 780 1596 non
836 1557 955 1597 esse
1014 1541 1293 1597 sententiae
1349 1539 1686 1598 obnoxium:
1719 1541 1844 1612 quia

240 1649 340 1690 nec
377 1633 601 1689 calicem
645 1629 820 1688 6I5
869 1630 1135 1699 damnari,
1188 1630 1235 1684 si
1285 1630 1406 1700 quis
1449 1645 1576 1686 eum
1629 1645 1840 1686 veneno

241 1730 594 1796 temperant;
624 1737 722 1777 nec
759 1720 998 1793 gladium
1027 1721 1095 1775 ad
1127 1721 1327 1776 bestias
1353 1721 1689 1789 pronuntiari
1725 1721 1840 1793 (735)

239 1813 289 1868 si
336 1813 463 1884 quis
505 1826 568 1867 eo
616 1810 950 1867 latrocinium
1001 1807 1162 1866 fuerit
1216 1813 1494 1880 operatus.
1536 1811 1565 1864 J
1580 1826 1662 1864 am
1714 1826 1842 1882 ergo

241 1900 509 1954 innocens
549 1912 688 1967 caro,
720 1914 786 1953 ex
814 1914 874 1954 ea
915 1899 964 1937 4⁵
992 1906 1144 1968 parte
1186 1913 1291 1971 qua
1321 1913 1428 1953 non
1459 1900 1845 1969 reputabuntur

227 1988 330 2044 illi
369 2003 553 2060 Operm
597 1987 750 2042 malm
781 2005 795 2042 :
827 1994 879 2042 et
926 1986 1061 2042 nihil
1099 1988 1351 2058 prohibet
1381 1988 1702 2046 innocentiae
1744 2004 1843 2044 no-

233 2076 394 2133 mine
462 2077 661 2132 salvam
717 2091 838 2131 eam
887 2073 1025 2131 ﬁeri.
1096 2075 1246 2132 Licet
1300 2077 1446 2132 enim
1503 2092 1605 2132 nec
1678 2078 1842 2134 boum

230 2178 424 2234 operm
451 2164 502 2202 οδ
528 2171 842 2236 reputentur
869 2163 969 2227 illi,
1009 2162 1148 2219 sicut
1196 2179 1297 2219 nec
1341 2171 1501 2219 matm
1529 2165 1597 2230 47,
1649 2165 1843 2221 divinae

229 2261 422 2308 tamen
471 2253 790 2325 benignitati
833 2254 1010 2326 magis
1043 2253 1303 2324 competit
1331 2253 1648 2311 innocentes
1701 2254 1842 2310 libe-

228 2358 362 2397 rare
396 2360 412 2397 :
454 2341 722 2398 beneﬁcis
765 2342 916 2397 enim
953 2343 1158 2412 debet;
1213 2342 1404 2414 Optimi
1451 2351 1534 2397 est
1560 2345 1612 2382 ἰε
1640 2352 1841 2412 autem,

231 2431 400 2487 etiam
437 2432 585 2502 quod
633 2445 741 2488 non
785 2430 1010 2487 debetur
1039 2433 1089 2470 ’⁸9
1117 2429 1336 2488 offerre.
1369 2431 1436 2486 Et
1492 2439 1672 2488 tamen
1709 2434 1842 2488 cali-

228 2533 382 2583 cem,
411 2533 520 2573 non
547 2517 669 2572 dico
689 2519 1038 2574 venenarium
1069 2521 1180 2590 (74)
1210 2521 1265 2576 in
1291 2535 1454 2592 quem
1484 2536 1630 2577 mors
1661 2523 1840 2592 aliqua

229 2606 464 2664 ructarit
487 2606 558 2670 ⁵ο,
611 2606 708 2662 sed
753 2606 970 2662 ﬁctricis
1021 2609 1092 2678 ⁵1,
1145 2610 1228 2667 vel
1282 2611 1576 2683 archigalli
1627 2611 1677 2649 ⁵2
1728 2611 1843 2684 (75)

229 2696 317 2753 vel
388 2695 722 2767 gladiatoris,
797 2704 892 2752 aut
951 2697 1217 2754 carniﬁcis
1294 2700 1486 2771 spiritu
1561 2700 1837 2770 infectum,

229 2795 429 2856 quaero
477 2800 544 2839 an
579 2779 758 2840 minus
804 2785 1049 2844 damnes.
1097 2803 1259 2858 quam
1307 2789 1512 2860 oscula_
1541 2791 1783 2859 ipsorum
1812 2792 1841 2846 7

227 2872 459 2929 Nostris
487 2888 703 2945 quoque
731 2875 980 2929 sordibus
1006 2875 1274 2948 nubilum,
1307 2877 1391 2932 vel
1409 2891 1514 2933 non
1534 2892 1632 2947 pro
1661 2879 1840 2932 animo

231 2970 625 3032 temperatum,
684 2962 904 3020 edidere
950 2963 1232 3035 solemus,
1282 2980 1392 3038 quo
1439 2967 1614 3038 magis
1669 2983 1838 3036 puero

231 3051 539 3107 irascamur
569 3069 581 3110 :
620 3052 860 3124 gladium
889 3069 1018 3110 vero
1045 3055 1094 3093 ⁵³
1124 3055 1423 3112 latrociniis
1475 3056 1683 3112 ebrium
1721 3055 1845 3128 quis

228 3155 349 3196 non
401 3155 432 3194 a
491 3141 651 3196 domo
709 3147 838 3213 tota,
896 3145 1102 3196 nedum
1156 3159 1189 3198 a
1236 3144 1512 3215 cubiculo,
1573 3144 1770 3199 nedum
1815 3162 1847 3201 a

230 3229 446 3302 capitis
477 3229 562 3284 sui
592 3228 772 3286 officio
805 3231 934 3302 (76)
968 3231 1230 3303 relegabit
1259 3234 1326 3300 ⁵4,
1363 3247 1698 3302 prmsumens
1744 3232 1848 3288 sci-

234 3319 396 3384 licet,
458 3316 591 3372 nihil
646 3313 792 3373 aliud
848 3334 907 3374 se
963 3335 1120 3392 quam
1179 3320 1387 3376 inludia
1443 3321 1493 3359 55
1548 3322 1849 3376 animarum

229 3407 659 3474 somniaturum,
704 3407 1011 3479 urgentium
1059 3416 1112 3464 et
1157 3409 1562 3482 inquietantium
1620 3408 1849 3482 sangui-

228 3499 318 3554 nis
363 3496 454 3552 sui
488 3496 849 3553 concubinum
886 3497 1046 3569 (77)?
1073 3499 1287 3554 Atenim
1317 3507 1369 3555 et
1396 3498 1530 3556 calix
1561 3501 1700 3555 bene
1737 3497 1840 3556 sibi

229 3585 515 3654 conscius,
563 3591 616 3639 et
651 3583 721 3641 de
753 3585 1037 3659 diligentia
1080 3587 1363 3644 ministerii
1409 3588 1840 3658 commendatus,

1951 574 2044 622 aut
2071 569 2360 640 aspergine
2404 569 2597 624 ﬂorum
2640 569 3034 628 honorabitur:
3085 582 3138 628 et
3164 575 3374 644 gladius
3404 579 3542 634 bene

1953 653 2022 709 de
2052 655 2194 712 bello
2240 665 2514 722 cruentus,
2544 667 2597 714 et
2628 659 2818 722 melior
2865 660 3129 717 homicida
3159 664 3291 733 (78),
3323 666 3540 722 laudem

1953 759 2102 797 suam
2152 745 2556 801 consecratione
2605 747 2870 816 peusabit.
2903 748 2999 803 Est
3027 749 3077 786 58
3107 764 3240 821 ergo
3268 761 3318 806 et
3356 752 3412 807 in
3445 770 3540 808 va-

1953 831 2101 887 scula
2138 841 2192 889 et
2237 833 2291 887 in
2330 835 2685 890 instrumenta
2723 837 3044 892 sententiam
3091 837 3261 909 figere
3314 841 3447 910 (79),
3484 851 3541 898 ut

1948 921 2292 978 dominorum
2326 932 2380 978 et
2427 931 2711 979 auctorum
2751 925 2963 980 meritis
2990 937 3042 982 et
3085 926 3202 996 ipsa
3232 931 3541 985 communi-

1949 1019 2106 1080 cent;
2141 1018 2197 1064 ut
2241 1012 2365 1066 huic
2394 1028 2610 1084 quoque
2649 1015 3104 1086 argumentationi
3158 1017 3539 1084 satisfecerim,

1948 1099 2072 1154 licet
2094 1101 2161 1154 ab
2187 1103 2438 1171 exemplo
2470 1110 2622 1158 vacet
2651 1103 2934 1160 diversitas
2964 1121 3163 1159 rerum.
3187 1105 3361 1162 Omne
3394 1107 3541 1162 enim
3628 1143 3643 1163 .

1949 1205 2042 1243 vas
2078 1191 2162 1246 vel
2201 1190 2616 1246 instrumentum
2649 1193 2867 1247 aliunde
2907 1194 2962 1247 in
2992 1211 3128 1249 usus
3157 1195 3323 1260 venit,
3357 1204 3541 1252 extra-

1947 1293 2049 1332 nea
2100 1279 2322 1334 omnino
2375 1281 2601 1335 materia
2650 1298 2677 1335 a
2733 1282 3029 1337 substantia
3085 1284 3360 1349 hominis;
3410 1301 3539 1341 caro

1946 1375 2122 1421 autem
2153 1368 2223 1422 ab
2267 1369 2490 1424 exordio
2538 1367 2713 1424 8I6
2749 1372 2887 1426 uteri
2936 1380 3155 1427 consata
3198 1374 3268 1440 59,
3315 1373 3536 1429 confor-

1947 1464 2108 1525 mata,
2150 1457 2439 1530 congenita
2486 1459 2700 1524 animm,
2732 1459 2896 1514 etiam
2939 1460 2992 1515 in
3041 1461 3190 1516 omni
3222 1462 3540 1531 Operatione

1951 1545 2202 1600 miscetur
2245 1547 2346 1601 illi.
2394 1548 2530 1602 Nam
2575 1547 2675 1603 etsi
2715 1565 2807 1604 vas
2836 1557 3055 1605 vocatur
3100 1551 3243 1619 apud
3291 1552 3536 1621 Aposto-

1948 1632 2080 1698 lum,
2113 1649 2269 1704 quam
2285 1635 2442 1703 jubet
2469 1635 2523 1689 in
2554 1637 2759 1690 honore
2789 1638 3002 1692 tractari
3031 1638 3099 1703 θο,
3133 1639 3320 1694 eadem
3351 1646 3534 1695 tamen

1950 1721 2020 1775 ab
2066 1721 2255 1776 eodem
2306 1723 2467 1777 homo
2505 1724 2738 1778 exterior
2783 1725 3085 1796 appellatur
3125 1745 3139 1779 :
3187 1727 3278 1782 ille
3326 1727 3532 1785 scilicet

1880 1832 1924 1909 Β
1953 1809 2126 1878 limus,
2154 1810 2244 1881 qui
2280 1809 2423 1879 prior
2460 1811 2616 1865 titulo
2664 1811 2896 1865 hominis
2929 1813 3130 1867 incisus
3174 1825 3273 1880 est,
3307 1832 3414 1871 non
3441 1832 3534 1872 ca-

1951 1898 2088 1963 licis,
2120 1907 2211 1954 aut
2239 1897 2432 1969 gladii,
2475 1906 2561 1953 aut
2608 1898 2809 1954 vasculi
2841 1898 3023 1954 ullius.
3057 1901 3166 1956 Vas
3195 1902 3339 1956 enim
3367 1918 3534 1974 capa-

1949 1985 2123 2041 citatis
2149 1987 2364 2042 nomine
2405 1986 2548 2042 dicta
2577 1995 2681 2056 est,
2724 2003 2829 2058 qua
2875 1986 3109 2043 animam
3143 1989 3288 2058 capit
3318 2000 3372 2045 et
3399 2006 3536 2047 con-

1951 2075 2083 2130 tinet
2110 2093 2124 2145 ;
2155 2077 2318 2132 homo
2347 2090 2499 2142 vero,
2531 2077 2598 2132 de
2619 2076 3004 2132 communione
3034 2084 3237 2132 naturae
3262 2093 3381 2149 qum
3409 2094 3532 2135 eam

1951 2179 2059 2220 non
2113 2165 2530 2220 instrumentum
2585 2165 2642 2221 in
2697 2165 3100 2236 operationibus
3153 2175 3388 2238 prmstat,
3437 2169 3535 2224 sed

1948 2254 2328 2312 ministerium.
2376 2256 2456 2310 Ita
2499 2262 2552 2310 et
2592 2254 2954 2311 ministerium
2995 2255 3260 2312 tenebitur
3301 2257 3529 2327 judicio,

1947 2342 2048 2396 etsi
2075 2339 2122 2378 61
2153 2341 2219 2394 de
2247 2356 2344 2397 suo
2372 2340 2502 2394 nihil
2533 2340 2740 2410 sapiat;
2783 2341 2907 2411 quia
2937 2342 3114 2409 portio
3145 2350 3228 2396 est
3265 2343 3384 2411 ejus
3413 2359 3535 2416 qum

1949 2429 2108 2501 sapit,
2152 2445 2260 2485 non
2304 2429 2570 2500 supellex.
2613 2429 2726 2484 Hoc
2757 2437 2809 2484 et
2855 2429 3150 2500 Apostolus
3193 2432 3367 2488 sciens
3401 2432 3532 2488 nihil

1948 2534 2165 2573 carnem
2222 2533 2384 2590 agere
2437 2534 2535 2590 per
2581 2518 2954 2589 semetipsam,
3000 2521 3145 2590 quod
3191 2537 3301 2576 non
3348 2522 3540 2580 animm

1949 2608 2251 2678 deputetur,
2288 2607 2640 2664 nihilominus
2682 2608 3039 2680 peccatricem
3065 2609 3268 2677 judicat
3296 2625 3534 2682 carnem,

1947 2713 2016 2752 ne
2041 2713 2107 2752 eo
2151 2697 2298 2768 quod
2342 2697 2412 2751 ab
2441 2697 2619 2751 anima
2655 2697 2872 2752 videtur
2907 2697 3124 2766 impelli,
3161 2698 3366 2766 judicio
3397 2700 3536 2756 libe-

1949 2793 2062 2839 rata
2112 2785 2385 2839 credatur.
2429 2787 2519 2840 Sic
2575 2791 2629 2839 et
2679 2801 2802 2839 cum
2842 2785 3047 2854 aliquas
3105 2786 3278 2840 laudis
3334 2802 3536 2856 operas

1945 2871 2092 2927 carni
2122 2871 2306 2926 indicit
2336 2873 2387 2942 (I
2415 2873 2534 2928 Cor.
2577 2872 2673 2942 xv)
2714 2889 2727 2929 :
2782 2871 3120 2942 Glori/icate,
3156 2873 3342 2944 inquit,
3379 2879 3435 2930 et
3475 2875 3526 2913 62

1954 2963 2136 3018 tollite
2159 2964 2335 3018 Deum
2354 2964 2415 3016 in
2433 2977 2660 3034 corpore
2689 2966 2889 3029 vestro,
2916 2971 3097 3017 certus
3116 2970 3169 3018 et
3189 2963 3289 3019 hos
3309 2973 3535 3020 conatus

1953 3051 2020 3104 ab
2051 3048 2229 3104 anima
2257 3049 2381 3120 agi;
2413 3048 2613 3106 idcirco
2661 3060 2838 3105 tamen
2885 3057 2939 3106 et
2984 3051 3130 3106 carni
3173 3066 3269 3107 eos
3299 3052 3535 3124 mandat,

1881 3111 1923 3190 Β
1953 3138 2081 3211 quia
2125 3144 2177 3192 et
2231 3111 2321 3191 illi
2361 3111 2592 3192 iructum
2651 3138 2975 3209 repromittit
3029 3139 3100 3198 6³.
3133 3139 3393 3212 Alioquin
3441 3111 3539 3198 nec

1955 3225 2297 3299 exprobratio
2359 3225 2709 3295 competissct
2779 3226 2834 3280 in
2888 3227 3118 3284 alienam
3168 3230 3379 3302 culpae,
3437 3245 3540 3288 nec

1958 3315 2259 3372 adhortatio
2313 3315 2368 3370 in
2425 3324 2735 3371 extraneam
2788 3316 2974 3389 glorim
3024 3335 3038 3371 :
3087 3326 3139 3372 et
3193 3321 3540 3392 exprobratio

1959 3405 2122 3474 enim,
2161 3412 2214 3460 et
2243 3403 2544 3460 exhortatio
2588 3412 2837 3460 vacarent
2865 3421 2995 3478 erga
3023 3420 3260 3476 carnem,
3290 3409 3336 3464 si
3376 3423 3537 3465 vaca-

1952 3502 2033 3550 ret
2069 3502 2124 3550 et
2151 3509 2378 3560 merces,
2409 3508 2530 3566 qum
2560 3493 2612 3547 in
2636 3493 3029 3550 resurrectione
3059 3503 3321 3567 captatur.

1638 3713 1829 3778 Variae
1869 3713 2177 3774 lectiones.

297 3816 358 3855 ’⁵³
391 3814 824 3892 He__et__R_hen.
846 3817 1016 3892 86τηίΪ
1066 3819 1118 3857 ¹ι⁴
1146 3820 1613 3878 Accommodarint
1640 3819 1817 3877 Rhen.
1856 3820 2026 3877 Seml.
2058 3817 2106 3856 ’⁸⁵
2134 3817 2210 3871 Ea
2235 3817 2631 3892 negligiPam.
2685 3821 2854 3892 Fran.
2906 3820 2955 3858 46
2985 3820 3131 3875 Bona
3160 3835 3329 3892 Opera
3359 3823 3534 3884 Rhea.

240 3888 429 3946 Seml.
478 3887 526 3961 ξιτ
576 3887 716 3961 Mala
759 3890 936 3961 Rhen.
987 3891 1155 3948 Seml.
1197 3893 1247 3930 48
1294 3892 1579 3949 Beneﬁcus
1625 3895 1767 3948 enim
1812 3898 1895 3946 est
1938 3900 2100 3961 atque
2139 3887 2404 3961 cptim'usl
2439 3890 2610 3946 Debet
2648 3891 2906 3948 Rhenan.
2960 3893 3129 3949 Seml.
3163 3887 3213 3932 ἰδ
3242 3893 3541 3952 Deberetur

237 3961 430 4016 Rhen.
464 3959 636 4016 Seml.
677 3959 1007 4016 50Ructaret
1035 3964 1208 4020 Rhen.
1241 3963 1285 4001 ⁵¹
1322 3965 1566 4020 Fictricis
1597 3965 1772 4020 Rhen.
1815 3962 1986 4020 Se-ml.
2014 3959 2370 4016 'fascinatricis
2413 3963 2501 4018 lib.
2561 3963 2742 4020 Ursin.
2795 3964 2916 4019 cod.
2982 3965 3181 4022 Wouw.
3223 3965 3270 4003 ⁵²
3318 3967 3545 4025 Thracis

232 4033 320 4112 vel
355 4029 512 4112 galli
533 4032 798 4112 Ciaccon._
823 4033 1269 4112 arrhithreysvel
1302 4035 1579 4112 archigalli
1614 4033 1994 4112 Cant_e_rus_._53
2020 4033 2545 4112 XeLRhen._§em_l._
2567 4034 2616 4072 ⁵4
2654 4034 2930 4112 Relegarit
2974 4037 3135 4112 Pam.
3186 4040 3358 4112 Eran.
3420 4042 3539 4112 Rig.

240 4101 381 4183 [feni
415 4101 464 4139 ⁵⁵
494 4102 700 4183 Invidia
731 4103 906 4183 ﬁhen.
939 4105 1059 4160 cod.
1099 4101 1314 4183 Pii-ha).
1347 4101 1990 4183 in_vi_diam_c_onjic._liig._
2019 4103 2068 4140 ⁵6
2114 4105 2192 4183 De
2239 4106 2427 4183 antiit.
2467 4105 2654 4183 _Rhen.
2705 4101 3142 4183 5::Inornabitur
3189 4111 3365 4183 Sergi.
3417 4101 3537 4183 Bia.

240 4175 379 4231 Ven.
414 4173 694 4229 ornabitur
739 4175 915 4231 Rhen.
965 4177 1306 4231 coronabitur
1352 4178 1474 4233 alii.
1525 4178 1575 4214 ⁵⁸
1616 4177 1694 4232 Ne
1728 4173 1863 4232 add.
1930 4173 2102 4230 Rhen.
2156 4175 2322 4230 Seml.
2369 4174 2417 4210 59
2459 4176 2680 4231 Consita
2732 4178 2908 4232 Rhea.
2961 4179 3130 4234 Se-ml.
3183 4179 3235 4217 δο
3282 4173 3536 4238 TractaFe

232 4247 420 4302 Rhen.
455 4245 628 4301 Seml.
658 4246 706 4284 δι
739 4245 807 4302 Ut
836 4247 1008 4304 Rhen.
1041 4249 1208 4305 Seml.
1250 4249 1300 4286 62
1329 4249 1526 4321 Inquit,
1559 4255 1612 4303 et
1635 4249 1787 4304 abest
1817 4265 1852 4301 a
1884 4245 2058 4302 Rhen.
2090 4246 2162 4298 ait
2189 4245 2280 4298 ille
2312 4245 2444 4300 Jun.
2480 4246 2530 4284 63
2565 4247 2966 4316 Repromittunt
2998 4250 3174 4306 Rhen.
3212 4251 3386 4307 Seml.

1644 4371 2146 4435 Commentarius.
2193 4390 2206 4400 -

310 4473 586 4550 (πλῆσε
625 4474 816 4550 potius
852 4478 1068 4550 vasculi
1103 4493 1392 4550 apparere.
1444 4478 1736 4548 Apparere,
1792 4475 1844 4529 id

235 4553 349 4614 est,
390 4543 712 4610 ministrare,
750 4545 1017 4612 famulari,
1049 4543 1337 4614 inservire,
1374 4559 1426 4603 et
1457 4543 1556 4611 est,
1596 4555 1654 4602 ιιι
1675 4551 1845 4602 Asco-

239 4612 378 4690 nius
410 4615 589 4690 dpcet,
623 4615 850 4690 minoris
873 4620 975 4690 ad
1007 4624 1295 4688 majorem;
1325 4612 1470 4675 unde
1515 4621 1854 4690 apparitores

232 4685 376 4742 dicti
411 4685 670 4752 viatores,
726 4687 820 4759 qui
861 4685 1139 4758 judicibus
1188 4700 1382 4761 prmsto
1427 4685 1674 4758 sunt-{ct
1697 4691 1854 4760 jussa

233 4766 533 4830 nutusque
555 4771 743 4830 eorum
791 4769 1120 4830 exspectant.
1170 4763 1355 4818 RHEN.

309 4828 441 4898 (73)
476 4828 733 4905 Gladium
763 4831 835 4885 ad
864 4828 1066 4905 bestias
1100 4836 1492 4905 pronuntiari.
1521 4833 1604 4889 Ad
1647 4833 1850 4888 bestias

228 4899 535 4977 damnare,
578 4901 680 4955 hoc
725 4910 830 4977 e_st_
850 4904 918 4956 ad
963 4899 1310 4977 pugnandum
1379 4923 1503 4962 cum
1534 4905 1746 4973 belluis;
1796 4905 1851 4958 in

232 4987 347 5025 usu
397 4967 764 5042 Aliuisseiapud
798 4967 1071 5032 Roma-nos
1115 4986 1311 5032 norunt
1350 4992 1552 5042 omnes,
1585 4987 1645 5032 ut
1694 4967 1744 5032 et
1786 4979 1851 5032 ad

229 5038 510 5114 metallia,
542 5041 607 5094 ad
632 5038 967 5114 lapidicinas,
1001 5049 1066 5100 ad
1106 5047 1329 5104 insulas.
1370 5049 1444 5103 Ls
1470 5038 1565 5102 Pa.

307 5113 449 5200 (.747),
471 5113 729 5200 [agitent
757 5131 908 5197 mors
953 5119 1144 5200 aliqua
1174 5122 1438 5200 ructarit.
1473 5121 1530 5173 In
1549 5134 1717 5200 .quem
1748 5119 1849 5172 ali-

232 5183 678 5258 quisccleritate
707 5187 901 5242 veneni
933 5183 1237 5258 correptam
1270 5191 1501 5244 animam
1547 5183 1687 5245 inter
1734 5205 1852 5245 sor-

234 5254 490 5310 bendum
521 5270 651 5309 cum
682 5265 834 5312 ructu
863 5254 1137 5315 efflaverit.
1175 5263 1296 5316 llic.

315 5328 435 5392 (75)
466 5326 571 5404 sed
595 5327 849 5404 ﬁctricis
875 5331 959 5388 vel
1007 5333 1326 5404 archigalli.
1347 5331 1672 5404 ’Legendum
1705 5345 1846 5390 esset

233 5394 439 5483 f'orsan
467 5394 779 5483 Γίχίσίνίοὶεςι
809 5403 996 5483 sicque
1043 5394 1254 5483 locutus
1301 5394 1852 5483 essetv'l‘ertullianus

233 5467 315 5522 de
356 5469 572 5547 poculis
595 5486 716 5542 qum
757 5467 1014 5547 frictrices
1063 5475 1171 5530 illm
1211 5475 1555 5547 prOpudiosm
1595 5477 1850 5534 mulieres

232 5553 349 5594 seu
383 5541 577 5595 enuchi
605 5541 728 5598 eum
759 5545 948 5601 osculo
981 5541 1415 5603 sorbeba’ntCLE
1448 5546 1546 5606 Pa.

313 5639 399 5690 j—
435 5613 697 5690 Fictricis
733 5616 821 5690 uel
861 5619 1185 5690 archigalli.
1227 5617 1519 5690 Archigalli
1574 5617 1844 5690 principes

231 5687 378 5737 sunt
431 5683 696 5752 gallorum
724 5685 838 5744 sive
865 5683 1203 5747 exsectorum
1267 5683 1492 5747 auctore
1535 5683 1676 5747 Iulio
1715 5683 1836 5747 Fir-

1959 4470 2117 4527 mico.
2161 4471 2344 4528 Venus
2390 4472 2445 4528 in
2491 4473 2702 4528 decimo
2750 4474 2816 4528 ab
2875 4475 3180 4545 horoscopo
3229 4477 3371 4545 loco,
3421 4478 3548 4537 facit

1961 4491 2117 4527 mlco.
2168 4491 2344 4528 venus
2390 4491 2445 4528 1n
2491 4491 2702 4528 σθαιωο
2750 4491 2816 4528 an
2876 4491 3180 4598 noroscopo
3229 4491 3371 4545 loco,
3421 4491 3544 4537 lactt

1961 4545 2236 4599 eunuchos
2282 4553 2334 4600 et
2385 4545 2721 4615 archigallos.
2791 4546 3062 4600 Cmterum
3127 4561 3215 4603 10c
3261 4550 3544 4607 hominum

1965 4631 2140 4689 genus
2190 4616 2337 4674 velut
2377 4617 2785 4692 inauspicatum,
2848 4623 3446 4692 exosumhessesolet,
3491 4630 3546 4678 et

1960 4687 2180 4764 propter
2195 4703 2304 4764 _eos
2337 4689 2595 4764 qui_tales
2627 4688 2824 4743 habent
2850 4687 2905 4743 in
2938 4687 3162 4754 deliciis,
3196 4691 3358 4747 etiam
3389 4687 3544 4764 turpe

1959 4768 2013 4814 et
2043 4758 2386 4828 flagitiosum.
2429 4759 2614 4816 RHBN.

2054 4831 2145 4904 7tit
2176 4832 2217 4904 Α
2249 4834 2452 4904 capitis
2481 4833 2571 4887 sui
2600 4831 2805 4902 ofﬁcio.
2831 4829 2880 4904 A
2910 4830 3209 4904 cervicalis.
3244 4834 3368 4889 Rm.

2055 4903 2142 4969 77)
2180 4902 2487 4972 Sanguinis
2517 4905 2605 4958 sui
2653 4903 3043 4959 concubinum.
3089 4902 3252 4969 Quasi
3285 4918 3548 4960 caesorum

1959 4973 2207 5050 sanguini
2255 4973 2500 5050 incubet,
2554 4972 2644 5044 qui
2688 4974 2926 5050 gladium
2957 4990 3240 5050 passorum
3285 4976 3549 5050 sanguine

1961 5043 2180 5097 tinctum
2212 5044 2460 5100 ccrvicali
2493 5043 2777 5115 supposuit
2806 5063 2924 5100 suo.
2956 5046 3085 5102 Βία.

2030 5114 2143 5184 (78)
2173 5117 2239 5170 Et
2268 5117 2470 5172 melior
2503 5114 2796 5174 homicida.
2819 5117 3072 5174 Gladium
3101 5117 3168 5172 de
3193 5118 3332 5174 bello
3353 5135 3550 5176 cruen-

1960 5189 2074 5263 tum
2124 5186 2444 5263 homicidam
2490 5199 2666 5263 vocat,
2714 5189 2812 5263 sed
2861 5190 3158 5263 meliorem,
3206 5199 3263 5245 ut
3309 5193 3546 5263 cogitare

1958 5255 2118 5332 liceat
2160 5261 2405 5327 pejorem
2435 5259 2906 5332 essehomicidam
2939 5255 3182 5332 gladium
3228 5264 3296 5317 de
3326 5255 3544 5319 lairoci-

1958 5326 2047 5381 nio
2079 5326 2380 5402 cruentum.
2424 5330 2513 5385 Ait
2554 5330 2716 5402 igitur
2764 5331 2911 5386 illum
2943 5326 3062 5388 csse
3109 5334 3410 5397 meliorem,
3447 5336 3544 5390 sed

1958 5406 2147 5477 tamen
2197 5401 2542 5477 homicidam.
2584 5401 2796 5459 Etenim
2870 5405 3010 5460 bella
3070 5420 3266 5477 gerere
3325 5407 3543 5460 notebat

1955 5469 2286 5528 Christianos
2323 5474 2444 5529 RIG.

2025 5542 2140 5615 (79)
2169 5546 2525 5618 Sententia»;
2551 5545 2742 5618 ﬁgere.
2771 5546 2886 5602 Hoc
2907 5553 3006 5611 est,
3040 5544 3304 5618 intrepide
3325 5552 3380 5600 et
3403 5558 3534 5603 oon-

1956 5618 2158 5671 stanter
2193 5632 2460 5675 asserere.
2495 5617 2618 5672 Rm.
