4028 6188
320 355 430 412 865

1367 341 1560 403 LIBER
1597 341 1682 400 DE
1720 341 2268 406 RESURRECTIONE
2332 346 2589 408 CARNIS.

3531 362 3640 423 866

317 472 659 543 incredibile,
707 471 753 526 si
811 485 909 526 nec
981 467 1328 539 prmdicatum
1383 467 1434 505 ⁷⁸
1487 463 1741 522 divinitus
1797 466 1923 523 fue-
1955 484 2002 563 Α
2032 468 2091 522 in
2123 471 2400 526 veritatem
2429 473 2479 511 9‘-
2508 473 2699 530 mortis
2725 476 2884 543 cadit,
2917 494 3038 548 qum
3067 495 3167 537 nec
3197 484 3249 538 in
3272 486 3566 559 imaginem
3586 489 3638 529 95

317 569 392 622 rit
428 583 440 620 :
473 561 577 619 nisi
615 560 780 634 quod,
813 558 912 614 etsi
948 557 1298 629 praedicatum
1338 556 1391 610 id
1421 572 1466 624 ,a
1496 557 1609 612 Deo
1640 573 1748 610 non
1787 555 1920 612 fuis-

319 662 429 724 set,
460 652 602 707 ultro
632 648 882 721 praesumi
918 646 1217 712 debuisset,
1242 655 1300 701 ut
1331 654 1612 717 propterea
1645 661 1752 699 non
1783 660 1924 716 prae-

318 743 584 804 dicatum,
615 737 740 809 quia
797 743 875 791 tot
930 732 1336 790 auctoritatibus
1395 732 1822 802 prsejudicatum.
1852 734 1926 789 At

319 845 449 888 cum
487 826 684 882 divinis
711 839 924 896 quoque
953 822 1176 878 vocibus
1213 830 1468 892 personet
1496 822 1566 889 79,
1601 830 1745 877 tanto
1773 824 1926 878 abest

317 927 381 974 ut
419 916 574 972 aliter
610 914 958 984 intelligatur,
991 925 1152 982 quam
1188 910 1498 966 desiderant
1533 910 1624 964 illa
1663 927 1694 964 a
1729 911 1924 982 quibus

321 1008 493 1065 etiam
525 1005 642 1060 sine
671 1002 864 1058 divinis
893 999 1115 1058 vocibus
1143 999 1499 1072 persuadetur
1525 1000 1594 1054 ⁸ο.
1633 999 1925 1056 Videamus

318 1097 486 1171 igitur
531 1096 636 1150 hoc
684 1091 942 1163 primum,
975 1104 1208 1161 quonam
1254 1088 1301 1126 31
1350 1088 1501 1145 titulo
1543 1088 1593 1126 ⁸2
1641 1103 1766 1160 spes
1824 1088 1926 1142 ista

321 1183 625 1256 proscripta
679 1180 766 1236 sit.
805 1181 1001 1244 Unum,
1051 1177 1264 1246 opinor,
1313 1177 1458 1247 apud
1513 1192 1702 1234 omnes
1755 1174 1927 1232 8I9

320 1273 563 1331 edictum
611 1269 710 1326 Dei
769 1269 966 1341 pendet
1012 1266 1150 1337 (86),
1200 1266 1517 1322 resurrectio
1568 1275 1923 1322 mortuorum.

321 1365 448 1421 Duo
499 1361 660 1421 verba
714 1359 984 1430 expedita,
1032 1357 1235 1427 decisa,
1276 1355 1506 1411 detersa.
1555 1357 1676 1428 Ipsa
1723 1372 1927 1414 conve-

322 1454 492 1519 niam,
525 1453 641 1522 ipsa
693 1448 1002 1519 discutiam,
1035 1447 1122 1503 cui
1177 1461 1238 1500 se
1293 1445 1606 1500 substantiae
1653 1446 1925 1500 addicant.

321 1541 460 1598 Cum
503 1538 661 1595 audio
701 1535 1146 1594 resurrectionem
1187 1535 1390 1590 homini
1437 1534 1737 1604 imminere,
1769 1550 1927 1607 quae-

322 1645 444 1687 ram
500 1640 722 1684 necesse
776 1633 858 1682 est
915 1625 1045 1698 quid
1100 1624 1222 1694 ejus
1285 1623 1472 1679 cadere
1537 1622 1782 1680 sortitum
1837 1623 1930 1696 sit.

325 1719 610 1793 Siquidem
677 1715 809 1772 nihil
865 1731 1154 1787 resurgere
1227 1713 1576 1784 exspectabit,
1625 1713 1731 1768 nisi
1785 1713 1933 1786 quod

331 1774 461 1864 anIe
506 1805 813 1864 succiderit.
866 1803 972 1873 Qui
1030 1805 1245 1876 ignorat
1320 1817 1533 1858 carnem
1589 1802 1780 1858 cadere
1835 1819 1931 1874 per
1964 1774 2008 1852 Β

332 1905 586 1962 mortem,
618 1902 791 1968 potest
835 1909 950 1950 eam
999 1908 1101 1949 nec
1145 1899 1374 1949 stantem
1413 1907 1572 1947 nosse
1611 1908 1708 1962 per
1744 1891 1927 1948 vitam.

328 1987 659 2044 Sententiam
712 1985 812 2041 Dei
870 1991 1060 2038 natura
1113 1984 1420 2054 pronuntiat
1468 1999 1482 2036 :
1549 1983 1718 2040 Terra
1766 2000 1842 2053 es,
1874 1988 1931 2041 et

327 2079 394 2134 in
438 2081 653 2134 terram
699 2075 826 2131 ibis.
858 2073 930 2129 Et
965 2072 1056 2144 qui
1106 2086 1214 2127 non
1251 2070 1456 2126 audivit
1483 2069 1552 2137 33,
1580 2070 1742 2126 videt.
1773 2073 1930 2128 Nulla

328 2183 476 2223 mors
519 2181 628 2222 non
675 2165 829 2220 ruina
865 2164 1232 2218 membrorum
1279 2169 1359 2216 est
1402 2161 1472 2215 ⁸4.
1505 2161 1653 2216 Hanc
1689 2163 1930 2232 corporis

324 2267 537 2312 sortem
590 2253 859 2309 Dominus
921 2267 1137 2326 quoque
1205 2251 1490 2321 expreSsit,
1525 2266 1649 2305 cum
1705 2250 1756 2288 ⁸⁵
1810 2251 1931 2322 ipsa

327 2344 632 2401 substantia
707 2343 927 2399 indutus
991 2359 1005 2395 :
1067 2342 1310 2411 Diruite,
1366 2339 1542 2411 inquit
1594 2340 1782 2409 (Joan.
1840 2339 1924 2411 ιι),

328 2436 607 2506 templum
661 2432 836 2497 istud,
880 2436 934 2490 et
981 2446 1076 2502 ego
1126 2429 1275 2486 illud
1325 2430 1512 2486 triduo
1569 2431 1922 2487 resuscitabo.

327 2523 582 2581 Ostendit
643 2522 784 2578 enim
846 2523 1002 2591 cujus
1065 2519 1134 2574 sit
1179 2518 1343 2582 dirui,
1387 2519 1543 2587 cujus
1590 2518 1738 2586 elidi,
1769 2519 1928 2588 cujus

322 2614 532 2684 jacere,
564 2612 686 2681 ejus
719 2611 770 2649 εδ
809 2616 863 2666 et
905 2607 1127 2665 relevari
1165 2607 1234 2677 ⁸⁷,
1265 2615 1320 2664 et
1356 2606 1666 2663 resuscitari
1693 2627 1712 2663 :
1752 2623 1927 2678 quau-

328 2717 498 2773 quam
535 2709 588 2755 et
624 2699 859 2754 animam
890 2694 1262 2754 circumferret
1286 2695 1337 2734 ⁸⁸
1365 2696 1720 2767 trepidantem
1761 2712 1930 2768 usque

330 2791 402 2846 ad
431 2797 684 2859 mortem,
717 2790 810 2844 sed
848 2802 956 2843 non
993 2787 1269 2843 cadentem
1298 2802 1396 2858 per
1426 2797 1672 2841 mortem.
1707 2785 1845 2854 Quia
1876 2794 1931 2842 et

333 2879 616 2951 Scriptura
659 2894 674 2933 :
725 2880 796 2935 De
834 2891 1082 2953 corpore,
1115 2874 1300 2947 inquit,
1331 2891 1427 2932 suo
1477 2874 1728 2932 dixerat.
1757 2878 1932 2947 Atque

2035 558 2154 627 ejus
2196 557 2320 613 ruit.
2386 560 2631 632 Sequens
2692 579 2834 620 nunc
2891 569 3214 624 vocabulum
3276 557 3630 635 mortuorum

2032 661 2183 736 ιθῳιθ
2246 647 2471 718 dispice,
2517 651 2603 705 cui
2661 651 2978 709 substantia
3040 657 3264 714 insidat:
3322 680 3625 736 quanquam

2032 734 2086 788 in
2117 735 2216 790 hac
2254 739 2477 794 materia
2526 741 2891 807 admittamus,
2929 745 3200 801 interdum
3249 734 3620 810 mortalitatem

2032 824 2224 878 animae
2271 827 2531 898 assignari
2591 831 2658 883 ab
2718 831 2984 888 haereticis
3019 834 3165 906 (87):
3210 843 3292 907 ut,
3347 841 3390 894 si
3445 843 3625 900 anima

2031 913 2272 1010 mortalis
2316 917 2761 974 resurrectionem
2811 930 3164 978 consecutura
3211 934 3312 992 est,
3367 931 3625 1000 praejudi-

2033 1002 2178 1056 cium
2208 1002 2277 1056 sit
2309 1011 2362 1058 et
2390 1007 2537 1060 carni
2566 1022 2674 1061 non
2714 1007 2894 1064 minus
2941 1012 3149 1068 mortali
3180 1019 3627 1076 resurrectionem

2033 1092 2528 1151 communicatum.
2608 1095 2715 1151 Sed
2798 1113 2942 1155 nunc
2998 1102 3304 1173 pr0prietas
3385 1110 3624 1165 vocabuli

2033 1181 2356 1271 vindicanda
2404 1193 2488 1240 est
2544 1201 2656 1240 suae
2713 1190 2866 1243 sorti.
2929 1187 3102 1246 820
3137 1193 3254 1248 Jam
3293 1196 3533 1271 quidem,
3563 1215 3628 1257 eo

2033 1269 2156 1343 ipso
2185 1274 2330 1341 quod
2357 1276 2682 1332 resurrectio
2709 1277 2926 1335 caduca:
2953 1280 3031 1336 rei
3067 1291 3169 1352 est,
3202 1283 3257 1340 id
3303 1286 3406 1355 est}
3429 1269 3625 1347 carnis.

2032 1360 2221 1416 eadem
2252 1362 2352 1418 erit
2377 1371 2430 1420 et
2457 1364 2512 1420 in
2543 1367 2763 1422 nomine
2793 1369 3018 1425 mortui:
3052 1372 3180 1442 quia
3202 1374 3418 1432 caducae
3449 1378 3524 1434 rei
3547 1386 3630 1436 est

2035 1452 2381 1522 resurrectio,
2429 1469 2550 1524 qua;
2613 1455 2813 1512 dicitur
2864 1467 3219 1516 mortuorum.
3280 1463 3370 1520 Sic
3425 1474 3480 1521 et
3535 1483 3630 1534 per

2033 1537 2305 1594 Abraham
2335 1549 2535 1610 patrem
2585 1542 2732 1612 ﬁdei,
2763 1545 2958 1602 divinae
3006 1547 3381 1608 familiaritatis
3432 1554 3626 1624 virum,

2047 1624 2323 1681 discimus.
2360 1626 2640 1685 Postulans
2670 1632 2814 1686 enim
2850 1634 2995 1690 Sarae
3026 1638 3318 1694 humandas
3345 1641 3531 1709 “locum
3568 1644 3638 1701 de

2047 1712 2171 1769 ﬁliis
2199 1715 2332 1770 Chet
2358 1716 2442 1769 95:
2476 1719 2614 1775 Date
2653 1735 2800 1791 ergo,
2831 1721 3004 1792 inquit
3057 1725 3217 1795 (Gen.
3252 1731 3442 1801 χχιιι),
3489 1733 3637 1789 mihi

2060 1805 2464 1874 processionem
2492 1806 2742 1878 sepulcri
2775 1809 3074 1874 vobiscum.
3120 1817 3176 1869 et
3210 1815 3445 1876 humabo
3476 1838 3635 1880 mor-

2042 1896 2209 1948 tuum
2239 1910 2425 1951 meum
2454 1893 2523 1965 9",
2554 1910 2768 1952 carnem
2793 1896 3016 1954 scilicet.
3049 1901 3239 1974 Neque
3267 1905 3408 1962 enim
3437 1909 3629 1966 anima:

2040 1983 2324 2038 humandas
2353 1983 2596 2055 spatium
2625 1985 3000 2055 desiderasset,
3019 1999 3072 2045 et
3102 1990 3147 2044 si
3177 1991 3357 2048 anima
3387 2001 3628 2057 mortalis

2037 2072 2367 2139 crederetur,
2403 2084 2457 2130 et
2505 2075 2553 2132 si
2602 2085 2844 2133 mortuus
2889 2078 2994 2134 dici
3027 2090 3344 2140 mereretur.
3378 2085 3534 2155 Quod
3579 2089 3628 2144 si

2038 2170 2284 2215 mortuus
2312 2176 2510 2231 corpus
2537 2171 2634 2229 est,
2665 2179 2955 2237 corporum
2980 2168 3082 2225 erit
3131 2177 3472 2242 resurrectio,
3505 2193 3626 2233 cum

2035 2246 2230 2304 dicitur
2260 2260 2613 2312 mortuorum.

2615 2394 2838 2454 CAPUT
2890 2399 3046 2455 XIX.

2107 2518 2177 2572 Et
2206 2518 2320 2574 haec
2348 2519 2530 2590 itaque
2564 2521 2826 2592 dispectio
2857 2523 3024 2590 tituli,
3059 2533 3112 2581 et
3153 2530 3409 2596 praeconii
3438 2532 3632 2609 ipsius,

2039 2605 2198 2662 ﬁdem
2231 2609 2418 2679 utique
2446 2609 2739 2668 defendens
2765 2616 3170 2685 vocabulorum,
3214 2619 3341 2676 illuc
3379 2623 3430 2661 98
3465 2605 3632 2695 proli;

2039 2711 2164 2751 cere
2211 2697 2447 2762 debebit,
2503 2707 2562 2754 ut
2617 2701 2662 2756 si
2717 2701 2850 2772 quid
2906 2704 2956 2742 99
3017 2722 3139 2774 pars
3194 2707 3411 2764 diversa
3451 2717 3630 2770 turbat

2039 2785 2259 2839 obtentu
2344 2784 2639 2858 ﬁgurarum
2707 2797 2758 2842 et
2803 2789 3175 2862 aenigmatum,
3255 2797 3628 2856 manifestiora

2041 2889 2270 2946 quaeque
2299 2875 2646 2946 praevaleant,
2677 2873 2734 2931 et
2757 2878 2826 2932 de
2868 2879 3085 2936 incertis
3120 2883 3350 2940 certiora
3378 2889 3631 2957 praescri-

333 2969 474 3024 adeo
528 2983 655 3025 caro
700 2975 798 3033 est,
845 2982 968 3038 qua:
1014 2973 1185 3021 morte
1238 2965 1532 3036 subruitur,
1563 2973 1624 3021 ut
1668 2963 1860 3021 exinde
1913 2981 1943 3020 a
1973 2979 2015 3056 ε
2045 2961 2189 3015 bant.
2247 2963 2399 3056 Nacti
2454 2965 2596 3018 enim
2652 2967 2869 3036 quidam
2926 2970 3372 3030 solemnissimam
3431 2977 3629 3049 eloquii

335 3057 584 3116 cadendo
633 3057 858 3114 cadaver
905 3055 1236 3111 renuntietur
1279 3054 1350 3108 89.
1379 3053 1579 3109 Anima
1625 3069 1788 3125 porro
1838 3069 1938 3110 nec

340 3147 603 3206 vocabulo
642 3145 802 3212 cadit,
846 3144 971 3216 quia
1016 3161 1113 3201 nec
1158 3143 1347 3198 habitu
1401 3144 1532 3198 ruit.
1573 3142 1773 3214 Atquin
1821 3144 1939 3212 ipsa

343 3245 454 3302 est,
504 3250 618 3308 quae
657 3235 868 3290 ruinam
931 3233 1146 3303 corpori
1211 3230 1374 3287 infert
1429 3247 1548 3288 cum
1601 3232 1781 3286 efﬂata
1833 3239 1936 3300 est,

337 3324 486 3380 sicut
520 3324 639 3396 ipsa
668 3332 772 3388 est,
806 3338 926 3395 quas
958 3322 1089 3377 illud
1123 3322 1191 3377 de
1231 3328 1372 3376 terra
1414 3320 1696 3376 suscitabit
1723 3320 1937 3392 ingres-

336 3432 422 3472 sa.
451 3416 572 3471 Non
600 3424 785 3488 potest
811 3415 1026 3480 cadere,
1059 3428 1178 3484 quae
1217 3412 1496 3468 suscitavit
1525 3413 1787 3485 ingressa.
1818 3413 1936 3467 Non

335 3514 524 3578 potest
560 3505 613 3544 9°
664 3520 844 3575 ruere,
872 3519 995 3574 quae
1041 3501 1196 3558 elidit
1232 3501 1278 3540 91
1328 3517 1566 3574 egressa.
1600 3501 1812 3557 Arctius
1857 3500 1939 3556 di-

335 3610 482 3667 cam,
514 3611 582 3651 ne
609 3593 664 3648 in
715 3608 963 3650 somnum
999 3591 1218 3663 quidem
1258 3591 1401 3646 cadit
1435 3589 1613 3646 anima
1651 3606 1771 3646 cum
1819 3605 1942 3646 cor-

335 3700 498 3757 pore,
546 3699 616 3742 ne
669 3693 781 3740 tum
838 3681 1054 3756 quidem
1111 3679 1367 3737 sternitur
1421 3695 1543 3737 cum
1590 3697 1768 3737 carne.
1816 3680 1942 3736 Ete-

335 3773 452 3830 nim
495 3773 546 3812 9³
583 3775 818 3848 agitatur
859 3773 914 3827 in
963 3771 1169 3828 somnis
1217 3778 1272 3826 et
1311 3769 1607 3839 jactitatur;
1640 3769 1944 3842 quiesceret

337 3873 546 3930 autem,
576 3861 624 3918 si
667 3863 898 3933 jaceret;
932 3868 986 3918 et
1015 3861 1239 3932 jaceret,
1268 3860 1313 3916 si
1354 3860 1573 3917 caderet
1616 3859 1686 3915 93.
1719 3860 1796 3916 Ita
1840 3873 1944 3914 nec

2046 3050 2347 3122 prOphetici
2374 3049 2620 3122 formam,
2649 3054 2925 3125 allegorici
2955 3066 3008 3112 et
3037 3058 3252 3132 ﬁgurati
3294 3065 3628 3138 plerumque,

2046 3153 2153 3194 non
2201 3147 2378 3194 tamen
2427 3155 2662 3211 semper,
2710 3145 3188 3203 ressurrectionem
3235 3168 3451 3225 quoque
3499 3169 3633 3211 mor-

2049 3236 2263 3283 tuorum
2325 3227 2604 3283 manifeste
2667 3230 3053 3300 annuntiatam,
3128 3236 3183 3292 in
3256 3240 3630 3314 imaginariam

2046 3315 2494 3388 signiﬁcationem
2572 3317 2942 3390 distorquent;
3020 3337 3390 3386 asseverantes
3456 3332 3631 3402 ipsam

2047 3404 2207 3460 etiam
2238 3412 2464 3460 mortem
2497 3406 2806 3477 spiritaliter
2857 3409 3281 3485 intelligendam.
3314 3419 3432 3473 Non
3489 3419 3632 3476 enim

2047 3489 2190 3546 hanc
2225 3507 2346 3547 esse
2376 3492 2430 3547 in
2459 3509 2604 3562 vero,
2648 3511 2769 3566 quas
2799 3495 2868 3552 sit
2897 3497 2951 3553 in
2987 3501 3186 3570 medio,
3209 3503 3493 3563 dissidium
3523 3526 3635 3566 car-

2049 3579 2134 3633 nis
2161 3589 2319 3652 atquc
2346 3582 2576 3640 animae:
2629 3586 2722 3638 sed
2768 3584 3123 3656 ignorantiam
3169 3592 3288 3663 Dei,
3328 3610 3427 3665 per
3472 3613 3635 3668 quam

2050 3669 2213 3724 homo
2257 3680 2499 3726 mortuus
2546 3673 2676 3740 Deo,
2705 3687 2812 3729 non
2854 3678 3032 3731 minus
3086 3680 3140 3734 in
3173 3695 3355 3738 errore
3407 3685 3637 3754 jacuerit

2052 3774 2214 3830 quam
2260 3759 2313 3814 in
2365 3761 2636 3834 sepulcro.
2676 3762 2863 3835 Itaque
2893 3773 2948 3820 et
3004 3771 3452 3830 resurrectionem
3516 3791 3637 3832 eam

2051 3857 2428 3914 vindicandam
2488 3859 2620 3931 (88),
2676 3876 2782 3934 qua
2825 3861 2948 3934 quis
2986 3865 3131 3923 adita
3159 3865 3178 3906 ί
3209 3874 3431 3928 veritate
3484 3873 3640 3930 reda-

1657 4009 1662 4013 -
1704 3976 1895 4038 Varia:
1961 3978 2270 4039 lectiones.

415 4083 475 4160 73
498 4081 913 4160 Praajudicatum
946 4082 1488 4160 Riten.‘79_Person_at
1523 4081 1722 4160 Rhen._
1744 4085 1907 4160 Pani.
1949 4082 2647 4160 §eml._'0_Per_suadeatur
2688 4082 2869 4160 _R}_t_en:
2919 4087 3088 4144 38ml,
3121 4087 3166 4129 si
3197 4088 3466 4160 Quoniam
3509 4097 3637 4157 Ven.

341 4155 414 4240 '3‘
440 4152 817 4240 Stylo‘iRhe'n.
871 4156 1042 4240 Steml.‘
1087 4153 1143 4240 if:
1180 4153 1359 4240 ﬁndit
1401 4153 1577 4240 ῌΙξςη.
1626 4155 1800 4240 (Sella.
1853 4154 1902 4191 δ”
1922 4153 2051 4240 'Est
2092 4152 2241 4240 abest
2271 4153 2714 4240 αῇΙυιεηᾶηδεηιι.
2743 4152 3364 4240 f5‘Cumnabest_a‘Pal-,
3402 4167 3454 4240 se
3477 4152 3644 4240 Cuia;

348 4222 525 4284 Rhen'.
561 4228 682 4308 Rig.
724 4228 856 4308 Ven.
893 4228 1061 4284 Seml.
1096 4225 1433 4308 8:"Revelari
1469 4225 1676 4308 νεηῖλξίθ
1704 4222 2059 4308 gircuipferat
2084 4224 2260 4308 {tl-ten.
2299 4227 2436 4308 far.
2486 4225 2536 4308 83
2583 4227 2900 4308 [inungetur
2947 4232 3262 4308 Rar._.lun.
3300 4237 3362 4308 #90
3409 4222 3639 4308 Cude're,

345 4315 469 4372 qua:
499 4294 782 4372 suscitavit
815 4298 1093 4372 ingressa.
1112 4298 1232 4372 Non
1265 4303 1440 4372 potest
1466 4299 1812 4372 omittLRig.
1843 4297 1982 4372 AVen.
2015 4295 2076 4372 9)-
2096 4294 2464 4372 Ijligitllhen.
2496 4295 2668 4372 Sernl.
2710 4295 2759 4372 εἶῖ
2789 4297 3045 4372 _S_edenim
3077 4303 3252 4358 Rhen.
3283 4305 3452 4364 Seml.
3487 4294 3546 4348 93’
3569 4294 3645 4368 Εἰ

339 4365 586 4441 jaceret,
604 4369 757 4425 abest
790 4386 824 4424 α
855 4365 1029 4427 Rhen.
1067 4369 1240 4426 SemI.
1266 4365 1792 4441 ’957Veritatellhen.
1830 4365 2079 4441 Sent_l._95
2110 4365 2347 4441 Imagine
2364 4366 2553 4441 _Rhe_n.
2579 4369 2757 4441 Seml.
2787 4369 2839 4441 95
2877 4371 3014 4424 Heth
3045 4373 3219 4429 Ilhen.
3252 4377 3422 4434 Seml.
3455 4365 3644 4440 eodeni

343 4437 536 4500 sensu.
569 4439 616 4479 9"
649 4443 916 4498 Mortuum
953 4456 1136 4498 meum
1166 4441 1290 4512 Rig.
1331 4440 1458 4498 Ven.
1490 4439 1540 4477 98
1570 4439 1683 4496 Illic
1712 4443 1884 4496 Fran.
1916 4439 1966 4476 99
1993 4437 2109 4508 Qua
2141 4437 2318 4494 Rhen.
2351 4438 2520 4495 Seml.
2559 4437 2778 4496 Oberth.
2814 4440 2831 4478 ι
2861 4441 3056 4497 Addita
3088 4445 3264 4502 Rhen.
3295 4450 3464 4509 Seml.

1793 4541 2292 4603 Commentarius.

340 4691 463 4750 det.
496 4691 631 4749 Cum
669 4691 906 4763 appensa
940 4691 1136 4756 tabula,
1171 4695 1314 4748 unde
1350 4694 1418 4747 de
1458 4695 1616 4763 plano
1655 4691 1940 4762 rectelegi

341 4764 548 4836 possit.
576 4764 681 4836 Sic,
700 4765 976 4819 Ausonius
1003 4766 1254 4835 Paneg...
1284 4766 1388 4820 Has
1431 4777 1524 4836 ego
1563 4767 1785 4820 litteras
1817 4768 1940 4820 tuas

345 4835 487 4908 siin
515 4835 766 4890 omnibus
791 4836 931 4906 pilis
961 4840 1130 4906 atque
1156 4835 1479 4908 porticibus,
1504 4837 1652 4893 unde
1680 4836 1746 4892 de
1772 4839 1945 4907 plano

348 4907 464 4977 legi
491 4909 723 4976 possint,
758 4909 945 4962 instar
975 4908 1146 4962 edicti
1158 4907 1421 4978 pendere
1450 4908 1810 4972 mandavero,
1844 4915 1948 4962 etc.

344 4978 441 5032 Sic
472 4985 624 5031 vocat
652 4979 966 5048 Symbolum
999 4978 1124 5032 ﬁdei
1149 4978 1486 5045 Christianae,
1511 4990 1565 5032 et
1595 4993 1761 5046 supra
1791 4980 1945 5047 dixit,

344 5063 596 5123 quonam
629 5048 796 5107 titulo
825 5064 947 5121 spes
984 5049 1098 5123 ista
1131 5051 1450 5120 proscripta
1469 5051 1581 5123 ‘sit,
1607 5049 1857 5123 alludens
1883 5054 1946 5103 ad

345 5119 526 5175 edicta
557 5119 861 5190 praetorum
881 5130 974 5175 aut
1003 5119 1292 5185 Caesarum,
1317 5119 1437 5188 quae
1466 5119 1520 5173 in
1549 5120 1693 5185 albo,
1720 5123 1818 5176 hoc
1847 5127 1948 5186 est,

347 5193 528 5246 tabula
557 5191 816 5262 proscribi
845 5200 899 5246 et
933 5190 1158 5261 pr0poni
1187 5192 1446 5246 solebant.
1483 5193 1602 5246 RIG.

420 5291 488 5305 ——
530 5263 694 5330 Apud
739 5280 931 5319 omnes
961 5263 1208 5318 edictum
1246 5263 1342 5318 Dei
1379 5263 1600 5331 pendet.
1631 5261 1774 5316 Nihil
1813 5261 1951 5317 addo

350 5333 691 5404 explicatioui
739 5333 975 5406 Rigaltii,
1008 5332 1111 5406 nisi
1160 5336 1303 5406 quod
1349 5333 1952 5406 album‘tabulamseu

350 5403 594 5459 chartam
632 5403 835 5475 puram
854 5415 906 5459 et
942 5404 1164 5458 nitidam
1196 5405 1360 5458 fuisse
1387 5403 1573 5459 docuit
1601 5420 1688 5459 me
1716 5404 1954 5460 eruditus

349 5475 630 5544 Cujacius,
659 5492 768 5531 non
815 5492 946 5534 vero
995 5476 1232 5531 tabulam
1280 5475 1467 5530 litteris
1513 5477 1648 5529 albis
1691 5486 1949 5541 nctatam,

349 5557 412 5628 tit
441 5547 1035 5628 censuit__'l‘he0philus.
1067 5546 1172 5628 Qui
1217 5547 1454 5628 chartam
1490 5546 1639 5601 illam
1667 5561 1764 5627 seu
1797 5548 1954 5628 tabu-

350 5617 460 5673 lam
504 5635 571 5675 ex
616 5619 725 5676 alia
771 5617 934 5676 etiam
979 5619 1202 5676 materia
1242 5621 1545 5691 corrupisse
1586 5618 1954 5674 convinceba-

417 4621 534 4710 (‘862
569 4622 770 4689 Unum,
799 4623 1016 4710 opiner,
1040 4620 1190 4710 apud
1209 4637 1397 4710 omnes
1417 4620 1666 4710 edictum
1697 4623 1792 4677 Dei
1806 4637 1940 4710 plen:
1972 4633 2016 4710 υ
2048 4627 2156 4710 Ξυγτ
2215 4619 2269 4672 in
2317 4634 2439 4710 eum
2495 4618 2632 4700 actio
2660 4629 2789 4710 lerat
2838 4623 3163 4710 pecuniaria,
3198 4643 3315 4710 .se'u
3364 4634 3644 4704 popularis

2047 4691 2312 4773 Craterum
2331 4691 2492 4773 etiam
2521 4691 2566 4744 is
2586 4691 3248 4773 actionenextraordinaria
3281 4691 3638 4773 fpuhiébatur,

2053 4777 2210 4847 paena
2242 4761 2374 4847 legis
2403 4762 2665 4847 Qornelite
2697 4764 2775 4847 de
2789 4764 2950 4847 falsis.
2983 4761 3349 4847 ld_co_llige'éx
3382 4773 3414 4847 l.
3447 4776 3490 4828 si
3523 4761 3645 4847 quis

2052 4833 2279 4957 ῗιεειὸἓά
2312 4835 2377 4890 D.
2405 4834 2472 4887 de
2497 4834 2698 4905 JuriSp.
2729 4841 2781 4889 et
2811 4834 2846 4888 l.
2881 4852 3007 4906 pen.
3043 4839 3110 4893 D.
3133 4839 3168 4896 Ι.
3201 4833 3418 4912 Cornel,
3453 4848 3520 4899 de
3540 4833 3642 4902 'l'al.

2102 4919 2135 4957 Β
2166 4918 2258 4959 I’R.

2105 4978 2242 5056 .(87)
2304 4975 2708 5056 Illortrtlitatem
2737 4979 2946 5056 animm
2995 4981 3276 5056 assignari
3304 4985 3370 5041 ab
3419 4986 3646 5046 haereti-

2060 5048 2157 5108 cis,
2189 5054 2298 5127 etc.
2327 5048 2433 5114 Qui
2480 5048 2973 5127 immortalitatem
3023 5048 3374 5127 substituunt,
3416 5075 3532 5115 rem
3579 5062 3646 5115 de

2058 5131 2168 5188 qua
2197 5119 2373 5188 agitur
2429 5119 2653 5176 minime
2680 5121 3039 5176 considerant.
3076 5125 3210 5181 Puto
3242 5119 3389 5183 enim
3427 5132 3646 5187 Tertul-

2060 5186 2265 5243 lianuin
2296 5190 2574 5264 haereticos
2603 5193 2722 5246 illos
2745 5200 2950 5261 notare,
2983 5194 3075 5264 qui
3125 5196 3181 5252 in
3225 5201 3424 5256 Arabia
3472 5186 3649 5259 exorti

2063 5268 2187 5344 sunt
2216 5263 2549 5344 temporibus
2579 5264 2846 5344 Origenis,
2889 5265 2988 5344 qui
3003 5263 3211 5344 animas
3239 5287 3371 5344 ﬁcum
3402 5275 3647 5344 corpori-

2063 5330 2162 5411 bus
2222 5330 2381 5411 simul
2411 5330 2704 5411 corrumpi
2730 5345 2782 5411 et
2835 5330 3055 5411 interire
3113 5341 3382 5407 dicebant,
3406 5359 3470 5400 ac
3498 5330 3647 5399 Icum

2062 5403 2263 5484 iisdem.
2284 5405 2570 5484 animabus
2594 5409 2653 5484 in
2671 5407 2891 5484 -νὶιξιηιΔ
2911 5409 3146 5465 reditura
3201 5403 3447 5484 corpora.
3480 5415 3650 5472 Euse-

2063 5473 2186 5549 bius
2216 5476 2266 5530 id
2297 5477 2459 5532 refert
2485 5479 2624 5533 Hist.
2660 5478 2805 5532 Eccl.
2838 5478 2934 5532 lib.
2964 5496 3037 5548 vr,
3070 5497 3192 5549 cap.
3225 5473 3314 5537 30‘.
3349 5485 3425 5538 LE
3453 5487 3546 5542 Pa.

2134 5547 2744 5626 (88)_Resurrectionem
2765 5566 2890 5626 eam
2910 5547 3328 5626 vindicandam.
3343 5555 3511 5626 Nugae
3525 5566 3652 5615 sunt

2060 5623 2118 5671 et
2141 5619 2473 5689 scphismata
2522 5621 2718 5690 quibus
2746 5622 3034 5676 utebantur
3078 5623 3398 5694 Hymenaeus
3427 5619 3494 5685 Et
3519 5630 3649 5686 Phi-
