4030 6184
303 290 413 356 869

299 509 482 575 vium;
545 520 602 565 ut
647 526 770 566 cum
828 511 1000 583 ipsius
1037 513 1250 568 Israelis
1300 513 1489 588 plagas
1541 522 1630 570 aut
1687 514 1895 579 venias,

305 600 663 671 captivitates,
731 600 1126 668 restitutiones,
1190 603 1502 677 ultimaeque
1543 603 1902 675 dispersionis

304 691 510 746 exitum
552 698 820 761 perorant.
867 691 1005 762 Quis
1051 692 1168 748 haec
1218 693 1658 764 interpretabitur
1702 693 1898 769 magis,

305 797 469 851 quam
499 781 902 856 recognoscat?
930 781 1038 838 Res
1065 781 1120 836 in
1149 782 1340 839 litteris
1379 793 1651 850 tenentur,
1675 792 1734 839 ut
1762 783 1900 838 litte-

303 887 380 926 ra:
407 870 464 924 in
492 871 658 926 rebus
702 871 960 943 leguntur
1005 871 1072 926 1⁸.
1125 873 1201 928 Ita
1256 889 1365 929 non
1412 889 1645 946 semper,
1704 889 1804 929 nec
1843 870 1899 928 in

303 959 556 1017 omnibus
621 959 906 1032 allegorica
959 961 1130 1017 forma
1184 970 1268 1019 est
1322 963 1621 1034 prophetici
1677 961 1898 1036 eloquii,

302 1053 398 1108 sed
419 1051 686 1108 interdum
707 1061 760 1107 et
787 1051 840 1106 in
872 1051 1211 1123 quibusdam.

897 1138 1120 1196 CAPUT
1157 1141 1312 1196 XXI.

371 1229 428 1284 Si
486 1244 618 1302 ergo
667 1227 935 1285 interdum
979 1239 1034 1284 et
1077 1229 1132 1285 in
1171 1231 1511 1302 quibusdam,
1543 1230 1744 1304 inquis,
1803 1249 1900 1289 cur

295 1333 408 1376 non
453 1326 509 1376 et
550 1319 606 1373 in
634 1318 810 1375 edicto
869 1320 1276 1376 resurrectionis
1331 1321 1638 1393 spiritaliter
1690 1322 1897 1378 intelli-

296 1410 531 1482 gendas?
571 1409 839 1480 Quoniam
865 1408 1080 1482 quidem
1121 1409 1353 1482 plurima
1399 1411 1531 1466 ratio
1589 1410 1895 1470 intercedit.

295 1501 480 1556 Primo
529 1503 697 1568 enim,
729 1500 856 1574 quid
892 1501 1088 1557 facient
1117 1508 1194 1557 tot
1223 1517 1284 1556 ac
1313 1500 1418 1556 alia
1462 1501 1510 1540 19
1538 1502 1897 1557 instrumenta

299 1591 500 1658 divina,
549 1592 619 1648 ita
669 1598 855 1663 aperte
920 1591 1254 1661 corporalem
1311 1593 1661 1647 contestantia
1703 1608 1892 1648 resur-

293 1681 611 1752 rectionem,
644 1688 707 1736 ut
741 1679 945 1736 nullam
984 1679 1261 1735 admittant
1291 1678 1532 1752 ﬁguratae
1573 1680 1892 1754 ,significan-

296 1732 1888 1843 iiaaisltsgicigtga{sese‘t‘iittg'att’ig'gi,
1927 1732 1970 1809 Β

302 1859 452 1931 quod
471 1867 522 1915 et
558 1875 720 1930 supra
775 1858 1239 1926 demandavimus,
1281 1859 1483 1915 incerta
1511 1860 1576 1916 de
1619 1861 1800 1926 certis,
1839 1870 1891 1916 et

303 1949 537 2004 obscura
589 1950 652 2006 de
695 1948 996 2005 manifestis
1043 1947 1386 2020 praejudicari
1429 1967 1442 2003 :
1501 1949 1582 2005 vel
1630 1966 1698 2004 ne
1754 1950 1892 2004 inter

299 2036 625 2094 discordiam
666 2045 938 2094 certorum
987 2043 1042 2092 et
1083 2037 1435 2102 incertorum,
1480 2038 1889 2094 manifestorum

296 2133 352 2183 et
409 2126 778 2193 obscurorum,
838 2125 973 2182 ﬁdes
1038 2126 1351 2197 dissipetur,
1410 2126 1608 2184 veritas
1667 2126 1888 2198 pericli-

295 2220 440 2271 tetur
469 2216 599 2287 (95),
626 2216 746 2288 ipsa
789 2214 1040 2272 divinitas
1092 2223 1152 2270 ut
1205 2214 1513 2270 inconstans
1551 2216 1884 2275 denotetur:

291 2312 407 2360 tum
437 2305 491 2344 ²ο
521 2305 667 2378 quod
707 2304 1000 2362 verisimile
1046 2319 1154 2359 non
1198 2313 1302 2371 est,
1331 2311 1391 2358 ut
1439 2319 1502 2359 ea
1549 2303 1757 2373 Species
1795 2321 1887 2361 sa-

294 2395 563 2450 cramenti
595 2395 730 2466 (96),
762 2394 819 2449 in
850 2409 1010 2466 quam
1057 2392 1195 2449 ﬁdes
1247 2401 1359 2449 tota
1413 2393 1783 2463 committitur,
1831 2395 1886 2450 in

293 2498 462 2556 quam
510 2483 794 2558 disciplina
848 2492 964 2539 tota
1017 2482 1330 2549 connititur,
1380 2483 1636 2556 ambigue
1678 2501 1887 2540 annun-

290 2573 420 2627 tiata
464 2572 536 2645 2‘,
593 2583 647 2630 et
713 2574 944 2629 obscure
1003 2571 1280 2645 prOposita
1337 2570 1612 2639 videatur;
1673 2575 1886 2644 quando

290 2677 418 2734 spes
459 2661 893 2734 resurrectionis,
941 2661 1046 2719 nisi
1093 2660 1375 2717 manifesta
1426 2663 1494 2717 de
1541 2662 1781 2733 periculo
1833 2671 1888 2719 et

289 2750 537 2820 praemio,
579 2751 849 2806 neminem
894 2751 962 2805 ad
1013 2750 1280 2820 ejusmodi
1319 2751 1617 2820 praesertim
1666 2751 1888 2827 religio-

291 2855 441 2910 nem,
473 2840 692 2911 publico
732 2840 858 2896 odio
889 2848 943 2896 et
971 2839 1150 2896 hostili
1187 2839 1364 2910 elogio
1411 2839 1717 2908 obnoxiam,
1767 2859 1887 2914 per-

299 2931 574 2986 suaderet.
612 2929 836 2986 Nullum
882 2945 1020 3001 Opus
1057 2936 1266 2984 certum
1290 2935 1375 2984 est
1409 2929 1673 2986 mercedis
1701 2930 1882 2988 incer-

1340 297 1534 357 LIBER
1567 296 1650 358 DE
1687 297 2224 360 RESURRECTIONE
2261 301 2518 361 GARNIS.

305 419 621 491 Babylonis,
687 428 741 478 et
783 420 1061 489 Idumatae,
1127 429 1180 479 et
1220 423 1754 497 Carthaginiensium
1801 439 1884 478 na-

2006 451 2220 497 eventu.
2268 441 2368 496 Sed
2415 441 2464 478 ²²
2504 439 2606 496 etsi
2641 445 2973 520 temporalia,
3020 459 3072 506 et
3101 451 3314 525 localia,

3488 319 3599 380 870

3365 466 3421 515 et
3463 477 3596 518 ner-

2009 478 2220 497 υνυυιυισ
2268 478 2368 496 υυυι
2504 478 2606 496 mox
2641 478 2973 520 ιῠιιιγυιαιια,
3020 478 3072 506 ct
3101 478 3314 525 iucuua,
3365 478 3421 515 ει
3463 478 3590 532 ρετ-

2009 530 2211 586 sonalia
2239 529 2339 584 Dei
2365 530 2576 587 decreta
2614 537 2774 604 atque
2797 535 3005 604 judicia
3035 540 3088 594 in
3136 545 3322 613 urbes,
3365 556 3418 603 et
3447 567 3590 623 gen-

2008 627 2111 686 tes,
2145 625 2202 678 et
2229 635 2399 690 reges,
2440 629 2549 676 tam
2588 631 2771 692 aperte
2809 625 2858 662 23
2905 629 3188 699 prophetia
3219 636 3454 702 jaculata
3493 651 3593 710 est,

2007 711 2166 781 quale
2225 718 2326 773 est,
2368 718 2427 764 ut
2473 718 2686 768 aeternae
2714 712 3090 784 dispositiones
3119 721 3240 790 ejus
3289 735 3340 780 et
3368 730 3594 786 univer-

2009 799 2150 854 sales
2180 797 2234 852 in
2273 813 2432 853 omne
2471 800 2747 856 hominum
2779 803 2828 842 ²⁴
2854 820 3046 876 genus,
3100 809 3273 865 lucem
3322 816 3401 868 sui
3445 819 3599 894 fuge-

2009 887 2153 944 rint?
2202 907 2325 960 quae
2366 887 2435 962 2⁵,
2492 899 2693 961 quanto
2741 894 2964 963 majora,
3017 905 3163 952 tanto
3210 901 3436 958 clariora
3479 887 3597 963 esse

2006 978 2286 1049 deberent,
2321 992 2379 1037 ut
2424 981 2631 1050 majora
2677 982 3044 1040 crederentur.
3092 987 3161 1042 Et
3191 999 3318 1059 puto
3349 993 3464 1048 Deo
3501 1012 3599 1054 nec

2006 1065 2245 1141 livorem,
2277 1085 2382 1125 nec
2409 1070 2610 1138 dolum,
2666 1086 2766 1126 nec
2813 1071 3248 1147 inconstantiam,
3299 1095 3399 1137 nec
3437 1083 3599 1140 leno-

2006 1155 2203 1212 cinium
2253 1159 2490 1214 adscribi
2546 1173 2725 1230 posse,
2776 1177 2871 1231 per
2916 1179 3038 1234 quas
3086 1164 3194 1222 fere
3230 1171 3596 1244 promulgatio

2005 1246 2274 1316 majorum
2303 1248 2582 1306 cavillatur
2611 1249 2747 1320 (9’7).

2578 1337 2806 1393 CAPUT
2845 1340 3024 1398 XXII.

2079 1425 2200 1480 Post
2247 1426 2380 1492 haec,
2441 1427 2510 1482 ad
2547 1427 2666 1481 illas
2715 1427 2875 1482 etiam
2933 1430 3236 1501 Scripturas
3299 1437 3594 1509 respicien-

2006 1513 2132 1569 dum
2181 1525 2283 1581 est,
2329 1533 2450 1587 quae
2507 1531 2616 1571 non
2663 1516 2846 1573 sinunt
2892 1523 3341 1579 resurrectionem
3399 1543 3596 1586 secun-

2003 1602 2132 1657 dum
2161 1603 2416 1658 animales
2447 1605 2578 1660 istos
2607 1605 2742 1676 (98),
2794 1623 2861 1662 ne
2905 1607 3133 1666 dixerim
3168 1613 3457 1684 spiritales,
3503 1626 3597 1674 aut

2003 1691 2090 1747 hic
2113 1693 2227 1762 jam
2267 1691 2438 1748 824
2467 1693 2522 1747 in
2553 1693 2794 1752 veritatis
2838 1697 3114 1768 agnitione
3153 1701 3269 1775 (99)
3315 1708 3591 1781 praesumi,

2000 1792 2091 1836 aut
2118 1781 2188 1838 ab
2227 1796 2451 1838 excessu
2477 1783 2658 1836 statim
2687 1782 2812 1840 vitae
2840 1784 3116 1842 vindicari.
3170 1791 3302 1846 Cum
3351 1795 3496 1850 enim
3543 1804 3596 1852 et

2003 1878 2246 1939 tempora
2270 1870 2436 1926 totius
2464 1871 2578 1942 spei
2607 1870 2714 1926 ﬁxa
2740 1871 2848 1928 sint
2892 1885 3240 1934 sacrosancto
3287 1883 3442 1953 style,
3494 1901 3594 1943 nec

2000 1960 2156 2014 liceat
2184 1974 2302 2013 eam
2343 1968 2471 2014 ante
2515 1958 2791 2029 constitui,
2827 1977 2990 2030 quam
3035 1963 3086 2002 26
3131 1965 3476 2025 inadventum
3519 1973 3589 2040 2⁸³,

1997 2044 2213 2118 Opinor,
2235 2047 2454 2120 Christi,
2485 2055 2611 2104 vota
2631 2056 2817 2104 nostra
2838 2049 3110 2121 suspirant
3137 2052 3217 2126 (1)
3248 2056 3302 2110 in
3333 2056 3383 2094 28
3408 2060 3593 2116 seculi

1997 2135 2157 2205 hujus
2215 2151 2486 2208 occasum,
2549 2138 2603 2192 in
2671 2139 2950 2193 transitum
3008 2143 3193 2197 mundi
3259 2161 3474 2219 quoque
3525 2151 3594 2205 ad

1997 2223 2142 2279 diem
2190 2224 2407 2279 Domini
2451 2241 2729 2300 magnum,
2778 2227 2920 2282 diem
2967 2228 3060 2285 irae
3099 2239 3154 2286 et
3205 2234 3592 2309 retributionis,

1997 2311 2136 2368 diem
2178 2312 2447 2380 ultimum,
2479 2321 2533 2368 et
2555 2315 2844 2386 occultum,
2873 2333 2970 2374 nec
2998 2319 3090 2373 ulli
3121 2333 3318 2391 praeter
3345 2341 3506 2397 quam
3543 2327 3594 2366 39

1998 2402 2140 2456 Patri
2181 2411 2393 2468 notum,
2443 2411 2497 2459 et
2536 2411 2717 2460 tamen
2775 2407 2947 2479 signis
3001 2416 3161 2481 atque
3210 2416 3490 2484 portentis.
3538 2424 3594 2474 et

1996 2491 2442 2549 concussionibus
2507 2493 2912 2563 elementorum,
2982 2505 3035 2553 et
3108 2500 3593 2562 conﬂictationibus

1995 2582 2272 2637 nationum
2325 2590 2705 2655 praenotatum.
2773 2583 3091 2643 Evolverem
3148 2592 3482 2663 prOphetias,
3544 2595 3592 2652 si

1993 2670 2257 2727 Dominus
2337 2672 2454 2743 ipse
2499 2673 2777 2731 tacuisset:
2839 2673 2944 2730 nisi
2990 2676 3137 2746 quod
3183 2686 3238 2733 et
3295 2683 3589 2752 prephetiaa

1995 2773 2101 2815 vox
2137 2770 2291 2816 erant
2328 2760 2580 2816 Domini:
2622 2763 2714 2817 sed
2769 2761 2892 2832 plus
2921 2772 3002 2817 est
3043 2765 3112 2834 3°,
3144 2768 3292 2836 quod
3332 2769 3450 2825 illas
3487 2787 3586 2828 suo

1994 2865 2094 2904 ore
2117 2850 2417 2923 consignat.
2450 2851 2820 2924 Interrogatus
2849 2866 2882 2906 a
2919 2851 3201 2924 discipulis
3229 2856 3329 2928 (2),
3363 2860 3578 2929 quando

1992 2945 2247 2993 eventura
2276 2947 2474 3011 essent,
2508 2954 2632 3012 quae
2677 2938 2888 2995 interim
2938 2942 3008 2998 de
3053 2945 3237 3014 templi
3276 2946 3422 3002 exitu
3467 2964 3590 3004 eru-

297 3024 387 3073 tas.
421 3017 609 3074 Nullus
637 3017 800 3075 timor
834 3019 1012 3089 justus
1035 3025 1117 3074 est
1162 3017 1387 3088 periculi
1421 3017 1592 3074 dubii.
1622 3021 1692 3075 Et
1738 3038 1882 3078 mer-
1916 3021 1960 3100 ε
1995 3031 2182 3096 perant
2211 3026 2272 3096 31,
2323 3027 2566 3084 ordinem
2634 3035 2955 3098 temporum,
3026 3031 3200 3104 primo
3243 3033 3588 3095 Judaicorum

290 3123 384 3165 ces
433 3115 614 3165 autem
669 3119 722 3165 et
756 3107 1057 3180 periculum
1109 3108 1166 3164 in
1226 3109 1635 3165 resurrectionis
1680 3111 1875 3177 pendet

1985 3131 2156 3186 usque
2215 3116 2282 3170 ad
2340 3116 2605 3173 excidium
2661 3117 3019 3189 Hierusalem,
3078 3123 3277 3181 dehinc
3330 3142 3584 3185 commu-

1672 3181 1862 3246 Variaa
1900 3181 2207 3250 lectio-nes.

365 3287 1123 3368 13_LiganturPant_._Fra13.
1157 3288 1274 3368 Rig.
1322 3287 1445 3343 Ven.
1496 3284 1670 3368 ‘9_Ac
1711 3290 1832 3345 talia
1880 3295 2054 3368 Fran.
2085 3296 2278 3368 fam.
2316 3301 2388 3368 tot
2435 3294 2539 3350 alia
2588 3295 2766 3352 Rhen.
2840 3297 3011 3353 Seml.
3073 3299 3123 3338 ²ο
3202 3303 3353 3360 Tunc
3409 3307 3585 3368 Rhen.

293 3361 467 3440 Segni.
501 3359 545 3398 ²¹
578 3362 824 3440 Annuata
857 3363 1030 3440 (then.
1065 3359 1463 3440 Serntaannnuta
1491 3361 1581 3440 uel
1609 3371 1858 3440 angulata
1904 3366 2132 3440 1202.“?2
2178 3366 2283 3421 Sed
2330 3366 2483 3440 abest
2532 3384 2568 3440 ct
2624 3368 2792 3425 Seml.
2846 3369 2896 3406 ²³
2941 3369 3148 3440 Aperta
3194 3359 3357 3434 Pam,
3407 3359 3582 3435 ᾖῆὲῆξ

292 3433 342 3469 24
370 3433 673 3487 Humanum
701 3433 824 3488 alii.
857 3432 906 3469 2⁵

943 3433 1074 3506 Quae
1101 3430 1319 3506 abesto
1349 3431 1485 3506 Rig._
1513 3432 1633 3506 Vera.
1675 3432 1724 3506 ξιξ
1773 3434 1945 3506 {Eque
1995 3437 2121 3504 alii,
2174 3439 2462 3494 utrumvis
2511 3439 2667 3495 abest
2715 3457 2749 3494 a
2801 3430 3199 3501 Seml.'Rhen.
3245 3430 3585 3506 ﬁliiﬁlii;

299 3503 474 3582 ﬁlms.
511 3504 690 3582 Sea-git.
739 3504 788 3540 28
839 3504 1180 3582 Ιη--αὺσειὴα
1222 3501 1620 3582 βΙιεηφδθιηι.
1675 3503 1724 3542 29
1771 3501 1941 3574 Quam
1987 3501 2142 3564 abest
2185 3527 2220 3564 α
2254 3510 2374 3567 eod.
2405 3510 2557 3565 Pith.
2599 3511 2717 3582 Βία.
2762 3512 2889 3568 Ven.
2922 3512 2974 3551 30
3003 3513 3105 3570 Est
3149 3517 3303 3574 abest
3333 3501 3582 3579 aii/lia“.

292 3576 466 3632 Seml.
509 3575 556 3612 31
588 3576 851 3647 Eruperat
882 3575 1056 3632 Rhea.
1087 3573 1255 3630 Semt.

1699 3645 2192 3715 Commentarius.

284 3726 418 3781 dere
449 3727 618 3794 LXX,
653 3736 1008 3799 praeterquam
1043 3727 1143 3782 hoc
1169 3725 1286 3782 solo
1327 3725 1522 3796 capite,
1570 3725 1732 3798 idque
1777 3743 1884 3783 non

289 3798 485 3869 semel,
516 3802 604 3853 sed
634 3798 794 3854 etiam
825 3798 1002 3855 tertio.
1034 3800 1172 3853 Pw.

361 3871 476 3941 (95)
517 3873 580 3928 Ut
619 3873 848 3928 nullam
887 3871 1201 3926 admittant
1244 3869 1503 3940 ﬁguratae
1557 3869 1882 3940 signiﬁcan-

293 3941 413 4008 tice,
453 3952 541 4013 etc
582 3942 953 4013 Suspicionem
984 3941 1233 4013 dicit,iut
1289 3956 1450 4013 supra
1506 3941 1744 3994 nubilum
1792 3942 1880 3995 al-

291 4012 538 4085 legoriae.
567 4013 661 4069 Est
679 4012 822 4069 enim
853 4013 1124 4085 suspicari
1146 4012 1202 4066 in
1231 4012 1473 4085 occultis,
1525 4013 1786 4085 obscuris
1828 4020 1882 4085 et

288 4081 553 4166 mﬁsticis.
587 4085 676 4166 Sic
702 4081 971 4166 Georgius
1005 4083 1249 4166 Baeticus,
1288 4081 1494 4166 libatioe
1521 4083 1654 4166 Elide
1694 4103 1712 4138 :
1736 4083 1880 4166 “Ad-

293 4153 399 4229 huc
418 4157 461 4212 si
494 4171 604 4212 non
649 4153 908 4229 intelligis
937 4157 1002 4210 de
1031 4163 1112 4229 tot
1140 4170 1303 4229 supra
1340 4153 1498 4208 editis
1529 4153 1877 4229 dictionibus,

287 4227 374 4308 vel
415 4243 481 4283 ex
507 4227 980 4310 consequentibus
1017 4227 1404 4310 animadverte,
1453 4240 1641 4310 omnes
1696 4227 1878 4295 suspi-

289 4300 474 4354 ciones
503 4298 684 4368 impiae
715 4297 1165 4370 interpretationis
1194 4299 1463 4370 exclusas.
1483 4315 1513 4370 ν»
1547 4297 1669 4353 RIG.

361 4371 476 4442 (95)
510 4366 667 4443 Fides
697 4366 1020 4443 dissipetur,
1057 4373 1263 4425 veritas
1290 4369 1665 4443 periclitetur,
1697 4375 1803 4443 etc.
1831 4366 1887 4421 Si

284 4438 522 4497 discordi
571 4459 732 4519 sensu
788 4438 1171 4519 acciperentur,
1221 4438 1340 4512 quae
1392 4440 1460 4494 de
1497 4438 1881 4519 resurrectione

288 4521 414 4567 sunt
446 4515 726 4585 praedicta,
771 4524 830 4569 ut
867 4513 1248 4585 conspicuaet
1299 4518 1484 4585 aperta
1546 4513 1878 4585 testimonia,

283 4600 405 4656 qum
447 4582 517 4642 de
564 4582 854 4658 corpOrum
893 4583 1286 4662 resurrectione
1335 4583 1506 4654 palam
1541 4582 1872 4662 _loquunt_ur,_

281 4655 392 4712 non
433 4655 693 4728 cogerent
725 4674 788 4714 ea
833 4673 953 4728 quae
1001 4656 1313 4712 obscuriora
1356 4662 1507 4728 sunt_
1536 4655 1878 4728 interpretari

281 4727 348 4783 de
387 4725 654 4800 corporali
682 4725 1100 4807 resurrectione,
1131 4729 1220 4783 sed
1253 4729 1367 4782 haec
1407 4725 1658 4807 ambigua
1699 4725 1879 4779 detor-

280 4811 582 4871 querentur
646 4801 714 4854 ad
778 4800 1226 4856 resurrectionem
1304 4807 1507 4854 tantum
1556 4800 1872 4861 animarum,

281 4870 476 4943 aperte
525 4879 823 4943 sequuntur
866 4874 982 4927 11ch
1020 4871 1634 4943 absurda,rnam_Deus
1677 4870 1875 4943 incon-

279 4941 434 4998 stans
457 4941 758 5014 haberetur,
781 4961 903 5000 cum
953 4945 1008 4999 in
1040 4942 1336 4998 manifestis
1373 4941 1502 4997 locis
1543 4941 1877 5014 praedixisset

280 5017 618 5086 corporalem
674 5013 1145 5080 reSurrcctionem,
1194 5022 1247 5070 et
1299 5016 1351 5069 in
1401 5013 1518 5067 aliis
1574 5013 1873 5086 animarum

279 5084 511 5156 tantum,
569 5095 627 5142 ut
675 5089 964 5145 adversarii
1002 5088 1273 5152 volebant,
1346 5099 1516 5156 quare
1571 5091 1624 5138 et
1679 5084 1875 5156 veritas

279 5154 714 5231 periclitaretur;
747 5176 867 5214 nam
907 5175 1029 5215 cum
1059 5157 1327 5214 contraria
1346 5155 1571 5231 fuissent
1608 5154 1869 5231 vaticinia,

281 5227 575 5298 periculum
631 5227 983 5287 incurrissent
1036 5231 1270 5294 errandi,
1340 5227 1676 5282 assentiendo
1741 5240 1872 5296 pro-

285 5302 478 5373 phetia
509 5307 678 5367 falsae,
711 5312 762 5358 et
790 5303 925 5358 ﬁdes
963 5303 1338 5373 dissiparetur;
1380 5299 1521 5373 nulla
1553 5299 1698 5355 enim
1727 5313 1868 5369 prae-

283 5372 480 5429 dicenti
504 5378 638 5433 ﬁdes
660 5377 836 5430 omnis
854 5374 1049 5431 merito
1069 5372 1359 5445 negaretur
1383 5411 1396 5424 .
1419 5372 1548 5424 LAc.

359 5446 474 5518 (96)
499 5453 564 5510 Ut
587 5464 651 5507 ea
669 5451 874 5521 species
895 5438 1261 5521 sacramerzti.
1287 5442 1400 5498 Hoc
1420 5449 1521 5509 est,
1554 5439 1678 5496 ﬁdei
1709 5438 1868 5496 Chri-

277 5517 470 5580 stianae
506 5517 894 5594 caput,‘carnis
921 5517 1265 5595 resurrectio.
1380 5587 1388 5595 η
1683 5585 1692 5595 ο

357 5583 727 5668 (97>Ρθτῖᾳίιὶε
745 5597 867 5666 fere
879 5591 1258 5666 promulgatio
1268 5587 1555 5653 maiorum
1567 5583 1870 5640 cavillatur

1992 3730 2275 3858 {Maiorum
2298 3731 2411 3860 Ilico
2440 3738 2538 3802 est,
2574 3731 2964 3803 potentiorum,
3007 3736 3436 3812 magistratuum,
3473 3759 3583 3816 po-

2014 3818 2073 3857 es
2099 3818 2128 3854 a
2157 3819 2265 3856 um.
2348 3818 2432 3858 ια.

1992 3810 2265 3858 testatum.
2298 3810 2432 3858 lito.

2015 3943 2026 3955 .
2059 3874 2173 3944 (98)
2217 3874 2539 3955 Secundam
2561 3876 2850 3955 animales
2871 3880 3026 3955 istos:
3058 3877 3246 3955 Maluit
3277 3881 3364 3955 hic
3390 3884 3582 3942 Valen-

1989 3947 2221 4021 tinianos
2260 3947 2526 4021 animales
2543 3947 2720 4003 dicere
2749 3966 2916 4020 quam
2945 3949 3235 4021 spiritales:
3278 3954 3400 4012 licet
3438 3958 3582 4012 enim

1990 4015 2277 4085 Scripturae
2324 4018 2440 4074 loca
2496 4018 2563 4093 de
2610 4015 3010 4093 resurrectione
3042 4024 3354 4093 Spiritaliter
3410 4027 3582 4084 inter-

1991 4095 2354 4172 pretarentur,
2431 4089 2690 4172 animales
2753 4102 2927 4172 tamen
2985 4089 3086 4148 hic'
3115 4095 3397 4172 dicentur,
3455 4101 3582 4172 quia

1990 4159 2281 4226 Scriptura:
2313 4158 2425 4215 loca
2454 4160 2522 4214 ad
2553 4165 3004 4220 resurrectionem
3041 4164 3340 4224 animarum
3373 4158 3581 4228 tantum

1989 4229 2397 4298 detorquebant.
2438 4229 2515 4286 LE
2554 4232 2650 4287 Pa.

2059 4299 2174 4369 (99)
2217 4300 2319 4379 Hie,
2354 4303 2480 4370 jam
2526 4304 2591 4379 ire
2634 4305 2892 4379 veritatis
2930 4306 3241 4379 agnitione,
3292 4316 3395 4366 etc.
3441 4311 3578 4368 Cum

1987 4381 2216 4449 mortem
2267 4371 2507 4449 dicerent
2572 4374 2807 4449 hmretici
2866 4371 3045 4449 fuisse
3079 4371 3454 4449 ignorantiam,
3521 4390 3579 4439 ut

1990 4448 2196 4496 constat
2225 4456 2344 4516 cap.
2387 4445 2473 4516 i9,
2516 4446 2842 4516 consectarie
2882 4447 3087 4516 agnitio
3103 4445 3351 4505 ’Veritatis
3387 4445 3578 4510 fuisset

1989 4513 2328 4568 resurrectio.
2380 4512 2469 4567 Sic
2509 4513 2755 4569 dicebant
2786 4515 2874 4572 hic
2916 4512 2968 4569 in
3005 4519 3103 4572 hac
3152 4519 3259 4575 vita
3297 4528 3351 4575 et
3378 4526 3576 4582 saeculo

1987 4583 2183 4658 factam
2215 4583 2687 4658 resurrectionem,
2722 4601 2844 4640 cum
2875 4587 2999 4658 quis
3044 4593 3350 4658 pervenerit
3387 4597 3455 4650 ad
3483 4612 3577 4652 ve-

1988 4655 2535 4731 ritatisagnitioncrn,
2579 4658 2647 4710 ad
2697 4659 2864 4731 quod,
2893 4655 2954 4712 ut
2999 4655 3196 4716 Paulus
3225 4663 3376 4731 dixit,
3435 4667 3579 4724 desi-

1985 4727 2134 4783 derat
2162 4729 2308 4783 Deus
2345 4729 2590 4783 homines
2619 4727 2899 4783 universos
2926 4731 3126 4786 venire.
3162 4735 3290 4788 Lac.

2058 4798 2137 4879 (1)
2168 4800 2519 4879 Votajwstra
2540 4801 2855 4879 suspirant.
2879 4801 3053 4879 A_liter
3080 4802 3243 4879 igitur
3272 4807 3338 4861 ad
3360 4816 3572 4879 gentes,

1983 4869 2138 4951 anliter
2175 4872 2241 4925 ad
2280 4869 2647 4951 christianos;
2682 4873 2816 4928 Nam
2857 4874 2936 4951 ad
2973 4869 3159 4951 gentes
3217 4877 3272 4930 in
3319 4869 3572 4951 Apolog;

1986 4941 2248 5021 pra-mus,
2281 4941 2477 5022 inquit,
2495 4960 2609 5068 (pro
2639 4959 2798 5000 mora
2835 4941 3003 5016 ﬁnis:
3028 4946 3183 5001 tinem
3230 4941 3569 5008 vero-stechli

1986 5014 2259 5068 Intellitzit.
2290 5023 2343 5068 et
2369 5017 2460 5068 ltb.
2533 5031 2561 5068 e
2604 5017 2782 5068 0rat.:
2832 5041 2853 5068 ο
2892 5017 3174 5068 Ouomodo
3201 5021 3416 5068 mlide
3447 5039 3569 5068 nm.

1981 5013 2259 5094 intelligit,
2290 5023 2343 5069 et
2368 5013 2460 5094 lib,
2495 5013 2561 5070 de
2604 5017 2782 5094 0ra_t.:
2832 5013 2853 5070 ὸ
2892 5017 3174 5094 Quomodo
3201 5021 3418 5092 quidam
3447 5039 3575 5094 pro-

1982 5091 2208 5167 tractum
2240 5086 2531 5167 quemdam
2553 5089 2748 5167 saeculo
2768 5089 3157 5167 postulabant?
3184 5086 3305 5147 cum
3350 5086 3574 5167 regnum

1980 5155 2099 5224 Dei,
2127 5161 2275 5236 quod
2302 5166 2364 5236 _ut
2382 5157 2638 5236 adveniat
2677 5155 2914 5232 oramus,
2945 5163 3012 5216 ad
3052 5155 3573 5224 consummationem

1981 5227 2162 5282 saeculi
2193 5227 2407 5282 tendat?
2436 5230 2559 5284 RIG.

2049 5299 2126 5380 (2)
2162 5301 2565 5380 Interrogatus
2596 5318 2630 5357 a
2673 5302 2990 5380 dtscipulis.
3040 5305 3177 5374 Quia
3205 5309 3475 5380 sequentia
3502 5325 3573 5366 ex

1979 5371 2094 5448 solo
2121 5371 2281 5448 affert
2314 5371 2486 5448 Lucas
2516 5371 2861 5448 evangelista,
2903 5371 3163 5434 dunta—xat
3202 5371 3574 5436 adnotavimus

1977 5443 2396 5518 admarginem,
2430 5445 2557 5502 Luc.
2587 5443 2702 5518 xit,
2736 5458 2896 5518 atque
2925 5449 3059 5504 adeo
3091 5452 3159 5504 de
3186 5452 3361 5506 verbis
3394 5453 3574 5507 Evam-

1976 5513 2478 5586 gelistze'lectorem
2511 5513 2840 5574 remittimus
2885 5520 2952 5573 ad
2985 5520 3076 5575 lib.
3109 5536 3168 5576 ιν
3214 5521 3347 5578 adu.
3400 5521 3568 5579 Marc.

1976 5585 2068 5639 ubi
2089 5587 2384 5657 explicatur
2411 5591 2515 5645 hoc
2532 5603 2651 5660 cap.
2685 5594 2750 5644 21
2784 5589 3117 5647 latius.PiuI.
