4030 6184
196 322 292 384 873

195 555 256 596 ea
285 551 408 610 quae
427 548 654 591 sursum
681 535 820 588 sunt
847 533 1048 602 sapite,
1078 547 1196 586 non
1225 547 1350 602 qua:
1395 532 1670 588 deorsum.
1703 531 1784 586 Ita

195 625 370 683 animo
409 621 656 679 ostendit
685 635 989 693 resurgere,
1013 635 1121 691 quo
1151 618 1268 675 solo
1297 621 1474 677 adhuc
1501 636 1789 691 possumus

195 712 444 771 ccelestia
477 710 782 782 attingere;
831 723 952 781 quae
999 723 1108 764 non
1138 723 1514 780 quaereremus
1566 711 1634 778 ίιε,
1690 725 1790 766 nec

193 818 524 876 saperemus,
546 801 593 856 si
622 799 1051 871 possideremus.
1085 797 1312 868 Subjicit
1340 799 1500 854 etiam
1535 817 1548 853 :
1587 799 1790 856 Mortui

193 895 346 951 enim
390 891 547 956 estis,
582 887 788 944 scilicet
834 887 1064 955 delictis,
1113 901 1224 942 non
1269 888 1461 958 vobis;
1510 892 1568 943 et
1591 889 1640 926 49
1668 887 1798 944 vitd'

191 985 380 1040 vestra
396 981 446 1019 ⁵ο
467 978 794 1036 abscondita
811 979 896 1032 est
912 993 1043 1032 cum
1063 976 1284 1032 Christo
1303 977 1366 1032 in
1387 979 1514 1034 Deo.
1536 977 1788 1032 Nondum

193 1083 326 1140 ergo
383 1067 726 1137 apprehensa
778 1072 877 1134 est,
929 1079 1050 1134 quae
1097 1063 1412 1120 abscondita
1441 1073 1542 1120 est.
1603 1065 1692 1120 Sic
1737 1073 1790 1120 et

191 1158 470 1213 Joannes:
497 1157 566 1209 Et
597 1153 869 1218 nondum,
885 1151 1240 1224 ait,manifes
1253 1155 1440 1208 totum
1461 1153 1506 1190 51
1531 1157 1633 1222 est,
1651 1154 1788 1225 quid

191 1251 387 1327 futuri
403 1251 582 1307 simus
594 1250 663 1304 ⁵³.
679 1251 896 1306 Scimus
925 1249 1061 1320 quia
1095 1249 1145 1304 si
1166 1249 1624 1318 manifestaverit
1637 1249 1790 1318 53,si—

191 1343 354 1400 miles
376 1343 498 1412 ejus
525 1340 576 1378 ⁵4
595 1339 830 1396 erimus.
854 1338 1024 1393 Tanto
1045 1337 1212 1404 abest,
1236 1343 1295 1392 ut
1315 1337 1486 1394 simus
1502 1339 1614 1408 jam
1643 1339 1789 1409 quod

194 1430 508 1488 nescimus:
557 1427 743 1499 utique
783 1426 994 1494 scituri,
1039 1425 1085 1480 si
1132 1421 1248 1496 jam
1303 1441 1567 1483 essemus.
1632 1425 1788 1484 Adeo

192 1517 580 1590 contemplatio
612 1523 692 1573 est
717 1515 832 1589 spei
872 1516 926 1570 in
957 1516 1061 1571 hoc
1086 1514 1260 1586 spatio
1307 1531 1403 1586 per
1449 1515 1634 1582 ﬁdem,
1679 1531 1788 1573 non

191 1604 600 1679 repraesentatio
628 1605 698 1670 ⁵⁵,
716 1620 817 1661 nec
844 1601 1138 1675 possessio,
1182 1603 1278 1660 sed
1307 1605 1666 1676 exspectatio.
1707 1607 1787 1662 De

191 1707 300 1770 qua
351 1710 454 1767 spe
521 1701 576 1749 et
641 1691 1050 1764 exspectatione
1129 1689 1330 1748 Paulus
1408 1693 1477 1747 ad
1569 1691 1789 1750 Galatas

193 1745 1065 1856 25.1.13}rosissent;
1107 1745 1321 1850 calide
1359 1745 1515 1852 spem
1542 1745 1791 1853 nam
1827 1745 1870 1823 Β

197 1877 594 1946 exspectamus
622 1889 638 1925 :
671 1884 778 1926 non
808 1869 902 1938 ait,
925 1874 1192 1926 tenemus.
1227 1867 1454 1924 Iustitiae
1491 1877 1670 1926 autem
1691 1871 1794 1928 Dei

194 1962 354 2031 dicit,
385 1977 454 2017 ex
478 1958 696 2030 judicio,
725 1974 836 2030 quo
872 1957 1245 2028 judicabimur
1290 1958 1342 1997 ⁵6
1395 1959 1462 2014 de
1519 1961 1789 2017 mercede.

191 2053 276 2108 Ad
341 2065 505 2122 quam
563 2048 798 2118 pendens
843 2057 896 2104 et
949 2046 1087 2118 ipse,
1152 2062 1274 2102 eum
1356 2047 1794 2120 Philippensibus

189 2139 382 2197 scribit
421 2137 695 2210 (Philipp.
725 2134 814 2208 ιιι)
845 2156 858 2193 :
895 2137 954 2192 Si
973 2151 1084 2209 qua
1129 2135 1200 2200 57,
1229 2135 1424 2208 inquit,
1456 2151 1794 2196 concurram

189 2231 254 2286 in
283 2229 788 2285 resuscitationem
804 2225 853 2262 ⁵⁸
869 2241 995 2296 quae
1014 2229 1096 2282 est
1117 2240 1153 2278 a
1185 2226 1430 2282 mortuis
1457 2246 1475 2282 :
1494 2243 1630 2294 non,
1660 2229 1796 2300 quia

189 2319 306 2380 iam
327 2316 543 2390 accepi,
573 2318 678 2371 aut
698 2317 1124 2372 consummatus
1145 2311 1308 2370 827
1337 2331 1486 2371 sum.
1515 2315 1582 2370 Et
1610 2317 1796 2390 utique

187 2406 540 2477 crediderat,
589 2413 646 2460 et
687 2404 866 2461 omnia
903 2410 1241 2460 sacramenta
1305 2411 1637 2476 cognoverat
1691 2407 1792 2481 (9),

185 2511 280 2554 vas
308 2493 621 2559 electionis,
653 2493 844 2549 doctor
887 2492 1167 2548 nationum
1193 2509 1206 2562 ;
1229 2499 1284 2548 et
1333 2497 1508 2548 tamen
1554 2494 1736 2564 adjicit
1769 2513 1784 2550 :

183 2587 505 2656 Persequor
533 2585 732 2639 autem
781 2583 834 2638 si
869 2581 920 2621 59
975 2582 1394 2655 apprehendam
1431 2585 1496 2638 in
1532 2599 1636 2656 quo
1669 2601 1797 2641 sum

185 2672 576 2748 apprehensus
605 2689 642 2728 α
671 2671 913 2730 Christo.
945 2672 1021 2726 Eo
1065 2672 1330 2742 amplius:
1385 2673 1494 2744 Ego
1541 2688 1649 2742 me,
1682 2677 1799 2745 fra-

188 2766 324 2834 tres,
358 2777 480 2817 non
509 2765 647 2832 puto
675 2759 1126 2833 apprehendisse.
1155 2762 1332 2817 Unum
1348 2762 1524 2832 plane
1552 2781 1570 2818 :
1591 2762 1800 2820 oblitus

185 2852 596 2924 posteriorum,
611 2851 676 2904 in
691 2851 888 2920 priora
903 2865 992 2905 me
1011 2849 1340 2916 extendens,
1361 2849 1672 2906 secundum
1693 2867 1800 2908 sco-

183 2955 334 3010 pum
351 2953 660 3010 persequor
678 2937 750 2993 ad
768 2939 1024 3010 palmam
1043 2938 1564 3006 incriminationis(
1573 2940 1680 3006 10),
1690 2954 1798 3010 per

185 3044 378 3100 quam
407 3042 800 3083 concurrerem
847 3046 864 3082 :

181 3116 475 3182 mortuis,
531 3129 630 3172 suo
680 3121 858 3171 tamen
908 3123 1167 3186 tempore,
1227 3115 1364 3171 sicut
1432 3116 1502 3168 ad
1583 3115 1805 3172 Galatas

184 3206 414 3278 (Galat.
437 3205 523 3277 γι)
547 3222 560 3258 :
595 3206 742 3260 Bene
769 3209 962 3260 autem
977 3205 1255 3273 facientes
1289 3219 1364 3259 ne
1391 3204 1633 3287 taedeat:
1668 3210 1806 3262 tem-

181 3311 325 3369 pore
367 3295 528 3350 enim
564 3309 668 3349 suo
695 3297 975 3348 metemus
1003 3291 1072 3347 6°.
1105 3293 1257 3348 Sicut
1292 3302 1345 3347 et
1369 3293 1438 3347 ad
1466 3291 1806 3349 Timotheum

185 3386 260 3456 (II
295 3385 450 3440 Tim.
481 3385 522 3452 1)
552 3383 618 3438 de
664 3381 1006 3453 Onesiphoro
1037 3399 1050 3437 :
1088 3385 1188 3439 Det
1217 3382 1310 3438 illi
1348 3382 1615 3439 Dominus
1644 3398 1805 3440 inve-

185 3475 320 3532 nire
351 3470 814 3529 misericordiam
852 3471 916 3528 in
961 3471 1063 3528 illo
1105 3471 1215 3528 die.
1247 3473 1308 3526 In
1358 3487 1524 3542 quem
1571 3471 1714 3527 diem
1744 3487 1807 3529 ac

183 3571 442 3634 tempus,
473 3567 528 3615 et
552 3559 658 3631 ipsi
685 3559 931 3631 praecipit
963 3561 1008 3631 (Ι
1045 3561 1179 3615 Tim.
1212 3559 1295 3631 tv)
1332 3560 1610 3617 custodire
1641 3577 1805 3617 man-

187 3651 410 3707 datum
423 3648 883 3715 immaculatum,
907 3647 1416 3721 irreprehensibile,
1446 3651 1510 3706 in
1530 3665 1808 3722 apparen-

187 3743 342 3798 tiam
375 3738 610 3794 Domini
647 3737 776 3795 Jesu.
804 3737 1032 3804 Christi,
1067 3755 1238 3811 quam
1282 3741 1403 3796 suis
1461 3740 1806 3811 temporibus

187 3828 462 3892 ostendet
476 3829 674 3884 beatus
701 3831 756 3885 et
782 3829 934 3884 solus
957 3831 1302 3900 potentator,
1322 3833 1382 3886 et
1418 3845 1524 3886 rea:
1557 3843 1807 3901 regnan-

193 3923 378 3988 tium,
414 3921 472 3976 et
488 3918 758 3974 Dominus
774 3917 1232 3987 dominantium;
1261 3919 1330 3974 de
1358 3918 1474 3974 Deo
1501 3917 1708 3974 dicens.
1729 3921 1808 3976 De

186 4010 406 4082 quibus
447 4008 786 4078 temporibus
836 4013 892 4062 et
944 4007 1134 4064 Petrus
1182 4013 1236 4062 in
1289 4009 1440 4062 Actis
1477 4007 1622 4078 (Act.
1673 4009 1804 4080 nt):

186 4101 494 4156 Pceniteat
539 4099 734 4172 itaque
775 4114 891 4164 vos,
957 4102 1016 4154 et
1062 4099 1382 4170 resipiscite
1419 4097 1491 4153 ad
1537 4098 1810 4154 abolenda

187 4189 420 4246 delicta
443 4191 654 4254 vestra,
684 4191 750 4243 ut
769 4191 1024 4260 tempora
1043 4188 1188 4246 vobis
1214 4189 1618 4259 superveniunt
1637 4189 1810 4258 refri-

187 4281 350 4350 gerii
365 4293 442 4333 ea:
453 4292 698 4349 persona
709 4278 887 4345 Dei,et
904 4279 1104 4334 mittat
1110 4277 1584 4349 praedesignatum
1599 4275 1747 4334 vobis
1758 4275 1804 4313 δι

191 4366 548 4436 Christum;
585 4383 753 4438 quem
801 4369 1020 4438 oportet
1057 4367 1306 4438 accipere
1344 4366 1526 4432 caelos,
1558 4365 1807 4436 adusque

185 4461 476 4528 tempora
529 4456 894 4514 exhibitionis
940 4457 1230 4525 omnium,
1277 4472 1399 4527 qua:
1445 4455 1670 4512 locutus
1723 4458 1806 4512 est

184 4546 382 4612 Deus,
423 4557 516 4600 ore
545 4548 872 4602 sanctorum
895 4545 1323 4618 prophetarum.

1241 315 1434 377 LIBER
1475 316 1558 376 DE
1599 313 2138 380 RESURRECTIONE
2174 315 2426 380 CARNIS.

196 448 445 524 quaerite,
472 444 571 499 ubi
590 451 676 498 est
702 443 956 498 Christus
991 445 1055 497 in
1082 441 1320 498 dextera
1349 443 1454 535 Dei
1480 442 1730 535 residens
1763 462 1780 496 .·
1812 457 1859 535 Α

3378 329 3482 388 874

2457 444 2682 503 CAPUT
2717 447 2915 506 XXIV.

1967 532 2100 601 Quae
2145 533 2262 588 haec
2327 533 2378 571 ⁶²
2429 538 2693 606 tempore,
2759 553 2864 593 cun
2915 538 3485 597 Thessalonicensibus

1895 619 2068 675 disce.
2102 619 2350 692 Legimus
2379 621 2522 677 enim
2545 623 2590 694 (Ι
2628 624 2806 682 Thess.
2829 625 2872 696 ι)
2905 643 2917 684 ;
2951 627 3207 694 Qualiter
3234 645 3486 686 conversi

1897 709 2020 765 sitis
2051 707 2116 762 ab
2145 709 2334 778 idolis,
2366 711 2439 766 ad
2464 711 2822 770 serviendum
2851 717 2970 774 vivo
3000 721 3059 773 et
3099 735 3226 774 vero
3259 721 3386 788 Deo,
3415 720 3488 774 ad

1897 799 2343 870 exspectandum
2359 815 2388 854 e
2405 799 2456 838 6³
2478 801 2628 857 cretis
2653 803 2862 860 Filium
2889 807 3034 876 ejus,
3056 821 3218 879 quem
3247 810 3488 863 suscita-

1896 890 1980 945 vit
2009 905 2082 944 εχ
2097 892 2364 956 mortuis,
2395 891 2602 947 Jesum.
2651 891 2722 948 Et
2751 911 2936 950 rursus
2956 896 2998 966 (Ι
3038 896 3220 952 Thess.
3241 897 3332 966 n):
3360 898 3492 964 Quae

1897 978 2052 1032 enim
2072 991 2196 1048 spes
2224 981 2442 1046 nostra,
2467 978 2551 1036 vel
2569 981 2855 1051 gaudium,
2867 985 2953 1038 vel
2983 985 3388 1040 exsultationis
3408 1001 3495 1041 co-

1897 1079 2060 1130 rona,
2094 1081 2262 1136 quam
2315 1069 2370 1120 et
2405 1065 2454 1102 64
2495 1083 2587 1123 vos
2625 1084 2816 1126 coram
2845 1073 3080 1127 Domino
3137 1076 3328 1128 nostro
3359 1073 3490 1127 Jesu

1901 1151 2140 1218 Christo,
2173 1155 2235 1208 in
2272 1153 2520 1211 adventu
2546 1156 2764 1228 ipsius?
2801 1159 2931 1214 Item
2961 1160 3006 1226 (Ι
3045 1161 3220 1216 Thess.
3251 1159 3349 1232 u):
3386 1161 3492 1218 Co-

1896 1257 2025 1297 ram
2053 1243 2159 1298 Deo
2189 1245 2246 1296 et
2273 1243 2446 1300 Patre
2464 1249 2678 1310 nostro,
2709 1248 2768 1301 ia
2795 1246 3043 1304 adventu
3063 1248 3112 1286 6⁵
3139 1251 3363 1307 Domini
3393 1266 3495 1308 no-

1897 1331 2006 1387 stri
2049 1331 2178 1387 Jesu
2213 1331 2444 1398 Christi,
2496 1349 2628 1390 cum
2660 1335 2944 1394 universis
2971 1339 3188 1394 sanctis
3241 1341 3381 1412 ejus.
3414 1341 3493 1394 De

1896 1432 2120 1491 quorum
2171 1418 2496 1476 dormitione
2525 1422 2704 1478 minus
2745 1427 3026 1480 mmrenda
3055 1426 3105 1465 66
3133 1427 3352 1496 docens,
3415 1429 3495 1483 si-

1897 1507 2010 1564 mul
2041 1516 2094 1563 et
2135 1518 2373 1579 tempora
2409 1508 2578 1566 828
2619 1515 3031 1570 resurrectionis
3059 1517 3282 1587 exponit
3310 1517 3494 1573 dicens

1897 1595 1944 1669 (Ι
1981 1595 2160 1654 Thess.
2193 1612 2255 1651 ιιι
2281 1603 2338 1654 et
2364 1599 2444 1668 ιγ)
2489 1615 2500 1655 :
2551 1601 2610 1656 Si
2637 1604 2790 1658 enim
2839 1604 3122 1662 credimus
3160 1605 3304 1676 quod
3335 1607 3494 1664 Jesus

1899 1685 2162 1740 mortuus
2182 1685 2280 1751 sit,
2313 1689 2370 1742 et
2389 1690 2806 1758 resurrexerit;
2823 1691 2904 1746 sic
2923 1695 2980 1748 et
2994 1694 3139 1748 Deus
3159 1709 3246 1750 eos
3264 1696 3364 1765 qui
3377 1695 3496 1753 dor-

1899 1773 2178 1842 mierunt,
2203 1789 2310 1844 per
2337 1775 2526 1831 Iesum
2561 1775 2802 1833 adducet
2853 1794 2984 1834 cum
3014 1781 3154 1851 ipso.
3197 1783 3304 1839 Hoc
3341 1783 3496 1840 enim

1899 1861 2138 1918 dicimus
2167 1865 2312 1919 vobis
2345 1863 2407 1918 in
2436 1879 2694 1922 ser-mone
2731 1869 2959 1922 Domini
2989 1867 3056 1934 6⁷,
3098 1869 3241 1940 quod
3270 1885 3370 1925 nos
3400 1872 3498 1944 qui

1897 1951 2159 2018 vivimus,
2174 1953 2272 2024 qui
2287 1969 2646 2011 remanemus
2658 1956 2724 2010 in
2734 1955 2805 2011 ad
2809 1961 3043 2012 uentum
3055 1958 3280 2014 Domini
3289 1961 3493 2028 nostri,

1899 2055 2020 2098 non
2029 2043 2445 2107 prwvenie-mus
2461 2057 2551 2100 eos
2569 2045 2668 2115 qui
2686 2044 3067 2101 dormierunt.
3089 2046 3367 2114 Quoniam
3379 2047 3498 2118 ipse

1900 2131 2170 2186 Dominus
2195 2131 2260 2186 in
2269 2133 2439 2202 jussu
2467 2137 2526 2189 et
2551 2135 2614 2190 in
2633 2149 2758 2192 voce
2785 2134 3114 2207 archangeli
3143 2140 3202 2193 et
3232 2135 3368 2191 tuba
3395 2136 3497 2192 Dei

1901 2217 2196 2276 descendet
2213 2219 2278 2278 de
2301 2221 2457 2290 caelo,
2474 2226 2530 2277 et
2547 2227 2761 2282 mortui
2781 2227 2846 2282 in
2871 2227 3090 2285 Christo
3103 2229 3284 2299 primi
3303 2245 3499 2285 resur-

1900 2313 2071 2380 gent;
2102 2308 2302 2366 deinde
2327 2327 2430 2368 nos
2459 2315 2560 2384 qui
2587 2315 2860 2385 vivimus;
2892 2319 2987 2389 qui
3015 2317 3191 2374 simul
3219 2334 3354 2374 cum
3381 2320 3501 2376 illis

1905 2399 2173 2454 tollemur
2191 2399 2256 2454 in
2282 2400 2524 2457 nubibus
2552 2402 2770 2461 obviam
2807 2405 3024 2465 Christo
3043 2407 3093 2445 6⁸
3120 2408 3186 2463 in
3213 2423 3424 2480 aerem,
3445 2412 3502 2467 et

1902 2489 1990 2544 ita
2007 2504 2222 2560 semper
2247 2506 2378 2547 cum
2402 2493 2636 2549 Domino
2684 2498 2914 2554 erimus.
2966 2495 3098 2565 Quae
3147 2514 3251 2556 vox
3282 2499 3503 2554 archan-

1905 2576 2030 2650 geli,
2063 2592 2184 2649 qua:
2213 2579 2339 2634 tuba
2367 2579 2464 2636 Dei
2493 2582 2674 2637 audita
2698 2584 2848 2653 jam?
2875 2587 2981 2642 nisi
3035 2586 3179 2643 forte
3233 2587 3290 2642 in
3345 2589 3500 2644 cubi-

1905 2666 2042 2722 culis
2081 2667 2475 2726 haereticorum.
2515 2671 2654 2728 Nam
2693 2675 2812 2729 etsi
2838 2675 2968 2732 tuba
3022 2675 3122 2730 Dei
3167 2677 3505 2751 evangelicus

1907 2770 2087 2812 sermo
2132 2757 2236 2812 dici
2259 2769 2461 2830 potest,
2483 2759 2576 2829 qui
2606 2759 2730 2816 illos
2753 2762 2870 2833 jam
2891 2764 3204 2836 vocaret”;
3264 2767 3359 2820 sed
3407 2769 3505 2824 aut:

1907 2845 2106 2902 mortui
2163 2855 2320 2902 erunt
2360 2847 2472 2918 jam
2521 2851 2892 2922 corporaliter,
2953 2860 3012 2908 ut
3079 2854 3499 2928 resurrexerint;

1905 2941 1960 2988 et
1986 2933 2255 3005 quomodo
2283 2935 2517 2991 vivunt?
2541 2947 2630 2993 aut
2669 2939 2723 2993 in
2777 2941 2948 2995 nubes
2987 2943 3196 3013 erepti;
3251 2949 3306 2996 et
3357 2957 3502 3014 quo—

915 3027 1102 3096 utique
1155 3025 1212 3080 in
1277 3025 1741 3082 resuscitationem
1770 3043 1802 3082 a
1834 3029 1879 3108 c
1908 3023 2072 3078 modo
2125 3021 2212 3078 hic
2267 3025 2435 3078 sunt?
2485 3025 2774 3084 miserrimi
2821 3045 3044 3098 revera,
3109 3039 3172 3088 ut
3208 3032 3505 3105 Apostolus

1912 3111 2302 3183 pronuntiavit,
2332 3112 2426 3183 qui
2453 3113 2509 3168 in
2546 3113 2649 3170 ista
2687 3124 2891 3174 tantum
2921 3119 3036 3177 vita
3077 3131 3358 3192 sperantes
3405 3126 3503 3179 ha-

1911 3201 2202 3266 bebuntur,
2261 3201 2574 3256 excludendi
2631 3204 2699 3272 Ἶο,
2777 3207 2909 3260 dum
2967 3209 3303 3279 praeripiam,
3359 3213 3506 3284 quod

1915 3296 2036 3360 post
2071 3289 2219 3343 illam
2262 3291 2676 3360 repromittitur;
2737 3293 2980 3352 frustrati
3023 3299 3163 3355 circa
3199 3300 3504 3370 veritatem,

1914 3395 2022 3434 non
2051 3379 2226 3434 minus
2249 3395 2415 3451 quam
2442 3381 2736 3455 Pbygellus
2765 3391 2820 3441 et
2869 3386 3264 3464 Hermogenes.
3293 3390 3360 3446 Et
3386 3389 3509 3447 ideo

1915 3467 2168 3538 majestas
2231 3469 2462 3538 Spiritus
2520 3473 2690 3527 sancti
2730 3474 3019 3545 perspicax
3073 3477 3341 3547 ejusmodi
3393 3493 3513 3534 sen-

1914 3573 2093 3624 suum,
2121 3565 2174 3612 et
2214 3556 2269 3612 in
2314 3556 2434 3630 ipsa
2480 3559 2526 3598 τί
2585 3562 2654 3615 ad
2700 3562 3202 3622 Thessalonicenses
3265 3565 3512 3638 Epistola

1916 3645 2164 3717 suggerit
2244 3646 2288 3718 (Ι
2341 3648 2518 3704 Thess.
2582 3651 2641 3720 v)
2695 3667 2708 3704 :
2769 3653 2846 3707 De
2907 3653 3250 3725 temporibus
3319 3660 3512 3713 autem

1917 3740 1974 3793 et
2022 3739 2341 3807 temporum
2394 3739 2614 3809 spatiis,
2645 3742 2881 3810 fratres,
2925 3757 3040 3798 non
3068 3746 3154 3800 est
3207 3746 3512 3803 necessitas

1915 3824 2194 3881 scribendi
2220 3825 2372 3882 vobis
2411 3845 2430 3881 :
2459 3827 2573 3899 ipsi
2601 3831 2756 3886 enim
2793 3833 3108 3888 certissime
3150 3831 3312 3889 scitis
3366 3831 3513 3904 quod

1917 3913 2034 3970 dies
2051 3914 2298 3984 Domini,
2335 3919 2498 3989 quasi
2539 3918 2644 3988 fur
2670 3922 2854 3986 nocte,
2886 3921 2975 3975 ita
3027 3919 3306 3978 adveniet.
3370 3920 3514 3978 Cum

1917 4002 2128 4070 dicent,
2177 4005 2320 4071 Pax,
2358 4010 2412 4060 et
2466 4009 2596 4062 tuta
2630 4013 2767 4064 sunt
2815 4009 3028 4076 omnia,
3073 4013 3213 4066 tunc
3259 4012 3378 4068 illis
3418 4027 3513 4068 re-

1913 4094 2188 4162 pentinus
2217 4095 2441 4150 insistet
2467 4095 2765 4152 interitus.
2799 4097 2868 4151 Et
2895 4097 2950 4152 in
2983 4100 3239 4167 secunda,
3273 4099 3516 4168 pleniore

1915 4181 2276 4236 sollicitudine
2305 4182 2372 4236 ad
2409 4185 2626 4239 eosdem
2670 4185 2740 4255 (Il
2777 4186 2955 4241 Thess.
3007 4185 3070 4254 tt)
3103 4204 3117 4240 :
3157 4187 3385 4244 Obsecro
3407 4204 3514 4244 au-

1917 4273 2030 4324 tem
2065 4268 2116 4305 Ἷ²
2143 4284 2252 4334 vos,
2283 4271 2528 4338 fratres,
2559 4287 2663 4341 per
2699 4272 3006 4328 adventum
3041 4275 3270 4330 Domini
3330 4277 3518 4332 nostri

1917 4361 2046 4416 Jesu
2064 4357 2292 4422 Christi,
2306 4360 2862 4428 etcongregationem
2875 4365 3136 4417 nostram
3152 4361 3221 4415 ad
3236 4363 3427 4430 illum,
3445 4380 3517 4422 ne

1916 4449 2028 4504 cito
2057 4447 2520 4505 commoveamini
2556 4447 2770 4518 animo,
2787 4465 2966 4519 neque
2994 4449 3324 4520 turbemini,
3337 4468 3518 4524 neque

1911 4552 2015 4610 per
2044 4537 2337 4610 spiritum,
2360 4552 2543 4609 neque
2557 4552 2659 4608 per
2673 4553 3006 4608 sermonem,
3041 4531 3250 4596 scilicet
3279 4540 3517 4612 pseudo-

1605 4663 1797 4727 Varite
1825 4668 2135 4729 lectiones.

265 4777 326 4817 ‘3
361 4777 688 4846 Quaeremus
727 4779 852 4837 Ven.
873 4777 923 4818 49
937 4778 1126 4845 Nobis,
1149 4779 1436 4856 sed_Se_ml.
1473 4777 1650 4835 Rhen.
1682 4781 1732 4818 ⁵ο
1757 4781 1956 4856 Nostra
1977 4779 2156 4835 Paris.
2183 4775 2234 4856 ξι
2262 4771 2602 4856 Manifestum
2631 4771 2808 4856 ﬁfteen:
2843 4771 3092 4856 Seml..52
3121 4772 3321 4856 Snutnus
3335 4773 3510 4856 θήρῃ.

183 4843 409 4908 Βετηιξ
427 4849 478 4886 ⁵³
509 4851 876 4906 Manifestatus
903 4850 1061 4905 fuerit
1079 4843 1206 4906 alii.
1239 4849 1286 4888 5"
1313 4851 1381 4904 Ei
1413 4852 1584 4906 Rhen.
1621 4853 1792 4909 Seml.
1827 4853 1876 4890 ⁵⁵
1906 4847 2254 4906 Ρνῑεεθηιδιὶο
2284 4845 2457 4902 Rhen.
2493 4845 2662 4900 Seml.
2701 4844 3106 4900 55Judicab1tur
3135 4843 3312 4902 Rhen.
3338 4846 3508 4901 Seml.

181 4921 236 4960 57
271 4921 590 4992 Quomodo
609 4923 733 4976 alii.
767 4921 817 4958 ⁵8
837 4923 1300 4976 Resurrectionem
1317 4923 1478 4978 Pam.
1511 4927 1682 4978 Fran.
1716 4925 1764 4961 59

1787 4922 1907 4998 Quo
1937 4924 2096 4998 modo
2119 4919 2244 4998 add.
2280 4917 2403 4998 alii.
2429 4917 2775 4998 6"l‘liletemur
2801 4918 2959 4998 Pam.
2991 4919 3177 4998 Fran.
3220 4919 3340 4998 linig.
3379 4919 3513 4998 Ven:

181 4994 234 5032 δι
259 4987 468 5050 Nobis
486 4992 656 5049 Rhen.
695 4993 866 5050 Seml.
901 4993 950 5031 θ²
979 4993 1106 5048 Haec
1131 4993 1284 5048 abest
1322 5009 1356 5047 a
1388 4993 1564 5050 Rhen.
1601 4995 1770 5050 Seml.
1803 4987 1853 5032 53
1881 4995 1926 5047 A
1955 4993 2130 5048 Ithen.
2164 4989 2332 5044 Seml.
2368 4989 2419 5025 δι
2447 4987 2621 5055 Quam
2651 4995 2706 5041 ut
2729 4993 2782 5042 et
2803 4989 2930 5055 alii,

2973 5004 3083 5058 qua
3131 4996 3184 5043 et
3239 4989 3410 5046 Seml.
3468 4990 3518 5027 55

179 5068 532 5122 Adventum
565 5066 736 5121 Rhen.
774 5066 945 5122 Seml.
977 5065 1026 5104 δδ
1054 5064 1356 5119 Miseranda
1383 5067 1508 5121 alii.
1539 5065 1586 5103 67
1616 5067 1716 5120 Dei
1737 5064 1916 5122 Rhen.
1941 5064 2109 5121 Seml.
2127 5061 2176 5100 δε
2195 5061 2426 5115 Domino
2449 5063 2618 5116 Fran.
2640 5059 2690 5098 59
2709 5059 2930 5116 Vocarit
2953 5061 3078 5116 alii.
3099 5061 3148 5099 το
3175 5061 3518 5118 Excludend.

183 5137 400 5196 Rhen.
445 5136 620 5196 Seml.
650 5138 774 5209 Rig.
811 5139 934 5196 Ven.
959 5137 1006 5176 τι
1039 5139 1202 5194 Forte
1221 5137 1393 5208 prima
1420 5137 1591 5194 Seml.
1652 5137 1702 5175 ῖ²
1722 5139 1914 5194 Autem
1953 5136 2104 5192 abest
2126 5151 2160 5190 a
2189 5133 2368 5188 Ithen.
2418 5131 2590 5188 Seml.

1624 5285 2120 5353 Commentarios.

267 5405 378 5478 (9)
441 5407 638 5466 Omnia
682 5413 1040 5468 sacramenta
1093 5409 1444 5479 cognoverat.
1488 5405 1832 5479 sacramenta

183 5477 386 5536 vocat
457 5480 670 5553 uidquid
701 5485 770 5538 ad
801 5499 978 5538 veram
1013 5497 1108 5536 seu
1136 5477 1488 5538 Christianam
1516 5477 1674 5535 ﬁdem
1709 5497 1829 5554 per-

189 5551 384 5605 tinet.
413 5493 588 5605 gnara
605 5553 762 5605 dixit.
795 5557 1054 5605 veritatis
1081 5553 1453 5605 aanitionem.
1476 5561 1530 5605 et
1549 5549 1686 5605 infra
1709 5569 1829 5605 mox

189 5551 384 5626 liuet.
413 5549 588 5622 Supra
605 5553 762 5622 dixit,
795 5557 1054 5612 veritatis
1081 5553 1454 5626 agnitionem,
1476 5561 1530 5609 et
1549 5549 1686 5606 infra
1709 5549 1834 5610 mox

187 5623 392 5690 dicet,
437 5627 786 5695 agnitionem
806 5623 1175 5685 sacramenti.
1206 5627 1332 5682 Bm.

423 5730 660 5790 PATROL.
705 5735 772 5796 ll.

2009 5406 2122 5478 (10)
2145 5403 2224 5480 Ad
2249 5406 2502 5480 palmam
2514 5407 3049 5480 inuri-minationis.
3075 5405 3165 5464 Sic
3191 5405 3360 5480 igitur
3382 5401 3530 5476 apud

1938 5475 2259 5552 Apestolum
2319 5477 2453 5550 legit
2505 5478 2840 5552 Septiminus
2896 5481 2972 5534 ἐπὶ
3043 5481 3102 5532 τὸ
3168 5475 3386 5552 βραϐεἴογ
3420 5475 3529 5532 ἑῆς

1941 5551 2293 5680 ῗέεγκλήσεως,
2333 5549 2440 5605 non
2465 5563 2527 5607 ut
2577 5549 2740 5608 hodie
2769 5553 3015 5624 legimus,
3059 5557 3142 5610 τῆς
3169 5553 3273 5602 ἄνω
3299 5549 3532 5617 κλήσεως.

1993 5641 2070 5680 IG.

3280 5733 3347 5786 28
