  <div class='ocr_page' id='page_1' title='image "/cluster/home/n/w/nwhite01/storage/ocr_20150623/2/hvd.32044096580329/445.png"; bbox 0 0 4028 6188; ppageno 0'>
   <div class='ocr_carea' id='block_1_1' title="bbox 532 266 637 324">
    <p class='ocr_par' dir='ltr' id='par_1_1' title="bbox 532 266 637 324">
     <span class='ocr_line' id='line_1_1' title="bbox 532 266 637 324; baseline 0.019 -2"><span class='ocrx_word' id='word_1_1' title='bbox 532 266 637 324; x_wconf 79' lang='lat'>879</span> 
     </span>
    </p>
   </div>
   <div class='ocr_carea' id='block_1_2' title="bbox 1220 251 3111 323">
    <p class='ocr_par' dir='ltr' id='par_1_2' title="bbox 1220 251 3111 323">
     <span class='ocr_line' id='line_1_2' title="bbox 1220 251 3111 323; baseline -0.004 -4"><span class='ocrx_word' id='word_1_2' title='bbox 1220 256 1651 321; x_wconf 82' lang='lat' dir='ltr'>TERTULLIANI</span> <span class='ocrx_word' id='word_1_3' title='bbox 1691 252 1955 315; x_wconf 82' lang='lat' dir='ltr'>OPERUM</span> <span class='ocrx_word' id='word_1_4' title='bbox 1994 251 2161 311; x_wconf 75' lang='lat' dir='ltr'>PARS</span> <span class='ocrx_word' id='word_1_5' title='bbox 2200 251 2269 311; x_wconf 90' lang='lat' dir='ltr'>Il.</span> <span class='ocrx_word' id='word_1_6' title='bbox 2308 283 2381 297; x_wconf 91' lang='lat'>-—</span> <span class='ocrx_word' id='word_1_7' title='bbox 2417 252 2643 314; x_wconf 83' lang='lat' dir='ltr'>SERIES</span> <span class='ocrx_word' id='word_1_8' title='bbox 2682 255 2723 323; x_wconf 88' lang='grc' dir='ltr'>Ι,</span> <span class='ocrx_word' id='word_1_9' title='bbox 2763 255 3111 316; x_wconf 77' lang='lat' dir='ltr'>POLEMICA.</span> 
     </span>
    </p>
   </div>
   <div class='ocr_carea' id='block_1_3' title="bbox 3719 258 3825 317">
    <p class='ocr_par' dir='ltr' id='par_1_3' title="bbox 3719 258 3825 317">
     <span class='ocr_line' id='line_1_3' title="bbox 3719 258 3825 317; baseline 0 -54"><span class='ocrx_word' id='word_1_10' title='bbox 3719 258 3825 317; x_wconf 60' lang='lat'>880</span> 
     </span>
    </p>
   </div>
   <div class='ocr_carea' id='block_1_4' title="bbox 532 381 3825 471">
    <p class='ocr_par' dir='ltr' id='par_1_4' title="bbox 532 381 3825 471">
     <span class='ocr_line' id='line_1_4' title="bbox 532 381 3825 471; baseline -0.001 -30"><span class='ocrx_word' id='word_1_11' title='bbox 532 408 654 461; x_wconf 79' lang='lat' dir='ltr'>quae</span> <span class='ocrx_word' id='word_1_12' title='bbox 716 397 935 460; x_wconf 81' lang='lat' dir='ltr'>propter</span> <span class='ocrx_word' id='word_1_13' title='bbox 980 388 1135 443; x_wconf 89' lang='lat' dir='ltr'>illum</span> <span class='ocrx_word' id='word_1_14' title='bbox 1169 389 1328 445; x_wconf 84' lang='lat' dir='ltr'>etiam</span> <span class='ocrx_word' id='word_1_15' title='bbox 1374 396 1513 443; x_wconf 90' lang='lat' dir='ltr'>terra</span> <span class='ocrx_word' id='word_1_16' title='bbox 1564 384 1815 455; x_wconf 88' lang='lat' dir='ltr'>patietur.</span> <span class='ocrx_word' id='word_1_17' title='bbox 1854 382 2035 452; x_wconf 78' lang='lat' dir='ltr'>Itaque</span> <span class='ocrx_word' id='word_1_18' title='bbox 2072 388 2123 434; x_wconf 91' lang='lat' dir='ltr'>et</span> <span class='ocrx_word' id='word_1_19' title='bbox 2154 393 2201 471; x_wconf 70' lang='grc' dir='ltr'><strong>Α</strong></span> <span class='ocrx_word' id='word_1_20' title='bbox 2238 381 2567 471; x_wconf 79' lang='lat' dir='ltr'>pretandam,</span> <span class='ocrx_word' id='word_1_21' title='bbox 2610 397 2751 471; x_wconf 9' lang='lat' dir='ltr'>qum,</span> <span class='ocrx_word' id='word_1_22' title='bbox 2787 381 2978 438; x_wconf 85' lang='lat' dir='ltr'>exinde</span> <span class='ocrx_word' id='word_1_23' title='bbox 3032 390 3083 438; x_wconf 89' lang='lat' dir='ltr'>et</span> <span class='ocrx_word' id='word_1_24' title='bbox 3126 384 3178 437; x_wconf 93' lang='lat' dir='ltr'>in</span> <span class='ocrx_word' id='word_1_25' title='bbox 3232 385 3486 441; x_wconf 86' lang='lat' dir='ltr'>omnibus</span> <span class='ocrx_word' id='word_1_26' title='bbox 3550 386 3825 441; x_wconf 76' lang='lat' dir='ltr'>Christum</span> 
     </span>
    </p>
   </div>
   <div class='ocr_carea' id='block_1_5' title="bbox 528 468 2118 545">
    <p class='ocr_par' dir='ltr' id='par_1_5' title="bbox 528 468 2118 545">
     <span class='ocr_line' id='line_1_5' title="bbox 528 468 2118 545; baseline -0.006 -14"><span class='ocrx_word' id='word_1_27' title='bbox 528 493 653 531; x_wconf 90' lang='lat' dir='ltr'>cum</span> <span class='ocrx_word' id='word_1_28' title='bbox 682 477 1044 532; x_wconf 88' lang='lat' dir='ltr'>comminatur</span> <span class='ocrx_word' id='word_1_29' title='bbox 1066 486 1225 532; x_wconf 60' lang='lat' dir='ltr'>terra)</span> <span class='ocrx_word' id='word_1_30' title='bbox 1256 479 1419 541; x_wconf 89' lang='lat' dir='ltr'>Deus,</span> <span class='ocrx_word' id='word_1_31' title='bbox 1478 475 1624 531; x_wconf 89' lang='lat' dir='ltr'>carni</span> <span class='ocrx_word' id='word_1_32' title='bbox 1667 472 1846 545; x_wconf 93' lang='lat' dir='ltr'>potius</span> <span class='ocrx_word' id='word_1_33' title='bbox 1892 468 2118 526; x_wconf 89' lang='lat' dir='ltr'>commi-</span> 
     </span>
    </p>
   </div>
   <div class='ocr_carea' id='block_1_6' title="bbox 527 558 2121 637">
    <p class='ocr_par' dir='ltr' id='par_1_6' title="bbox 527 558 2121 637">
     <span class='ocr_line' id='line_1_6' title="bbox 527 558 2121 637; baseline -0.005 -18"><span class='ocrx_word' id='word_1_34' title='bbox 527 566 642 619; x_wconf 84' lang='lat' dir='ltr'>nari</span> <span class='ocrx_word' id='word_1_35' title='bbox 669 582 791 620; x_wconf 90' lang='lat' dir='ltr'>eum</span> <span class='ocrx_word' id='word_1_36' title='bbox 821 566 1017 633; x_wconf 89' lang='lat' dir='ltr'>dicam;</span> <span class='ocrx_word' id='word_1_37' title='bbox 1044 575 1096 621; x_wconf 91' lang='lat' dir='ltr'>et</span> <span class='ocrx_word' id='word_1_38' title='bbox 1134 581 1261 620; x_wconf 89' lang='lat' dir='ltr'>cum</span> <span class='ocrx_word' id='word_1_39' title='bbox 1291 565 1421 637; x_wconf 91' lang='lat' dir='ltr'>quid</span> <span class='ocrx_word' id='word_1_40' title='bbox 1450 571 1605 619; x_wconf 80' lang='lat' dir='ltr'>teme</span> <span class='ocrx_word' id='word_1_41' title='bbox 1631 562 1941 633; x_wconf 78' lang='lat' dir='ltr'>pollicetur,</span> <span class='ocrx_word' id='word_1_42' title='bbox 1973 558 2121 613; x_wconf 87' lang='lat' dir='ltr'>carni</span> 
     </span>
    </p>
   </div>
   <div class='ocr_carea' id='block_1_7' title="bbox 527 646 2121 725">
    <p class='ocr_par' dir='ltr' id='par_1_7' title="bbox 527 646 2121 725">
     <span class='ocr_line' id='line_1_7' title="bbox 527 646 2121 725; baseline -0.004 -18"><span class='ocrx_word' id='word_1_43' title='bbox 527 654 706 725; x_wconf 82' lang='lat' dir='ltr'>potius</span> <span class='ocrx_word' id='word_1_44' title='bbox 762 654 1002 725; x_wconf 85' lang='lat' dir='ltr'>polliceri</span> <span class='ocrx_word' id='word_1_45' title='bbox 1059 670 1187 710; x_wconf 90' lang='lat' dir='ltr'>eum</span> <span class='ocrx_word' id='word_1_46' title='bbox 1246 653 1564 725; x_wconf 74' lang='lat' dir='ltr'>intelligam.</span> <span class='ocrx_word' id='word_1_47' title='bbox 1632 652 1704 707; x_wconf 91' lang='lat' dir='ltr'>Ut</span> <span class='ocrx_word' id='word_1_48' title='bbox 1756 648 1898 720; x_wconf 91' lang='lat' dir='ltr'>apud</span> <span class='ocrx_word' id='word_1_49' title='bbox 1953 646 2121 702; x_wconf 82' lang='lat' dir='ltr'>David</span> 
     </span>
    </p>
   </div>
   <div class='ocr_carea' id='block_1_8' title="bbox 529 735 2121 814">
    <p class='ocr_par' dir='ltr' id='par_1_8' title="bbox 529 735 2121 814">
     <span class='ocr_line' id='line_1_8' title="bbox 529 735 2121 814; baseline -0.006 -16"><span class='ocrx_word' id='word_1_50' title='bbox 529 745 700 811; x_wconf 85' lang='lat' dir='ltr'>(Psal.</span> <span class='ocrx_word' id='word_1_51' title='bbox 724 746 874 813; x_wconf 75' lang='lat' dir='ltr'>xcvr)</span> <span class='ocrx_word' id='word_1_52' title='bbox 902 746 1197 800; x_wconf 89' lang='lat' dir='ltr'>:Daminus</span> <span class='ocrx_word' id='word_1_53' title='bbox 1226 745 1502 814; x_wconf 75' lang='lat' dir='ltr'>regnavit,</span> <span class='ocrx_word' id='word_1_54' title='bbox 1526 741 1780 798; x_wconf 68' lang='lat' dir='ltr'>exsultet</span> <span class='ocrx_word' id='word_1_55' title='bbox 1794 741 1843 777; x_wconf 60' lang='grc'><strong>94</strong></span> <span class='ocrx_word' id='word_1_56' title='bbox 1867 743 2042 806; x_wconf 87' lang='lat' dir='ltr'>terra,</span> <span class='ocrx_word' id='word_1_57' title='bbox 2068 735 2121 789; x_wconf 87' lang='lat' dir='ltr'>id</span> 
     </span>
    </p>
   </div>
   <div class='ocr_carea' id='block_1_9' title="bbox 523 825 2122 903">
    <p class='ocr_par' dir='ltr' id='par_1_9' title="bbox 523 825 2122 903">
     <span class='ocr_line' id='line_1_9' title="bbox 523 825 2122 903; baseline -0.006 -14"><span class='ocrx_word' id='word_1_58' title='bbox 523 842 603 889; x_wconf 89' lang='lat' dir='ltr'>est</span> <span class='ocrx_word' id='word_1_59' title='bbox 631 848 756 889; x_wconf 85' lang='lat' dir='ltr'>caro</span> <span class='ocrx_word' id='word_1_60' title='bbox 788 841 1118 899; x_wconf 87' lang='lat' dir='ltr'>sanctorum,</span> <span class='ocrx_word' id='word_1_61' title='bbox 1169 834 1235 888; x_wconf 90' lang='lat' dir='ltr'>ad</span> <span class='ocrx_word' id='word_1_62' title='bbox 1283 848 1449 903; x_wconf 89' lang='lat' dir='ltr'>quam</span> <span class='ocrx_word' id='word_1_63' title='bbox 1499 831 1727 900; x_wconf 88' lang='lat' dir='ltr'>pertinet</span> <span class='ocrx_word' id='word_1_64' title='bbox 1772 827 1928 900; x_wconf 85' lang='lat' dir='ltr'>regni</span> <span class='ocrx_word' id='word_1_65' title='bbox 1986 825 2122 881; x_wconf 80' lang='lat' dir='ltr'>divi-</span> 
     </span>
    </p>
   </div>
   <div class='ocr_carea' id='block_1_10' title="bbox 521 918 2117 993">
    <p class='ocr_par' dir='ltr' id='par_1_10' title="bbox 521 918 2117 993">
     <span class='ocr_line' id='line_1_10' title="bbox 521 918 2117 993; baseline -0.004 -18"><span class='ocrx_word' id='word_1_66' title='bbox 521 921 578 975; x_wconf 92' lang='lat' dir='ltr'>ni</span> <span class='ocrx_word' id='word_1_67' title='bbox 604 922 835 978; x_wconf 81' lang='lat' dir='ltr'>fructus.</span> <span class='ocrx_word' id='word_1_68' title='bbox 867 922 1076 977; x_wconf 91' lang='lat' dir='ltr'>Dehinc</span> <span class='ocrx_word' id='word_1_69' title='bbox 1104 921 1386 993; x_wconf 78' lang='lat' dir='ltr'>subjungit</span> <span class='ocrx_word' id='word_1_70' title='bbox 1412 937 1423 975; x_wconf 92' lang='lat'>:</span> <span class='ocrx_word' id='word_1_71' title='bbox 1459 918 1622 984; x_wconf 85' lang='lat' dir='ltr'>Vidit,</span> <span class='ocrx_word' id='word_1_72' title='bbox 1650 924 1703 976; x_wconf 90' lang='lat' dir='ltr'>et</span> <span class='ocrx_word' id='word_1_73' title='bbox 1732 932 2004 975; x_wconf 85' lang='lat' dir='ltr'>concussa</span> <span class='ocrx_word' id='word_1_74' title='bbox 2034 919 2117 970; x_wconf 85' lang='lat' dir='ltr'>est</span> 
     </span>
    </p>
   </div>
   <div class='ocr_carea' id='block_1_11' title="bbox 524 1005 2120 1081">
    <p class='ocr_par' dir='ltr' id='par_1_11' title="bbox 524 1005 2120 1081">
     <span class='ocr_line' id='line_1_11' title="bbox 524 1005 2120 1081; baseline -0.004 -16"><span class='ocrx_word' id='word_1_75' title='bbox 524 1014 710 1078; x_wconf 86' lang='lat' dir='ltr'>terra;</span> <span class='ocrx_word' id='word_1_76' title='bbox 738 1015 958 1067; x_wconf 82' lang='lat' dir='ltr'>montes</span> <span class='ocrx_word' id='word_1_77' title='bbox 989 1013 1135 1067; x_wconf 80' lang='lat' dir='ltr'>sicut</span> <span class='ocrx_word' id='word_1_78' title='bbox 1158 1027 1287 1067; x_wconf 88' lang='lat' dir='ltr'>cera</span> <span class='ocrx_word' id='word_1_79' title='bbox 1312 1010 1604 1081; x_wconf 85' lang='lat' dir='ltr'>liquefacti</span> <span class='ocrx_word' id='word_1_80' title='bbox 1624 1010 1762 1062; x_wconf 86' lang='lat' dir='ltr'>sunt</span> <span class='ocrx_word' id='word_1_81' title='bbox 1783 1023 1815 1061; x_wconf 93' lang='lat' dir='ltr'>a</span> <span class='ocrx_word' id='word_1_82' title='bbox 1845 1005 1994 1076; x_wconf 86' lang='lat' dir='ltr'>facie</span> <span class='ocrx_word' id='word_1_83' title='bbox 2022 1007 2120 1059; x_wconf 90' lang='lat' dir='ltr'>Do-</span> 
     </span>
    </p>
   </div>
   <div class='ocr_carea' id='block_1_12' title="bbox 518 1097 2111 1170">
    <p class='ocr_par' dir='ltr' id='par_1_12' title="bbox 518 1097 2111 1170">
     <span class='ocr_line' id='line_1_12' title="bbox 518 1097 2111 1170; baseline -0.005 -12"><span class='ocrx_word' id='word_1_84' title='bbox 518 1102 693 1167; x_wconf 86' lang='lat' dir='ltr'>mini;</span> <span class='ocrx_word' id='word_1_85' title='bbox 725 1116 849 1156; x_wconf 90' lang='lat' dir='ltr'>caro</span> <span class='ocrx_word' id='word_1_86' title='bbox 879 1099 1085 1155; x_wconf 78' lang='lat' dir='ltr'>scilicet</span> <span class='ocrx_word' id='word_1_87' title='bbox 1130 1100 1512 1170; x_wconf 82' lang='lat' dir='ltr'>profanorum;</span> <span class='ocrx_word' id='word_1_88' title='bbox 1537 1108 1591 1154; x_wconf 88' lang='lat' dir='ltr'>et</span> <span class='ocrx_word' id='word_1_89' title='bbox 1623 1097 1814 1169; x_wconf 88' lang='lat' dir='ltr'>(Zach.</span> <span class='ocrx_word' id='word_1_90' title='bbox 1845 1109 1950 1164; x_wconf 84' lang='lat' dir='ltr'>xu,</span> <span class='ocrx_word' id='word_1_91' title='bbox 1985 1097 2111 1165; x_wconf 74' lang='lat'><strong>10):</strong></span> 
     </span>
    </p>
   </div>
   <div class='ocr_carea' id='block_1_13' title="bbox 528 1186 2116 1261">
    <p class='ocr_par' dir='ltr' id='par_1_13' title="bbox 528 1186 2116 1261">
     <span class='ocr_line' id='line_1_13' title="bbox 528 1186 2116 1261; baseline -0.006 -14"><span class='ocrx_word' id='word_1_92' title='bbox 528 1191 795 1247; x_wconf 78' lang='lat' dir='ltr'>Videbunt</span> <span class='ocrx_word' id='word_1_93' title='bbox 824 1192 974 1246; x_wconf 88' lang='lat' dir='ltr'>enim</span> <span class='ocrx_word' id='word_1_94' title='bbox 1004 1205 1131 1245; x_wconf 88' lang='lat' dir='ltr'>eum</span> <span class='ocrx_word' id='word_1_95' title='bbox 1170 1190 1234 1244; x_wconf 90' lang='lat' dir='ltr'>in</span> <span class='ocrx_word' id='word_1_96' title='bbox 1256 1205 1423 1261; x_wconf 85' lang='lat' dir='ltr'><em>quem</em></span> <span class='ocrx_word' id='word_1_97' title='bbox 1451 1188 1502 1226; x_wconf 80' lang='lat'>95</span> <span class='ocrx_word' id='word_1_98' title='bbox 1532 1188 1915 1256; x_wconf 71' lang='lat' dir='ltr'>conﬁxcrunt.</span> <span class='ocrx_word' id='word_1_99' title='bbox 1943 1186 2116 1254; x_wconf 83' lang='lat' dir='ltr'>Atque</span> 
     </span>
    </p>
   </div>
   <div class='ocr_carea' id='block_1_14' title="bbox 518 1275 2117 1347">
    <p class='ocr_par' dir='ltr' id='par_1_14' title="bbox 518 1275 2117 1347">
     <span class='ocr_line' id='line_1_14' title="bbox 518 1275 2117 1347; baseline -0.003 -14"><span class='ocrx_word' id='word_1_100' title='bbox 518 1280 652 1333; x_wconf 90' lang='lat' dir='ltr'>adeo</span> <span class='ocrx_word' id='word_1_101' title='bbox 683 1279 728 1331; x_wconf 90' lang='lat' dir='ltr'>si</span> <span class='ocrx_word' id='word_1_102' title='bbox 767 1277 1089 1347; x_wconf 83' lang='lat' dir='ltr'>simpliciter</span> <span class='ocrx_word' id='word_1_103' title='bbox 1132 1277 1200 1331; x_wconf 92' lang='lat' dir='ltr'>de</span> <span class='ocrx_word' id='word_1_104' title='bbox 1246 1286 1400 1332; x_wconf 66' lang='lat' dir='ltr'>terras</span> <span class='ocrx_word' id='word_1_105' title='bbox 1440 1276 1490 1314; x_wconf 76' lang='lat'>95</span> <span class='ocrx_word' id='word_1_106' title='bbox 1520 1275 1790 1332; x_wconf 76' lang='lat' dir='ltr'>elemento</span> <span class='ocrx_word' id='word_1_107' title='bbox 1830 1283 2117 1343; x_wconf 89' lang='lat' dir='ltr'>utrumque</span> 
     </span>
    </p>
   </div>
   <div class='ocr_carea' id='block_1_15' title="bbox 515 1364 2116 1436">
    <p class='ocr_par' dir='ltr' id='par_1_15' title="bbox 515 1364 2116 1436">
     <span class='ocr_line' id='line_1_15' title="bbox 515 1364 2116 1436; baseline -0.006 -13"><span class='ocrx_word' id='word_1_108' title='bbox 515 1365 907 1423; x_wconf 87' lang='lat' dir='ltr'>existimabitur</span> <span class='ocrx_word' id='word_1_109' title='bbox 966 1364 1386 1436; x_wconf 88' lang='lat' dir='ltr'>pronuntiatum,</span> <span class='ocrx_word' id='word_1_110' title='bbox 1438 1364 1711 1435; x_wconf 91' lang='lat' dir='ltr'>quomodo</span> <span class='ocrx_word' id='word_1_111' title='bbox 1760 1368 2017 1433; x_wconf 73' lang='lat' dir='ltr'>congruat</span> <span class='ocrx_word' id='word_1_112' title='bbox 2061 1367 2116 1415; x_wconf 89' lang='lat' dir='ltr'>et</span> 
     </span>
    </p>
   </div>
   <div class='ocr_carea' id='block_1_16' title="bbox 513 1451 2114 1524">
    <p class='ocr_par' dir='ltr' id='par_1_16' title="bbox 513 1451 2114 1524">
     <span class='ocr_line' id='line_1_16' title="bbox 513 1451 2114 1524; baseline -0.005 -14"><span class='ocrx_word' id='word_1_113' title='bbox 513 1454 730 1510; x_wconf 91' lang='lat' dir='ltr'>concuti</span> <span class='ocrx_word' id='word_1_114' title='bbox 763 1462 816 1508; x_wconf 91' lang='lat' dir='ltr'>et</span> <span class='ocrx_word' id='word_1_115' title='bbox 854 1452 1116 1524; x_wconf 88' lang='lat' dir='ltr'>liqueﬁeri</span> <span class='ocrx_word' id='word_1_116' title='bbox 1148 1470 1264 1509; x_wconf 91' lang='lat' dir='ltr'>eam</span> <span class='ocrx_word' id='word_1_117' title='bbox 1297 1469 1328 1507; x_wconf 92' lang='lat' dir='ltr'>a</span> <span class='ocrx_word' id='word_1_118' title='bbox 1356 1453 1494 1508; x_wconf 87' lang='lat' dir='ltr'>facie</span> <span class='ocrx_word' id='word_1_119' title='bbox 1532 1451 1770 1514; x_wconf 89' lang='lat' dir='ltr'>Domini,</span> <span class='ocrx_word' id='word_1_120' title='bbox 1804 1465 1910 1521; x_wconf 93' lang='lat' dir='ltr'>quo</span> <span class='ocrx_word' id='word_1_121' title='bbox 1950 1465 2114 1519; x_wconf 86' lang='lat' dir='ltr'>supra</span> 
     </span>
    </p>
   </div>
   <div class='ocr_carea' id='block_1_17' title="bbox 512 1539 2113 1614">
    <p class='ocr_par' dir='ltr' id='par_1_17' title="bbox 512 1539 2113 1614">
     <span class='ocr_line' id='line_1_17' title="bbox 512 1539 2113 1614; baseline -0.006 -13"><span class='ocrx_word' id='word_1_122' title='bbox 512 1552 767 1614; x_wconf 78' lang='lat' dir='ltr'>regnante</span> <span class='ocrx_word' id='word_1_123' title='bbox 818 1543 1149 1599; x_wconf 71' lang='lat' dir='ltr'>exsultavit?</span> <span class='ocrx_word' id='word_1_124' title='bbox 1206 1542 1295 1597; x_wconf 92' lang='lat' dir='ltr'>Sic</span> <span class='ocrx_word' id='word_1_125' title='bbox 1346 1549 1399 1596; x_wconf 91' lang='lat' dir='ltr'>et</span> <span class='ocrx_word' id='word_1_126' title='bbox 1446 1542 1586 1611; x_wconf 91' lang='lat' dir='ltr'>apud</span> <span class='ocrx_word' id='word_1_127' title='bbox 1648 1539 1836 1593; x_wconf 89' lang='lat' dir='ltr'>Isaiam</span> <span class='ocrx_word' id='word_1_128' title='bbox 1886 1557 1899 1592; x_wconf 92' lang='lat'>:</span> <span class='ocrx_word' id='word_1_129' title='bbox 1961 1540 2113 1599; x_wconf 81' lang='lat' dir='ltr'>Bona</span> 
     </span>
    </p>
   </div>
   <div class='ocr_carea' id='block_1_18' title="bbox 513 1626 2189 1741">
    <p class='ocr_par' dir='ltr' id='par_1_18' title="bbox 513 1626 2189 1741">
     <span class='ocr_line' id='line_1_18' title="bbox 513 1626 2189 1741; baseline -0.003 -51"><span class='ocrx_word' id='word_1_130' title='bbox 513 1639 689 1690; x_wconf 70' lang='lat' dir='ltr'>terra:</span> <span class='ocrx_word' id='word_1_131' title='bbox 727 1633 936 1699; x_wconf 83' lang='lat' dir='ltr'>edetis;</span> <span class='ocrx_word' id='word_1_132' title='bbox 967 1631 1109 1686; x_wconf 89' lang='lat' dir='ltr'>bona</span> <span class='ocrx_word' id='word_1_133' title='bbox 1157 1628 1334 1685; x_wconf 89' lang='lat' dir='ltr'>carnis</span> <span class='ocrx_word' id='word_1_134' title='bbox 1374 1626 1764 1699; x_wconf 84' lang='lat' dir='ltr'>intelligentur,</span> <span class='ocrx_word' id='word_1_135' title='bbox 1809 1644 1931 1698; x_wconf 64' lang='lat' dir='ltr'>quae</span> <span class='ocrx_word' id='word_1_136' title='bbox 1964 1630 2112 1686; x_wconf 86' lang='lat' dir='ltr'>illam</span> <span class='ocrx_word' id='word_1_137' title='bbox 2146 1663 2189 1741; x_wconf 77' lang='grc' dir='ltr'><strong><em>Β</em></strong></span> 
     </span>
     <span class='ocr_line' id='line_1_19' title="bbox 513 1715 2081 1741; baseline 0 0"><span class='ocrx_word' id='word_1_138' title='bbox 513 1729 721 1741; x_wconf 56' lang='grc' dir='ltr'>,--Αμ-..ι</span> <span class='ocrx_word' id='word_1_139' title='bbox 765 1720 813 1741; x_wconf 73' lang='grc' dir='ltr'>Ξ..</span> <span class='ocrx_word' id='word_1_140' title='bbox 859 1734 1021 1741; x_wconf 55' lang='grc' dir='ltr'>..-λ-..ιι</span> <span class='ocrx_word' id='word_1_141' title='bbox 1057 1717 1154 1741; x_wconf 71' lang='grc' dir='ltr'>“-ζ</span> <span class='ocrx_word' id='word_1_142' title='bbox 1208 1715 1548 1741; x_wconf 55' lang='grc' dir='ltr'>..ΑΡΑ--ιηηιηκ</span> <span class='ocrx_word' id='word_1_143' title='bbox 1585 1726 1631 1741; x_wconf 58' lang='lat' dir='ltr'>As</span> <span class='ocrx_word' id='word_1_144' title='bbox 1698 1716 2081 1741; x_wconf 59' lang='grc' dir='ltr'>ηηκΑΙεΩΑ-ι--,</span> 
     </span>
    </p>
   </div>
   <div class='ocr_carea' id='block_1_19' title="bbox 508 1715 2106 1790">
    <p class='ocr_par' dir='ltr' id='par_1_19' title="bbox 508 1715 2106 1790">
     <span class='ocr_line' id='line_1_20' title="bbox 508 1715 2106 1790; baseline -0.001 -15"><span class='ocrx_word' id='word_1_145' title='bbox 508 1729 727 1775; x_wconf 90' lang='lat' dir='ltr'>manent</span> <span class='ocrx_word' id='word_1_146' title='bbox 765 1720 817 1772; x_wconf 92' lang='lat' dir='ltr'>in</span> <span class='ocrx_word' id='word_1_147' title='bbox 859 1734 1025 1790; x_wconf 81' lang='lat' dir='ltr'>regno</span> <span class='ocrx_word' id='word_1_148' title='bbox 1056 1717 1159 1772; x_wconf 85' lang='lat' dir='ltr'>Dei</span> <span class='ocrx_word' id='word_1_149' title='bbox 1207 1715 1551 1771; x_wconf 85' lang='lat' dir='ltr'>reformatam</span> <span class='ocrx_word' id='word_1_150' title='bbox 1583 1726 1636 1769; x_wconf 89' lang='lat' dir='ltr'>et</span> <span class='ocrx_word' id='word_1_151' title='bbox 1697 1716 2106 1788; x_wconf 83' lang='lat' dir='ltr'>angeliﬁcatam,</span> 
     </span>
    </p>
   </div>
   <div class='ocr_carea' id='block_1_20' title="bbox 508 1802 2111 1875">
    <p class='ocr_par' dir='ltr' id='par_1_20' title="bbox 508 1802 2111 1875">
     <span class='ocr_line' id='line_1_21' title="bbox 508 1802 2111 1875; baseline -0.001 -10"><span class='ocrx_word' id='word_1_152' title='bbox 508 1816 561 1865; x_wconf 90' lang='lat' dir='ltr'>et</span> <span class='ocrx_word' id='word_1_153' title='bbox 592 1817 1002 1863; x_wconf 88' lang='lat' dir='ltr'>consecuturam</span> <span class='ocrx_word' id='word_1_154' title='bbox 1029 1820 1151 1875; x_wconf 77' lang='lat' dir='ltr'>quae</span> <span class='ocrx_word' id='word_1_155' title='bbox 1170 1821 1271 1859; x_wconf 87' lang='lat' dir='ltr'>nec</span> <span class='ocrx_word' id='word_1_156' title='bbox 1297 1804 1497 1859; x_wconf 87' lang='lat' dir='ltr'>oculus</span> <span class='ocrx_word' id='word_1_157' title='bbox 1520 1802 1681 1871; x_wconf 80' lang='lat' dir='ltr'>vidit,</span> <span class='ocrx_word' id='word_1_158' title='bbox 1706 1821 1808 1861; x_wconf 84' lang='lat' dir='ltr'>nec</span> <span class='ocrx_word' id='word_1_159' title='bbox 1829 1810 1988 1863; x_wconf 89' lang='lat' dir='ltr'>auris</span> <span class='ocrx_word' id='word_1_160' title='bbox 2014 1826 2111 1863; x_wconf 86' lang='lat' dir='ltr'>au-</span> 
     </span>
    </p>
   </div>
   <div class='ocr_carea' id='block_1_21' title="bbox 505 1892 2104 1968">
    <p class='ocr_par' dir='ltr' id='par_1_21' title="bbox 505 1892 2104 1968">
     <span class='ocr_line' id='line_1_22' title="bbox 505 1892 2104 1968; baseline 0 -15"><span class='ocrx_word' id='word_1_161' title='bbox 505 1898 666 1962; x_wconf 83' lang='lat' dir='ltr'>divit,</span> <span class='ocrx_word' id='word_1_162' title='bbox 701 1912 803 1950; x_wconf 86' lang='lat' dir='ltr'>nec</span> <span class='ocrx_word' id='word_1_163' title='bbox 844 1896 904 1949; x_wconf 84' lang='lat' dir='ltr'>in</span> <span class='ocrx_word' id='word_1_164' title='bbox 943 1911 1037 1950; x_wconf 89' lang='lat' dir='ltr'>car</span> <span class='ocrx_word' id='word_1_165' title='bbox 1066 1892 1308 1949; x_wconf 84' lang='lat' dir='ltr'>hominis</span> <span class='ocrx_word' id='word_1_166' title='bbox 1340 1893 1720 1950; x_wconf 87' lang='lat' dir='ltr'>ascenderunt</span> <span class='ocrx_word' id='word_1_167' title='bbox 1762 1895 1807 1964; x_wconf 91' lang='grc' dir='ltr'>(Ι</span> <span class='ocrx_word' id='word_1_168' title='bbox 1842 1896 1987 1962; x_wconf 81' lang='lat' dir='ltr'>Car.,</span> <span class='ocrx_word' id='word_1_169' title='bbox 2022 1897 2104 1968; x_wconf 93' lang='grc' dir='ltr'><strong><em>ιι).</em></strong></span> 
     </span>
    </p>
   </div>
   <div class='ocr_carea' id='block_1_22' title="bbox 504 1982 2105 2055">
    <p class='ocr_par' dir='ltr' id='par_1_22' title="bbox 504 1982 2105 2055">
     <span class='ocr_line' id='line_1_23' title="bbox 504 1982 2105 2055; baseline 0.001 -15"><span class='ocrx_word' id='word_1_170' title='bbox 504 1982 783 2055; x_wconf 85' lang='lat' dir='ltr'>Alioquin,</span> <span class='ocrx_word' id='word_1_171' title='bbox 826 1982 955 2037; x_wconf 88' lang='lat' dir='ltr'>satis</span> <span class='ocrx_word' id='word_1_172' title='bbox 984 1999 1202 2049; x_wconf 88' lang='lat' dir='ltr'>vanum,</span> <span class='ocrx_word' id='word_1_173' title='bbox 1238 1991 1297 2039; x_wconf 90' lang='lat' dir='ltr'>ut</span> <span class='ocrx_word' id='word_1_174' title='bbox 1326 1983 1393 2037; x_wconf 88' lang='lat' dir='ltr'>ad</span> <span class='ocrx_word' id='word_1_175' title='bbox 1428 1983 1750 2054; x_wconf 89' lang='lat' dir='ltr'>obsequium</span> <span class='ocrx_word' id='word_1_176' title='bbox 1781 1984 1929 2040; x_wconf 84' lang='lat' dir='ltr'>Deus</span> <span class='ocrx_word' id='word_1_177' title='bbox 1955 1986 2105 2043; x_wconf 82' lang='lat' dir='ltr'>fruc-</span> 
     </span>
    </p>
   </div>
   <div class='ocr_carea' id='block_1_23' title="bbox 502 2070 2107 2144">
    <p class='ocr_par' dir='ltr' id='par_1_23' title="bbox 502 2070 2107 2144">
     <span class='ocr_line' id='line_1_24' title="bbox 502 2070 2107 2144; baseline 0.002 -17"><span class='ocrx_word' id='word_1_178' title='bbox 502 2073 645 2127; x_wconf 86' lang='lat' dir='ltr'>tibus</span> <span class='ocrx_word' id='word_1_179' title='bbox 674 2071 789 2144; x_wconf 79' lang='lat' dir='ltr'>agri</span> <span class='ocrx_word' id='word_1_180' title='bbox 817 2080 870 2127; x_wconf 90' lang='lat' dir='ltr'>et</span> <span class='ocrx_word' id='word_1_181' title='bbox 898 2070 1113 2126; x_wconf 90' lang='lat' dir='ltr'>cibariis</span> <span class='ocrx_word' id='word_1_182' title='bbox 1152 2071 1271 2129; x_wconf 63' lang='lat' dir='ltr'>vitm</span> <span class='ocrx_word' id='word_1_183' title='bbox 1318 2072 1479 2141; x_wconf 90' lang='lat' dir='ltr'>hujus</span> <span class='ocrx_word' id='word_1_184' title='bbox 1510 2071 1718 2141; x_wconf 86' lang='lat' dir='ltr'>invitet,</span> <span class='ocrx_word' id='word_1_185' title='bbox 1778 2089 1899 2143; x_wconf 68' lang='lat' dir='ltr'>quae</span> <span class='ocrx_word' id='word_1_186' title='bbox 1940 2076 2107 2131; x_wconf 87' lang='lat' dir='ltr'>etiam</span> 
     </span>
    </p>
   </div>
   <div class='ocr_carea' id='block_1_24' title="bbox 501 2161 2107 2235">
    <p class='ocr_par' dir='ltr' id='par_1_24' title="bbox 501 2161 2107 2235">
     <span class='ocr_line' id='line_1_25' title="bbox 501 2161 2107 2235; baseline 0.001 -17"><span class='ocrx_word' id='word_1_187' title='bbox 501 2164 556 2218; x_wconf 93' lang='lat' dir='ltr'>in</span> <span class='ocrx_word' id='word_1_188' title='bbox 606 2161 872 2235; x_wconf 70' lang='lat' dir='ltr'>religiosis</span> <span class='ocrx_word' id='word_1_189' title='bbox 901 2171 953 2216; x_wconf 90' lang='lat' dir='ltr'>et</span> <span class='ocrx_word' id='word_1_190' title='bbox 998 2161 1353 2231; x_wconf 88' lang='lat' dir='ltr'>blasphemis,</span> <span class='ocrx_word' id='word_1_191' title='bbox 1399 2161 1569 2216; x_wconf 85' lang='lat' dir='ltr'>semel</span> <span class='ocrx_word' id='word_1_192' title='bbox 1630 2162 1837 2216; x_wconf 91' lang='lat' dir='ltr'>homini</span> <span class='ocrx_word' id='word_1_193' title='bbox 1893 2164 2107 2221; x_wconf 90' lang='lat' dir='ltr'>addicta</span> 
     </span>
    </p>
   </div>
   <div class='ocr_carea' id='block_1_25' title="bbox 501 2250 2107 2323">
    <p class='ocr_par' dir='ltr' id='par_1_25' title="bbox 501 2250 2107 2323">
     <span class='ocr_line' id='line_1_26' title="bbox 501 2250 2107 2323; baseline 0.002 -16"><span class='ocrx_word' id='word_1_194' title='bbox 501 2250 831 2316; x_wconf 86' lang='lat' dir='ltr'>conditione,</span> <span class='ocrx_word' id='word_1_195' title='bbox 857 2251 1223 2306; x_wconf 84' lang='lat' dir='ltr'>communicat</span> <span class='ocrx_word' id='word_1_196' title='bbox 1252 2252 1390 2322; x_wconf 86' lang='lat'><strong>(22),</strong></span> <span class='ocrx_word' id='word_1_197' title='bbox 1433 2252 1638 2323; x_wconf 86' lang='lat' dir='ltr'>pluens</span> <span class='ocrx_word' id='word_1_198' title='bbox 1666 2266 1835 2323; x_wconf 82' lang='lat' dir='ltr'>super</span> <span class='ocrx_word' id='word_1_199' title='bbox 1865 2251 2029 2313; x_wconf 91' lang='lat' dir='ltr'>bonos</span> <span class='ocrx_word' id='word_1_200' title='bbox 2049 2260 2107 2312; x_wconf 88' lang='lat' dir='ltr'>et</span> 
     </span>
    </p>
   </div>
   <div class='ocr_carea' id='block_1_26' title="bbox 499 2336 2105 2411">
    <p class='ocr_par' dir='ltr' id='par_1_26' title="bbox 499 2336 2105 2411">
     <span class='ocr_line' id='line_1_27' title="bbox 499 2336 2105 2411; baseline 0.001 -14"><span class='ocrx_word' id='word_1_201' title='bbox 499 2340 700 2405; x_wconf 86' lang='lat' dir='ltr'>malas,</span> <span class='ocrx_word' id='word_1_202' title='bbox 718 2344 773 2395; x_wconf 90' lang='lat' dir='ltr'>et</span> <span class='ocrx_word' id='word_1_203' title='bbox 794 2340 970 2396; x_wconf 89' lang='lat' dir='ltr'>salem</span> <span class='ocrx_word' id='word_1_204' title='bbox 989 2356 1158 2396; x_wconf 87' lang='lat' dir='ltr'>suum</span> <span class='ocrx_word' id='word_1_205' title='bbox 1181 2340 1450 2396; x_wconf 80' lang='lat' dir='ltr'>amittens</span> <span class='ocrx_word' id='word_1_206' title='bbox 1467 2336 1515 2377; x_wconf 73' lang='lat'>9&quot;</span> <span class='ocrx_word' id='word_1_207' title='bbox 1537 2354 1705 2411; x_wconf 87' lang='lat' dir='ltr'>super</span> <span class='ocrx_word' id='word_1_208' title='bbox 1727 2342 1912 2410; x_wconf 86' lang='lat' dir='ltr'>justas</span> <span class='ocrx_word' id='word_1_209' title='bbox 1937 2347 1992 2399; x_wconf 89' lang='lat' dir='ltr'>et</span> <span class='ocrx_word' id='word_1_210' title='bbox 2015 2346 2105 2399; x_wconf 90' lang='lat' dir='ltr'>in-</span> 
     </span>
    </p>
   </div>
   <div class='ocr_carea' id='block_1_27' title="bbox 492 2425 2100 2499">
    <p class='ocr_par' dir='ltr' id='par_1_27' title="bbox 492 2425 2100 2499">
     <span class='ocr_line' id='line_1_28' title="bbox 492 2425 2100 2499; baseline 0.002 -14"><span class='ocrx_word' id='word_1_211' title='bbox 492 2430 681 2499; x_wconf 86' lang='lat' dir='ltr'>justas</span> <span class='ocrx_word' id='word_1_212' title='bbox 710 2426 932 2499; x_wconf 82' lang='lat' dir='ltr'>(Matth.</span> <span class='ocrx_word' id='word_1_213' title='bbox 958 2428 1034 2498; x_wconf 92' lang='lat' dir='ltr'>v).</span> <span class='ocrx_word' id='word_1_214' title='bbox 1070 2426 1215 2482; x_wconf 88' lang='lat' dir='ltr'>Felix</span> <span class='ocrx_word' id='word_1_215' title='bbox 1248 2427 1504 2481; x_wconf 86' lang='lat' dir='ltr'>nimirum</span> <span class='ocrx_word' id='word_1_216' title='bbox 1532 2425 1686 2494; x_wconf 84' lang='lat' dir='ltr'>fides,</span> <span class='ocrx_word' id='word_1_217' title='bbox 1719 2428 1766 2482; x_wconf 92' lang='lat' dir='ltr'>si</span> <span class='ocrx_word' id='word_1_218' title='bbox 1812 2444 1875 2485; x_wconf 91' lang='lat' dir='ltr'>ea</span> <span class='ocrx_word' id='word_1_219' title='bbox 1903 2445 2100 2488; x_wconf 91' lang='lat' dir='ltr'>conse-</span> 
     </span>
    </p>
   </div>
   <div class='ocr_carea' id='block_1_28' title="bbox 501 2515 2101 2588">
    <p class='ocr_par' dir='ltr' id='par_1_28' title="bbox 501 2515 2101 2588">
     <span class='ocr_line' id='line_1_29' title="bbox 501 2515 2101 2588; baseline 0.003 -16"><span class='ocrx_word' id='word_1_220' title='bbox 501 2525 693 2572; x_wconf 90' lang='lat' dir='ltr'>cutura</span> <span class='ocrx_word' id='word_1_221' title='bbox 720 2524 800 2571; x_wconf 89' lang='lat' dir='ltr'>est</span> <span class='ocrx_word' id='word_1_222' title='bbox 819 2516 889 2583; x_wconf 78' lang='lat'>98,</span> <span class='ocrx_word' id='word_1_223' title='bbox 922 2515 1116 2588; x_wconf 85' lang='lat' dir='ltr'>quibus</span> <span class='ocrx_word' id='word_1_224' title='bbox 1154 2515 1341 2570; x_wconf 88' lang='lat' dir='ltr'>hostes</span> <span class='ocrx_word' id='word_1_225' title='bbox 1372 2515 1470 2569; x_wconf 90' lang='lat' dir='ltr'>Dei</span> <span class='ocrx_word' id='word_1_226' title='bbox 1499 2522 1553 2570; x_wconf 90' lang='lat' dir='ltr'>et</span> <span class='ocrx_word' id='word_1_227' title='bbox 1585 2515 1781 2571; x_wconf 89' lang='lat' dir='ltr'>Christi</span> <span class='ocrx_word' id='word_1_228' title='bbox 1808 2533 1915 2575; x_wconf 91' lang='lat' dir='ltr'>non</span> <span class='ocrx_word' id='word_1_229' title='bbox 1936 2521 2101 2577; x_wconf 90' lang='lat' dir='ltr'>modo</span> 
     </span>
    </p>
   </div>
   <div class='ocr_carea' id='block_1_29' title="bbox 499 2605 2098 2676">
    <p class='ocr_par' dir='ltr' id='par_1_29' title="bbox 499 2605 2098 2676">
     <span class='ocr_line' id='line_1_30' title="bbox 499 2605 2098 2676; baseline -0.006 -14"><span class='ocrx_word' id='word_1_230' title='bbox 499 2614 740 2670; x_wconf 90' lang='lat' dir='ltr'>utuntur,</span> <span class='ocrx_word' id='word_1_231' title='bbox 773 2622 959 2661; x_wconf 79' lang='lat' dir='ltr'>verum</span> <span class='ocrx_word' id='word_1_232' title='bbox 997 2606 1163 2661; x_wconf 90' lang='lat' dir='ltr'>etiam</span> <span class='ocrx_word' id='word_1_233' title='bbox 1216 2605 1533 2672; x_wconf 89' lang='lat' dir='ltr'>abutuntur,</span> <span class='ocrx_word' id='word_1_234' title='bbox 1596 2605 1767 2676; x_wconf 89' lang='lat' dir='ltr'>ipsam</span> <span class='ocrx_word' id='word_1_235' title='bbox 1822 2609 2098 2666; x_wconf 87' lang='lat' dir='ltr'>conditio-</span> 
     </span>
    </p>
   </div>
   <div class='ocr_carea' id='block_1_30' title="bbox 501 2691 2099 2765">
    <p class='ocr_par' dir='ltr' id='par_1_30' title="bbox 501 2691 2099 2765">
     <span class='ocr_line' id='line_1_31' title="bbox 501 2691 2099 2765; baseline 0.001 -13"><span class='ocrx_word' id='word_1_236' title='bbox 501 2710 626 2752; x_wconf 90' lang='lat' dir='ltr'>nem</span> <span class='ocrx_word' id='word_1_237' title='bbox 656 2691 828 2750; x_wconf 78' lang='lat'>833</span> <span class='ocrx_word' id='word_1_238' title='bbox 857 2695 1098 2751; x_wconf 90' lang='lat' dir='ltr'>colentes</span> <span class='ocrx_word' id='word_1_239' title='bbox 1118 2696 1234 2765; x_wconf 87' lang='lat'><strong>(23)</strong></span> <span class='ocrx_word' id='word_1_240' title='bbox 1262 2692 1526 2751; x_wconf 89' lang='lat' dir='ltr'>adversus</span> <span class='ocrx_word' id='word_1_241' title='bbox 1570 2695 1930 2755; x_wconf 87' lang='lat' dir='ltr'>conditorem.</span> <span class='ocrx_word' id='word_1_242' title='bbox 1962 2700 2099 2753; x_wconf 91' lang='lat' dir='ltr'>Bul-</span> 
     </span>
    </p>
   </div>
   <div class='ocr_carea' id='block_1_31' title="bbox 500 2782 2099 2856">
    <p class='ocr_par' dir='ltr' id='par_1_31' title="bbox 500 2782 2099 2856">
     <span class='ocr_line' id='line_1_32' title="bbox 500 2782 2099 2856; baseline 0.003 -17"><span class='ocrx_word' id='word_1_243' title='bbox 500 2784 601 2839; x_wconf 88' lang='lat' dir='ltr'>bos</span> <span class='ocrx_word' id='word_1_244' title='bbox 630 2793 684 2839; x_wconf 94' lang='lat' dir='ltr'>et</span> <span class='ocrx_word' id='word_1_245' title='bbox 713 2783 898 2839; x_wconf 89' lang='lat' dir='ltr'>tubera</span> <span class='ocrx_word' id='word_1_246' title='bbox 927 2782 980 2837; x_wconf 92' lang='lat' dir='ltr'>in</span> <span class='ocrx_word' id='word_1_247' title='bbox 1012 2790 1168 2839; x_wconf 72' lang='lat' dir='ltr'>terra:</span> <span class='ocrx_word' id='word_1_248' title='bbox 1209 2783 1259 2822; x_wconf 83' lang='lat'>99</span> <span class='ocrx_word' id='word_1_249' title='bbox 1307 2783 1466 2838; x_wconf 94' lang='lat' dir='ltr'>bonis</span> <span class='ocrx_word' id='word_1_250' title='bbox 1513 2784 1819 2856; x_wconf 88' lang='lat' dir='ltr'>deputabis,</span> <span class='ocrx_word' id='word_1_251' title='bbox 1859 2786 2099 2844; x_wconf 91' lang='lat' dir='ltr'>Domino</span> 
     </span>
    </p>
   </div>
   <div class='ocr_carea' id='block_1_32' title="bbox 499 2870 2099 2944">
    <p class='ocr_par' dir='ltr' id='par_1_32' title="bbox 499 2870 2099 2944">
     <span class='ocr_line' id='line_1_33' title="bbox 499 2870 2099 2944; baseline 0.002 -17"><span class='ocrx_word' id='word_1_252' title='bbox 499 2871 897 2944; x_wconf 89' lang='lat' dir='ltr'>pronuntiante,</span> <span class='ocrx_word' id='word_1_253' title='bbox 947 2887 1014 2926; x_wconf 91' lang='lat' dir='ltr'>ne</span> <span class='ocrx_word' id='word_1_254' title='bbox 1068 2870 1124 2927; x_wconf 93' lang='lat' dir='ltr'>in</span> <span class='ocrx_word' id='word_1_255' title='bbox 1176 2887 1315 2943; x_wconf 91' lang='lat' dir='ltr'>pane</span> <span class='ocrx_word' id='word_1_256' title='bbox 1354 2872 1571 2943; x_wconf 86' lang='lat' dir='ltr'>quidem</span> <span class='ocrx_word' id='word_1_257' title='bbox 1601 2872 1866 2929; x_wconf 90' lang='lat' dir='ltr'>victurum</span> <span class='ocrx_word' id='word_1_258' title='bbox 1924 2876 2099 2933; x_wconf 87' lang='lat' dir='ltr'>homi-</span> 
     </span>
    </p>
   </div>
   <div class='ocr_carea' id='block_1_33' title="bbox 2237 467 3827 543">
    <p class='ocr_par' dir='ltr' id='par_1_33' title="bbox 2237 467 3827 543">
     <span class='ocr_line' id='line_1_34' title="bbox 2237 467 3827 543; baseline 0.004 -23"><span class='ocrx_word' id='word_1_259' title='bbox 2237 467 2459 537; x_wconf 89' lang='lat' dir='ltr'>indutis,</span> <span class='ocrx_word' id='word_1_260' title='bbox 2491 477 2674 526; x_wconf 86' lang='lat' dir='ltr'>sancta</span> <span class='ocrx_word' id='word_1_261' title='bbox 2712 470 2780 523; x_wconf 89' lang='lat' dir='ltr'>sit</span> <span class='ocrx_word' id='word_1_262' title='bbox 2801 478 2944 525; x_wconf 87' lang='lat' dir='ltr'>terra</span> <span class='ocrx_word' id='word_1_263' title='bbox 2977 486 3139 528; x_wconf 88' lang='lat' dir='ltr'>:vere</span> <span class='ocrx_word' id='word_1_264' title='bbox 3165 481 3350 529; x_wconf 90' lang='lat' dir='ltr'>sancta</span> <span class='ocrx_word' id='word_1_265' title='bbox 3382 488 3481 543; x_wconf 87' lang='lat' dir='ltr'>per</span> <span class='ocrx_word' id='word_1_266' title='bbox 3529 472 3827 529; x_wconf 88' lang='lat' dir='ltr'>incolatum</span> 
     </span>
    </p>
   </div>
   <div class='ocr_carea' id='block_1_34' title="bbox 2230 555 3825 629">
    <p class='ocr_par' dir='ltr' id='par_1_34' title="bbox 2230 555 3825 629">
     <span class='ocr_line' id='line_1_35' title="bbox 2230 555 3825 629; baseline 0.003 -21"><span class='ocrx_word' id='word_1_267' title='bbox 2230 555 2467 625; x_wconf 90' lang='lat' dir='ltr'>Spiritus</span> <span class='ocrx_word' id='word_1_268' title='bbox 2513 558 2679 613; x_wconf 89' lang='lat' dir='ltr'>sancti</span> <span class='ocrx_word' id='word_1_269' title='bbox 2735 556 2881 629; x_wconf 83' lang='lat'><strong>(25);</strong></span> <span class='ocrx_word' id='word_1_270' title='bbox 2932 574 3059 613; x_wconf 83' lang='lat' dir='ltr'>vere</span> <span class='ocrx_word' id='word_1_271' title='bbox 3096 560 3235 615; x_wconf 89' lang='lat' dir='ltr'>lacte</span> <span class='ocrx_word' id='word_1_272' title='bbox 3263 571 3317 616; x_wconf 92' lang='lat' dir='ltr'>et</span> <span class='ocrx_word' id='word_1_273' title='bbox 3370 562 3531 616; x_wconf 87' lang='lat' dir='ltr'>melle</span> <span class='ocrx_word' id='word_1_274' title='bbox 3576 575 3825 623; x_wconf 88' lang='lat' dir='ltr'>manans,</span> 
     </span>
    </p>
   </div>
   <div class='ocr_carea' id='block_1_35' title="bbox 2231 646 3825 720">
    <p class='ocr_par' dir='ltr' id='par_1_35' title="bbox 2231 646 3825 720">
     <span class='ocr_line' id='line_1_36' title="bbox 2231 646 3825 720; baseline 0.003 -22"><span class='ocrx_word' id='word_1_275' title='bbox 2231 660 2328 713; x_wconf 91' lang='lat' dir='ltr'>per</span> <span class='ocrx_word' id='word_1_276' title='bbox 2375 646 2693 702; x_wconf 82' lang='lat' dir='ltr'>suavitatem</span> <span class='ocrx_word' id='word_1_277' title='bbox 2741 646 2855 716; x_wconf 89' lang='lat' dir='ltr'>spei</span> <span class='ocrx_word' id='word_1_278' title='bbox 2904 647 3112 719; x_wconf 87' lang='lat' dir='ltr'>ipsius;</span> <span class='ocrx_word' id='word_1_279' title='bbox 3157 665 3286 706; x_wconf 89' lang='lat' dir='ltr'>vere</span> <span class='ocrx_word' id='word_1_280' title='bbox 3322 650 3530 716; x_wconf 73' lang='lat' dir='ltr'>Iudaea,</span> <span class='ocrx_word' id='word_1_281' title='bbox 3583 666 3678 720; x_wconf 90' lang='lat' dir='ltr'>per</span> <span class='ocrx_word' id='word_1_282' title='bbox 3726 650 3825 705; x_wconf 85' lang='lat' dir='ltr'>Dei</span> 
     </span>
    </p>
   </div>
   <div class='ocr_carea' id='block_1_36' title="bbox 2228 730 3824 807">
    <p class='ocr_par' dir='ltr' id='par_1_36' title="bbox 2228 730 3824 807">
     <span class='ocr_line' id='line_1_37' title="bbox 2228 730 3824 807; baseline 0.006 -23"><span class='ocrx_word' id='word_1_283' title='bbox 2228 730 2676 789; x_wconf 88' lang='lat' dir='ltr'>familiaritatem:</span> <span class='ocrx_word' id='word_1_284' title='bbox 2709 750 2817 790; x_wconf 92' lang='lat' dir='ltr'>non</span> <span class='ocrx_word' id='word_1_285' title='bbox 2847 736 2989 788; x_wconf 86' lang='lat' dir='ltr'>enim</span> <span class='ocrx_word' id='word_1_286' title='bbox 3026 736 3203 807; x_wconf 82' lang='lat' dir='ltr'>quiin</span> <span class='ocrx_word' id='word_1_287' title='bbox 3237 738 3543 807; x_wconf 87' lang='lat' dir='ltr'>manifesto,</span> <span class='ocrx_word' id='word_1_288' title='bbox 3571 738 3824 806; x_wconf 68' lang='lat' dir='ltr'>Judaeus;</span> 
     </span>
    </p>
   </div>
   <div class='ocr_carea' id='block_1_37' title="bbox 2227 820 3823 895">
    <p class='ocr_par' dir='ltr' id='par_1_37' title="bbox 2227 820 3823 895">
     <span class='ocr_line' id='line_1_38' title="bbox 2227 820 3823 895; baseline 0.005 -22"><span class='ocrx_word' id='word_1_289' title='bbox 2227 820 2323 875; x_wconf 91' lang='lat' dir='ltr'>sed</span> <span class='ocrx_word' id='word_1_290' title='bbox 2343 821 2437 892; x_wconf 89' lang='lat' dir='ltr'>qui</span> <span class='ocrx_word' id='word_1_291' title='bbox 2475 822 2529 876; x_wconf 92' lang='lat' dir='ltr'>in</span> <span class='ocrx_word' id='word_1_292' title='bbox 2560 822 2798 880; x_wconf 87' lang='lat' dir='ltr'>occulto.</span> <span class='ocrx_word' id='word_1_293' title='bbox 2833 823 2903 878; x_wconf 91' lang='lat' dir='ltr'>Ut</span> <span class='ocrx_word' id='word_1_294' title='bbox 2932 832 2985 878; x_wconf 90' lang='lat' dir='ltr'>et</span> <span class='ocrx_word' id='word_1_295' title='bbox 3006 826 3264 895; x_wconf 91' lang='lat' dir='ltr'>templum</span> <span class='ocrx_word' id='word_1_296' title='bbox 3304 826 3406 882; x_wconf 90' lang='lat' dir='ltr'>Dei</span> <span class='ocrx_word' id='word_1_297' title='bbox 3452 827 3477 865; x_wconf 79' lang='grc'>2</span> <span class='ocrx_word' id='word_1_298' title='bbox 3509 826 3703 883; x_wconf 88' lang='lat' dir='ltr'>eadem</span> <span class='ocrx_word' id='word_1_299' title='bbox 3736 828 3823 894; x_wconf 87' lang='lat' dir='ltr'>sit,</span> 
     </span>
    </p>
   </div>
   <div class='ocr_carea' id='block_1_38' title="bbox 2226 911 3823 988">
    <p class='ocr_par' dir='ltr' id='par_1_38' title="bbox 2226 911 3823 988">
     <span class='ocr_line' id='line_1_39' title="bbox 2226 911 3823 988; baseline 0.005 -23"><span class='ocrx_word' id='word_1_300' title='bbox 2226 919 2279 965; x_wconf 92' lang='lat' dir='ltr'>et</span> <span class='ocrx_word' id='word_1_301' title='bbox 2323 911 2634 977; x_wconf 88' lang='lat' dir='ltr'>Jerusalem,</span> <span class='ocrx_word' id='word_1_302' title='bbox 2677 912 2895 968; x_wconf 88' lang='lat' dir='ltr'>audiens</span> <span class='ocrx_word' id='word_1_303' title='bbox 2933 913 2998 967; x_wconf 88' lang='lat' dir='ltr'>ab</span> <span class='ocrx_word' id='word_1_304' title='bbox 3043 915 3327 987; x_wconf 88' lang='lat' dir='ltr'>Isaia(Isa.</span> <span class='ocrx_word' id='word_1_305' title='bbox 3362 916 3487 986; x_wconf 81' lang='grc' dir='ltr'><strong><em>ιι);</em></strong></span> <span class='ocrx_word' id='word_1_306' title='bbox 3541 919 3823 988; x_wconf 71' lang='lat' dir='ltr'>Exsurge,</span> 
     </span>
    </p>
   </div>
   <div class='ocr_carea' id='block_1_39' title="bbox 2225 1002 3826 1075">
    <p class='ocr_par' dir='ltr' id='par_1_39' title="bbox 2225 1002 3826 1075">
     <span class='ocr_line' id='line_1_40' title="bbox 2225 1002 3826 1075; baseline 0.002 -18"><span class='ocrx_word' id='word_1_307' title='bbox 2225 1016 2482 1072; x_wconf 75' lang='lat' dir='ltr'>exsurge,</span> <span class='ocrx_word' id='word_1_308' title='bbox 2514 1002 2851 1072; x_wconf 84' lang='lat' dir='ltr'>Jerusalem,</span> <span class='ocrx_word' id='word_1_309' title='bbox 2875 1003 3111 1060; x_wconf 84' lang='lat' dir='ltr'>induere</span> <span class='ocrx_word' id='word_1_310' title='bbox 3140 1005 3163 1041; x_wconf 87' lang='lat'><strong>3</strong></span> <span class='ocrx_word' id='word_1_311' title='bbox 3176 1005 3581 1075; x_wconf 83' lang='lat' dir='ltr'>fortitudinem</span> <span class='ocrx_word' id='word_1_312' title='bbox 3601 1005 3826 1062; x_wconf 83' lang='lat' dir='ltr'>brachii</span> 
     </span>
    </p>
   </div>
   <div class='ocr_carea' id='block_1_40' title="bbox 2226 1089 3827 1164">
    <p class='ocr_par' dir='ltr' id='par_1_40' title="bbox 2226 1089 3827 1164">
     <span class='ocr_line' id='line_1_41' title="bbox 2226 1089 3827 1164; baseline 0.002 -19"><span class='ocrx_word' id='word_1_313' title='bbox 2226 1089 2348 1155; x_wconf 87' lang='lat' dir='ltr'>tui;</span> <span class='ocrx_word' id='word_1_314' title='bbox 2386 1105 2627 1161; x_wconf 74' lang='lat' dir='ltr'>exsurge</span> <span class='ocrx_word' id='word_1_315' title='bbox 2647 1092 2799 1146; x_wconf 88' lang='lat' dir='ltr'>sicut</span> <span class='ocrx_word' id='word_1_316' title='bbox 2829 1093 2891 1147; x_wconf 90' lang='lat' dir='ltr'>in</span> <span class='ocrx_word' id='word_1_317' title='bbox 2912 1093 3229 1164; x_wconf 86' lang='lat' dir='ltr'>primordia</span> <span class='ocrx_word' id='word_1_318' title='bbox 3274 1094 3385 1152; x_wconf 87' lang='lat' dir='ltr'>diei</span> <span class='ocrx_word' id='word_1_319' title='bbox 3431 1096 3484 1163; x_wconf 70' lang='grc' dir='ltr'>¹ι;</span> <span class='ocrx_word' id='word_1_320' title='bbox 3527 1094 3739 1151; x_wconf 85' lang='lat' dir='ltr'>scilicet</span> <span class='ocrx_word' id='word_1_321' title='bbox 3768 1096 3827 1150; x_wconf 93' lang='lat' dir='ltr'>in</span> 
     </span>
    </p>
   </div>
   <div class='ocr_carea' id='block_1_41' title="bbox 2223 1178 3826 1258">
    <p class='ocr_par' dir='ltr' id='par_1_41' title="bbox 2223 1178 3826 1258">
     <span class='ocr_line' id='line_1_42' title="bbox 2223 1178 3826 1258; baseline 0.004 -26"><span class='ocrx_word' id='word_1_322' title='bbox 2223 1178 2310 1233; x_wconf 89' lang='lat' dir='ltr'>illa</span> <span class='ocrx_word' id='word_1_323' title='bbox 2340 1178 2644 1251; x_wconf 79' lang='lat' dir='ltr'>integritate</span> <span class='ocrx_word' id='word_1_324' title='bbox 2662 1196 2782 1251; x_wconf 63' lang='lat' dir='ltr'>quae</span> <span class='ocrx_word' id='word_1_325' title='bbox 2811 1182 2835 1219; x_wconf 87' lang='lat'><strong>5</strong></span> <span class='ocrx_word' id='word_1_326' title='bbox 2864 1180 3037 1237; x_wconf 88' lang='lat' dir='ltr'>fuerat</span> <span class='ocrx_word' id='word_1_327' title='bbox 3057 1192 3181 1238; x_wconf 92' lang='lat' dir='ltr'>ante</span> <span class='ocrx_word' id='word_1_328' title='bbox 3209 1183 3470 1240; x_wconf 89' lang='lat' dir='ltr'>delictum</span> <span class='ocrx_word' id='word_1_329' title='bbox 3502 1193 3826 1258; x_wconf 79' lang='lat' dir='ltr'>transgres-</span> 
     </span>
    </p>
   </div>
   <div class='ocr_carea' id='block_1_42' title="bbox 2222 1266 3829 1343">
    <p class='ocr_par' dir='ltr' id='par_1_42' title="bbox 2222 1266 3829 1343">
     <span class='ocr_line' id='line_1_43' title="bbox 2222 1266 3829 1343; baseline 0.005 -22"><span class='ocrx_word' id='word_1_330' title='bbox 2222 1266 2407 1321; x_wconf 88' lang='lat' dir='ltr'>sionis.</span> <span class='ocrx_word' id='word_1_331' title='bbox 2441 1266 2574 1336; x_wconf 80' lang='lat' dir='ltr'>Quae</span> <span class='ocrx_word' id='word_1_332' title='bbox 2603 1268 2745 1323; x_wconf 88' lang='lat' dir='ltr'>enim</span> <span class='ocrx_word' id='word_1_333' title='bbox 2776 1268 2830 1323; x_wconf 91' lang='lat' dir='ltr'>in</span> <span class='ocrx_word' id='word_1_334' title='bbox 2853 1285 2972 1325; x_wconf 89' lang='lat' dir='ltr'>eam</span> <span class='ocrx_word' id='word_1_335' title='bbox 2995 1270 3327 1328; x_wconf 86' lang='lat' dir='ltr'>Hierusalem</span> <span class='ocrx_word' id='word_1_336' title='bbox 3360 1287 3516 1327; x_wconf 86' lang='lat' dir='ltr'>voces</span> <span class='ocrx_word' id='word_1_337' title='bbox 3545 1274 3829 1343; x_wconf 87' lang='lat' dir='ltr'>ejusmodi</span> 
     </span>
    </p>
   </div>
   <div class='ocr_carea' id='block_1_43' title="bbox 2221 1357 3830 1434">
    <p class='ocr_par' dir='ltr' id='par_1_43' title="bbox 2221 1357 3830 1434">
     <span class='ocr_line' id='line_1_44' title="bbox 2221 1357 3830 1434; baseline 0.006 -24"><span class='ocrx_word' id='word_1_338' title='bbox 2221 1362 2587 1425; x_wconf 90' lang='lat' dir='ltr'>competerent</span> <span class='ocrx_word' id='word_1_339' title='bbox 2626 1357 2651 1395; x_wconf 82' lang='grc' dir='ltr'><strong>δ</strong></span> <span class='ocrx_word' id='word_1_340' title='bbox 2699 1359 3091 1415; x_wconf 87' lang='lat' dir='ltr'>exhortationis</span> <span class='ocrx_word' id='word_1_341' title='bbox 3146 1369 3200 1415; x_wconf 90' lang='lat' dir='ltr'>et</span> <span class='ocrx_word' id='word_1_342' title='bbox 3245 1361 3630 1427; x_wconf 88' lang='lat' dir='ltr'>advocationis,</span> <span class='ocrx_word' id='word_1_343' title='bbox 3692 1380 3830 1434; x_wconf 77' lang='lat' dir='ltr'>quae</span> 
     </span>
    </p>
   </div>
   <div class='ocr_carea' id='block_1_44' title="bbox 2219 1443 3833 1522">
    <p class='ocr_par' dir='ltr' id='par_1_44' title="bbox 2219 1443 3833 1522">
     <span class='ocr_line' id='line_1_45' title="bbox 2219 1443 3833 1522; baseline 0.006 -26"><span class='ocrx_word' id='word_1_344' title='bbox 2219 1443 2418 1498; x_wconf 90' lang='lat' dir='ltr'>occidit</span> <span class='ocrx_word' id='word_1_345' title='bbox 2455 1445 2768 1516; x_wconf 89' lang='lat' dir='ltr'>praphetas,</span> <span class='ocrx_word' id='word_1_346' title='bbox 2809 1446 3162 1518; x_wconf 43' lang='lat' dir='ltr'>et.lapidavit</span> <span class='ocrx_word' id='word_1_347' title='bbox 3189 1449 3254 1503; x_wconf 91' lang='lat' dir='ltr'>ad</span> <span class='ocrx_word' id='word_1_348' title='bbox 3284 1466 3343 1504; x_wconf 91' lang='lat' dir='ltr'>se</span> <span class='ocrx_word' id='word_1_349' title='bbox 3390 1450 3601 1517; x_wconf 89' lang='lat' dir='ltr'>missos,</span> <span class='ocrx_word' id='word_1_350' title='bbox 3632 1460 3685 1506; x_wconf 88' lang='lat' dir='ltr'>et</span> <span class='ocrx_word' id='word_1_351' title='bbox 3734 1452 3833 1522; x_wconf 85' lang='lat' dir='ltr'>ip-</span> 
     </span>
    </p>
   </div>
   <div class='ocr_carea' id='block_1_45' title="bbox 2216 1535 3837 1603">
    <p class='ocr_par' dir='ltr' id='par_1_45' title="bbox 2216 1535 3837 1603">
     <span class='ocr_line' id='line_1_46' title="bbox 2216 1535 3837 1603; baseline 0.008 -18"><span class='ocrx_word' id='word_1_352' title='bbox 2216 1547 2337 1585; x_wconf 91' lang='lat' dir='ltr'>sum</span> <span class='ocrx_word' id='word_1_353' title='bbox 2387 1541 2660 1603; x_wconf 88' lang='lat' dir='ltr'>postremo</span> <span class='ocrx_word' id='word_1_354' title='bbox 2703 1535 2995 1590; x_wconf 90' lang='lat' dir='ltr'>Dominum</span> <span class='ocrx_word' id='word_1_355' title='bbox 3036 1553 3190 1591; x_wconf 90' lang='lat' dir='ltr'>suum</span> <span class='ocrx_word' id='word_1_356' title='bbox 3230 1537 3494 1594; x_wconf 82' lang='lat' dir='ltr'>conﬁxit?</span> <span class='ocrx_word' id='word_1_357' title='bbox 3548 1540 3652 1596; x_wconf 92' lang='lat' dir='ltr'>Sed</span> <span class='ocrx_word' id='word_1_358' title='bbox 3723 1558 3837 1599; x_wconf 82' lang='lat' dir='ltr'>nec</span> 
     </span>
    </p>
   </div>
   <div class='ocr_carea' id='block_1_46' title="bbox 2220 1619 3834 1701">
    <p class='ocr_par' dir='ltr' id='par_1_46' title="bbox 2220 1619 3834 1701">
     <span class='ocr_line' id='line_1_47' title="bbox 2220 1619 3834 1701; baseline 0.008 -27"><span class='ocrx_word' id='word_1_359' title='bbox 2220 1619 2315 1675; x_wconf 92' lang='lat' dir='ltr'>ulli</span> <span class='ocrx_word' id='word_1_360' title='bbox 2345 1621 2562 1677; x_wconf 91' lang='lat' dir='ltr'>omnino</span> <span class='ocrx_word' id='word_1_361' title='bbox 2604 1627 2757 1678; x_wconf 68' lang='lat' dir='ltr'>terrae</span> <span class='ocrx_word' id='word_1_362' title='bbox 2786 1624 2809 1662; x_wconf 77' lang='lat'><strong>7</strong></span> <span class='ocrx_word' id='word_1_363' title='bbox 2838 1625 2987 1680; x_wconf 89' lang='lat' dir='ltr'>salus</span> <span class='ocrx_word' id='word_1_364' title='bbox 3016 1627 3420 1697; x_wconf 82' lang='lat' dir='ltr'>repromittitur,</span> <span class='ocrx_word' id='word_1_365' title='bbox 3450 1645 3611 1701; x_wconf 90' lang='lat' dir='ltr'>quam</span> <span class='ocrx_word' id='word_1_366' title='bbox 3640 1645 3834 1701; x_wconf 82' lang='lat' dir='ltr'>Opor-</span> 
     </span>
    </p>
   </div>
   <div class='ocr_carea' id='block_1_47' title="bbox 2219 1711 3835 1789">
    <p class='ocr_par' dir='ltr' id='par_1_47' title="bbox 2219 1711 3835 1789">
     <span class='ocr_line' id='line_1_48' title="bbox 2219 1711 3835 1789; baseline 0.008 -26"><span class='ocrx_word' id='word_1_367' title='bbox 2219 1716 2354 1764; x_wconf 87' lang='lat' dir='ltr'>teret</span> <span class='ocrx_word' id='word_1_368' title='bbox 2374 1725 2501 1764; x_wconf 91' lang='lat' dir='ltr'>cum</span> <span class='ocrx_word' id='word_1_369' title='bbox 2532 1711 2693 1766; x_wconf 89' lang='lat' dir='ltr'>totius</span> <span class='ocrx_word' id='word_1_370' title='bbox 2721 1714 2905 1767; x_wconf 91' lang='lat' dir='ltr'>mundi</span> <span class='ocrx_word' id='word_1_371' title='bbox 2951 1714 3135 1769; x_wconf 89' lang='lat' dir='ltr'>habitu</span> <span class='ocrx_word' id='word_1_372' title='bbox 3182 1717 3475 1787; x_wconf 79' lang='lat' dir='ltr'>praeterire.</span> <span class='ocrx_word' id='word_1_373' title='bbox 3513 1718 3716 1789; x_wconf 86' lang='lat' dir='ltr'>Etiam,</span> <span class='ocrx_word' id='word_1_374' title='bbox 3786 1722 3835 1776; x_wconf 88' lang='lat' dir='ltr'>si</span> 
     </span>
    </p>
   </div>
   <div class='ocr_carea' id='block_1_48' title="bbox 2217 1797 3837 1876">
    <p class='ocr_par' dir='ltr' id='par_1_48' title="bbox 2217 1797 3837 1876">
     <span class='ocr_line' id='line_1_49' title="bbox 2217 1797 3837 1876; baseline 0.009 -25"><span class='ocrx_word' id='word_1_375' title='bbox 2217 1797 2337 1869; x_wconf 91' lang='lat' dir='ltr'>quis</span> <span class='ocrx_word' id='word_1_376' title='bbox 2367 1798 2585 1853; x_wconf 90' lang='lat' dir='ltr'>audebit</span> <span class='ocrx_word' id='word_1_377' title='bbox 2624 1808 2817 1855; x_wconf 90' lang='lat' dir='ltr'>terram</span> <span class='ocrx_word' id='word_1_378' title='bbox 2859 1810 3096 1858; x_wconf 87' lang='lat' dir='ltr'>sanctam</span> <span class='ocrx_word' id='word_1_379' title='bbox 3144 1805 3454 1876; x_wconf 86' lang='lat' dir='ltr'>paradisum</span> <span class='ocrx_word' id='word_1_380' title='bbox 3502 1808 3687 1875; x_wconf 88' lang='lat' dir='ltr'>potius</span> <span class='ocrx_word' id='word_1_381' title='bbox 3745 1826 3837 1864; x_wconf 85' lang='lat' dir='ltr'>ar-</span> 
     </span>
    </p>
   </div>
   <div class='ocr_carea' id='block_1_49' title="bbox 2217 1888 3831 1967">
    <p class='ocr_par' dir='ltr' id='par_1_49' title="bbox 2217 1888 3831 1967">
     <span class='ocr_line' id='line_1_50' title="bbox 2217 1888 3831 1967; baseline 0.008 -27"><span class='ocrx_word' id='word_1_382' title='bbox 2217 1888 2536 1957; x_wconf 81' lang='lat' dir='ltr'>gumentari,</span> <span class='ocrx_word' id='word_1_383' title='bbox 2565 1904 2727 1959; x_wconf 88' lang='lat' dir='ltr'>quam</span> <span class='ocrx_word' id='word_1_384' title='bbox 2757 1901 2808 1945; x_wconf 90' lang='lat' dir='ltr'>et</span> <span class='ocrx_word' id='word_1_385' title='bbox 2835 1892 2859 1927; x_wconf 81' lang='grc'>⁸</span> <span class='ocrx_word' id='word_1_386' title='bbox 2890 1902 3101 1963; x_wconf 87' lang='lat' dir='ltr'>patrum</span> <span class='ocrx_word' id='word_1_387' title='bbox 3132 1893 3235 1950; x_wconf 91' lang='lat' dir='ltr'>dici</span> <span class='ocrx_word' id='word_1_388' title='bbox 3275 1896 3471 1967; x_wconf 86' lang='lat' dir='ltr'>capiat,</span> <span class='ocrx_word' id='word_1_389' title='bbox 3517 1897 3647 1953; x_wconf 54' lang='lat' dir='ltr'>Adae</span> <span class='ocrx_word' id='word_1_390' title='bbox 3698 1900 3831 1953; x_wconf 85' lang='lat' dir='ltr'>sci-</span> 
     </span>
    </p>
   </div>
   <div class='ocr_carea' id='block_1_50' title="bbox 2217 1974 3832 2054">
    <p class='ocr_par' dir='ltr' id='par_1_50' title="bbox 2217 1974 3832 2054">
     <span class='ocr_line' id='line_1_51' title="bbox 2217 1974 3832 2054; baseline 0.01 -27"><span class='ocrx_word' id='word_1_391' title='bbox 2217 1974 2344 2030; x_wconf 87' lang='lat' dir='ltr'>licet</span> <span class='ocrx_word' id='word_1_392' title='bbox 2372 1983 2425 2030; x_wconf 91' lang='lat' dir='ltr'>et</span> <span class='ocrx_word' id='word_1_393' title='bbox 2463 1976 2633 2031; x_wconf 64' lang='lat' dir='ltr'>Erae:</span> <span class='ocrx_word' id='word_1_394' title='bbox 2690 1979 2914 2048; x_wconf 88' lang='lat' dir='ltr'>proinde</span> <span class='ocrx_word' id='word_1_395' title='bbox 2956 1987 3009 2035; x_wconf 93' lang='lat' dir='ltr'>et</span> <span class='ocrx_word' id='word_1_396' title='bbox 3068 1983 3122 2036; x_wconf 90' lang='lat' dir='ltr'>in</span> <span class='ocrx_word' id='word_1_397' title='bbox 3172 1983 3478 2054; x_wconf 84' lang='lat' dir='ltr'>paradisum</span> <span class='ocrx_word' id='word_1_398' title='bbox 3533 1986 3832 2043; x_wconf 88' lang='lat' dir='ltr'>restitutio</span> 
     </span>
    </p>
   </div>
   <div class='ocr_carea' id='block_1_51' title="bbox 2214 2064 3833 2141">
    <p class='ocr_par' dir='ltr' id='par_1_51' title="bbox 2214 2064 3833 2141">
     <span class='ocr_line' id='line_1_52' title="bbox 2214 2064 3833 2141; baseline 0.011 -24"><span class='ocrx_word' id='word_1_399' title='bbox 2214 2064 2360 2118; x_wconf 91' lang='lat' dir='ltr'>carni</span> <span class='ocrx_word' id='word_1_400' title='bbox 2419 2064 2684 2121; x_wconf 85' lang='lat' dir='ltr'>videbitur</span> <span class='ocrx_word' id='word_1_401' title='bbox 2729 2070 3075 2137; x_wconf 87' lang='lat' dir='ltr'>repromissa,</span> <span class='ocrx_word' id='word_1_402' title='bbox 3123 2086 3244 2141; x_wconf 74' lang='lat' dir='ltr'>quae</span> <span class='ocrx_word' id='word_1_403' title='bbox 3296 2088 3419 2126; x_wconf 92' lang='lat' dir='ltr'>eum</span> <span class='ocrx_word' id='word_1_404' title='bbox 3476 2074 3725 2130; x_wconf 86' lang='lat' dir='ltr'>incolare</span> <span class='ocrx_word' id='word_1_405' title='bbox 3776 2089 3833 2133; x_wconf 85' lang='lat' dir='ltr'>et</span> 
     </span>
    </p>
   </div>
   <div class='ocr_carea' id='block_1_52' title="bbox 2212 2151 3825 2231">
    <p class='ocr_par' dir='ltr' id='par_1_52' title="bbox 2212 2151 3825 2231">
     <span class='ocr_line' id='line_1_53' title="bbox 2212 2151 3825 2231; baseline 0.009 -24"><span class='ocrx_word' id='word_1_406' title='bbox 2212 2151 2484 2209; x_wconf 91' lang='lat' dir='ltr'>custodire</span> <span class='ocrx_word' id='word_1_407' title='bbox 2512 2153 2702 2209; x_wconf 87' lang='lat' dir='ltr'>sortita</span> <span class='ocrx_word' id='word_1_408' title='bbox 2739 2163 2841 2224; x_wconf 90' lang='lat' dir='ltr'>est,</span> <span class='ocrx_word' id='word_1_409' title='bbox 2884 2164 2944 2211; x_wconf 93' lang='lat' dir='ltr'>ut</span> <span class='ocrx_word' id='word_1_410' title='bbox 2970 2156 3088 2212; x_wconf 85' lang='lat' dir='ltr'>talis</span> <span class='ocrx_word' id='word_1_411' title='bbox 3123 2157 3251 2212; x_wconf 91' lang='lat' dir='ltr'>illuc</span> <span class='ocrx_word' id='word_1_412' title='bbox 3288 2159 3451 2217; x_wconf 88' lang='lat' dir='ltr'>homo</span> <span class='ocrx_word' id='word_1_413' title='bbox 3502 2172 3825 2231; x_wconf 84' lang='lat' dir='ltr'>revocetur,</span> 
     </span>
    </p>
   </div>
   <div class='ocr_carea' id='block_1_53' title="bbox 2210 2240 2921 2313">
    <p class='ocr_par' dir='ltr' id='par_1_53' title="bbox 2210 2240 2921 2313">
     <span class='ocr_line' id='line_1_54' title="bbox 2210 2240 2921 2313; baseline 0.008 -18"><span class='ocrx_word' id='word_1_414' title='bbox 2210 2240 2383 2311; x_wconf 88' lang='lat' dir='ltr'>qualis</span> <span class='ocrx_word' id='word_1_415' title='bbox 2411 2240 2535 2297; x_wconf 92' lang='lat' dir='ltr'>inde</span> <span class='ocrx_word' id='word_1_416' title='bbox 2562 2242 2754 2313; x_wconf 89' lang='lat' dir='ltr'>pulsus</span> <span class='ocrx_word' id='word_1_417' title='bbox 2774 2242 2798 2279; x_wconf 82' lang='lat'><strong><em>9</em></strong></span> <span class='ocrx_word' id='word_1_418' title='bbox 2820 2252 2921 2302; x_wconf 91' lang='lat' dir='ltr'>est.</span> 
     </span>
    </p>
   </div>
   <div class='ocr_carea' id='block_1_54' title="bbox 2669 2328 3357 2391">
    <p class='ocr_par' dir='ltr' id='par_1_54' title="bbox 2669 2328 3357 2391">
     <span class='ocr_line' id='line_1_55' title="bbox 2669 2328 3357 2391; baseline 0.007 -5"><span class='ocrx_word' id='word_1_419' title='bbox 2669 2328 2839 2387; x_wconf 70' lang='lat'><strong>834</strong></span> <span class='ocrx_word' id='word_1_420' title='bbox 2880 2330 3100 2389; x_wconf 86' lang='lat' dir='ltr'>CAPUT</span> <span class='ocrx_word' id='word_1_421' title='bbox 3135 2332 3357 2391; x_wconf 85' lang='lat' dir='ltr'>XXVII.</span> 
     </span>
    </p>
   </div>
   <div class='ocr_carea' id='block_1_55' title="bbox 2280 2415 3830 2496">
    <p class='ocr_par' dir='ltr' id='par_1_55' title="bbox 2280 2415 3830 2496">
     <span class='ocr_line' id='line_1_56' title="bbox 2280 2415 3830 2496; baseline 0.01 -26"><span class='ocrx_word' id='word_1_422' title='bbox 2280 2415 2550 2472; x_wconf 86' lang='lat' dir='ltr'>Habemus</span> <span class='ocrx_word' id='word_1_423' title='bbox 2615 2417 2777 2473; x_wconf 90' lang='lat' dir='ltr'>etiam</span> <span class='ocrx_word' id='word_1_424' title='bbox 2859 2418 3304 2477; x_wconf 89' lang='lat' dir='ltr'>vestimentorum</span> <span class='ocrx_word' id='word_1_425' title='bbox 3392 2422 3447 2479; x_wconf 94' lang='lat' dir='ltr'>in</span> <span class='ocrx_word' id='word_1_426' title='bbox 3514 2423 3830 2496; x_wconf 83' lang='lat' dir='ltr'>Scripturis</span> 
     </span>
    </p>
   </div>
   <div class='ocr_carea' id='block_1_56' title="bbox 2208 2505 3831 2587">
    <p class='ocr_par' dir='ltr' id='par_1_56' title="bbox 2208 2505 3831 2587">
     <span class='ocr_line' id='line_1_57' title="bbox 2208 2505 3831 2587; baseline 0.006 -27"><span class='ocrx_word' id='word_1_427' title='bbox 2208 2505 2535 2562; x_wconf 88' lang='lat' dir='ltr'>mentionem</span> <span class='ocrx_word' id='word_1_428' title='bbox 2591 2506 2658 2561; x_wconf 91' lang='lat' dir='ltr'>ad</span> <span class='ocrx_word' id='word_1_429' title='bbox 2696 2522 2849 2577; x_wconf 90' lang='lat' dir='ltr'>spem</span> <span class='ocrx_word' id='word_1_430' title='bbox 2897 2508 3076 2565; x_wconf 89' lang='lat' dir='ltr'>carnis</span> <span class='ocrx_word' id='word_1_431' title='bbox 3136 2509 3500 2583; x_wconf 82' lang='lat' dir='ltr'>allegorizare,</span> <span class='ocrx_word' id='word_1_432' title='bbox 3557 2514 3694 2587; x_wconf 83' lang='lat' dir='ltr'>quia</span> <span class='ocrx_word' id='word_1_433' title='bbox 3775 2530 3831 2577; x_wconf 72' lang='lat' dir='ltr'>et</span> 
     </span>
    </p>
   </div>
   <div class='ocr_carea' id='block_1_57' title="bbox 2207 2593 3822 2673">
    <p class='ocr_par' dir='ltr' id='par_1_57' title="bbox 2207 2593 3822 2673">
     <span class='ocr_line' id='line_1_58' title="bbox 2207 2593 3822 2673; baseline 0.009 -25"><span class='ocrx_word' id='word_1_434' title='bbox 2207 2593 2566 2665; x_wconf 86' lang='lat' dir='ltr'>Apocalypsis</span> <span class='ocrx_word' id='word_1_435' title='bbox 2592 2595 2811 2650; x_wconf 86' lang='lat' dir='ltr'>Joannis</span> <span class='ocrx_word' id='word_1_436' title='bbox 2858 2598 3070 2671; x_wconf 90' lang='lat' dir='ltr'>(Apac.,</span> <span class='ocrx_word' id='word_1_437' title='bbox 3103 2614 3162 2654; x_wconf 94' lang='grc' dir='ltr'>ιιι</span> <span class='ocrx_word' id='word_1_438' title='bbox 3184 2607 3240 2655; x_wconf 89' lang='lat' dir='ltr'>et</span> <span class='ocrx_word' id='word_1_439' title='bbox 3266 2601 3369 2671; x_wconf 84' lang='lat' dir='ltr'>tv),</span> <span class='ocrx_word' id='word_1_440' title='bbox 3406 2602 3483 2657; x_wconf 88' lang='lat' dir='ltr'>Hi</span> <span class='ocrx_word' id='word_1_441' title='bbox 3517 2609 3684 2670; x_wconf 83' lang='lat' dir='ltr'>sunt,</span> <span class='ocrx_word' id='word_1_442' title='bbox 3719 2608 3822 2673; x_wconf 82' lang='lat' dir='ltr'>ait,</span> 
     </span>
    </p>
   </div>
   <div class='ocr_carea' id='block_1_58' title="bbox 2206 2683 3822 2763">
    <p class='ocr_par' dir='ltr' id='par_1_58' title="bbox 2206 2683 3822 2763">
     <span class='ocr_line' id='line_1_59' title="bbox 2206 2683 3822 2763; baseline 0.008 -25"><span class='ocrx_word' id='word_1_443' title='bbox 2206 2685 2308 2754; x_wconf 86' lang='lat' dir='ltr'>qui</span> <span class='ocrx_word' id='word_1_444' title='bbox 2326 2683 2665 2740; x_wconf 87' lang='lat' dir='ltr'>vestimenta</span> <span class='ocrx_word' id='word_1_445' title='bbox 2694 2701 2798 2741; x_wconf 87' lang='lat' dir='ltr'>sua</span> <span class='ocrx_word' id='word_1_446' title='bbox 2827 2703 2941 2743; x_wconf 87' lang='lat' dir='ltr'>non</span> <span class='ocrx_word' id='word_1_447' title='bbox 2979 2689 3499 2760; x_wconf 85' lang='lat' dir='ltr'>coinquinaverunt</span> <span class='ocrx_word' id='word_1_448' title='bbox 3527 2691 3644 2763; x_wconf 85' lang='lat'><strong>(26)</strong></span> <span class='ocrx_word' id='word_1_449' title='bbox 3676 2710 3822 2751; x_wconf 83' lang='lat' dir='ltr'>cum</span> 
     </span>
    </p>
   </div>
   <div class='ocr_carea' id='block_1_59' title="bbox 2204 2770 3827 2850">
    <p class='ocr_par' dir='ltr' id='par_1_59' title="bbox 2204 2770 3827 2850">
     <span class='ocr_line' id='line_1_60' title="bbox 2204 2770 3827 2850; baseline 0.007 -23"><span class='ocrx_word' id='word_1_450' title='bbox 2204 2770 2567 2840; x_wconf 82' lang='lat' dir='ltr'>mulieribus;</span> <span class='ocrx_word' id='word_1_451' title='bbox 2582 2772 2826 2845; x_wconf 83' lang='lat' dir='ltr'>virgines</span> <span class='ocrx_word' id='word_1_452' title='bbox 2845 2775 3052 2832; x_wconf 88' lang='lat' dir='ltr'>scilicet</span> <span class='ocrx_word' id='word_1_453' title='bbox 3071 2776 3409 2849; x_wconf 83' lang='lat' dir='ltr'>signiﬁcans,</span> <span class='ocrx_word' id='word_1_454' title='bbox 3431 2787 3483 2834; x_wconf 90' lang='lat' dir='ltr'>et</span> <span class='ocrx_word' id='word_1_455' title='bbox 3503 2779 3594 2850; x_wconf 88' lang='lat' dir='ltr'>qui</span> <span class='ocrx_word' id='word_1_456' title='bbox 3612 2795 3827 2839; x_wconf 85' lang='lat' dir='ltr'>semet-</span> 
     </span>
    </p>
   </div>
   <div class='ocr_carea' id='block_1_60' title="bbox 2206 2860 3825 2944">
    <p class='ocr_par' dir='ltr' id='par_1_60' title="bbox 2206 2860 3825 2944">
     <span class='ocr_line' id='line_1_61' title="bbox 2206 2860 3825 2944; baseline 0.009 -31"><span class='ocrx_word' id='word_1_457' title='bbox 2206 2860 2358 2932; x_wconf 89' lang='lat' dir='ltr'>ipsos</span> <span class='ocrx_word' id='word_1_458' title='bbox 2386 2868 2749 2919; x_wconf 88' lang='lat' dir='ltr'>castraverunt</span> <span class='ocrx_word' id='word_1_459' title='bbox 2792 2873 3008 2935; x_wconf 83' lang='lat' dir='ltr'>propter</span> <span class='ocrx_word' id='word_1_460' title='bbox 3059 2882 3227 2938; x_wconf 73' lang='lat' dir='ltr'>regna</span> <span class='ocrx_word' id='word_1_461' title='bbox 3282 2868 3565 2924; x_wconf 65' lang='lat' dir='ltr'>etmalorum.</span> <span class='ocrx_word' id='word_1_462' title='bbox 3614 2870 3825 2944; x_wconf 85' lang='lat' dir='ltr'>Itaque</span> 
     </span>
    </p>
   </div>
   <div class='ocr_carea' id='block_1_61' title="bbox 498 2949 3822 3036">
    <p class='ocr_par' dir='ltr' id='par_1_61' title="bbox 498 2949 3822 3036">
     <span class='ocr_line' id='line_1_62' title="bbox 498 2949 3822 3036; baseline 0.002 -22"><span class='ocrx_word' id='word_1_463' title='bbox 498 2976 646 3015; x_wconf 89' lang='lat' dir='ltr'>nem.</span> <span class='ocrx_word' id='word_1_464' title='bbox 680 2958 769 3015; x_wconf 92' lang='lat' dir='ltr'>Sic</span> <span class='ocrx_word' id='word_1_465' title='bbox 795 2958 984 3027; x_wconf 72' lang='lat' dir='ltr'>Judaei,</span> <span class='ocrx_word' id='word_1_466' title='bbox 1020 2968 1230 3014; x_wconf 87' lang='lat' dir='ltr'>terrena</span> <span class='ocrx_word' id='word_1_467' title='bbox 1259 2958 1600 3016; x_wconf 90' lang='lat' dir='ltr'>solummodo</span> <span class='ocrx_word' id='word_1_468' title='bbox 1652 2964 1937 3032; x_wconf 89' lang='lat' dir='ltr'>sperando,</span> <span class='ocrx_word' id='word_1_469' title='bbox 1981 2980 2101 3021; x_wconf 78' lang='lat' dir='ltr'>cae-</span> <span class='ocrx_word' id='word_1_470' title='bbox 2135 2956 2178 3036; x_wconf 73' lang='grc' dir='ltr'><strong>ο</strong></span> <span class='ocrx_word' id='word_1_471' title='bbox 2210 2950 2265 3003; x_wconf 90' lang='lat' dir='ltr'>in</span> <span class='ocrx_word' id='word_1_472' title='bbox 2293 2949 2435 3005; x_wconf 84' lang='lat' dir='ltr'>albis</span> <span class='ocrx_word' id='word_1_473' title='bbox 2477 2959 2633 3005; x_wconf 90' lang='lat' dir='ltr'>erunt</span> <span class='ocrx_word' id='word_1_474' title='bbox 2679 2952 2934 3024; x_wconf 84' lang='lat' dir='ltr'>vestibus,</span> <span class='ocrx_word' id='word_1_475' title='bbox 2971 2954 3024 3009; x_wconf 91' lang='lat' dir='ltr'>id</span> <span class='ocrx_word' id='word_1_476' title='bbox 3065 2965 3147 3011; x_wconf 89' lang='lat' dir='ltr'>est</span> <span class='ocrx_word' id='word_1_477' title='bbox 3188 2958 3242 3011; x_wconf 89' lang='lat' dir='ltr'>in</span> <span class='ocrx_word' id='word_1_478' title='bbox 3298 2957 3537 3014; x_wconf 89' lang='lat' dir='ltr'>claritate</span> <span class='ocrx_word' id='word_1_479' title='bbox 3584 2960 3822 3019; x_wconf 61' lang='lat' dir='ltr'>innuba</span> 
     </span>
    </p>
   </div>
   <div class='ocr_carea' id='block_1_62' title="bbox 498 3047 2103 3122">
    <p class='ocr_par' dir='ltr' id='par_1_62' title="bbox 498 3047 2103 3122">
     <span class='ocr_line' id='line_1_63' title="bbox 498 3047 2103 3122; baseline 0.004 -19"><span class='ocrx_word' id='word_1_480' title='bbox 498 3048 650 3103; x_wconf 87' lang='lat' dir='ltr'>lestia</span> <span class='ocrx_word' id='word_1_481' title='bbox 677 3047 947 3115; x_wconf 90' lang='lat' dir='ltr'>amittunt,</span> <span class='ocrx_word' id='word_1_482' title='bbox 984 3047 1298 3122; x_wconf 75' lang='lat' dir='ltr'>ignorantes</span> <span class='ocrx_word' id='word_1_483' title='bbox 1340 3058 1393 3103; x_wconf 88' lang='lat' dir='ltr'>et</span> <span class='ocrx_word' id='word_1_484' title='bbox 1425 3064 1618 3120; x_wconf 90' lang='lat' dir='ltr'>panem</span> <span class='ocrx_word' id='word_1_485' title='bbox 1650 3050 1715 3105; x_wconf 88' lang='lat' dir='ltr'>de</span> <span class='ocrx_word' id='word_1_486' title='bbox 1770 3052 1979 3109; x_wconf 76' lang='lat' dir='ltr'>cretesti</span> <span class='ocrx_word' id='word_1_487' title='bbox 2025 3070 2103 3109; x_wconf 90' lang='lat' dir='ltr'>re-</span> 
     </span>
    </p>
   </div>
   <div class='ocr_carea' id='block_1_63' title="bbox 499 3136 2100 3212">
    <p class='ocr_par' dir='ltr' id='par_1_63' title="bbox 499 3136 2100 3212">
     <span class='ocr_line' id='line_1_64' title="bbox 499 3136 2100 3212; baseline 0.004 -21"><span class='ocrx_word' id='word_1_488' title='bbox 499 3137 847 3209; x_wconf 89' lang='lat' dir='ltr'>promissum,</span> <span class='ocrx_word' id='word_1_489' title='bbox 882 3147 937 3192; x_wconf 90' lang='lat' dir='ltr'>et</span> <span class='ocrx_word' id='word_1_490' title='bbox 964 3136 1143 3193; x_wconf 91' lang='lat' dir='ltr'>oleum</span> <span class='ocrx_word' id='word_1_491' title='bbox 1171 3138 1365 3193; x_wconf 75' lang='lat' dir='ltr'>divinae</span> <span class='ocrx_word' id='word_1_492' title='bbox 1385 3138 1652 3194; x_wconf 89' lang='lat' dir='ltr'>unctionis</span> <span class='ocrx_word' id='word_1_493' title='bbox 1672 3138 1809 3212; x_wconf 73' lang='grc'>(24),</span> <span class='ocrx_word' id='word_1_494' title='bbox 1832 3148 1886 3196; x_wconf 92' lang='lat' dir='ltr'>et</span> <span class='ocrx_word' id='word_1_495' title='bbox 1905 3157 2100 3212; x_wconf 90' lang='lat' dir='ltr'>aquam</span> 
     </span>
    </p>
   </div>
   <div class='ocr_carea' id='block_1_64' title="bbox 497 3224 2097 3297">
    <p class='ocr_par' dir='ltr' id='par_1_64' title="bbox 497 3224 2097 3297">
     <span class='ocr_line' id='line_1_65' title="bbox 497 3224 2097 3297; baseline 0.004 -19"><span class='ocrx_word' id='word_1_496' title='bbox 497 3225 738 3297; x_wconf 83' lang='lat' dir='ltr'>spiritus,</span> <span class='ocrx_word' id='word_1_497' title='bbox 768 3235 822 3281; x_wconf 88' lang='lat' dir='ltr'>et</span> <span class='ocrx_word' id='word_1_498' title='bbox 850 3224 1033 3281; x_wconf 85' lang='lat' dir='ltr'>vinum</span> <span class='ocrx_word' id='word_1_499' title='bbox 1056 3226 1074 3263; x_wconf 78' lang='grc' dir='ltr'><strong>ι</strong></span> <span class='ocrx_word' id='word_1_500' title='bbox 1106 3225 1298 3280; x_wconf 73' lang='lat' dir='ltr'>animae</span> <span class='ocrx_word' id='word_1_501' title='bbox 1346 3224 1644 3297; x_wconf 77' lang='lat' dir='ltr'>vigorantis</span> <span class='ocrx_word' id='word_1_502' title='bbox 1682 3243 1748 3282; x_wconf 89' lang='lat' dir='ltr'>ex</span> <span class='ocrx_word' id='word_1_503' title='bbox 1801 3228 1908 3287; x_wconf 78' lang='lat' dir='ltr'>vite</span> <span class='ocrx_word' id='word_1_504' title='bbox 1939 3229 2097 3285; x_wconf 89' lang='lat' dir='ltr'>Chri-</span> 
     </span>
    </p>
   </div>
   <div class='ocr_carea' id='block_1_65' title="bbox 498 3312 2095 3389">
    <p class='ocr_par' dir='ltr' id='par_1_65' title="bbox 498 3312 2095 3389">
     <span class='ocr_line' id='line_1_66' title="bbox 498 3312 2095 3389; baseline 0.003 -19"><span class='ocrx_word' id='word_1_505' title='bbox 498 3313 588 3370; x_wconf 86' lang='lat' dir='ltr'>sti.</span> <span class='ocrx_word' id='word_1_506' title='bbox 620 3313 771 3369; x_wconf 90' lang='lat' dir='ltr'>Sicut</span> <span class='ocrx_word' id='word_1_507' title='bbox 800 3321 853 3369; x_wconf 90' lang='lat' dir='ltr'>et</span> <span class='ocrx_word' id='word_1_508' title='bbox 882 3312 1057 3386; x_wconf 88' lang='lat' dir='ltr'>ipsam</span> <span class='ocrx_word' id='word_1_509' title='bbox 1085 3323 1282 3369; x_wconf 90' lang='lat' dir='ltr'>terram</span> <span class='ocrx_word' id='word_1_510' title='bbox 1327 3322 1594 3385; x_wconf 84' lang='lat' dir='ltr'>sanctam,</span> <span class='ocrx_word' id='word_1_511' title='bbox 1641 3316 1924 3372; x_wconf 71' lang='lat' dir='ltr'>Iudaicum</span> <span class='ocrx_word' id='word_1_512' title='bbox 1962 3333 2095 3389; x_wconf 91' lang='lat' dir='ltr'>pro-</span> 
     </span>
    </p>
   </div>
   <div class='ocr_carea' id='block_1_66' title="bbox 497 3402 2096 3477">
    <p class='ocr_par' dir='ltr' id='par_1_66' title="bbox 497 3402 2096 3477">
     <span class='ocr_line' id='line_1_67' title="bbox 497 3402 2096 3477; baseline 0.001 -18"><span class='ocrx_word' id='word_1_513' title='bbox 497 3403 617 3477; x_wconf 92' lang='lat' dir='ltr'>prie</span> <span class='ocrx_word' id='word_1_514' title='bbox 647 3405 846 3471; x_wconf 89' lang='lat' dir='ltr'>solum,</span> <span class='ocrx_word' id='word_1_515' title='bbox 879 3406 1128 3476; x_wconf 90' lang='lat' dir='ltr'>reputant</span> <span class='ocrx_word' id='word_1_516' title='bbox 1170 3418 1389 3460; x_wconf 89' lang='lat' dir='ltr'>carnem</span> <span class='ocrx_word' id='word_1_517' title='bbox 1435 3402 1617 3475; x_wconf 91' lang='lat' dir='ltr'>potius</span> <span class='ocrx_word' id='word_1_518' title='bbox 1662 3404 1881 3461; x_wconf 90' lang='lat' dir='ltr'>Domini</span> <span class='ocrx_word' id='word_1_519' title='bbox 1921 3405 2096 3463; x_wconf 90' lang='lat' dir='ltr'>inter-</span> 
     </span>
    </p>
   </div>
   <div class='ocr_carea' id='block_1_67' title="bbox 2210 3039 3825 3123">
    <p class='ocr_par' dir='ltr' id='par_1_67' title="bbox 2210 3039 3825 3123">
     <span class='ocr_line' id='line_1_68' title="bbox 2210 3039 3825 3123; baseline 0.01 -29"><span class='ocrx_word' id='word_1_520' title='bbox 2210 3039 2386 3094; x_wconf 90' lang='lat' dir='ltr'>carnis</span> <span class='ocrx_word' id='word_1_521' title='bbox 2414 3039 2551 3111; x_wconf 85' lang='lat'><strong>(27).</strong></span> <span class='ocrx_word' id='word_1_522' title='bbox 2602 3040 2665 3095; x_wconf 88' lang='lat' dir='ltr'>Et</span> <span class='ocrx_word' id='word_1_523' title='bbox 2710 3041 2764 3096; x_wconf 93' lang='lat' dir='ltr'>in</span> <span class='ocrx_word' id='word_1_524' title='bbox 2794 3042 3104 3115; x_wconf 79' lang='lat' dir='ltr'>Evangelia,</span> <span class='ocrx_word' id='word_1_525' title='bbox 3142 3045 3517 3103; x_wconf 90' lang='lat' dir='ltr'>indumentum</span> <span class='ocrx_word' id='word_1_526' title='bbox 3566 3053 3825 3123; x_wconf 81' lang='lat' dir='ltr'>nuptiale</span> 
     </span>
    </p>
   </div>
   <div class='ocr_carea' id='block_1_68' title="bbox 2208 3128 3820 3207">
    <p class='ocr_par' dir='ltr' id='par_1_68' title="bbox 2208 3128 3820 3207">
     <span class='ocr_line' id='line_1_69' title="bbox 2208 3128 3820 3207; baseline 0.009 -24"><span class='ocrx_word' id='word_1_527' title='bbox 2208 3128 2462 3183; x_wconf 86' lang='lat' dir='ltr'>sanctitas</span> <span class='ocrx_word' id='word_1_528' title='bbox 2500 3131 2675 3184; x_wconf 89' lang='lat' dir='ltr'>carnis</span> <span class='ocrx_word' id='word_1_529' title='bbox 2710 3136 2934 3201; x_wconf 81' lang='lat' dir='ltr'>agnosci</span> <span class='ocrx_word' id='word_1_530' title='bbox 2992 3142 3185 3202; x_wconf 86' lang='lat' dir='ltr'>potest.</span> <span class='ocrx_word' id='word_1_531' title='bbox 3236 3137 3420 3207; x_wconf 89' lang='lat' dir='ltr'>Itaque</span> <span class='ocrx_word' id='word_1_532' title='bbox 3480 3138 3645 3195; x_wconf 85' lang='lat' dir='ltr'>Isaias</span> <span class='ocrx_word' id='word_1_533' title='bbox 3716 3145 3820 3201; x_wconf 83' lang='lat' dir='ltr'>do-</span> 
     </span>
    </p>
   </div>
   <div class='ocr_carea' id='block_1_69' title="bbox 2206 3217 3821 3300">
    <p class='ocr_par' dir='ltr' id='par_1_69' title="bbox 2206 3217 3821 3300">
     <span class='ocr_line' id='line_1_70' title="bbox 2206 3217 3821 3300; baseline 0.009 -28"><span class='ocrx_word' id='word_1_534' title='bbox 2206 3231 2358 3287; x_wconf 90' lang='lat' dir='ltr'>cens,</span> <span class='ocrx_word' id='word_1_535' title='bbox 2396 3217 2554 3288; x_wconf 90' lang='lat' dir='ltr'>quale</span> <span class='ocrx_word' id='word_1_536' title='bbox 2576 3219 2842 3288; x_wconf 88' lang='lat' dir='ltr'>jejunium</span> <span class='ocrx_word' id='word_1_537' title='bbox 2872 3220 3097 3292; x_wconf 75' lang='lat' dir='ltr'>elegerit</span> <span class='ocrx_word' id='word_1_538' title='bbox 3124 3223 3407 3295; x_wconf 89' lang='lat' dir='ltr'>Dominus,</span> <span class='ocrx_word' id='word_1_539' title='bbox 3440 3240 3565 3280; x_wconf 88' lang='lat' dir='ltr'>cum</span> <span class='ocrx_word' id='word_1_540' title='bbox 3615 3232 3821 3300; x_wconf 82' lang='lat' dir='ltr'>subji-</span> 
     </span>
    </p>
   </div>
   <div class='ocr_carea' id='block_1_70' title="bbox 2205 3305 3827 3388">
    <p class='ocr_par' dir='ltr' id='par_1_70' title="bbox 2205 3305 3827 3388">
     <span class='ocr_line' id='line_1_71' title="bbox 2205 3305 3827 3388; baseline 0.01 -29"><span class='ocrx_word' id='word_1_541' title='bbox 2205 3305 2276 3360; x_wconf 93' lang='lat' dir='ltr'>cit</span> <span class='ocrx_word' id='word_1_542' title='bbox 2294 3305 2366 3361; x_wconf 92' lang='lat' dir='ltr'>de</span> <span class='ocrx_word' id='word_1_543' title='bbox 2384 3307 2629 3362; x_wconf 89' lang='lat' dir='ltr'>mercede</span> <span class='ocrx_word' id='word_1_544' title='bbox 2657 3307 2944 3366; x_wconf 89' lang='lat' dir='ltr'>bonitatis:</span> <span class='ocrx_word' id='word_1_545' title='bbox 2978 3312 3143 3378; x_wconf 85' lang='lat' dir='ltr'>Tunc,</span> <span class='ocrx_word' id='word_1_546' title='bbox 3168 3310 3340 3383; x_wconf 89' lang='lat' dir='ltr'>inquit</span> <span class='ocrx_word' id='word_1_547' title='bbox 3360 3314 3490 3385; x_wconf 87' lang='lat' dir='ltr'>(Isa.</span> <span class='ocrx_word' id='word_1_548' title='bbox 3514 3318 3711 3388; x_wconf 83' lang='lat' dir='ltr'>Lvm),</span> <span class='ocrx_word' id='word_1_549' title='bbox 3740 3320 3827 3376; x_wconf 83' lang='lat' dir='ltr'>lu-</span> 
     </span>
    </p>
   </div>
   <div class='ocr_carea' id='block_1_71' title="bbox 2202 3398 3826 3474">
    <p class='ocr_par' dir='ltr' id='par_1_71' title="bbox 2202 3398 3826 3474">
     <span class='ocr_line' id='line_1_72' title="bbox 2202 3398 3826 3474; baseline 0.01 -23"><span class='ocrx_word' id='word_1_550' title='bbox 2202 3410 2335 3452; x_wconf 86' lang='lat' dir='ltr'>men</span> <span class='ocrx_word' id='word_1_551' title='bbox 2361 3399 2525 3451; x_wconf 87' lang='lat' dir='ltr'>tuum</span> <span class='ocrx_word' id='word_1_552' title='bbox 2541 3398 2967 3469; x_wconf 87' lang='lat' dir='ltr'>temporaneum</span> <span class='ocrx_word' id='word_1_553' title='bbox 2978 3404 3387 3474; x_wconf 85' lang='lat' dir='ltr'>erumpet(28),</span> <span class='ocrx_word' id='word_1_554' title='bbox 3407 3408 3462 3461; x_wconf 88' lang='lat' dir='ltr'>et</span> <span class='ocrx_word' id='word_1_555' title='bbox 3473 3406 3826 3468; x_wconf 82' lang='lat' dir='ltr'>vestimenta</span> 
     </span>
    </p>
   </div>
   <div class='ocr_carea' id='block_1_72' title="bbox 1911 3550 2445 3617">
    <p class='ocr_par' dir='ltr' id='par_1_72' title="bbox 1911 3550 2445 3617">
     <span class='ocr_line' id='line_1_73' title="bbox 1911 3550 2445 3617; baseline -0.019 -2"><span class='ocrx_word' id='word_1_556' title='bbox 1911 3551 2105 3617; x_wconf 72' lang='lat' dir='ltr'>Variae</span> <span class='ocrx_word' id='word_1_557' title='bbox 2130 3550 2445 3613; x_wconf 90' lang='lat' dir='ltr'>lectiones.</span> 
     </span>
    </p>
   </div>
   <div class='ocr_carea' id='block_1_73' title="bbox 572 3659 3822 3791">
    <p class='ocr_par' dir='ltr' id='par_1_73' title="bbox 572 3659 3822 3791">
     <span class='ocr_line' id='line_1_74' title="bbox 572 3659 3822 3789; baseline 0.002 -70"><span class='ocrx_word' id='word_1_558' title='bbox 572 3666 623 3705; x_wconf 70' lang='grc'>94</span> <span class='ocrx_word' id='word_1_559' title='bbox 650 3663 953 3719; x_wconf 87' lang='lat' dir='ltr'>Exsultavit</span> <span class='ocrx_word' id='word_1_560' title='bbox 989 3662 1164 3721; x_wconf 85' lang='lat' dir='ltr'>Rhen.</span> <span class='ocrx_word' id='word_1_561' title='bbox 1200 3664 1370 3722; x_wconf 86' lang='lat' dir='ltr'>Seml.</span> <span class='ocrx_word' id='word_1_562' title='bbox 1402 3662 1454 3703; x_wconf 84' lang='grc'><strong>9⁵</strong></span> <span class='ocrx_word' id='word_1_563' title='bbox 1483 3663 1616 3720; x_wconf 91' lang='lat' dir='ltr'>Eum</span> <span class='ocrx_word' id='word_1_564' title='bbox 1648 3664 1741 3737; x_wconf 93' lang='lat' dir='ltr'>qui</span> <span class='ocrx_word' id='word_1_565' title='bbox 1772 3668 1943 3723; x_wconf 83' lang='lat' dir='ltr'>Fran.</span> <span class='ocrx_word' id='word_1_566' title='bbox 1965 3684 2091 3723; x_wconf 90' lang='lat' dir='ltr'>eum</span> <span class='ocrx_word' id='word_1_567' title='bbox 2110 3679 2271 3745; x_wconf 81' lang='lat' dir='ltr'>quem</span> <span class='ocrx_word' id='word_1_568' title='bbox 2302 3663 2436 3718; x_wconf 88' lang='lat' dir='ltr'>Jun.</span> <span class='ocrx_word' id='word_1_569' title='bbox 2468 3659 2543 3741; x_wconf 33' lang='grc' dir='ltr'>εἶδ’</span> <span class='ocrx_word' id='word_1_570' title='bbox 2562 3659 2728 3715; x_wconf 89' lang='lat' dir='ltr'>Terra</span> <span class='ocrx_word' id='word_1_571' title='bbox 2756 3661 2929 3717; x_wconf 86' lang='lat' dir='ltr'>Fran.</span> <span class='ocrx_word' id='word_1_572' title='bbox 2953 3662 3071 3789; x_wconf 46' lang='lat' dir='ltr'>ﬂigi.</span> <span class='ocrx_word' id='word_1_573' title='bbox 3132 3663 3338 3749; x_wconf 76' lang='lat' dir='ltr'>Ven._9&quot;</span> <span class='ocrx_word' id='word_1_574' title='bbox 3387 3666 3597 3723; x_wconf 81' lang='lat' dir='ltr'>Mittens</span> <span class='ocrx_word' id='word_1_575' title='bbox 3632 3673 3822 3753; x_wconf 65' lang='lat' dir='ltr'>Rhea.</span> 
     </span>
     <span class='ocr_line' id='line_1_75' title="bbox 578 3736 3821 3791; baseline -0.002 0"><span class='ocrx_word' id='word_1_576' title='bbox 578 3737 674 3791; x_wconf 88' lang='lat' dir='ltr'>ml.</span> <span class='ocrx_word' id='word_1_577' title='bbox 697 3737 747 3774; x_wconf 79' lang='grc'>98</span> <span class='ocrx_word' id='word_1_578' title='bbox 777 3736 915 3791; x_wconf 90' lang='lat' dir='ltr'>Sunt</span> <span class='ocrx_word' id='word_1_579' title='bbox 934 3736 1107 3791; x_wconf 87' lang='lat' dir='ltr'>Rhen.</span> <span class='ocrx_word' id='word_1_580' title='bbox 1136 3739 1257 3791; x_wconf 86' lang='lat' dir='ltr'>Ria.</span> <span class='ocrx_word' id='word_1_581' title='bbox 1291 3737 1416 3791; x_wconf 89' lang='lat' dir='ltr'>Ven.</span> <span class='ocrx_word' id='word_1_582' title='bbox 1450 3736 1500 3774; x_wconf 83' lang='lat'>99</span> <span class='ocrx_word' id='word_1_583' title='bbox 1530 3737 1696 3791; x_wconf 91' lang='lat' dir='ltr'>Terra</span> <span class='ocrx_word' id='word_1_584' title='bbox 1726 3738 1901 3791; x_wconf 85' lang='lat' dir='ltr'>Rhen.</span> <span class='ocrx_word' id='word_1_585' title='bbox 1947 3739 2116 3791; x_wconf 84' lang='lat' dir='ltr'>Seml.</span> <span class='ocrx_word' id='word_1_586' title='bbox 2151 3738 2170 3775; x_wconf 81' lang='lat'><strong>1</strong></span> <span class='ocrx_word' id='word_1_587' title='bbox 2192 3737 2385 3791; x_wconf 79' lang='lat' dir='ltr'>Vinum</span> <span class='ocrx_word' id='word_1_588' title='bbox 2416 3742 2638 3791; x_wconf 80' lang='lat' dir='ltr'>spiritus</span> <span class='ocrx_word' id='word_1_589' title='bbox 2670 3740 2724 3785; x_wconf 88' lang='lat' dir='ltr'>et</span> <span class='ocrx_word' id='word_1_590' title='bbox 2751 3748 2948 3791; x_wconf 86' lang='lat' dir='ltr'>aquam</span> <span class='ocrx_word' id='word_1_591' title='bbox 3061 3749 3150 3791; x_wconf 83' lang='lat' dir='ltr'>en.</span> <span class='ocrx_word' id='word_1_592' title='bbox 3202 3739 3409 3791; x_wconf 71' lang='lat' dir='ltr'>Rigalt.</span> <span class='ocrx_word' id='word_1_593' title='bbox 3451 3740 3569 3791; x_wconf 70' lang='lat' dir='ltr'>cod.</span> <span class='ocrx_word' id='word_1_594' title='bbox 3594 3743 3821 3791; x_wconf 64' lang='grc' dir='ltr'>Ριυωτ,</span> 
     </span>
    </p>
   </div>
   <div class='ocr_carea' id='block_1_74' title="bbox 505 3731 2948 3807">
    <p class='ocr_par' dir='ltr' id='par_1_74' title="bbox 505 3731 2948 3807">
     <span class='ocr_line' id='line_1_76' title="bbox 505 3731 2948 3807; baseline -0.003 -12"><span class='ocrx_word' id='word_1_595' title='bbox 505 3737 674 3795; x_wconf 88' lang='lat' dir='ltr'>Seml.</span> <span class='ocrx_word' id='word_1_596' title='bbox 697 3737 747 3774; x_wconf 79' lang='grc'>98</span> <span class='ocrx_word' id='word_1_597' title='bbox 777 3736 915 3807; x_wconf 83' lang='lat' dir='ltr'>Sunt</span> <span class='ocrx_word' id='word_1_598' title='bbox 934 3736 1257 3807; x_wconf 75' lang='lat' dir='ltr'>Rhen.Rig.</span> <span class='ocrx_word' id='word_1_599' title='bbox 1291 3737 1416 3792; x_wconf 88' lang='lat' dir='ltr'>Ven.</span> <span class='ocrx_word' id='word_1_600' title='bbox 1450 3736 1500 3774; x_wconf 83' lang='lat'>99</span> <span class='ocrx_word' id='word_1_601' title='bbox 1530 3731 1696 3792; x_wconf 78' lang='lat' dir='ltr'>Terra</span> <span class='ocrx_word' id='word_1_602' title='bbox 1726 3738 1901 3793; x_wconf 85' lang='lat' dir='ltr'>Rhen.</span> <span class='ocrx_word' id='word_1_603' title='bbox 1947 3731 2170 3796; x_wconf 52' lang='lat' dir='ltr'>Semtf1</span> <span class='ocrx_word' id='word_1_604' title='bbox 2192 3735 2385 3807; x_wconf 88' lang='lat' dir='ltr'>Vinu_m</span> <span class='ocrx_word' id='word_1_605' title='bbox 2409 3731 2638 3807; x_wconf 74' lang='lat' dir='ltr'>spiritus</span> <span class='ocrx_word' id='word_1_606' title='bbox 2670 3740 2724 3785; x_wconf 88' lang='lat' dir='ltr'>et</span> <span class='ocrx_word' id='word_1_607' title='bbox 2745 3748 2948 3807; x_wconf 74' lang='lat' dir='ltr'>aquam</span> 
     </span>
    </p>
   </div>
   <div class='ocr_carea' id='block_1_75' title="bbox 3136 3739 3823 3809">
    <p class='ocr_par' dir='ltr' id='par_1_75' title="bbox 3136 3739 3823 3809">
     <span class='ocr_line' id='line_1_77' title="bbox 3136 3739 3823 3809; baseline 0.019 -20"><span class='ocrx_word' id='word_1_608' title='bbox 3136 3774 3150 3789; x_wconf 93' lang='lat'>.</span> <span class='ocrx_word' id='word_1_609' title='bbox 3176 3739 3409 3809; x_wconf 84' lang='lat' dir='ltr'>_Rigalt.</span> <span class='ocrx_word' id='word_1_610' title='bbox 3451 3740 3569 3797; x_wconf 88' lang='lat' dir='ltr'>cad.</span> <span class='ocrx_word' id='word_1_611' title='bbox 3592 3743 3823 3809; x_wconf 64' lang='lat' dir='ltr'>Pii/ur.</span> 
     </span>
    </p>
   </div>
   <div class='ocr_carea' id='block_1_76' title="bbox 500 3802 3825 3884">
    <p class='ocr_par' dir='ltr' id='par_1_76' title="bbox 500 3802 3825 3884">
     <span class='ocr_line' id='line_1_78' title="bbox 500 3802 3825 3884; baseline 0.003 -23"><span class='ocrx_word' id='word_1_612' title='bbox 500 3812 718 3884; x_wconf 46' lang='lat' dir='ltr'>aquam</span> <span class='ocrx_word' id='word_1_613' title='bbox 739 3805 959 3884; x_wconf 65' lang='lat' dir='ltr'>spiritus</span> <span class='ocrx_word' id='word_1_614' title='bbox 989 3802 1228 3884; x_wconf 48' lang='lat' dir='ltr'>arabes?</span> <span class='ocrx_word' id='word_1_615' title='bbox 1247 3810 1417 3861; x_wconf 89' lang='lat' dir='ltr'>Fran.</span> <span class='ocrx_word' id='word_1_616' title='bbox 1451 3807 1605 3884; x_wconf 46' lang='lat' dir='ltr'>{Dei</span> <span class='ocrx_word' id='word_1_617' title='bbox 1634 3808 1789 3884; x_wconf 74' lang='lat' dir='ltr'>abest</span> <span class='ocrx_word' id='word_1_618' title='bbox 1818 3826 1854 3884; x_wconf 65' lang='grc' dir='ltr'>ιι</span> <span class='ocrx_word' id='word_1_619' title='bbox 1874 3810 2047 3884; x_wconf 54' lang='grc' dir='ltr'>ξὴεη.</span> <span class='ocrx_word' id='word_1_620' title='bbox 2080 3807 2253 3884; x_wconf 81' lang='lat' dir='ltr'>Seml.</span> <span class='ocrx_word' id='word_1_621' title='bbox 2276 3808 2298 3843; x_wconf 85' lang='lat'><strong>3</strong></span> <span class='ocrx_word' id='word_1_622' title='bbox 2328 3802 2902 3884; x_wconf 60' lang='lat' dir='ltr'>Ipdue_lihen.§eml.</span> <span class='ocrx_word' id='word_1_623' title='bbox 2925 3805 2957 3884; x_wconf 55' lang='grc' dir='ltr'>ξ</span> <span class='ocrx_word' id='word_1_624' title='bbox 2988 3806 3105 3861; x_wconf 89' lang='lat' dir='ltr'>Diei</span> <span class='ocrx_word' id='word_1_625' title='bbox 3121 3802 3291 3884; x_wconf 65' lang='lat' dir='ltr'>abest</span> <span class='ocrx_word' id='word_1_626' title='bbox 3321 3811 3562 3884; x_wconf 83' lang='lat' dir='ltr'>a_Rhen.</span> <span class='ocrx_word' id='word_1_627' title='bbox 3586 3802 3780 3873; x_wconf 75' lang='lat' dir='ltr'>Seml.</span> <span class='ocrx_word' id='word_1_628' title='bbox 3800 3819 3825 3856; x_wconf 81' lang='grc'><strong>⁵</strong></span> 
     </span>
    </p>
   </div>
   <div class='ocr_carea' id='block_1_77' title="bbox 454 3874 3823 3954">
    <p class='ocr_par' dir='ltr' id='par_1_77' title="bbox 454 3874 3823 3954">
     <span class='ocr_line' id='line_1_79' title="bbox 454 3874 3823 3954; baseline 0.003 -19"><span class='ocrx_word' id='word_1_629' title='bbox 454 3932 455 3935; x_wconf 44' lang='grc' dir='ltr'><strong>η</strong></span> <span class='ocrx_word' id='word_1_630' title='bbox 502 3874 621 3947; x_wconf 78' lang='lat' dir='ltr'>Qua</span> <span class='ocrx_word' id='word_1_631' title='bbox 651 3874 826 3935; x_wconf 82' lang='lat' dir='ltr'>Rhen.</span> <span class='ocrx_word' id='word_1_632' title='bbox 851 3876 1413 3948; x_wconf 51' lang='lat' dir='ltr'>SemlJ-Competent</span> <span class='ocrx_word' id='word_1_633' title='bbox 1440 3879 1601 3935; x_wconf 89' lang='lat' dir='ltr'>Pam.</span> <span class='ocrx_word' id='word_1_634' title='bbox 1624 3880 1803 3936; x_wconf 85' lang='lat' dir='ltr'>Rhen.</span> <span class='ocrx_word' id='word_1_635' title='bbox 1834 3881 1855 3919; x_wconf 75' lang='grc'>⁷</span> <span class='ocrx_word' id='word_1_636' title='bbox 1887 3882 2070 3954; x_wconf 82' lang='lat' dir='ltr'>Terrae</span> <span class='ocrx_word' id='word_1_637' title='bbox 2096 3880 2248 3936; x_wconf 87' lang='lat' dir='ltr'>abest</span> <span class='ocrx_word' id='word_1_638' title='bbox 2282 3894 2317 3954; x_wconf 84' lang='lat' dir='ltr'>a</span> <span class='ocrx_word' id='word_1_639' title='bbox 2341 3876 2459 3947; x_wconf 87' lang='lat' dir='ltr'>Rig.</span> <span class='ocrx_word' id='word_1_640' title='bbox 2498 3875 2626 3933; x_wconf 79' lang='lat' dir='ltr'>Ven.</span> <span class='ocrx_word' id='word_1_641' title='bbox 2655 3874 2681 3911; x_wconf 79' lang='grc'><strong>8</strong></span> <span class='ocrx_word' id='word_1_642' title='bbox 2708 3874 2884 3930; x_wconf 86' lang='lat' dir='ltr'>Etiam</span> <span class='ocrx_word' id='word_1_643' title='bbox 2913 3877 3074 3934; x_wconf 88' lang='lat' dir='ltr'>Pam.</span> <span class='ocrx_word' id='word_1_644' title='bbox 3108 3881 3281 3936; x_wconf 86' lang='lat' dir='ltr'>Fran.</span> <span class='ocrx_word' id='word_1_645' title='bbox 3315 3882 3340 3921; x_wconf 86' lang='lat'><strong>9</strong></span> <span class='ocrx_word' id='word_1_646' title='bbox 3368 3882 3639 3954; x_wconf 87' lang='lat' dir='ltr'>Depulsus</span> <span class='ocrx_word' id='word_1_647' title='bbox 3690 3890 3823 3945; x_wconf 76' lang='lat' dir='ltr'>alii.</span> 
     </span>
    </p>
   </div>
   <div class='ocr_carea' id='block_1_78' title="bbox 1915 3952 2413 4016">
    <p class='ocr_par' dir='ltr' id='par_1_78' title="bbox 1915 3952 2413 4016">
     <span class='ocr_line' id='line_1_80' title="bbox 1915 3952 2413 4016; baseline -0.014 0"><span class='ocrx_word' id='word_1_648' title='bbox 1915 3952 2413 4016; x_wconf 88' lang='lat' dir='ltr'>Commentarius.</span> 
     </span>
    </p>
   </div>
   <div class='ocr_carea' id='block_1_79' title="bbox 580 4046 2102 4122">
    <p class='ocr_par' dir='ltr' id='par_1_79' title="bbox 580 4046 2102 4122">
     <span class='ocr_line' id='line_1_81' title="bbox 580 4046 2102 4122; baseline 0.003 -20"><span class='ocrx_word' id='word_1_649' title='bbox 580 4046 696 4118; x_wconf 91' lang='lat'><strong>(22)</strong></span> <span class='ocrx_word' id='word_1_650' title='bbox 718 4048 1070 4122; x_wconf 48' lang='lat' dir='ltr'>Quinetiam</span> <span class='ocrx_word' id='word_1_651' title='bbox 1089 4048 1151 4122; x_wconf 75' lang='lat' dir='ltr'>in</span> <span class='ocrx_word' id='word_1_652' title='bbox 1181 4047 1457 4119; x_wconf 86' lang='lat' dir='ltr'>religiosis</span> <span class='ocrx_word' id='word_1_653' title='bbox 1477 4053 1531 4105; x_wconf 90' lang='lat' dir='ltr'>et</span> <span class='ocrx_word' id='word_1_654' title='bbox 1561 4048 1900 4122; x_wconf 84' lang='lat' dir='ltr'>blasphemis</span> <span class='ocrx_word' id='word_1_655' title='bbox 1931 4051 2102 4108; x_wconf 88' lang='lat' dir='ltr'>semel</span> 
     </span>
    </p>
   </div>
   <div class='ocr_carea' id='block_1_80' title="bbox 507 4118 2101 4180">
    <p class='ocr_par' dir='ltr' id='par_1_80' title="bbox 507 4118 2101 4180">
     <span class='ocr_line' id='line_1_82' title="bbox 507 4118 2101 4180; baseline 0.001 -3"><span class='ocrx_word' id='word_1_656' title='bbox 507 4120 725 4178; x_wconf 87' lang='lat' dir='ltr'>homini</span> <span class='ocrx_word' id='word_1_657' title='bbox 744 4118 967 4173; x_wconf 87' lang='lat' dir='ltr'>addicta</span> <span class='ocrx_word' id='word_1_658' title='bbox 983 4118 1301 4176; x_wconf 85' lang='lat' dir='ltr'>conditione</span> <span class='ocrx_word' id='word_1_659' title='bbox 1319 4118 1727 4178; x_wconf 79' lang='lat' dir='ltr'>communicat.</span> <span class='ocrx_word' id='word_1_660' title='bbox 1750 4124 1903 4180; x_wconf 87' lang='lat' dir='ltr'>Hunc</span> <span class='ocrx_word' id='word_1_661' title='bbox 1922 4122 2101 4179; x_wconf 92' lang='lat' dir='ltr'>locum</span> 
     </span>
    </p>
   </div>
   <div class='ocr_carea' id='block_1_81' title="bbox 507 4189 2097 4275">
    <p class='ocr_par' dir='ltr' id='par_1_81' title="bbox 507 4189 2097 4275">
     <span class='ocr_line' id='line_1_83' title="bbox 507 4189 2097 4275; baseline 0.001 -27"><span class='ocrx_word' id='word_1_662' title='bbox 507 4191 701 4275; x_wconf 57' lang='lat' dir='ltr'>eximie</span> <span class='ocrx_word' id='word_1_663' title='bbox 730 4189 979 4275; x_wconf 72' lang='lat' dir='ltr'>tractavit</span> <span class='ocrx_word' id='word_1_664' title='bbox 1005 4190 1205 4271; x_wconf 76' lang='lat' dir='ltr'>Seneca</span> <span class='ocrx_word' id='word_1_665' title='bbox 1234 4191 1327 4247; x_wconf 92' lang='lat' dir='ltr'>lib.</span> <span class='ocrx_word' id='word_1_666' title='bbox 1362 4207 1421 4247; x_wconf 83' lang='lat' dir='ltr'>IV</span> <span class='ocrx_word' id='word_1_667' title='bbox 1460 4192 1534 4275; x_wconf 48' lang='lat' dir='ltr'>‘de</span> <span class='ocrx_word' id='word_1_668' title='bbox 1571 4194 1784 4264; x_wconf 63' lang='lat' dir='ltr'>Bene/2,</span> <span class='ocrx_word' id='word_1_669' title='bbox 1830 4197 2097 4275; x_wconf 9' lang='lat' dir='ltr'>cap._2_8_r:</span> 
     </span>
    </p>
   </div>
   <div class='ocr_carea' id='block_1_82' title="bbox 512 4225 2181 4338">
    <p class='ocr_par' dir='ltr' id='par_1_82' title="bbox 512 4225 2181 4338">
     <span class='ocr_line' id='line_1_84' title="bbox 512 4225 2181 4303; baseline 0.003 -59"><span class='ocrx_word' id='word_1_670' title='bbox 512 4225 701 4249; x_wconf 69' lang='grc' dir='ltr'>σλυιυο</span> <span class='ocrx_word' id='word_1_671' title='bbox 733 4225 979 4245; x_wconf 50' lang='lat' dir='ltr'>unauana&quot;;</span> <span class='ocrx_word' id='word_1_672' title='bbox 1005 4225 1205 4271; x_wconf 46' lang='lat' dir='ltr'>Licucua.</span> <span class='ocrx_word' id='word_1_673' title='bbox 1234 4225 1327 4247; x_wconf 75' lang='grc' dir='ltr'><strong><em>ιιυο</em></strong></span> <span class='ocrx_word' id='word_1_674' title='bbox 1362 4225 1413 4247; x_wconf 79' lang='lat' dir='ltr'>IV</span> <span class='ocrx_word' id='word_1_675' title='bbox 1470 4225 1532 4247; x_wconf 74' lang='lat' dir='ltr'>uo</span> <span class='ocrx_word' id='word_1_676' title='bbox 1571 4225 1784 4264; x_wconf 63' lang='lat' dir='ltr'>UGIDUI.’</span> <span class='ocrx_word' id='word_1_677' title='bbox 1830 4225 1950 4275; x_wconf 59' lang='grc' dir='ltr'>υαγ.</span> <span class='ocrx_word' id='word_1_678' title='bbox 1982 4225 2051 4275; x_wconf 59' lang='lat'>£0.</span> <span class='ocrx_word' id='word_1_679' title='bbox 2082 4236 2097 4249; x_wconf 76' lang='grc' dir='ltr'><strong>ο</strong></span> <span class='ocrx_word' id='word_1_680' title='bbox 2136 4225 2181 4303; x_wconf 79' lang='lat' dir='ltr'><strong>n</strong></span> 
     </span>
     <span class='ocr_line' id='line_1_85' title="bbox 512 4263 2100 4338; baseline 0.004 -23"><span class='ocrx_word' id='word_1_681' title='bbox 512 4284 542 4315; x_wconf 75' lang='grc' dir='ltr'><strong>α</strong></span> <span class='ocrx_word' id='word_1_682' title='bbox 568 4266 713 4338; x_wconf 80' lang='lat' dir='ltr'>Deus</span> <span class='ocrx_word' id='word_1_683' title='bbox 749 4263 1000 4338; x_wconf 75' lang='lat' dir='ltr'>quaedam</span> <span class='ocrx_word' id='word_1_684' title='bbox 1029 4277 1084 4315; x_wconf 88' lang='grc' dir='ltr'>ιιι</span> <span class='ocrx_word' id='word_1_685' title='bbox 1114 4278 1431 4318; x_wconf 79' lang='lat' dir='ltr'>universum</span> <span class='ocrx_word' id='word_1_686' title='bbox 1460 4263 1697 4338; x_wconf 86' lang='lat' dir='ltr'>humano</span> <span class='ocrx_word' id='word_1_687' title='bbox 1728 4281 1909 4338; x_wconf 79' lang='lat' dir='ltr'>generi</span> <span class='ocrx_word' id='word_1_688' title='bbox 1935 4266 2100 4335; x_wconf 79' lang='lat' dir='ltr'>dedit,</span> 
     </span>
    </p>
   </div>
   <div class='ocr_carea' id='block_1_83' title="bbox 513 4331 1670 4404">
    <p class='ocr_par' dir='ltr' id='par_1_83' title="bbox 513 4331 1670 4404">
     <span class='ocr_line' id='line_1_86' title="bbox 513 4331 1670 4404; baseline 0.002 -17"><span class='ocrx_word' id='word_1_689' title='bbox 513 4331 1093 4404; x_wconf 31' lang='lat' dir='ltr'>aquibus’excluditur</span> <span class='ocrx_word' id='word_1_690' title='bbox 1119 4349 1301 4404; x_wconf 89' lang='lat' dir='ltr'>nemo,</span> <span class='ocrx_word' id='word_1_691' title='bbox 1336 4353 1360 4384; x_wconf 68' lang='grc' dir='ltr'>ι</span> <span class='ocrx_word' id='word_1_692' title='bbox 1399 4342 1503 4391; x_wconf 91' lang='lat' dir='ltr'>etc.</span> <span class='ocrx_word' id='word_1_693' title='bbox 1550 4336 1670 4390; x_wconf 77' lang='lat' dir='ltr'>Bia.</span> 
     </span>
    </p>
   </div>
   <div class='ocr_carea' id='block_1_84' title="bbox 582 4403 2105 4476">
    <p class='ocr_par' dir='ltr' id='par_1_84' title="bbox 582 4403 2105 4476">
     <span class='ocr_line' id='line_1_87' title="bbox 582 4403 2105 4476; baseline 0.004 -17"><span class='ocrx_word' id='word_1_694' title='bbox 582 4403 698 4476; x_wconf 80' lang='lat'><strong>(23)</strong></span> <span class='ocrx_word' id='word_1_695' title='bbox 762 4406 949 4476; x_wconf 87' lang='lat' dir='ltr'>Ipsam</span> <span class='ocrx_word' id='word_1_696' title='bbox 996 4403 1377 4461; x_wconf 83' lang='lat' dir='ltr'>conditionem</span> <span class='ocrx_word' id='word_1_697' title='bbox 1436 4406 1706 4464; x_wconf 87' lang='lat' dir='ltr'>calentes.</span> <span class='ocrx_word' id='word_1_698' title='bbox 1762 4407 2020 4464; x_wconf 80' lang='lat' dir='ltr'>Mundam</span> <span class='ocrx_word' id='word_1_699' title='bbox 2073 4425 2105 4465; x_wconf 92' lang='lat' dir='ltr'>a</span> 
     </span>
    </p>
   </div>
   <div class='ocr_carea' id='block_1_85' title="bbox 512 4475 1114 4533">
    <p class='ocr_par' dir='ltr' id='par_1_85' title="bbox 512 4475 1114 4533">
     <span class='ocr_line' id='line_1_88' title="bbox 512 4475 1114 4533; baseline -0.007 0"><span class='ocrx_word' id='word_1_700' title='bbox 512 4477 628 4533; x_wconf 91' lang='lat' dir='ltr'>Deo</span> <span class='ocrx_word' id='word_1_701' title='bbox 659 4475 955 4530; x_wconf 90' lang='lat' dir='ltr'>conditum.</span> <span class='ocrx_word' id='word_1_702' title='bbox 990 4476 1114 4530; x_wconf 77' lang='lat' dir='ltr'>RIG.</span> 
     </span>
    </p>
   </div>
   <div class='ocr_carea' id='block_1_86' title="bbox 581 4546 2106 4619">
    <p class='ocr_par' dir='ltr' id='par_1_86' title="bbox 581 4546 2106 4619">
     <span class='ocr_line' id='line_1_89' title="bbox 581 4546 2106 4619; baseline 0.005 -19"><span class='ocrx_word' id='word_1_703' title='bbox 581 4546 695 4619; x_wconf 82' lang='grc'>(24)</span> <span class='ocrx_word' id='word_1_704' title='bbox 714 4546 906 4619; x_wconf 84' lang='lat' dir='ltr'>Oleum</span> <span class='ocrx_word' id='word_1_705' title='bbox 926 4546 1136 4619; x_wconf 72' lang='lat' dir='ltr'>dicina:</span> <span class='ocrx_word' id='word_1_706' title='bbox 1156 4548 1469 4615; x_wconf 85' lang='lat' dir='ltr'>unctionis,</span> <span class='ocrx_word' id='word_1_707' title='bbox 1485 4556 1590 4604; x_wconf 92' lang='lat' dir='ltr'>etc.</span> <span class='ocrx_word' id='word_1_708' title='bbox 1606 4549 1835 4606; x_wconf 90' lang='lat' dir='ltr'>Delicias</span> <span class='ocrx_word' id='word_1_709' title='bbox 1852 4550 2106 4608; x_wconf 75' lang='lat' dir='ltr'>Ecclesiae</span> 
     </span>
    </p>
   </div>
   <div class='ocr_carea' id='block_1_87' title="bbox 513 4617 2103 4691">
    <p class='ocr_par' dir='ltr' id='par_1_87' title="bbox 513 4617 2103 4691">
     <span class='ocr_line' id='line_1_90' title="bbox 513 4617 2103 4691; baseline 0.003 -18"><span class='ocrx_word' id='word_1_710' title='bbox 513 4617 783 4691; x_wconf 65' lang='lat' dir='ltr'>retieuset,</span> <span class='ocrx_word' id='word_1_711' title='bbox 824 4617 923 4673; x_wconf 88' lang='lat' dir='ltr'>tria</span> <span class='ocrx_word' id='word_1_712' title='bbox 970 4618 1636 4691; x_wconf 24' lang='lat' dir='ltr'>nimirumisacramenta,</span> <span class='ocrx_word' id='word_1_713' title='bbox 1694 4622 2103 4691; x_wconf 89' lang='lat' dir='ltr'>Eucharistiam,</span> 
     </span>
    </p>
   </div>
   <div class='ocr_carea' id='block_1_88' title="bbox 513 4690 2103 4761">
    <p class='ocr_par' dir='ltr' id='par_1_88' title="bbox 513 4690 2103 4761">
     <span class='ocr_line' id='line_1_91' title="bbox 513 4690 2103 4761; baseline 0.003 -16"><span class='ocrx_word' id='word_1_714' title='bbox 513 4690 822 4745; x_wconf 84' lang='lat' dir='ltr'>Extremam</span> <span class='ocrx_word' id='word_1_715' title='bbox 867 4690 1197 4755; x_wconf 85' lang='lat' dir='ltr'>unctionem,</span> <span class='ocrx_word' id='word_1_716' title='bbox 1239 4690 1595 4761; x_wconf 87' lang='lat' dir='ltr'>Baptismum.</span> <span class='ocrx_word' id='word_1_717' title='bbox 1624 4690 1871 4749; x_wconf 85' lang='lat' dir='ltr'>Easdem</span> <span class='ocrx_word' id='word_1_718' title='bbox 1917 4690 2103 4751; x_wconf 55' lang='lat' dir='ltr'>recené</span> 
     </span>
    </p>
   </div>
   <div class='ocr_carea' id='block_1_89' title="bbox 516 4761 2107 4833">
    <p class='ocr_par' dir='ltr' id='par_1_89' title="bbox 516 4761 2107 4833">
     <span class='ocr_line' id='line_1_92' title="bbox 516 4761 2107 4833; baseline 0.005 -17"><span class='ocrx_word' id='word_1_719' title='bbox 516 4769 600 4817; x_wconf 88' lang='lat' dir='ltr'>set</span> <span class='ocrx_word' id='word_1_720' title='bbox 628 4761 722 4833; x_wconf 90' lang='lat' dir='ltr'>lib.</span> <span class='ocrx_word' id='word_1_721' title='bbox 775 4776 793 4815; x_wconf 91' lang='grc' dir='ltr'>ι</span> <span class='ocrx_word' id='word_1_722' title='bbox 842 4761 966 4816; x_wconf 82' lang='lat' dir='ltr'>adv.</span> <span class='ocrx_word' id='word_1_723' title='bbox 1032 4762 1391 4833; x_wconf 86' lang='lat' dir='ltr'>Marcianem,</span> <span class='ocrx_word' id='word_1_724' title='bbox 1439 4777 1563 4832; x_wconf 90' lang='lat' dir='ltr'>cap.</span> <span class='ocrx_word' id='word_1_725' title='bbox 1622 4766 1733 4819; x_wconf 69' lang='lat' dir='ltr'>t4:</span> <span class='ocrx_word' id='word_1_726' title='bbox 1794 4786 1817 4815; x_wconf 69' lang='grc' dir='ltr'><strong><em>α</em></strong></span> <span class='ocrx_word' id='word_1_727' title='bbox 1850 4766 1953 4821; x_wconf 93' lang='lat' dir='ltr'>Sed</span> <span class='ocrx_word' id='word_1_728' title='bbox 2018 4768 2107 4824; x_wconf 87' lang='lat' dir='ltr'>ille</span> 
     </span>
    </p>
   </div>
   <div class='ocr_carea' id='block_1_90' title="bbox 515 4832 2108 4907">
    <p class='ocr_par' dir='ltr' id='par_1_90' title="bbox 515 4832 2108 4907">
     <span class='ocr_line' id='line_1_93' title="bbox 515 4832 2108 4907; baseline 0.006 -22"><span class='ocrx_word' id='word_1_729' title='bbox 515 4832 730 4907; x_wconf 81' lang='lat' dir='ltr'>quidem</span> <span class='ocrx_word' id='word_1_730' title='bbox 769 4847 937 4907; x_wconf 84' lang='lat' dir='ltr'>usque</span> <span class='ocrx_word' id='word_1_731' title='bbox 973 4847 1119 4887; x_wconf 91' lang='lat' dir='ltr'>nunc</span> <span class='ocrx_word' id='word_1_732' title='bbox 1144 4847 1244 4888; x_wconf 89' lang='lat' dir='ltr'>nec</span> <span class='ocrx_word' id='word_1_733' title='bbox 1263 4848 1459 4903; x_wconf 88' lang='lat' dir='ltr'>aquam</span> <span class='ocrx_word' id='word_1_734' title='bbox 1488 4835 1814 4907; x_wconf 86' lang='lat' dir='ltr'>reprobavit,</span> <span class='ocrx_word' id='word_1_735' title='bbox 1844 4853 1952 4907; x_wconf 91' lang='lat' dir='ltr'>qua</span> <span class='ocrx_word' id='word_1_736' title='bbox 1979 4854 2108 4895; x_wconf 90' lang='lat' dir='ltr'>suos</span> 
     </span>
    </p>
   </div>
   <div class='ocr_carea' id='block_1_91' title="bbox 516 4902 2107 4981">
    <p class='ocr_par' dir='ltr' id='par_1_91' title="bbox 516 4902 2107 4981">
     <span class='ocr_line' id='line_1_94' title="bbox 516 4902 2107 4981; baseline 0.006 -23"><span class='ocrx_word' id='word_1_737' title='bbox 516 4902 707 4981; x_wconf 69' lang='lat' dir='ltr'>abluit,</span> <span class='ocrx_word' id='word_1_738' title='bbox 740 4902 1052 4959; x_wconf 34' lang='lat' dir='ltr'>nec’oleum</span> <span class='ocrx_word' id='word_1_739' title='bbox 1082 4918 1189 4973; x_wconf 91' lang='lat' dir='ltr'>quo</span> <span class='ocrx_word' id='word_1_740' title='bbox 1228 4902 1356 4959; x_wconf 85' lang='lat' dir='ltr'>suas</span> <span class='ocrx_word' id='word_1_741' title='bbox 1390 4902 1567 4977; x_wconf 67' lang='lat' dir='ltr'>ungit,</span> <span class='ocrx_word' id='word_1_742' title='bbox 1609 4922 1711 4981; x_wconf 88' lang='lat' dir='ltr'>nec</span> <span class='ocrx_word' id='word_1_743' title='bbox 1748 4902 1943 4981; x_wconf 80' lang='lat' dir='ltr'>panem</span> <span class='ocrx_word' id='word_1_744' title='bbox 1998 4925 2107 4981; x_wconf 91' lang='lat' dir='ltr'>quo</span> 
     </span>
    </p>
   </div>
   <div class='ocr_carea' id='block_1_92' title="bbox 517 4974 2107 5051">
    <p class='ocr_par' dir='ltr' id='par_1_92' title="bbox 517 4974 2107 5051">
     <span class='ocr_line' id='line_1_95' title="bbox 517 4974 2107 5051; baseline 0.006 -23"><span class='ocrx_word' id='word_1_745' title='bbox 517 4974 693 5051; x_wconf 86' lang='lat' dir='ltr'>ipsum</span> <span class='ocrx_word' id='word_1_746' title='bbox 725 4988 924 5051; x_wconf 85' lang='lat' dir='ltr'>corpus</span> <span class='ocrx_word' id='word_1_747' title='bbox 953 4990 1111 5051; x_wconf 84' lang='lat' dir='ltr'>suum</span> <span class='ocrx_word' id='word_1_748' title='bbox 1138 4974 1505 5051; x_wconf 63' lang='lat' dir='ltr'>repraesentat.</span> <span class='ocrx_word' id='word_1_749' title='bbox 1537 4974 1563 5025; x_wconf 62' lang='grc' dir='ltr'><strong><em>ιδ</em></strong></span> <span class='ocrx_word' id='word_1_750' title='bbox 1595 4974 1823 5051; x_wconf 80' lang='lat' dir='ltr'>Accepit</span> <span class='ocrx_word' id='word_1_751' title='bbox 1850 4974 2107 5039; x_wconf 77' lang='lat' dir='ltr'>animam</span> 
     </span>
    </p>
   </div>
   <div class='ocr_carea' id='block_1_93' title="bbox 514 5048 2110 5122">
    <p class='ocr_par' dir='ltr' id='par_1_93' title="bbox 514 5048 2110 5122">
     <span class='ocr_line' id='line_1_96' title="bbox 514 5048 2110 5122; baseline 0.004 -22"><span class='ocrx_word' id='word_1_752' title='bbox 514 5048 867 5122; x_wconf 39' lang='lat' dir='ltr'>viga‘rantem</span> <span class='ocrx_word' id='word_1_753' title='bbox 904 5060 1004 5115; x_wconf 91' lang='lat' dir='ltr'>pro</span> <span class='ocrx_word' id='word_1_754' title='bbox 1034 5048 1279 5122; x_wconf 85' lang='lat' dir='ltr'>vigorem</span> <span class='ocrx_word' id='word_1_755' title='bbox 1307 5049 1697 5122; x_wconf 84' lang='lat' dir='ltr'>accipientem,</span> <span class='ocrx_word' id='word_1_756' title='bbox 1732 5048 1999 5122; x_wconf 83' lang='lat' dir='ltr'>passivum</span> <span class='ocrx_word' id='word_1_757' title='bbox 2040 5053 2110 5108; x_wconf 89' lang='lat' dir='ltr'>si-</span> 
     </span>
    </p>
   </div>
   <div class='ocr_carea' id='block_1_94' title="bbox 521 5115 1945 5191">
    <p class='ocr_par' dir='ltr' id='par_1_94' title="bbox 521 5115 1945 5191">
     <span class='ocr_line' id='line_1_97' title="bbox 521 5115 1945 5191; baseline 0.008 -23"><span class='ocrx_word' id='word_1_758' title='bbox 521 5115 837 5191; x_wconf 73' lang='lat' dir='ltr'>gniﬁcatum</span> <span class='ocrx_word' id='word_1_759' title='bbox 864 5132 964 5188; x_wconf 92' lang='lat' dir='ltr'>pro</span> <span class='ocrx_word' id='word_1_760' title='bbox 1001 5115 1192 5191; x_wconf 83' lang='lat' dir='ltr'>activo,</span> <span class='ocrx_word' id='word_1_761' title='bbox 1225 5115 1451 5191; x_wconf 67' lang='lat' dir='ltr'>utsole&#39;t</span> <span class='ocrx_word' id='word_1_762' title='bbox 1477 5115 1785 5191; x_wconf 82' lang='lat' dir='ltr'>aliquando.</span> <span class='ocrx_word' id='word_1_763' title='bbox 1814 5124 1945 5179; x_wconf 65' lang='lat' dir='ltr'>Lac.</span> 
     </span>
    </p>
   </div>
   <div class='ocr_carea' id='block_1_95' title="bbox 591 5189 2108 5262">
    <p class='ocr_par' dir='ltr' id='par_1_95' title="bbox 591 5189 2108 5262">
     <span class='ocr_line' id='line_1_98' title="bbox 591 5189 2108 5262; baseline 0.005 -21"><span class='ocrx_word' id='word_1_764' title='bbox 591 5189 711 5262; x_wconf 81' lang='grc'>(25)</span> <span class='ocrx_word' id='word_1_765' title='bbox 752 5189 861 5244; x_wconf 90' lang='lat' dir='ltr'>Per</span> <span class='ocrx_word' id='word_1_766' title='bbox 892 5190 1229 5262; x_wconf 25' lang='lat' dir='ltr'>‘incalatum</span> <span class='ocrx_word' id='word_1_767' title='bbox 1278 5190 1525 5262; x_wconf 86' lang='lat' dir='ltr'>Spiritus</span> <span class='ocrx_word' id='word_1_768' title='bbox 1565 5189 1773 5250; x_wconf 75' lang='lat' dir='ltr'>sancti.</span> <span class='ocrx_word' id='word_1_769' title='bbox 1842 5194 2108 5251; x_wconf 86' lang='lat' dir='ltr'>Incolatus</span> 
     </span>
    </p>
   </div>
   <div class='ocr_carea' id='block_1_96' title="bbox 522 5259 2106 5331">
    <p class='ocr_par' dir='ltr' id='par_1_96' title="bbox 522 5259 2106 5331">
     <span class='ocr_line' id='line_1_99' title="bbox 522 5259 2106 5331; baseline 0.005 -17"><span class='ocrx_word' id='word_1_770' title='bbox 522 5268 601 5314; x_wconf 89' lang='lat' dir='ltr'>est</span> <span class='ocrx_word' id='word_1_771' title='bbox 632 5260 785 5325; x_wconf 90' lang='lat' dir='ltr'>urbs,</span> <span class='ocrx_word' id='word_1_772' title='bbox 815 5259 976 5328; x_wconf 90' lang='lat' dir='ltr'>cujus</span> <span class='ocrx_word' id='word_1_773' title='bbox 1005 5261 1124 5331; x_wconf 90' lang='lat' dir='ltr'>quis</span> <span class='ocrx_word' id='word_1_774' title='bbox 1154 5275 1260 5314; x_wconf 92' lang='lat' dir='ltr'>non</span> <span class='ocrx_word' id='word_1_775' title='bbox 1289 5259 1442 5327; x_wconf 85' lang='lat' dir='ltr'>civis,</span> <span class='ocrx_word' id='word_1_776' title='bbox 1495 5263 1589 5319; x_wconf 92' lang='lat' dir='ltr'>sed</span> <span class='ocrx_word' id='word_1_777' title='bbox 1631 5265 1807 5320; x_wconf 90' lang='lat' dir='ltr'>incola</span> <span class='ocrx_word' id='word_1_778' title='bbox 1852 5274 1955 5323; x_wconf 88' lang='lat' dir='ltr'>est.</span> <span class='ocrx_word' id='word_1_779' title='bbox 1988 5268 2106 5322; x_wconf 88' lang='lat' dir='ltr'>Mo-</span> 
     </span>
    </p>
   </div>
   <div class='ocr_carea' id='block_1_97' title="bbox 519 5330 2107 5400">
    <p class='ocr_par' dir='ltr' id='par_1_97' title="bbox 519 5330 2107 5400">
     <span class='ocr_line' id='line_1_100' title="bbox 519 5330 2107 5400; baseline 0.004 -13"><span class='ocrx_word' id='word_1_780' title='bbox 519 5332 764 5387; x_wconf 88' lang='lat' dir='ltr'>destinus</span> <span class='ocrx_word' id='word_1_781' title='bbox 793 5330 1050 5400; x_wconf 56' lang='lat' dir='ltr'>LXXXIV,</span> <span class='ocrx_word' id='word_1_782' title='bbox 1078 5333 1144 5387; x_wconf 93' lang='lat' dir='ltr'>D.</span> <span class='ocrx_word' id='word_1_783' title='bbox 1187 5333 1252 5389; x_wconf 87' lang='lat' dir='ltr'>de</span> <span class='ocrx_word' id='word_1_784' title='bbox 1280 5350 1397 5388; x_wconf 89' lang='lat' dir='ltr'>mu.</span> <span class='ocrx_word' id='word_1_785' title='bbox 1432 5333 1561 5391; x_wconf 86' lang='lat' dir='ltr'>han.</span> <span class='ocrx_word' id='word_1_786' title='bbox 1600 5352 1613 5388; x_wconf 89' lang='lat'><strong>:</strong></span> <span class='ocrx_word' id='word_1_787' title='bbox 1651 5358 1673 5387; x_wconf 68' lang='grc' dir='ltr'><strong><em>κ</em></strong></span> <span class='ocrx_word' id='word_1_788' title='bbox 1709 5336 1949 5392; x_wconf 88' lang='lat' dir='ltr'>Incolam</span> <span class='ocrx_word' id='word_1_789' title='bbox 1977 5352 2107 5393; x_wconf 89' lang='lat' dir='ltr'>vero</span> 
     </span>
    </p>
   </div>
   <div class='ocr_carea' id='block_1_98' title="bbox 519 5402 2111 5473">
    <p class='ocr_par' dir='ltr' id='par_1_98' title="bbox 519 5402 2111 5473">
     <span class='ocr_line' id='line_1_101' title="bbox 519 5402 2111 5473; baseline 0.003 -16"><span class='ocrx_word' id='word_1_790' title='bbox 519 5402 850 5459; x_wconf 89' lang='lat' dir='ltr'>domicilium</span> <span class='ocrx_word' id='word_1_791' title='bbox 898 5402 1042 5473; x_wconf 79' lang='lat' dir='ltr'>facit,</span> <span class='ocrx_word' id='word_1_792' title='bbox 1087 5424 1109 5454; x_wconf 75' lang='grc' dir='ltr'>ι</span> <span class='ocrx_word' id='word_1_793' title='bbox 1152 5402 1193 5457; x_wconf 93' lang='grc' dir='ltr'><strong>Ι.</strong></span> <span class='ocrx_word' id='word_1_794' title='bbox 1245 5420 1330 5458; x_wconf 92' lang='grc' dir='ltr'><strong><em>ιιι.</em></strong></span> <span class='ocrx_word' id='word_1_795' title='bbox 1373 5404 1413 5458; x_wconf 90' lang='lat' dir='ltr'>C</span> <span class='ocrx_word' id='word_1_796' title='bbox 1447 5405 1512 5461; x_wconf 89' lang='lat' dir='ltr'>de</span> <span class='ocrx_word' id='word_1_797' title='bbox 1564 5407 1735 5463; x_wconf 83' lang='lat' dir='ltr'>ineat.</span> <span class='ocrx_word' id='word_1_798' title='bbox 1796 5409 1992 5463; x_wconf 89' lang='lat' dir='ltr'>Verum</span> <span class='ocrx_word' id='word_1_799' title='bbox 2051 5415 2111 5463; x_wconf 90' lang='lat' dir='ltr'>ut</span> 
     </span>
    </p>
   </div>
   <div class='ocr_carea' id='block_1_99' title="bbox 519 5474 2105 5556">
    <p class='ocr_par' dir='ltr' id='par_1_99' title="bbox 519 5474 2105 5556">
     <span class='ocr_line' id='line_1_102' title="bbox 519 5474 2105 5556; baseline 0.004 -25"><span class='ocrx_word' id='word_1_800' title='bbox 519 5476 779 5556; x_wconf 72' lang='lat' dir='ltr'>Alcimus,</span> <span class='ocrx_word' id='word_1_801' title='bbox 810 5474 888 5556; x_wconf 40' lang='lat' dir='ltr'>de,</span> <span class='ocrx_word' id='word_1_802' title='bbox 906 5477 1195 5556; x_wconf 77' lang='lat' dir='ltr'>verborum</span> <span class='ocrx_word' id='word_1_803' title='bbox 1224 5476 1444 5547; x_wconf 61' lang='lat' dir='ltr'>signi/2,</span> <span class='ocrx_word' id='word_1_804' title='bbox 1476 5475 1667 5556; x_wconf 87' lang='lat' dir='ltr'>inquit,</span> <span class='ocrx_word' id='word_1_805' title='bbox 1686 5499 1723 5556; x_wconf 37' lang='grc' dir='ltr'><strong><em>ιιι</em></strong></span> <span class='ocrx_word' id='word_1_806' title='bbox 1762 5478 2105 5556; x_wconf 87' lang='lat' dir='ltr'>Incola_p_r0-</span> 
     </span>
    </p>
   </div>
   <div class='ocr_carea' id='block_1_100' title="bbox 520 5546 2104 5628">
    <p class='ocr_par' dir='ltr' id='par_1_100' title="bbox 520 5546 2104 5628">
     <span class='ocr_line' id='line_1_103' title="bbox 520 5546 2104 5628; baseline 0.004 -26"><span class='ocrx_word' id='word_1_807' title='bbox 520 5546 637 5619; x_wconf 85' lang='lat' dir='ltr'>prie</span> <span class='ocrx_word' id='word_1_808' title='bbox 666 5555 764 5619; x_wconf 86' lang='lat' dir='ltr'>est,</span> <span class='ocrx_word' id='word_1_809' title='bbox 801 5547 913 5622; x_wconf 88' lang='lat' dir='ltr'>qui,</span> <span class='ocrx_word' id='word_1_810' title='bbox 946 5562 1063 5605; x_wconf 86' lang='lat' dir='ltr'>cum</span> <span class='ocrx_word' id='word_1_811' title='bbox 1109 5546 1315 5605; x_wconf 87' lang='lat' dir='ltr'>advena</span> <span class='ocrx_word' id='word_1_812' title='bbox 1344 5556 1505 5615; x_wconf 87' lang='lat' dir='ltr'>esset,</span> <span class='ocrx_word' id='word_1_813' title='bbox 1552 5546 1611 5605; x_wconf 87' lang='lat' dir='ltr'>in</span> <span class='ocrx_word' id='word_1_814' title='bbox 1650 5549 1887 5628; x_wconf 89' lang='lat' dir='ltr'>aliquam</span> <span class='ocrx_word' id='word_1_815' title='bbox 1915 5546 2104 5614; x_wconf 81' lang='lat' dir='ltr'>civita-</span> 
     </span>
    </p>
   </div>
   <div class='ocr_carea' id='block_1_101' title="bbox 2211 4044 3819 4126">
    <p class='ocr_par' dir='ltr' id='par_1_101' title="bbox 2211 4044 3819 4126">
     <span class='ocr_line' id='line_1_104' title="bbox 2211 4044 3819 4126; baseline 0.006 -21"><span class='ocrx_word' id='word_1_816' title='bbox 2211 4058 2318 4105; x_wconf 88' lang='lat' dir='ltr'>tem</span> <span class='ocrx_word' id='word_1_817' title='bbox 2351 4061 2415 4100; x_wconf 93' lang='lat' dir='ltr'>ea</span> <span class='ocrx_word' id='word_1_818' title='bbox 2448 4054 2629 4102; x_wconf 91' lang='lat' dir='ltr'>mente</span> <span class='ocrx_word' id='word_1_819' title='bbox 2656 4044 2953 4103; x_wconf 87' lang='lat' dir='ltr'>habitatum</span> <span class='ocrx_word' id='word_1_820' title='bbox 2998 4048 3172 4126; x_wconf 68' lang='lat' dir='ltr'>venit,</span> <span class='ocrx_word' id='word_1_821' title='bbox 3196 4060 3283 4126; x_wconf 84' lang='lat' dir='ltr'>ut_</span> <span class='ocrx_word' id='word_1_822' title='bbox 3308 4050 3384 4126; x_wconf 82' lang='lat' dir='ltr'>ibi</span> <span class='ocrx_word' id='word_1_823' title='bbox 3422 4064 3699 4126; x_wconf 87' lang='lat' dir='ltr'>perpetuo</span> <span class='ocrx_word' id='word_1_824' title='bbox 3732 4058 3819 4125; x_wconf 90' lang='lat' dir='ltr'>sit,</span> 
     </span>
    </p>
   </div>
   <div class='ocr_carea' id='block_1_102' title="bbox 2209 4121 3821 4189">
    <p class='ocr_par' dir='ltr' id='par_1_102' title="bbox 2209 4121 3821 4189">
     <span class='ocr_line' id='line_1_105' title="bbox 2209 4121 3821 4189; baseline 0.011 -19"><span class='ocrx_word' id='word_1_825' title='bbox 2209 4132 2610 4189; x_wconf 7' lang='lat' dir='ltr'>summamque,</span> <span class='ocrx_word' id='word_1_826' title='bbox 2640 4133 2816 4189; x_wconf 84' lang='lat' dir='ltr'>rerum</span> <span class='ocrx_word' id='word_1_827' title='bbox 2864 4134 3087 4174; x_wconf 88' lang='lat' dir='ltr'>suarum</span> <span class='ocrx_word' id='word_1_828' title='bbox 3140 4121 3215 4176; x_wconf 91' lang='lat' dir='ltr'>ibi</span> <span class='ocrx_word' id='word_1_829' title='bbox 3268 4121 3480 4179; x_wconf 80' lang='lat' dir='ltr'>habeat.</span> <span class='ocrx_word' id='word_1_830' title='bbox 3518 4121 3549 4177; x_wconf 65' lang='lat'>3</span> <span class='ocrx_word' id='word_1_831' title='bbox 3609 4121 3821 4189; x_wconf 77' lang='lat' dir='ltr'>Merita</span> 
     </span>
    </p>
   </div>
   <div class='ocr_carea' id='block_1_103' title="bbox 2210 4186 3819 4271">
    <p class='ocr_par' dir='ltr' id='par_1_103' title="bbox 2210 4186 3819 4271">
     <span class='ocr_line' id='line_1_106' title="bbox 2210 4186 3819 4271; baseline 0.001 -27"><span class='ocrx_word' id='word_1_832' title='bbox 2210 4190 2376 4263; x_wconf 75' lang='lat' dir='ltr'>igitur</span> <span class='ocrx_word' id='word_1_833' title='bbox 2414 4190 2471 4270; x_wconf 82' lang='lat' dir='ltr'>S.</span> <span class='ocrx_word' id='word_1_834' title='bbox 2500 4186 2752 4271; x_wconf 68' lang='lat' dir='ltr'>Spiritus</span> <span class='ocrx_word' id='word_1_835' title='bbox 2808 4189 3073 4271; x_wconf 68' lang='lat' dir='ltr'>incolatus</span> <span class='ocrx_word' id='word_1_836' title='bbox 3119 4190 3216 4249; x_wconf 85' lang='lat' dir='ltr'>fuit</span> <span class='ocrx_word' id='word_1_837' title='bbox 3266 4194 3555 4271; x_wconf 88' lang='lat' dir='ltr'>Christus:</span> <span class='ocrx_word' id='word_1_838' title='bbox 3604 4186 3819 4271; x_wconf 62' lang='lat' dir='ltr'>pel-pe;</span> 
     </span>
    </p>
   </div>
   <div class='ocr_carea' id='block_1_104' title="bbox 2212 4259 3816 4339">
    <p class='ocr_par' dir='ltr' id='par_1_104' title="bbox 2212 4259 3816 4339">
     <span class='ocr_line' id='line_1_107' title="bbox 2212 4259 3816 4339; baseline 0.008 -22"><span class='ocrx_word' id='word_1_839' title='bbox 2212 4259 2361 4339; x_wconf 72' lang='lat' dir='ltr'>tuum</span> <span class='ocrx_word' id='word_1_840' title='bbox 2411 4259 2683 4339; x_wconf 80' lang='lat' dir='ltr'>siquidem</span> <span class='ocrx_word' id='word_1_841' title='bbox 2704 4260 3051 4339; x_wconf 57' lang='lat' dir='ltr'>domicilium</span> <span class='ocrx_word' id='word_1_842' title='bbox 3105 4280 3386 4339; x_wconf 74' lang='lat' dir='ltr'>nunquam</span> <span class='ocrx_word' id='word_1_843' title='bbox 3443 4259 3816 4330; x_wconf 67' lang='lat' dir='ltr'>intermissum</span> 
     </span>
    </p>
   </div>
   <div class='ocr_carea' id='block_1_105' title="bbox 2211 4329 3236 4401">
    <p class='ocr_par' dir='ltr' id='par_1_105' title="bbox 2211 4329 3236 4401">
     <span class='ocr_line' id='line_1_108' title="bbox 2211 4329 3236 4401; baseline 0.003 -12"><span class='ocrx_word' id='word_1_844' title='bbox 2211 4334 2268 4389; x_wconf 91' lang='lat' dir='ltr'>in</span> <span class='ocrx_word' id='word_1_845' title='bbox 2297 4346 2362 4390; x_wconf 90' lang='lat' dir='ltr'>eo</span> <span class='ocrx_word' id='word_1_846' title='bbox 2392 4329 2647 4401; x_wconf 80' lang='lat' dir='ltr'>deposuit</span> <span class='ocrx_word' id='word_1_847' title='bbox 2664 4329 2826 4401; x_wconf 91' lang='lat' dir='ltr'>pleno</span> <span class='ocrx_word' id='word_1_848' title='bbox 2856 4335 3080 4391; x_wconf 85' lang='lat' dir='ltr'>ﬂuento.</span> <span class='ocrx_word' id='word_1_849' title='bbox 3102 4336 3236 4392; x_wconf 67' lang='lat' dir='ltr'>Lac.</span> 
     </span>
    </p>
   </div>
   <div class='ocr_carea' id='block_1_106' title="bbox 2282 4404 3811 4483">
    <p class='ocr_par' dir='ltr' id='par_1_106' title="bbox 2282 4404 3811 4483">
     <span class='ocr_line' id='line_1_109' title="bbox 2282 4404 3811 4483; baseline 0.003 -24"><span class='ocrx_word' id='word_1_850' title='bbox 2282 4405 2393 4483; x_wconf 83' lang='grc'>(26)</span> <span class='ocrx_word' id='word_1_851' title='bbox 2428 4404 2535 4483; x_wconf 74' lang='lat' dir='ltr'>Qui</span> <span class='ocrx_word' id='word_1_852' title='bbox 2570 4404 2908 4483; x_wconf 73' lang='lat' dir='ltr'>vestimenta</span> <span class='ocrx_word' id='word_1_853' title='bbox 2954 4422 3063 4462; x_wconf 87' lang='lat' dir='ltr'>sua</span> <span class='ocrx_word' id='word_1_854' title='bbox 3098 4424 3213 4483; x_wconf 87' lang='lat' dir='ltr'>non</span> <span class='ocrx_word' id='word_1_855' title='bbox 3261 4412 3811 4483; x_wconf 70' lang='lat' dir='ltr'>coinquinaverunz,</span> 
     </span>
    </p>
   </div>
   <div class='ocr_carea' id='block_1_107' title="bbox 2210 4474 3811 4557">
    <p class='ocr_par' dir='ltr' id='par_1_107' title="bbox 2210 4474 3811 4557">
     <span class='ocr_line' id='line_1_110' title="bbox 2210 4474 3811 4557; baseline 0.008 -26"><span class='ocrx_word' id='word_1_856' title='bbox 2210 4476 2396 4557; x_wconf 79' lang='lat' dir='ltr'>Miscet</span> <span class='ocrx_word' id='word_1_857' title='bbox 2421 4475 2715 4557; x_wconf 55' lang='lat' dir='ltr'>Scriptura;</span> <span class='ocrx_word' id='word_1_858' title='bbox 2744 4474 2975 4557; x_wconf 71' lang='lat' dir='ltr'>diversa,</span> <span class='ocrx_word' id='word_1_859' title='bbox 3008 4488 3067 4533; x_wconf 92' lang='lat' dir='ltr'>ut</span> <span class='ocrx_word' id='word_1_860' title='bbox 3086 4481 3220 4557; x_wconf 80' lang='lat' dir='ltr'>solet</span> <span class='ocrx_word' id='word_1_861' title='bbox 3244 4474 3650 4555; x_wconf 81' lang='lat' dir='ltr'>nonnunquam,</span> <span class='ocrx_word' id='word_1_862' title='bbox 3678 4491 3811 4557; x_wconf 78' lang='lat' dir='ltr'>loca,</span> 
     </span>
    </p>
   </div>
   <div class='ocr_carea' id='block_1_108' title="bbox 2211 4544 3816 4624">
    <p class='ocr_par' dir='ltr' id='par_1_108' title="bbox 2211 4544 3816 4624">
     <span class='ocr_line' id='line_1_111' title="bbox 2211 4544 3816 4624; baseline 0.007 -21"><span class='ocrx_word' id='word_1_863' title='bbox 2211 4550 2295 4605; x_wconf 89' lang='lat' dir='ltr'>vel</span> <span class='ocrx_word' id='word_1_864' title='bbox 2323 4545 2501 4624; x_wconf 83' lang='lat' dir='ltr'>potius</span> <span class='ocrx_word' id='word_1_865' title='bbox 2528 4544 2713 4624; x_wconf 75' lang='lat' dir='ltr'>alludit</span> <span class='ocrx_word' id='word_1_866' title='bbox 2741 4546 2809 4599; x_wconf 88' lang='lat' dir='ltr'>ad</span> <span class='ocrx_word' id='word_1_867' title='bbox 2838 4547 3051 4624; x_wconf 81' lang='lat' dir='ltr'>diversa</span> <span class='ocrx_word' id='word_1_868' title='bbox 3089 4549 3206 4607; x_wconf 86' lang='lat' dir='ltr'>loca</span> <span class='ocrx_word' id='word_1_869' title='bbox 3234 4568 3301 4624; x_wconf 84' lang='lat' dir='ltr'>ex</span> <span class='ocrx_word' id='word_1_870' title='bbox 3339 4544 3572 4624; x_wconf 74' lang='lat' dir='ltr'>quorum</span> <span class='ocrx_word' id='word_1_871' title='bbox 3628 4544 3816 4615; x_wconf 63' lang='lat' dir='ltr'>verbis</span> 
     </span>
    </p>
   </div>
   <div class='ocr_carea' id='block_1_109' title="bbox 2212 4615 3815 4693">
    <p class='ocr_par' dir='ltr' id='par_1_109' title="bbox 2212 4615 3815 4693">
     <span class='ocr_line' id='line_1_112' title="bbox 2212 4615 3815 4693; baseline 0.005 -16"><span class='ocrx_word' id='word_1_872' title='bbox 2212 4615 2521 4693; x_wconf 67' lang='lat' dir='ltr'>compingit</span> <span class='ocrx_word' id='word_1_873' title='bbox 2536 4615 2747 4693; x_wconf 80' lang='lat' dir='ltr'>tertiam</span> <span class='ocrx_word' id='word_1_874' title='bbox 2767 4620 3107 4693; x_wconf 72' lang='lat' dir='ltr'>sententiam,</span> <span class='ocrx_word' id='word_1_875' title='bbox 3133 4615 3411 4693; x_wconf 78' lang='lat' dir='ltr'>explicans</span> <span class='ocrx_word' id='word_1_876' title='bbox 3441 4630 3609 4685; x_wconf 81' lang='lat' dir='ltr'>verba</span> <span class='ocrx_word' id='word_1_877' title='bbox 3650 4633 3815 4687; x_wconf 86' lang='lat' dir='ltr'>unius</span> 
     </span>
    </p>
   </div>
   <div class='ocr_carea' id='block_1_110' title="bbox 2214 4688 3082 4760">
    <p class='ocr_par' dir='ltr' id='par_1_110' title="bbox 2214 4688 3082 4760">
     <span class='ocr_line' id='line_1_113' title="bbox 2214 4688 3082 4760; baseline 0 -13"><span class='ocrx_word' id='word_1_878' title='bbox 2214 4692 2322 4747; x_wconf 91' lang='lat' dir='ltr'>loci</span> <span class='ocrx_word' id='word_1_879' title='bbox 2346 4688 2460 4760; x_wconf 63' lang='lat' dir='ltr'>per&#39;</span> <span class='ocrx_word' id='word_1_880' title='bbox 2476 4688 2699 4743; x_wconf 90' lang='lat' dir='ltr'>alterius</span> <span class='ocrx_word' id='word_1_881' title='bbox 2727 4690 2909 4746; x_wconf 88' lang='lat' dir='ltr'>verba.</span> <span class='ocrx_word' id='word_1_882' title='bbox 2949 4690 3082 4747; x_wconf 66' lang='lat' dir='ltr'>Lac.</span> 
     </span>
    </p>
   </div>
   <div class='ocr_carea' id='block_1_111' title="bbox 2212 4760 3813 4889">
    <p class='ocr_par' dir='ltr' id='par_1_111' title="bbox 2212 4760 3813 4889">
     <span class='ocr_line' id='line_1_114' title="bbox 2212 4760 3813 4889; baseline 0.009 -74"><span class='ocrx_word' id='word_1_883' title='bbox 2212 4834 2259 4889; x_wconf 58' lang='grc' dir='ltr'><strong>Β</strong></span> <span class='ocrx_word' id='word_1_884' title='bbox 2287 4760 2649 4831; x_wconf 80' lang='lat' dir='ltr'>(27)]nnubce</span> <span class='ocrx_word' id='word_1_885' title='bbox 2667 4762 2879 4817; x_wconf 89' lang='lat' dir='ltr'>carnis.</span> <span class='ocrx_word' id='word_1_886' title='bbox 2900 4763 3198 4836; x_wconf 68' lang='lat' dir='ltr'>Virginem;</span> <span class='ocrx_word' id='word_1_887' title='bbox 3223 4767 3392 4825; x_wconf 82' lang='lat' dir='ltr'>codex</span> <span class='ocrx_word' id='word_1_888' title='bbox 3414 4769 3555 4829; x_wconf 90' lang='lat' dir='ltr'>Pith.</span> <span class='ocrx_word' id='word_1_889' title='bbox 3574 4774 3813 4831; x_wconf 71' lang='lat' dir='ltr'>innube.</span> 
     </span>
     <span class='ocr_line' id='line_1_115' title="bbox 2264 4848 2339 4889; baseline 0.027 -2"><span class='ocrx_word' id='word_1_890' title='bbox 2264 4848 2339 4889; x_wconf 72' lang='grc' dir='ltr'><strong><em>ιιι.</em></strong></span> 
     </span>
    </p>
   </div>
   <div class='ocr_carea' id='block_1_112' title="bbox 2264 4848 2339 4889">
    <p class='ocr_par' dir='ltr' id='par_1_112' title="bbox 2264 4848 2339 4889">
     <span class='ocr_line' id='line_1_116' title="bbox 2264 4848 2339 4889; baseline 0.027 -2"><span class='ocrx_word' id='word_1_891' title='bbox 2264 4848 2339 4889; x_wconf 81' lang='lat' dir='ltr'>IG.</span> 
     </span>
    </p>
   </div>
   <div class='ocr_carea' id='block_1_113' title="bbox 2290 4903 3813 4986">
    <p class='ocr_par' dir='ltr' id='par_1_113' title="bbox 2290 4903 3813 4986">
     <span class='ocr_line' id='line_1_117' title="bbox 2290 4903 3813 4986; baseline 0.009 -27"><span class='ocrx_word' id='word_1_892' title='bbox 2290 4903 2398 4975; x_wconf 89' lang='lat'><strong>(28)</strong></span> <span class='ocrx_word' id='word_1_893' title='bbox 2455 4907 2620 4986; x_wconf 61' lang='lat' dir='ltr'>Tunc,</span> <span class='ocrx_word' id='word_1_894' title='bbox 2645 4904 2863 4986; x_wconf 74' lang='lat' dir='ltr'>inquit,</span> <span class='ocrx_word' id='word_1_895' title='bbox 2916 4908 3110 4986; x_wconf 78' lang='lat' dir='ltr'>lumen</span> <span class='ocrx_word' id='word_1_896' title='bbox 3159 4914 3328 4967; x_wconf 88' lang='lat' dir='ltr'>tuum</span> <span class='ocrx_word' id='word_1_897' title='bbox 3370 4916 3813 4986; x_wconf 81' lang='lat' dir='ltr'>temporaneum</span> 
     </span>
    </p>
   </div>
   <div class='ocr_carea' id='block_1_114' title="bbox 2215 4976 3809 5063">
    <p class='ocr_par' dir='ltr' id='par_1_114' title="bbox 2215 4976 3809 5063">
     <span class='ocr_line' id='line_1_118' title="bbox 2215 4976 3809 5063; baseline 0.006 -28"><span class='ocrx_word' id='word_1_898' title='bbox 2215 4981 2494 5049; x_wconf 87' lang='lat' dir='ltr'>erumpet.</span> <span class='ocrx_word' id='word_1_899' title='bbox 2528 4976 3145 5063; x_wconf 29' lang='lat' dir='ltr'>vertiltjAuct-ornlsaiaa</span> <span class='ocrx_word' id='word_1_900' title='bbox 3185 4996 3313 5063; x_wconf 50' lang='lat' dir='ltr'>cvm</span> <span class='ocrx_word' id='word_1_901' title='bbox 3357 4976 3809 5063; x_wconf 72' lang='lat' dir='ltr'>temporaneum,</span> 
     </span>
    </p>
   </div>
   <div class='ocr_carea' id='block_1_115' title="bbox 2214 5047 3815 5132">
    <p class='ocr_par' dir='ltr' id='par_1_115' title="bbox 2214 5047 3815 5132">
     <span class='ocr_line' id='line_1_119' title="bbox 2214 5047 3815 5132; baseline 0.007 -28"><span class='ocrx_word' id='word_1_902' title='bbox 2214 5066 2314 5122; x_wconf 87' lang='lat' dir='ltr'>pro</span> <span class='ocrx_word' id='word_1_903' title='bbox 2351 5047 2416 5105; x_wconf 79' lang='lat' dir='ltr'>eo</span> <span class='ocrx_word' id='word_1_904' title='bbox 2463 5047 2727 5132; x_wconf 50' lang='lat' dir='ltr'>quodnalii</span> <span class='ocrx_word' id='word_1_905' title='bbox 2770 5051 3150 5132; x_wconf 66' lang='lat' dir='ltr'>matutinum.</span> <span class='ocrx_word' id='word_1_906' title='bbox 3175 5052 3380 5132; x_wconf 81' lang='lat' dir='ltr'>_Graeca</span> <span class='ocrx_word' id='word_1_907' title='bbox 3418 5047 3524 5132; x_wconf 71' lang='lat' dir='ltr'>vdx</span> <span class='ocrx_word' id='word_1_908' title='bbox 3580 5047 3815 5132; x_wconf 58' lang='grc' dir='ltr'>πρώῖμοᾷ</span> 
     </span>
    </p>
   </div>
   <div class='ocr_carea' id='block_1_116' title="bbox 2214 5116 3813 5196">
    <p class='ocr_par' dir='ltr' id='par_1_116' title="bbox 2214 5116 3813 5196">
     <span class='ocr_line' id='line_1_120' title="bbox 2214 5116 3813 5196; baseline 0.004 -18"><span class='ocrx_word' id='word_1_909' title='bbox 2214 5116 2439 5194; x_wconf 67' lang='lat' dir='ltr'>praecox</span> <span class='ocrx_word' id='word_1_910' title='bbox 2467 5116 2751 5192; x_wconf 75' lang='lat' dir='ltr'>significat.</span> <span class='ocrx_word' id='word_1_911' title='bbox 2781 5120 2989 5196; x_wconf 85' lang='lat' dir='ltr'>Dei_nd_e</span> <span class='ocrx_word' id='word_1_912' title='bbox 3019 5123 3149 5194; x_wconf 83' lang='lat' dir='ltr'>legit</span> <span class='ocrx_word' id='word_1_913' title='bbox 3175 5122 3371 5196; x_wconf 78' lang='grc' dir='ltr'>ἱμάτια,</span> <span class='ocrx_word' id='word_1_914' title='bbox 3416 5127 3469 5181; x_wconf 93' lang='lat' dir='ltr'>id</span> <span class='ocrx_word' id='word_1_915' title='bbox 3516 5116 3813 5187; x_wconf 59' lang='lat' dir='ltr'>est&#39;vesti-</span> 
     </span>
    </p>
   </div>
   <div class='ocr_carea' id='block_1_117' title="bbox 2218 5192 3812 5269">
    <p class='ocr_par' dir='ltr' id='par_1_117' title="bbox 2218 5192 3812 5269">
     <span class='ocr_line' id='line_1_121' title="bbox 2218 5192 3812 5269; baseline 0.011 -24"><span class='ocrx_word' id='word_1_916' title='bbox 2218 5192 2418 5269; x_wconf 81' lang='lat' dir='ltr'>menta,</span> <span class='ocrx_word' id='word_1_917' title='bbox 2475 5206 2573 5262; x_wconf 91' lang='lat' dir='ltr'>pro</span> <span class='ocrx_word' id='word_1_918' title='bbox 2627 5204 2692 5245; x_wconf 91' lang='lat' dir='ltr'>eo</span> <span class='ocrx_word' id='word_1_919' title='bbox 2735 5192 2893 5269; x_wconf 68' lang='lat' dir='ltr'>quod</span> <span class='ocrx_word' id='word_1_920' title='bbox 2937 5192 3115 5269; x_wconf 55' lang='lat' dir='ltr'>Grmci</span> <span class='ocrx_word' id='word_1_921' title='bbox 3161 5192 3376 5253; x_wconf 86' lang='lat' dir='ltr'>codices</span> <span class='ocrx_word' id='word_1_922' title='bbox 3422 5199 3700 5269; x_wconf 84' lang='lat' dir='ltr'>hodierni,</span> <span class='ocrx_word' id='word_1_923' title='bbox 3760 5218 3812 5263; x_wconf 85' lang='lat' dir='ltr'>et</span> 
     </span>
    </p>
   </div>
   <div class='ocr_carea' id='block_1_118' title="bbox 2215 5259 3807 5347">
    <p class='ocr_par' dir='ltr' id='par_1_118' title="bbox 2215 5259 3807 5347">
     <span class='ocr_line' id='line_1_122' title="bbox 2215 5259 3807 5347; baseline 0.01 -30"><span class='ocrx_word' id='word_1_924' title='bbox 2215 5259 2435 5347; x_wconf 79' lang='lat' dir='ltr'>quidam</span> <span class='ocrx_word' id='word_1_925' title='bbox 2464 5259 2704 5347; x_wconf 73' lang='lat' dir='ltr'>veterum</span> <span class='ocrx_word' id='word_1_926' title='bbox 2735 5259 2940 5347; x_wconf 60' lang='grc' dir='ltr'>ζᾷματςξ,</span> <span class='ocrx_word' id='word_1_927' title='bbox 2990 5264 3045 5319; x_wconf 90' lang='lat' dir='ltr'>id</span> <span class='ocrx_word' id='word_1_928' title='bbox 3093 5274 3182 5347; x_wconf 77' lang='lat' dir='ltr'>est</span> <span class='ocrx_word' id='word_1_929' title='bbox 3225 5270 3555 5347; x_wconf 65' lang='lat' dir='ltr'>curationes.</span> <span class='ocrx_word' id='word_1_930' title='bbox 3604 5259 3807 5347; x_wconf 69' lang='lat' dir='ltr'>Duplex</span> 
     </span>
    </p>
   </div>
   <div class='ocr_carea' id='block_1_119' title="bbox 2216 5334 3813 5409">
    <p class='ocr_par' dir='ltr' id='par_1_119' title="bbox 2216 5334 3813 5409">
     <span class='ocr_line' id='line_1_123' title="bbox 2216 5334 3813 5409; baseline 0.009 -18"><span class='ocrx_word' id='word_1_931' title='bbox 2216 5334 2297 5391; x_wconf 84' lang='lat' dir='ltr'>est</span> <span class='ocrx_word' id='word_1_932' title='bbox 2325 5336 2488 5405; x_wconf 88' lang='lat' dir='ltr'>hujus</span> <span class='ocrx_word' id='word_1_933' title='bbox 2516 5334 2619 5391; x_wconf 87' lang='lat' dir='ltr'>loci</span> <span class='ocrx_word' id='word_1_934' title='bbox 2650 5334 2808 5409; x_wconf 80' lang='lat' dir='ltr'>lectio</span> <span class='ocrx_word' id='word_1_935' title='bbox 2846 5337 3012 5392; x_wconf 89' lang='lat' dir='ltr'>etiam</span> <span class='ocrx_word' id='word_1_936' title='bbox 3041 5340 3184 5409; x_wconf 90' lang='lat' dir='ltr'>apud</span> <span class='ocrx_word' id='word_1_937' title='bbox 3218 5339 3445 5397; x_wconf 65' lang='lat' dir='ltr'>Graecos</span> <span class='ocrx_word' id='word_1_938' title='bbox 3478 5362 3490 5397; x_wconf 92' lang='lat'>:</span> <span class='ocrx_word' id='word_1_939' title='bbox 3524 5360 3655 5399; x_wconf 84' lang='lat' dir='ltr'>nam</span> <span class='ocrx_word' id='word_1_940' title='bbox 3692 5334 3813 5405; x_wconf 72' lang='lat' dir='ltr'>con-</span> 
     </span>
    </p>
   </div>
   <div class='ocr_carea' id='block_1_120' title="bbox 2217 5406 3805 5483">
    <p class='ocr_par' dir='ltr' id='par_1_120' title="bbox 2217 5406 3805 5483">
     <span class='ocr_line' id='line_1_124' title="bbox 2217 5406 3805 5483; baseline 0.009 -23"><span class='ocrx_word' id='word_1_941' title='bbox 2217 5408 2455 5483; x_wconf 71' lang='lat' dir='ltr'>sentiunt</span> <span class='ocrx_word' id='word_1_942' title='bbox 2501 5406 2993 5483; x_wconf 68' lang='lat' dir='ltr'>Tertulliano,_non</span> <span class='ocrx_word' id='word_1_943' title='bbox 3031 5406 3195 5466; x_wconf 78' lang='lat' dir='ltr'>modo</span> <span class='ocrx_word' id='word_1_944' title='bbox 3223 5412 3284 5466; x_wconf 90' lang='grc' dir='ltr'>Β.</span> <span class='ocrx_word' id='word_1_945' title='bbox 3337 5412 3660 5483; x_wconf 72' lang='lat' dir='ltr'>Cyprianus,</span> <span class='ocrx_word' id='word_1_946' title='bbox 3720 5424 3805 5477; x_wconf 90' lang='lat' dir='ltr'>lib.</span> 
     </span>
    </p>
   </div>
   <div class='ocr_carea' id='block_1_121' title="bbox 2216 5478 3810 5559">
    <p class='ocr_par' dir='ltr' id='par_1_121' title="bbox 2216 5478 3810 5559">
     <span class='ocr_line' id='line_1_125' title="bbox 2216 5478 3810 5559; baseline 0.011 -26"><span class='ocrx_word' id='word_1_947' title='bbox 2216 5478 2282 5533; x_wconf 87' lang='lat' dir='ltr'>de</span> <span class='ocrx_word' id='word_1_948' title='bbox 2303 5481 2572 5559; x_wconf 59' lang='lat' dir='ltr'>lilegmas.</span> <span class='ocrx_word' id='word_1_949' title='bbox 2600 5482 2653 5534; x_wconf 87' lang='lat' dir='ltr'>et</span> <span class='ocrx_word' id='word_1_950' title='bbox 2684 5478 2968 5559; x_wconf 65' lang='lat' dir='ltr'>Oper-ibus,</span> <span class='ocrx_word' id='word_1_951' title='bbox 3010 5478 3491 5559; x_wconf 25' lang='lat' dir='ltr'>s‘ubAprincipiuni,</span> <span class='ocrx_word' id='word_1_952' title='bbox 3524 5504 3591 5547; x_wconf 86' lang='lat' dir='ltr'>ac</span> <span class='ocrx_word' id='word_1_953' title='bbox 3618 5478 3719 5549; x_wconf 79' lang='lat' dir='ltr'>lib.</span> <span class='ocrx_word' id='word_1_954' title='bbox 3749 5495 3810 5549; x_wconf 81' lang='lat' dir='ltr'>de</span> 
     </span>
    </p>
   </div>
   <div class='ocr_carea' id='block_1_122' title="bbox 2215 5549 3807 5635">
    <p class='ocr_par' dir='ltr' id='par_1_122' title="bbox 2215 5549 3807 5635">
     <span class='ocr_line' id='line_1_126' title="bbox 2215 5549 3807 5635; baseline 0.011 -27"><span class='ocrx_word' id='word_1_955' title='bbox 2215 5555 2363 5609; x_wconf 88' lang='lat' dir='ltr'>orat.</span> <span class='ocrx_word' id='word_1_956' title='bbox 2385 5554 2605 5611; x_wconf 88' lang='lat' dir='ltr'>Domin.</span> <span class='ocrx_word' id='word_1_957' title='bbox 2627 5549 2929 5622; x_wconf 59' lang='lat' dir='ltr'>sub&#39;tinem,</span> <span class='ocrx_word' id='word_1_958' title='bbox 2949 5554 3083 5612; x_wconf 89' lang='lat' dir='ltr'>etB.</span> <span class='ocrx_word' id='word_1_959' title='bbox 3105 5549 3441 5633; x_wconf 78' lang='lat' dir='ltr'>Augustinus</span> <span class='ocrx_word' id='word_1_960' title='bbox 3478 5549 3646 5621; x_wconf 75' lang='lat' dir='ltr'>serat.</span> <span class='ocrx_word' id='word_1_961' title='bbox 3680 5569 3807 5635; x_wconf 70' lang='lat'><strong>172;</strong></span> 
     </span>
    </p>
   </div>
   <div class='ocr_carea' id='block_1_123' title="bbox 3936 4919 3945 5033">
    <p class='ocr_par' dir='ltr' id='par_1_123' title="bbox 3936 4919 3945 5033">
     <span class='ocr_line' id='line_1_127' title="bbox 3936 4919 3945 5033; baseline 0 0"><span class='ocrx_word' id='word_1_962' title='bbox 3936 4919 3945 5033; x_wconf 81' lang='lat' dir='ltr'>l</span> 
     </span>
    </p>
   </div>
  </div>
