  <div class='ocr_page' id='page_1' title='image "/cluster/home/n/w/nwhite01/storage/ocr_20150623/2/hvd.32044096580329/447.png"; bbox 0 0 4028 6188; ppageno 0'>
   <div class='ocr_carea' id='block_1_1' title="bbox 489 359 593 419">
    <p class='ocr_par' dir='ltr' id='par_1_1' title="bbox 489 359 593 419">
     <span class='ocr_line' id='line_1_1' title="bbox 489 359 593 419; baseline 0.01 -1"><span class='ocrx_word' id='word_1_1' title='bbox 489 359 593 419; x_wconf 89' lang='grc'><strong>883</strong></span> 
     </span>
    </p>
   </div>
   <div class='ocr_carea' id='block_1_2' title="bbox 1188 354 3087 436">
    <p class='ocr_par' dir='ltr' id='par_1_2' title="bbox 1188 354 3087 436">
     <span class='ocr_line' id='line_1_2' title="bbox 1188 354 3087 436; baseline -0.004 -16"><span class='ocrx_word' id='word_1_2' title='bbox 1188 359 1629 424; x_wconf 81' lang='lat' dir='ltr'><strong>TERTULLIANI</strong></span> <span class='ocrx_word' id='word_1_3' title='bbox 1667 361 1934 426; x_wconf 82' lang='lat' dir='ltr'><strong>OPERUM</strong></span> <span class='ocrx_word' id='word_1_4' title='bbox 1969 360 2136 422; x_wconf 78' lang='lat' dir='ltr'><strong>PARS</strong></span> <span class='ocrx_word' id='word_1_5' title='bbox 2173 359 2241 420; x_wconf 89' lang='lat' dir='ltr'><strong>II.</strong></span> <span class='ocrx_word' id='word_1_6' title='bbox 2282 391 2352 402; x_wconf 90' lang='lat'><strong>—</strong></span> <span class='ocrx_word' id='word_1_7' title='bbox 2387 357 2614 436; x_wconf 75' lang='lat' dir='ltr'><strong>SERIES</strong></span> <span class='ocrx_word' id='word_1_8' title='bbox 2651 358 2694 426; x_wconf 87' lang='grc' dir='ltr'><strong>Ι,</strong></span> <span class='ocrx_word' id='word_1_9' title='bbox 2735 354 3087 418; x_wconf 74' lang='lat' dir='ltr'><strong>POLEMIGA.</strong></span> 
     </span>
    </p>
   </div>
   <div class='ocr_carea' id='block_1_3' title="bbox 3689 345 3792 407">
    <p class='ocr_par' dir='ltr' id='par_1_3' title="bbox 3689 345 3792 407">
     <span class='ocr_line' id='line_1_3' title="bbox 3689 345 3792 407; baseline 0 0"><span class='ocrx_word' id='word_1_10' title='bbox 3689 345 3792 407; x_wconf 73' lang='grc'><strong>884</strong></span> 
     </span>
    </p>
   </div>
   <div class='ocr_carea' id='block_1_4' title="bbox 488 475 3795 582">
    <p class='ocr_par' dir='ltr' id='par_1_4' title="bbox 488 475 3795 582">
     <span class='ocr_line' id='line_1_4' title="bbox 488 475 3795 582; baseline 0.001 -39"><span class='ocrx_word' id='word_1_11' title='bbox 488 487 721 560; x_wconf 88' lang='lat' dir='ltr'><strong>speciem</strong></span> <span class='ocrx_word' id='word_1_12' title='bbox 752 489 800 529; x_wconf 74' lang='lat'><strong>19</strong></span> <span class='ocrx_word' id='word_1_13' title='bbox 845 487 899 544; x_wconf 92' lang='lat' dir='ltr'><strong>in</strong></span> <span class='ocrx_word' id='word_1_14' title='bbox 945 489 1090 559; x_wconf 87' lang='lat' dir='ltr'><strong>ipsas</strong></span> <span class='ocrx_word' id='word_1_15' title='bbox 1135 490 1461 547; x_wconf 77' lang='lat' dir='ltr'><strong>substantias</strong></span> <span class='ocrx_word' id='word_1_16' title='bbox 1506 491 1817 563; x_wconf 84' lang='lat' dir='ltr'><strong>corporales</strong></span> <span class='ocrx_word' id='word_1_17' title='bbox 1868 489 2085 564; x_wconf 83' lang='lat' dir='ltr'><strong>speciali</strong></span> <span class='ocrx_word' id='word_1_18' title='bbox 2118 503 2164 582; x_wconf 67' lang='grc' dir='ltr'>Α</span> <span class='ocrx_word' id='word_1_19' title='bbox 2198 489 2330 544; x_wconf 88' lang='lat' dir='ltr'><strong>tiant</strong></span> <span class='ocrx_word' id='word_1_20' title='bbox 2371 487 2427 544; x_wconf 92' lang='lat' dir='ltr'><strong>in</strong></span> <span class='ocrx_word' id='word_1_21' title='bbox 2474 485 2740 560; x_wconf 76' lang='lat' dir='ltr'><strong>allegoriae</strong></span> <span class='ocrx_word' id='word_1_22' title='bbox 2769 483 3337 582; x_wconf 39' lang='lat' dir='ltr'><strong>argumentatione-rp,</strong></span> <span class='ocrx_word' id='word_1_23' title='bbox 3365 477 3494 578; x_wconf 61' lang='lat' dir='ltr'><strong>quit!</strong></span> <span class='ocrx_word' id='word_1_24' title='bbox 3539 475 3795 582; x_wconf 52' lang='grc' dir='ltr'><strong>άῖοεικξον</strong></span> 
     </span>
    </p>
   </div>
   <div class='ocr_carea' id='block_1_5' title="bbox 487 578 2088 658">
    <p class='ocr_par' dir='ltr' id='par_1_5' title="bbox 487 578 2088 658">
     <span class='ocr_line' id='line_1_5' title="bbox 487 578 2088 658; baseline 0.002 -27"><span class='ocrx_word' id='word_1_25' title='bbox 487 578 758 635; x_wconf 80' lang='lat' dir='ltr'><strong>mentione</strong></span> <span class='ocrx_word' id='word_1_26' title='bbox 822 579 1203 648; x_wconf 89' lang='lat' dir='ltr'><strong>determinant,</strong></span> <span class='ocrx_word' id='word_1_27' title='bbox 1264 596 1373 636; x_wconf 91' lang='lat' dir='ltr'><strong>non</strong></span> <span class='ocrx_word' id='word_1_28' title='bbox 1431 587 1590 636; x_wconf 91' lang='lat' dir='ltr'><strong>erunt</strong></span> <span class='ocrx_word' id='word_1_29' title='bbox 1638 581 1976 658; x_wconf 69' lang='lat' dir='ltr'><strong>deducendae</strong></span> <span class='ocrx_word' id='word_1_30' title='bbox 2031 581 2088 635; x_wconf 90' lang='lat' dir='ltr'><strong>in</strong></span> 
     </span>
    </p>
   </div>
   <div class='ocr_carea' id='block_1_6' title="bbox 486 667 2088 743">
    <p class='ocr_par' dir='ltr' id='par_1_6' title="bbox 486 667 2088 743">
     <span class='ocr_line' id='line_1_6' title="bbox 486 667 2088 743; baseline 0.004 -23"><span class='ocrx_word' id='word_1_31' title='bbox 486 667 876 737; x_wconf 64' lang='lat' dir='ltr'><strong>quaestionem!</strong></span> <span class='ocrx_word' id='word_1_32' title='bbox 914 668 1116 739; x_wconf 85' lang='lat' dir='ltr'><strong>Accipe</strong></span> <span class='ocrx_word' id='word_1_33' title='bbox 1159 669 1496 726; x_wconf 87' lang='lat' dir='ltr'><strong>Ezechielem</strong></span> <span class='ocrx_word' id='word_1_34' title='bbox 1543 671 1764 742; x_wconf 72' lang='lat' dir='ltr'><strong>(Ezech.</strong></span> <span class='ocrx_word' id='word_1_35' title='bbox 1810 673 2039 743; x_wconf 79' lang='lat' dir='ltr'><strong>xxxv&quot;)</strong></span> <span class='ocrx_word' id='word_1_36' title='bbox 2075 690 2088 726; x_wconf 89' lang='lat'>:</span> 
     </span>
    </p>
   </div>
   <div class='ocr_carea' id='block_1_7' title="bbox 488 759 2115 839">
    <p class='ocr_par' dir='ltr' id='par_1_7' title="bbox 488 759 2115 839">
     <span class='ocr_line' id='line_1_7' title="bbox 488 759 2115 839; baseline 0.004 -27"><span class='ocrx_word' id='word_1_37' title='bbox 488 759 557 813; x_wconf 87' lang='lat' dir='ltr'><strong>Et</strong></span> <span class='ocrx_word' id='word_1_38' title='bbox 585 760 743 829; x_wconf 83' lang='lat' dir='ltr'><strong>facta</strong></span> <span class='ocrx_word' id='word_1_39' title='bbox 773 763 874 824; x_wconf 85' lang='lat' dir='ltr'><strong>est,</strong></span> <span class='ocrx_word' id='word_1_40' title='bbox 911 759 1101 832; x_wconf 79' lang='lat' dir='ltr'><strong>inquit,</strong></span> <span class='ocrx_word' id='word_1_41' title='bbox 1131 775 1302 833; x_wconf 83' lang='lat' dir='ltr'><strong>super</strong></span> <span class='ocrx_word' id='word_1_42' title='bbox 1353 777 1440 817; x_wconf 89' lang='lat' dir='ltr'><strong>me</strong></span> <span class='ocrx_word' id='word_1_43' title='bbox 1485 777 1696 817; x_wconf 90' lang='lat' dir='ltr'><strong>manus</strong></span> <span class='ocrx_word' id='word_1_44' title='bbox 1740 765 1983 833; x_wconf 79' lang='lat' dir='ltr'><strong>Domini,</strong></span> <span class='ocrx_word' id='word_1_45' title='bbox 2037 767 2115 839; x_wconf 41' lang='lat' dir='ltr'><strong>et.</strong></span> 
     </span>
    </p>
   </div>
   <div class='ocr_carea' id='block_1_8' title="bbox 489 847 2092 923">
    <p class='ocr_par' dir='ltr' id='par_1_8' title="bbox 489 847 2092 923">
     <span class='ocr_line' id='line_1_8' title="bbox 489 847 2092 923; baseline 0.005 -23"><span class='ocrx_word' id='word_1_46' title='bbox 489 847 705 901; x_wconf 73' lang='lat' dir='ltr'><strong>extulit</strong></span> <span class='ocrx_word' id='word_1_47' title='bbox 724 864 815 903; x_wconf 90' lang='lat' dir='ltr'><strong>me</strong></span> <span class='ocrx_word' id='word_1_48' title='bbox 844 847 910 901; x_wconf 90' lang='lat' dir='ltr'><strong>in</strong></span> <span class='ocrx_word' id='word_1_49' title='bbox 939 849 1152 920; x_wconf 83' lang='lat' dir='ltr'><strong>spiritu</strong></span> <span class='ocrx_word' id='word_1_50' title='bbox 1182 851 1471 916; x_wconf 75' lang='lat' dir='ltr'><strong>Dominus,</strong></span> <span class='ocrx_word' id='word_1_51' title='bbox 1495 855 1550 906; x_wconf 91' lang='lat' dir='ltr'><strong>et</strong></span> <span class='ocrx_word' id='word_1_52' title='bbox 1569 853 1759 923; x_wconf 81' lang='lat' dir='ltr'><strong>posuit</strong></span> <span class='ocrx_word' id='word_1_53' title='bbox 1777 870 1866 910; x_wconf 89' lang='lat' dir='ltr'><strong>me</strong></span> <span class='ocrx_word' id='word_1_54' title='bbox 1893 855 1956 908; x_wconf 88' lang='lat' dir='ltr'><strong>in</strong></span> <span class='ocrx_word' id='word_1_55' title='bbox 1978 868 2092 909; x_wconf 87' lang='lat' dir='ltr'><strong>me-</strong></span> 
     </span>
    </p>
   </div>
   <div class='ocr_carea' id='block_1_9' title="bbox 487 935 2089 1012">
    <p class='ocr_par' dir='ltr' id='par_1_9' title="bbox 487 935 2089 1012">
     <span class='ocr_line' id='line_1_9' title="bbox 487 935 2089 1012; baseline 0.006 -24"><span class='ocrx_word' id='word_1_56' title='bbox 487 935 578 992; x_wconf 85' lang='lat' dir='ltr'><strong>dio</strong></span> <span class='ocrx_word' id='word_1_57' title='bbox 608 938 832 1008; x_wconf 89' lang='lat' dir='ltr'><strong>campi:</strong></span> <span class='ocrx_word' id='word_1_58' title='bbox 855 939 903 992; x_wconf 93' lang='lat' dir='ltr'><strong>is</strong></span> <span class='ocrx_word' id='word_1_59' title='bbox 933 941 1057 993; x_wconf 89' lang='lat' dir='ltr'><strong>erat</strong></span> <span class='ocrx_word' id='word_1_60' title='bbox 1090 940 1302 994; x_wconf 90' lang='lat' dir='ltr'><strong>ossibus</strong></span> <span class='ocrx_word' id='word_1_61' title='bbox 1328 943 1592 1012; x_wconf 81' lang='lat' dir='ltr'><strong>refertus,</strong></span> <span class='ocrx_word' id='word_1_62' title='bbox 1613 944 1671 996; x_wconf 90' lang='lat' dir='ltr'><strong>et</strong></span> <span class='ocrx_word' id='word_1_63' title='bbox 1696 943 2089 999; x_wconf 69' lang='lat' dir='ltr'><strong>circumduxit</strong></span> 
     </span>
    </p>
   </div>
   <div class='ocr_carea' id='block_1_10' title="bbox 487 1028 2092 1104">
    <p class='ocr_par' dir='ltr' id='par_1_10' title="bbox 487 1028 2092 1104">
     <span class='ocr_line' id='line_1_10' title="bbox 487 1028 2092 1104; baseline 0.005 -25"><span class='ocrx_word' id='word_1_64' title='bbox 487 1041 577 1080; x_wconf 88' lang='lat' dir='ltr'><strong>me</strong></span> <span class='ocrx_word' id='word_1_65' title='bbox 604 1043 770 1098; x_wconf 82' lang='lat' dir='ltr'><strong>super</strong></span> <span class='ocrx_word' id='word_1_66' title='bbox 789 1043 854 1082; x_wconf 86' lang='lat' dir='ltr'><strong>ea</strong></span> <span class='ocrx_word' id='word_1_67' title='bbox 880 1043 985 1099; x_wconf 88' lang='lat' dir='ltr'><strong>per</strong></span> <span class='ocrx_word' id='word_1_68' title='bbox 1004 1028 1344 1096; x_wconf 84' lang='lat' dir='ltr'><strong>circuitum;</strong></span> <span class='ocrx_word' id='word_1_69' title='bbox 1372 1033 1426 1086; x_wconf 89' lang='lat' dir='ltr'><strong>et</strong></span> <span class='ocrx_word' id='word_1_70' title='bbox 1446 1045 1571 1087; x_wconf 88' lang='lat' dir='ltr'><strong>ecce</strong></span> <span class='ocrx_word' id='word_1_71' title='bbox 1592 1031 1780 1088; x_wconf 90' lang='lat' dir='ltr'><strong>multa</strong></span> <span class='ocrx_word' id='word_1_72' title='bbox 1810 1048 1980 1104; x_wconf 89' lang='lat' dir='ltr'><strong>super</strong></span> <span class='ocrx_word' id='word_1_73' title='bbox 2006 1037 2092 1103; x_wconf 88' lang='lat' dir='ltr'><strong>fa-</strong></span> 
     </span>
    </p>
   </div>
   <div class='ocr_carea' id='block_1_11' title="bbox 488 1115 2092 1189">
    <p class='ocr_par' dir='ltr' id='par_1_11' title="bbox 488 1115 2092 1189">
     <span class='ocr_line' id='line_1_11' title="bbox 488 1115 2092 1189; baseline 0.004 -19"><span class='ocrx_word' id='word_1_74' title='bbox 488 1115 631 1170; x_wconf 88' lang='lat' dir='ltr'><strong>ciem</strong></span> <span class='ocrx_word' id='word_1_75' title='bbox 663 1117 868 1189; x_wconf 83' lang='lat' dir='ltr'><strong>campi,</strong></span> <span class='ocrx_word' id='word_1_76' title='bbox 902 1120 956 1172; x_wconf 89' lang='lat' dir='ltr'><strong>et</strong></span> <span class='ocrx_word' id='word_1_77' title='bbox 984 1132 1106 1173; x_wconf 87' lang='lat' dir='ltr'><strong>ecce</strong></span> <span class='ocrx_word' id='word_1_78' title='bbox 1135 1118 1300 1172; x_wconf 86' lang='lat' dir='ltr'><strong>arida</strong></span> <span class='ocrx_word' id='word_1_79' title='bbox 1327 1119 1488 1173; x_wconf 89' lang='lat' dir='ltr'><strong>satis.</strong></span> <span class='ocrx_word' id='word_1_80' title='bbox 1517 1122 1585 1175; x_wconf 89' lang='lat' dir='ltr'><strong>Et</strong></span> <span class='ocrx_word' id='word_1_81' title='bbox 1614 1122 1698 1175; x_wconf 87' lang='lat' dir='ltr'><strong>ait</strong></span> <span class='ocrx_word' id='word_1_82' title='bbox 1728 1122 1800 1176; x_wconf 92' lang='lat' dir='ltr'><strong>ad</strong></span> <span class='ocrx_word' id='word_1_83' title='bbox 1836 1138 1925 1177; x_wconf 90' lang='lat' dir='ltr'><strong>me</strong></span> <span class='ocrx_word' id='word_1_84' title='bbox 1945 1142 1962 1177; x_wconf 93' lang='lat'><em>:</em></span> <span class='ocrx_word' id='word_1_85' title='bbox 1982 1124 2092 1178; x_wconf 86' lang='lat' dir='ltr'><strong>Fili</strong></span> 
     </span>
    </p>
   </div>
   <div class='ocr_carea' id='block_1_12' title="bbox 488 1205 2094 1270">
    <p class='ocr_par' dir='ltr' id='par_1_12' title="bbox 488 1205 2094 1270">
     <span class='ocr_line' id='line_1_12' title="bbox 488 1205 2094 1270; baseline 0.003 -10"><span class='ocrx_word' id='word_1_86' title='bbox 488 1205 754 1270; x_wconf 82' lang='lat' dir='ltr'><strong>hominis,</strong></span> <span class='ocrx_word' id='word_1_87' title='bbox 777 1208 826 1261; x_wconf 89' lang='lat' dir='ltr'><strong>si</strong></span> <span class='ocrx_word' id='word_1_88' title='bbox 855 1207 1042 1262; x_wconf 88' lang='lat' dir='ltr'><strong>vivent</strong></span> <span class='ocrx_word' id='word_1_89' title='bbox 1069 1223 1192 1264; x_wconf 89' lang='lat' dir='ltr'><strong>ossa</strong></span> <span class='ocrx_word' id='word_1_90' title='bbox 1219 1207 1376 1263; x_wconf 84' lang='lat' dir='ltr'><strong>ista?</strong></span> <span class='ocrx_word' id='word_1_91' title='bbox 1400 1211 1466 1263; x_wconf 88' lang='lat' dir='ltr'><strong>Et</strong></span> <span class='ocrx_word' id='word_1_92' title='bbox 1487 1208 1612 1264; x_wconf 74' lang='lat' dir='ltr'><strong>dixi</strong></span> <span class='ocrx_word' id='word_1_93' title='bbox 1630 1228 1648 1264; x_wconf 94' lang='lat'><strong><em>:</em></strong></span> <span class='ocrx_word' id='word_1_94' title='bbox 1671 1210 1889 1267; x_wconf 87' lang='lat' dir='ltr'><strong>Adonai</strong></span> <span class='ocrx_word' id='word_1_95' title='bbox 1910 1211 2094 1268; x_wconf 89' lang='lat' dir='ltr'><strong>Domi-</strong></span> 
     </span>
    </p>
   </div>
   <div class='ocr_carea' id='block_1_13' title="bbox 488 1295 2089 1369">
    <p class='ocr_par' dir='ltr' id='par_1_13' title="bbox 488 1295 2089 1369">
     <span class='ocr_line' id='line_1_13' title="bbox 488 1295 2089 1369; baseline 0.004 -19"><span class='ocrx_word' id='word_1_96' title='bbox 488 1305 582 1363; x_wconf 88' lang='lat' dir='ltr'><strong>ne,</strong></span> <span class='ocrx_word' id='word_1_97' title='bbox 610 1297 672 1349; x_wconf 92' lang='lat' dir='ltr'><strong>tu</strong></span> <span class='ocrx_word' id='word_1_98' title='bbox 695 1297 820 1351; x_wconf 90' lang='lat' dir='ltr'><strong>scis.</strong></span> <span class='ocrx_word' id='word_1_99' title='bbox 860 1297 929 1351; x_wconf 88' lang='lat' dir='ltr'><strong>Et</strong></span> <span class='ocrx_word' id='word_1_100' title='bbox 959 1295 1042 1351; x_wconf 88' lang='lat' dir='ltr'><strong>ait</strong></span> <span class='ocrx_word' id='word_1_101' title='bbox 1062 1296 1135 1352; x_wconf 90' lang='lat' dir='ltr'><strong>ad</strong></span> <span class='ocrx_word' id='word_1_102' title='bbox 1159 1313 1249 1353; x_wconf 90' lang='lat' dir='ltr'><strong>me</strong></span> <span class='ocrx_word' id='word_1_103' title='bbox 1269 1315 1287 1352; x_wconf 92' lang='lat'><strong><em>:</em></strong></span> <span class='ocrx_word' id='word_1_104' title='bbox 1309 1299 1588 1369; x_wconf 86' lang='lat' dir='ltr'><strong>Propheta</strong></span> <span class='ocrx_word' id='word_1_105' title='bbox 1630 1301 1692 1354; x_wconf 91' lang='lat' dir='ltr'><strong>in</strong></span> <span class='ocrx_word' id='word_1_106' title='bbox 1720 1316 1843 1356; x_wconf 88' lang='lat' dir='ltr'><strong>ossa</strong></span> <span class='ocrx_word' id='word_1_107' title='bbox 1873 1302 2007 1368; x_wconf 68' lang='lat' dir='ltr'><strong>haec,</strong></span> <span class='ocrx_word' id='word_1_108' title='bbox 2033 1304 2089 1358; x_wconf 88' lang='lat' dir='ltr'><strong>et</strong></span> 
     </span>
    </p>
   </div>
   <div class='ocr_carea' id='block_1_14' title="bbox 489 1380 2088 1452">
    <p class='ocr_par' dir='ltr' id='par_1_14' title="bbox 489 1380 2088 1452">
     <span class='ocr_line' id='line_1_14' title="bbox 489 1380 2088 1452; baseline 0.006 -16"><span class='ocrx_word' id='word_1_109' title='bbox 489 1380 636 1439; x_wconf 89' lang='lat' dir='ltr'><strong>dices</strong></span> <span class='ocrx_word' id='word_1_110' title='bbox 670 1404 689 1440; x_wconf 90' lang='lat'><em>:</em></span> <span class='ocrx_word' id='word_1_111' title='bbox 723 1384 851 1440; x_wconf 88' lang='lat' dir='ltr'><strong>Ossa</strong></span> <span class='ocrx_word' id='word_1_112' title='bbox 891 1384 1074 1452; x_wconf 87' lang='lat' dir='ltr'><strong>arida,</strong></span> <span class='ocrx_word' id='word_1_113' title='bbox 1115 1385 1310 1442; x_wconf 85' lang='lat' dir='ltr'><strong>audite</strong></span> <span class='ocrx_word' id='word_1_114' title='bbox 1339 1403 1655 1444; x_wconf 86' lang='lat' dir='ltr'><strong>sermonem</strong></span> <span class='ocrx_word' id='word_1_115' title='bbox 1688 1391 1934 1448; x_wconf 86' lang='lat' dir='ltr'><strong>Domini.</strong></span> <span class='ocrx_word' id='word_1_116' title='bbox 1963 1393 2088 1446; x_wconf 60' lang='lat' dir='ltr'><strong>Haec</strong></span> 
     </span>
    </p>
   </div>
   <div class='ocr_carea' id='block_1_15' title="bbox 489 1461 2088 1549">
    <p class='ocr_par' dir='ltr' id='par_1_15' title="bbox 489 1461 2088 1549">
     <span class='ocr_line' id='line_1_15' title="bbox 489 1461 2088 1549; baseline 0.006 -23"><span class='ocrx_word' id='word_1_117' title='bbox 489 1469 627 1527; x_wconf 87' lang='lat' dir='ltr'><strong>dicit</strong></span> <span class='ocrx_word' id='word_1_118' title='bbox 653 1461 926 1528; x_wconf 85' lang='lat' dir='ltr'><strong>Dominus</strong></span> <span class='ocrx_word' id='word_1_119' title='bbox 950 1474 1165 1530; x_wconf 81' lang='lat' dir='ltr'><strong>Adonei</strong></span> <span class='ocrx_word' id='word_1_120' title='bbox 1183 1475 1392 1532; x_wconf 88' lang='lat' dir='ltr'><strong>ossibus</strong></span> <span class='ocrx_word' id='word_1_121' title='bbox 1421 1477 1548 1533; x_wconf 90' lang='lat' dir='ltr'><strong>istis</strong></span> <span class='ocrx_word' id='word_1_122' title='bbox 1569 1496 1587 1532; x_wconf 91' lang='lat'><strong><em>:</em></strong></span> <span class='ocrx_word' id='word_1_123' title='bbox 1609 1479 1746 1534; x_wconf 86' lang='lat' dir='ltr'><strong>Ecce</strong></span> <span class='ocrx_word' id='word_1_124' title='bbox 1771 1495 1865 1549; x_wconf 88' lang='lat' dir='ltr'><strong>ego</strong></span> <span class='ocrx_word' id='word_1_125' title='bbox 1903 1481 2088 1549; x_wconf 80' lang='lat' dir='ltr'><strong>affero</strong></span> 
     </span>
    </p>
   </div>
   <div class='ocr_carea' id='block_1_16' title="bbox 488 1563 2084 1637">
    <p class='ocr_par' dir='ltr' id='par_1_16' title="bbox 488 1563 2084 1637">
     <span class='ocr_line' id='line_1_16' title="bbox 488 1563 2084 1637; baseline 0.004 -23"><span class='ocrx_word' id='word_1_126' title='bbox 488 1575 552 1614; x_wconf 77' lang='lat' dir='ltr'><strong>in</strong></span> <span class='ocrx_word' id='word_1_127' title='bbox 584 1577 675 1618; x_wconf 90' lang='lat' dir='ltr'><strong>vos</strong></span> <span class='ocrx_word' id='word_1_128' title='bbox 701 1563 994 1634; x_wconf 85' lang='lat' dir='ltr'><strong>spiritum,</strong></span> <span class='ocrx_word' id='word_1_129' title='bbox 1021 1568 1076 1618; x_wconf 90' lang='lat' dir='ltr'><strong>et</strong></span> <span class='ocrx_word' id='word_1_130' title='bbox 1096 1565 1312 1626; x_wconf 89' lang='lat' dir='ltr'><strong>vivetis,</strong></span> <span class='ocrx_word' id='word_1_131' title='bbox 1343 1569 1401 1618; x_wconf 92' lang='lat' dir='ltr'><strong>et</strong></span> <span class='ocrx_word' id='word_1_132' title='bbox 1420 1564 1553 1620; x_wconf 86' lang='lat' dir='ltr'><strong>dabo</strong></span> <span class='ocrx_word' id='word_1_133' title='bbox 1584 1566 1644 1619; x_wconf 88' lang='lat' dir='ltr'><strong>in</strong></span> <span class='ocrx_word' id='word_1_134' title='bbox 1673 1582 1764 1622; x_wconf 90' lang='lat' dir='ltr'><strong>vos</strong></span> <span class='ocrx_word' id='word_1_135' title='bbox 1795 1567 2084 1637; x_wconf 87' lang='lat' dir='ltr'><strong>spiritum,</strong></span> 
     </span>
    </p>
   </div>
   <div class='ocr_carea' id='block_1_17' title="bbox 489 1650 2087 1720">
    <p class='ocr_par' dir='ltr' id='par_1_17' title="bbox 489 1650 2087 1720">
     <span class='ocr_line' id='line_1_17' title="bbox 489 1650 2087 1720; baseline 0.004 -15"><span class='ocrx_word' id='word_1_136' title='bbox 489 1655 539 1705; x_wconf 87' lang='lat' dir='ltr'><strong>et</strong></span> <span class='ocrx_word' id='word_1_137' title='bbox 568 1650 828 1706; x_wconf 86' lang='lat' dir='ltr'><strong>reducam</strong></span> <span class='ocrx_word' id='word_1_138' title='bbox 853 1652 916 1704; x_wconf 90' lang='lat' dir='ltr'><strong>in</strong></span> <span class='ocrx_word' id='word_1_139' title='bbox 945 1668 1033 1708; x_wconf 93' lang='lat' dir='ltr'><strong>vos</strong></span> <span class='ocrx_word' id='word_1_140' title='bbox 1063 1650 1114 1690; x_wconf 88' lang='grc'><strong>²⁰</strong></span> <span class='ocrx_word' id='word_1_141' title='bbox 1143 1669 1361 1720; x_wconf 89' lang='lat' dir='ltr'><strong>carnes,</strong></span> <span class='ocrx_word' id='word_1_142' title='bbox 1383 1657 1436 1708; x_wconf 90' lang='lat' dir='ltr'><strong>et</strong></span> <span class='ocrx_word' id='word_1_143' title='bbox 1474 1654 1827 1712; x_wconf 80' lang='lat' dir='ltr'><strong>circumdabo</strong></span> <span class='ocrx_word' id='word_1_144' title='bbox 1864 1655 2010 1712; x_wconf 88' lang='lat' dir='ltr'><strong>vobis</strong></span> <span class='ocrx_word' id='word_1_145' title='bbox 2040 1656 2087 1692; x_wconf 79' lang='grc'>²¹</span> 
     </span>
    </p>
   </div>
   <div class='ocr_carea' id='block_1_18' title="bbox 490 1739 2083 1811">
    <p class='ocr_par' dir='ltr' id='par_1_18' title="bbox 490 1739 2083 1811">
     <span class='ocr_line' id='line_1_18' title="bbox 490 1739 2083 1811; baseline 0.004 -17"><span class='ocrx_word' id='word_1_146' title='bbox 490 1744 696 1802; x_wconf 86' lang='lat' dir='ltr'><strong>cutem,</strong></span> <span class='ocrx_word' id='word_1_147' title='bbox 720 1743 777 1793; x_wconf 92' lang='lat' dir='ltr'><strong>et</strong></span> <span class='ocrx_word' id='word_1_148' title='bbox 802 1739 936 1795; x_wconf 90' lang='lat' dir='ltr'><strong>dabo</strong></span> <span class='ocrx_word' id='word_1_149' title='bbox 960 1741 1018 1793; x_wconf 85' lang='lat' dir='ltr'><strong>in</strong></span> <span class='ocrx_word' id='word_1_150' title='bbox 1049 1740 1196 1796; x_wconf 86' lang='lat' dir='ltr'><strong>vobis</strong></span> <span class='ocrx_word' id='word_1_151' title='bbox 1215 1741 1506 1810; x_wconf 86' lang='lat' dir='ltr'><strong>spiritum,</strong></span> <span class='ocrx_word' id='word_1_152' title='bbox 1533 1745 1588 1797; x_wconf 88' lang='lat' dir='ltr'><strong>et</strong></span> <span class='ocrx_word' id='word_1_153' title='bbox 1616 1743 1813 1798; x_wconf 88' lang='lat' dir='ltr'><strong>vivetis</strong></span> <span class='ocrx_word' id='word_1_154' title='bbox 1835 1743 1902 1811; x_wconf 73' lang='grc'><strong>22,</strong></span> <span class='ocrx_word' id='word_1_155' title='bbox 1927 1748 1982 1801; x_wconf 88' lang='lat' dir='ltr'><strong>et</strong></span> <span class='ocrx_word' id='word_1_156' title='bbox 2001 1760 2083 1800; x_wconf 91' lang='lat' dir='ltr'><strong>co-</strong></span> 
     </span>
    </p>
   </div>
   <div class='ocr_carea' id='block_1_19' title="bbox 489 1789 2159 1902">
    <p class='ocr_par' dir='ltr' id='par_1_19' title="bbox 489 1789 2159 1902">
     <span class='ocr_line' id='line_1_19' title="bbox 492 1789 2055 1811; baseline 0.004 -17"><span class='ocrx_word' id='word_1_157' title='bbox 723 1789 769 1793; x_wconf 81' lang='lat'><strong>--</strong></span> <span class='ocrx_word' id='word_1_158' title='bbox 806 1789 928 1795; x_wconf 52' lang='grc' dir='ltr'><strong>ηπ--</strong></span> <span class='ocrx_word' id='word_1_159' title='bbox 1052 1789 1190 1796; x_wconf 66' lang='grc' dir='ltr'><strong>---η</strong></span> <span class='ocrx_word' id='word_1_160' title='bbox 1217 1789 1317 1810; x_wconf 56' lang='grc' dir='ltr'><strong>γ-.</strong></span> <span class='ocrx_word' id='word_1_161' title='bbox 1534 1789 1582 1797; x_wconf 81' lang='lat'><strong>--</strong></span> <span class='ocrx_word' id='word_1_162' title='bbox 1619 1789 1810 1798; x_wconf 66' lang='grc' dir='ltr'><strong>--ηην</strong></span> <span class='ocrx_word' id='word_1_163' title='bbox 1891 1789 2055 1811; x_wconf 67' lang='grc' dir='ltr'>,νην</span> 
     </span>
     <span class='ocr_line' id='line_1_20' title="bbox 489 1789 2159 1902; baseline 0.004 -21"><span class='ocrx_word' id='word_1_164' title='bbox 489 1828 766 1898; x_wconf 89' lang='lat' dir='ltr'><strong>gnoscetis</strong></span> <span class='ocrx_word' id='word_1_165' title='bbox 795 1827 939 1898; x_wconf 88' lang='lat' dir='ltr'><strong>quod</strong></span> <span class='ocrx_word' id='word_1_166' title='bbox 967 1843 1058 1897; x_wconf 92' lang='lat' dir='ltr'><strong>ego</strong></span> <span class='ocrx_word' id='word_1_167' title='bbox 1097 1828 1384 1882; x_wconf 82' lang='lat' dir='ltr'><strong>Dominus.</strong></span> <span class='ocrx_word' id='word_1_168' title='bbox 1424 1829 1492 1882; x_wconf 87' lang='lat' dir='ltr'><strong>Et</strong></span> <span class='ocrx_word' id='word_1_169' title='bbox 1527 1830 1862 1902; x_wconf 89' lang='lat' dir='ltr'><strong>prophetavi</strong></span> <span class='ocrx_word' id='word_1_170' title='bbox 1887 1849 2084 1888; x_wconf 88' lang='lat' dir='ltr'><strong>secun-</strong></span> <span class='ocrx_word' id='word_1_171' title='bbox 2116 1789 2159 1866; x_wconf 75' lang='grc' dir='ltr'><strong><em>Β</em></strong></span> 
     </span>
    </p>
   </div>
   <div class='ocr_carea' id='block_1_20' title="bbox 491 1913 2092 1987">
    <p class='ocr_par' dir='ltr' id='par_1_20' title="bbox 491 1913 2092 1987">
     <span class='ocr_line' id='line_1_21' title="bbox 491 1913 2092 1987; baseline 0.005 -20"><span class='ocrx_word' id='word_1_172' title='bbox 491 1913 625 1969; x_wconf 89' lang='lat' dir='ltr'><strong>dum</strong></span> <span class='ocrx_word' id='word_1_173' title='bbox 649 1917 1017 1984; x_wconf 68' lang='lat' dir='ltr'><strong>praeceptum,</strong></span> <span class='ocrx_word' id='word_1_174' title='bbox 1039 1916 1094 1966; x_wconf 91' lang='lat' dir='ltr'><strong>et</strong></span> <span class='ocrx_word' id='word_1_175' title='bbox 1120 1929 1242 1968; x_wconf 82' lang='lat' dir='ltr'><strong>ecce</strong></span> <span class='ocrx_word' id='word_1_176' title='bbox 1271 1931 1397 1979; x_wconf 69' lang='lat' dir='ltr'><strong>vom,</strong></span> <span class='ocrx_word' id='word_1_177' title='bbox 1422 1914 1556 1970; x_wconf 91' lang='lat' dir='ltr'><strong>dum</strong></span> <span class='ocrx_word' id='word_1_178' title='bbox 1585 1916 1942 1987; x_wconf 84' lang='lat' dir='ltr'><strong>prapheto,et</strong></span> <span class='ocrx_word' id='word_1_179' title='bbox 1973 1935 2092 1975; x_wconf 90' lang='lat' dir='ltr'><strong>ecce</strong></span> 
     </span>
    </p>
   </div>
   <div class='ocr_carea' id='block_1_21' title="bbox 491 1999 2092 2068">
    <p class='ocr_par' dir='ltr' id='par_1_21' title="bbox 491 1999 2092 2068">
     <span class='ocr_line' id='line_1_22' title="bbox 491 1999 2092 2068; baseline 0.006 -14"><span class='ocrx_word' id='word_1_180' title='bbox 491 2004 764 2067; x_wconf 89' lang='lat' dir='ltr'><strong>motus,et</strong></span> <span class='ocrx_word' id='word_1_181' title='bbox 789 1999 1124 2055; x_wconf 87' lang='lat' dir='ltr'><strong>accedebant</strong></span> <span class='ocrx_word' id='word_1_182' title='bbox 1144 2017 1265 2058; x_wconf 91' lang='lat' dir='ltr'><strong>ossa</strong></span> <span class='ocrx_word' id='word_1_183' title='bbox 1296 2003 1368 2057; x_wconf 92' lang='lat' dir='ltr'><strong>ad</strong></span> <span class='ocrx_word' id='word_1_184' title='bbox 1395 2005 1611 2060; x_wconf 88' lang='lat' dir='ltr'><strong>ossa.Et</strong></span> <span class='ocrx_word' id='word_1_185' title='bbox 1630 2005 1825 2068; x_wconf 89' lang='lat' dir='ltr'><strong>vidi,et</strong></span> <span class='ocrx_word' id='word_1_186' title='bbox 1855 2021 1978 2062; x_wconf 90' lang='lat' dir='ltr'><strong>ecce</strong></span> <span class='ocrx_word' id='word_1_187' title='bbox 1997 2024 2092 2062; x_wconf 87' lang='lat' dir='ltr'><strong>su-</strong></span> 
     </span>
    </p>
   </div>
   <div class='ocr_carea' id='block_1_22' title="bbox 489 2091 2092 2168">
    <p class='ocr_par' dir='ltr' id='par_1_22' title="bbox 489 2091 2092 2168">
     <span class='ocr_line' id='line_1_23' title="bbox 489 2091 2092 2168; baseline 0.006 -25"><span class='ocrx_word' id='word_1_188' title='bbox 489 2105 591 2160; x_wconf 89' lang='lat' dir='ltr'><strong>per</strong></span> <span class='ocrx_word' id='word_1_189' title='bbox 636 2105 757 2144; x_wconf 88' lang='lat' dir='ltr'><strong>ossa</strong></span> <span class='ocrx_word' id='word_1_190' title='bbox 786 2091 965 2152; x_wconf 87' lang='lat' dir='ltr'><strong>nervi,</strong></span> <span class='ocrx_word' id='word_1_191' title='bbox 1005 2093 1061 2144; x_wconf 91' lang='lat' dir='ltr'><strong>et</strong></span> <span class='ocrx_word' id='word_1_192' title='bbox 1093 2107 1222 2146; x_wconf 90' lang='lat' dir='ltr'><strong>caro</strong></span> <span class='ocrx_word' id='word_1_193' title='bbox 1266 2092 1542 2156; x_wconf 79' lang='lat' dir='ltr'><strong>ascendit,</strong></span> <span class='ocrx_word' id='word_1_194' title='bbox 1584 2097 1641 2149; x_wconf 92' lang='lat' dir='ltr'><strong>et</strong></span> <span class='ocrx_word' id='word_1_195' title='bbox 1671 2096 2092 2168; x_wconf 73' lang='lat' dir='ltr'><strong>circumposita:</strong></span> 
     </span>
    </p>
   </div>
   <div class='ocr_carea' id='block_1_23' title="bbox 490 2178 2092 2256">
    <p class='ocr_par' dir='ltr' id='par_1_23' title="bbox 490 2178 2092 2256">
     <span class='ocr_line' id='line_1_24' title="bbox 490 2178 2092 2256; baseline 0.005 -23"><span class='ocrx_word' id='word_1_196' title='bbox 490 2182 625 2233; x_wconf 90' lang='lat' dir='ltr'><strong>sunt</strong></span> <span class='ocrx_word' id='word_1_197' title='bbox 646 2179 726 2234; x_wconf 88' lang='lat' dir='ltr'><strong>eis</strong></span> <span class='ocrx_word' id='word_1_198' title='bbox 755 2183 910 2233; x_wconf 89' lang='lat' dir='ltr'><strong>cutes</strong></span> <span class='ocrx_word' id='word_1_199' title='bbox 927 2178 993 2244; x_wconf 71' lang='lat'><strong>23,</strong></span> <span class='ocrx_word' id='word_1_200' title='bbox 1019 2183 1075 2235; x_wconf 89' lang='lat' dir='ltr'><strong>et</strong></span> <span class='ocrx_word' id='word_1_201' title='bbox 1102 2182 1334 2252; x_wconf 87' lang='lat' dir='ltr'><strong>spiritus</strong></span> <span class='ocrx_word' id='word_1_202' title='bbox 1354 2182 1419 2236; x_wconf 88' lang='lat' dir='ltr'><strong>in</strong></span> <span class='ocrx_word' id='word_1_203' title='bbox 1439 2183 1518 2240; x_wconf 90' lang='lat' dir='ltr'><strong>eis</strong></span> <span class='ocrx_word' id='word_1_204' title='bbox 1539 2201 1650 2240; x_wconf 89' lang='lat' dir='ltr'><strong>non</strong></span> <span class='ocrx_word' id='word_1_205' title='bbox 1672 2188 1816 2256; x_wconf 89' lang='lat' dir='ltr'><strong>erat,</strong></span> <span class='ocrx_word' id='word_1_206' title='bbox 1840 2191 1897 2243; x_wconf 90' lang='lat' dir='ltr'><strong>et</strong></span> <span class='ocrx_word' id='word_1_207' title='bbox 1915 2188 1999 2242; x_wconf 89' lang='lat' dir='ltr'><strong>ait</strong></span> <span class='ocrx_word' id='word_1_208' title='bbox 2021 2185 2092 2242; x_wconf 90' lang='lat' dir='ltr'><strong>ad</strong></span> 
     </span>
    </p>
   </div>
   <div class='ocr_carea' id='block_1_24' title="bbox 490 2270 2090 2350">
    <p class='ocr_par' dir='ltr' id='par_1_24' title="bbox 490 2270 2090 2350">
     <span class='ocr_line' id='line_1_25' title="bbox 490 2270 2090 2350; baseline 0.006 -26"><span class='ocrx_word' id='word_1_209' title='bbox 490 2286 620 2326; x_wconf 86' lang='lat' dir='ltr'><strong>me:</strong></span> <span class='ocrx_word' id='word_1_210' title='bbox 665 2270 944 2342; x_wconf 87' lang='lat' dir='ltr'><strong>Propheta</strong></span> <span class='ocrx_word' id='word_1_211' title='bbox 975 2271 1047 2325; x_wconf 89' lang='lat' dir='ltr'><strong>ad</strong></span> <span class='ocrx_word' id='word_1_212' title='bbox 1073 2271 1364 2344; x_wconf 90' lang='lat' dir='ltr'><strong>spiritum,</strong></span> <span class='ocrx_word' id='word_1_213' title='bbox 1383 2273 1472 2341; x_wconf 82' lang='lat' dir='ltr'><strong>ﬁli</strong></span> <span class='ocrx_word' id='word_1_214' title='bbox 1501 2273 1778 2343; x_wconf 86' lang='lat' dir='ltr'><strong>hominis;</strong></span> <span class='ocrx_word' id='word_1_215' title='bbox 1794 2276 2090 2350; x_wconf 85' lang='lat' dir='ltr'><strong>propheta,</strong></span> 
     </span>
    </p>
   </div>
   <div class='ocr_carea' id='block_1_25' title="bbox 493 2359 2089 2430">
    <p class='ocr_par' dir='ltr' id='par_1_25' title="bbox 493 2359 2089 2430">
     <span class='ocr_line' id='line_1_26' title="bbox 493 2359 2089 2430; baseline 0.004 -15"><span class='ocrx_word' id='word_1_216' title='bbox 493 2363 548 2416; x_wconf 90' lang='lat' dir='ltr'><strong>et</strong></span> <span class='ocrx_word' id='word_1_217' title='bbox 579 2359 724 2416; x_wconf 89' lang='lat' dir='ltr'><strong>dices</strong></span> <span class='ocrx_word' id='word_1_218' title='bbox 737 2359 809 2415; x_wconf 90' lang='lat' dir='ltr'><strong>ad</strong></span> <span class='ocrx_word' id='word_1_219' title='bbox 841 2361 1108 2430; x_wconf 84' lang='lat' dir='ltr'><strong>spiritum</strong></span> <span class='ocrx_word' id='word_1_220' title='bbox 1131 2362 1290 2417; x_wconf 68' lang='lat' dir='ltr'><strong>:IIaac</strong></span> <span class='ocrx_word' id='word_1_221' title='bbox 1314 2361 1450 2418; x_wconf 88' lang='lat' dir='ltr'><strong>dicit</strong></span> <span class='ocrx_word' id='word_1_222' title='bbox 1472 2365 1740 2420; x_wconf 86' lang='lat' dir='ltr'><strong>Dominus</strong></span> <span class='ocrx_word' id='word_1_223' title='bbox 1770 2367 1988 2424; x_wconf 84' lang='lat' dir='ltr'><strong>Adonai</strong></span> <span class='ocrx_word' id='word_1_224' title='bbox 2009 2386 2026 2422; x_wconf 91' lang='lat'><strong><em>:</em></strong></span> <span class='ocrx_word' id='word_1_225' title='bbox 2049 2368 2089 2422; x_wconf 87' lang='lat' dir='ltr'><strong><em>A</em></strong></span> 
     </span>
    </p>
   </div>
   <div class='ocr_carea' id='block_1_26' title="bbox 494 2451 2095 2526">
    <p class='ocr_par' dir='ltr' id='par_1_26' title="bbox 494 2451 2095 2526">
     <span class='ocr_line' id='line_1_27' title="bbox 494 2451 2095 2526; baseline 0.006 -23"><span class='ocrx_word' id='word_1_226' title='bbox 494 2453 737 2520; x_wconf 87' lang='lat' dir='ltr'><strong>quatuor</strong></span> <span class='ocrx_word' id='word_1_227' title='bbox 763 2451 944 2504; x_wconf 86' lang='lat' dir='ltr'><strong>ventis</strong></span> <span class='ocrx_word' id='word_1_228' title='bbox 980 2451 1128 2518; x_wconf 85' lang='lat' dir='ltr'><strong>veni,</strong></span> <span class='ocrx_word' id='word_1_229' title='bbox 1154 2451 1409 2522; x_wconf 91' lang='lat' dir='ltr'><strong>spiritus,</strong></span> <span class='ocrx_word' id='word_1_230' title='bbox 1436 2456 1491 2507; x_wconf 91' lang='lat' dir='ltr'><strong>et</strong></span> <span class='ocrx_word' id='word_1_231' title='bbox 1523 2454 1678 2526; x_wconf 87' lang='lat' dir='ltr'><strong>spira</strong></span> <span class='ocrx_word' id='word_1_232' title='bbox 1699 2457 1759 2508; x_wconf 89' lang='lat' dir='ltr'><strong>in</strong></span> <span class='ocrx_word' id='word_1_233' title='bbox 1789 2456 1918 2511; x_wconf 86' lang='lat' dir='ltr'><strong>istis</strong></span> <span class='ocrx_word' id='word_1_234' title='bbox 1947 2457 2095 2514; x_wconf 86' lang='lat' dir='ltr'><strong>inte-</strong></span> 
     </span>
    </p>
   </div>
   <div class='ocr_carea' id='block_1_27' title="bbox 493 2537 2092 2614">
    <p class='ocr_par' dir='ltr' id='par_1_27' title="bbox 493 2537 2092 2614">
     <span class='ocr_line' id='line_1_28' title="bbox 493 2537 2092 2614; baseline 0.005 -22"><span class='ocrx_word' id='word_1_235' title='bbox 493 2537 752 2609; x_wconf 86' lang='lat' dir='ltr'><strong>remptis,</strong></span> <span class='ocrx_word' id='word_1_236' title='bbox 777 2541 833 2592; x_wconf 90' lang='lat' dir='ltr'><strong>et</strong></span> <span class='ocrx_word' id='word_1_237' title='bbox 865 2538 1079 2593; x_wconf 90' lang='lat' dir='ltr'><strong>vivant.</strong></span> <span class='ocrx_word' id='word_1_238' title='bbox 1107 2539 1176 2594; x_wconf 88' lang='lat' dir='ltr'><strong>Et</strong></span> <span class='ocrx_word' id='word_1_239' title='bbox 1202 2540 1538 2611; x_wconf 83' lang='lat' dir='ltr'><strong>prophetavi</strong></span> <span class='ocrx_word' id='word_1_240' title='bbox 1583 2542 1655 2596; x_wconf 90' lang='lat' dir='ltr'><strong>ad</strong></span> <span class='ocrx_word' id='word_1_241' title='bbox 1683 2544 1977 2614; x_wconf 88' lang='lat' dir='ltr'><strong>spiritum,</strong></span> <span class='ocrx_word' id='word_1_242' title='bbox 2006 2547 2092 2600; x_wconf 88' lang='lat' dir='ltr'><strong>si-</strong></span> 
     </span>
    </p>
   </div>
   <div class='ocr_carea' id='block_1_28' title="bbox 499 2627 2094 2703">
    <p class='ocr_par' dir='ltr' id='par_1_28' title="bbox 499 2627 2094 2703">
     <span class='ocr_line' id='line_1_29' title="bbox 499 2627 2094 2703; baseline 0.004 -22"><span class='ocrx_word' id='word_1_243' title='bbox 499 2630 598 2681; x_wconf 90' lang='lat' dir='ltr'><strong>cut</strong></span> <span class='ocrx_word' id='word_1_244' title='bbox 626 2627 898 2698; x_wconf 74' lang='lat' dir='ltr'><strong>prwcepit</strong></span> <span class='ocrx_word' id='word_1_245' title='bbox 935 2627 1101 2696; x_wconf 88' lang='lat' dir='ltr'><strong>mihi,</strong></span> <span class='ocrx_word' id='word_1_246' title='bbox 1150 2631 1207 2683; x_wconf 88' lang='lat' dir='ltr'><strong>et</strong></span> <span class='ocrx_word' id='word_1_247' title='bbox 1237 2630 1500 2684; x_wconf 86' lang='lat' dir='ltr'><strong>introivit</strong></span> <span class='ocrx_word' id='word_1_248' title='bbox 1540 2631 1605 2684; x_wconf 90' lang='lat' dir='ltr'><strong>in</strong></span> <span class='ocrx_word' id='word_1_249' title='bbox 1633 2647 1696 2688; x_wconf 88' lang='lat' dir='ltr'><strong>ea</strong></span> <span class='ocrx_word' id='word_1_250' title='bbox 1724 2634 1982 2703; x_wconf 88' lang='lat' dir='ltr'><strong>spiritus,</strong></span> <span class='ocrx_word' id='word_1_251' title='bbox 2035 2638 2094 2690; x_wconf 91' lang='lat' dir='ltr'><strong>et</strong></span> 
     </span>
    </p>
   </div>
   <div class='ocr_carea' id='block_1_29' title="bbox 495 2717 2094 2792">
    <p class='ocr_par' dir='ltr' id='par_1_29' title="bbox 495 2717 2094 2792">
     <span class='ocr_line' id='line_1_30' title="bbox 495 2717 2094 2792; baseline 0.006 -22"><span class='ocrx_word' id='word_1_252' title='bbox 495 2717 789 2780; x_wconf 76' lang='lat' dir='ltr'><strong>vixerunt,</strong></span> <span class='ocrx_word' id='word_1_253' title='bbox 815 2720 872 2772; x_wconf 90' lang='lat' dir='ltr'><strong>et</strong></span> <span class='ocrx_word' id='word_1_254' title='bbox 891 2717 1279 2772; x_wconf 87' lang='lat' dir='ltr'><strong>constiterunt</strong></span> <span class='ocrx_word' id='word_1_255' title='bbox 1303 2718 1351 2754; x_wconf 67' lang='lat'><strong>2&quot;</strong></span> <span class='ocrx_word' id='word_1_256' title='bbox 1379 2735 1550 2792; x_wconf 89' lang='lat' dir='ltr'><strong>super</strong></span> <span class='ocrx_word' id='word_1_257' title='bbox 1566 2719 1728 2791; x_wconf 88' lang='lat' dir='ltr'><strong>pedes</strong></span> <span class='ocrx_word' id='word_1_258' title='bbox 1758 2739 1884 2778; x_wconf 88' lang='lat' dir='ltr'><strong>suos</strong></span> <span class='ocrx_word' id='word_1_259' title='bbox 1909 2723 2094 2780; x_wconf 89' lang='lat' dir='ltr'><strong>valen-</strong></span> 
     </span>
    </p>
   </div>
   <div class='ocr_carea' id='block_1_30' title="bbox 498 2803 2087 2878">
    <p class='ocr_par' dir='ltr' id='par_1_30' title="bbox 498 2803 2087 2878">
     <span class='ocr_line' id='line_1_31' title="bbox 498 2803 2087 2878; baseline 0.004 -18"><span class='ocrx_word' id='word_1_260' title='bbox 498 2805 580 2860; x_wconf 83' lang='lat' dir='ltr'><strong>tia</strong></span> <span class='ocrx_word' id='word_1_261' title='bbox 610 2821 819 2875; x_wconf 88' lang='lat' dir='ltr'><strong>magna</strong></span> <span class='ocrx_word' id='word_1_262' title='bbox 855 2807 994 2860; x_wconf 83' lang='lat' dir='ltr'><strong>satis</strong></span> <span class='ocrx_word' id='word_1_263' title='bbox 1023 2803 1157 2875; x_wconf 88' lang='lat'><strong>(36).</strong></span> <span class='ocrx_word' id='word_1_264' title='bbox 1198 2808 1266 2860; x_wconf 86' lang='lat' dir='ltr'><strong>Et</strong></span> <span class='ocrx_word' id='word_1_265' title='bbox 1299 2809 1383 2861; x_wconf 87' lang='lat' dir='ltr'><strong>ait</strong></span> <span class='ocrx_word' id='word_1_266' title='bbox 1411 2808 1484 2862; x_wconf 90' lang='lat' dir='ltr'><strong>ad</strong></span> <span class='ocrx_word' id='word_1_267' title='bbox 1513 2825 1602 2865; x_wconf 91' lang='lat' dir='ltr'><strong>me</strong></span> <span class='ocrx_word' id='word_1_268' title='bbox 1633 2828 1650 2863; x_wconf 91' lang='lat'><strong><em>:</em></strong></span> <span class='ocrx_word' id='word_1_269' title='bbox 1676 2809 1787 2864; x_wconf 85' lang='lat' dir='ltr'><strong>Fili</strong></span> <span class='ocrx_word' id='word_1_270' title='bbox 1827 2810 2087 2878; x_wconf 88' lang='lat' dir='ltr'><strong>hominis,</strong></span> 
     </span>
    </p>
   </div>
   <div class='ocr_carea' id='block_1_31' title="bbox 495 2894 2097 2969">
    <p class='ocr_par' dir='ltr' id='par_1_31' title="bbox 495 2894 2097 2969">
     <span class='ocr_line' id='line_1_32' title="bbox 495 2894 2097 2969; baseline 0.003 -19"><span class='ocrx_word' id='word_1_271' title='bbox 495 2910 619 2950; x_wconf 87' lang='lat' dir='ltr'><strong>ossa</strong></span> <span class='ocrx_word' id='word_1_272' title='bbox 648 2897 762 2949; x_wconf 88' lang='lat' dir='ltr'><strong>ista</strong></span> <span class='ocrx_word' id='word_1_273' title='bbox 781 2897 964 2950; x_wconf 90' lang='lat' dir='ltr'><strong>omnis</strong></span> <span class='ocrx_word' id='word_1_274' title='bbox 994 2894 1190 2950; x_wconf 87' lang='lat' dir='ltr'><strong>domus</strong></span> <span class='ocrx_word' id='word_1_275' title='bbox 1215 2897 1388 2953; x_wconf 85' lang='lat' dir='ltr'><strong>Israel</strong></span> <span class='ocrx_word' id='word_1_276' title='bbox 1415 2901 1514 2952; x_wconf 90' lang='lat' dir='ltr'><strong>est.</strong></span> <span class='ocrx_word' id='word_1_277' title='bbox 1547 2899 1660 2969; x_wconf 88' lang='lat' dir='ltr'><strong>Ipsi</strong></span> <span class='ocrx_word' id='word_1_278' title='bbox 1688 2898 1928 2955; x_wconf 82' lang='lat' dir='ltr'><strong>dicunt:</strong></span> <span class='ocrx_word' id='word_1_279' title='bbox 1953 2903 2097 2957; x_wconf 74' lang='lat' dir='ltr'><strong>Exa-</strong></span> 
     </span>
    </p>
   </div>
   <div class='ocr_carea' id='block_1_32' title="bbox 497 2986 2094 3058">
    <p class='ocr_par' dir='ltr' id='par_1_32' title="bbox 497 2986 2094 3058">
     <span class='ocr_line' id='line_1_33' title="bbox 497 2986 2094 3058; baseline 0.004 -20"><span class='ocrx_word' id='word_1_280' title='bbox 497 2987 741 3038; x_wconf 89' lang='lat' dir='ltr'><strong>ruerunt</strong></span> <span class='ocrx_word' id='word_1_281' title='bbox 769 2999 891 3038; x_wconf 88' lang='lat' dir='ltr'><strong>ossa</strong></span> <span class='ocrx_word' id='word_1_282' title='bbox 931 2986 1144 3047; x_wconf 90' lang='lat' dir='ltr'><strong>nostra,</strong></span> <span class='ocrx_word' id='word_1_283' title='bbox 1183 2989 1238 3040; x_wconf 88' lang='lat' dir='ltr'><strong>et</strong></span> <span class='ocrx_word' id='word_1_284' title='bbox 1264 2988 1441 3056; x_wconf 86' lang='lat' dir='ltr'><strong>periit</strong></span> <span class='ocrx_word' id='word_1_285' title='bbox 1480 3003 1600 3058; x_wconf 91' lang='lat' dir='ltr'><strong>spes</strong></span> <span class='ocrx_word' id='word_1_286' title='bbox 1646 2992 1864 3054; x_wconf 91' lang='lat' dir='ltr'><strong>nostra,</strong></span> <span class='ocrx_word' id='word_1_287' title='bbox 1905 2991 2094 3045; x_wconf 83' lang='lat' dir='ltr'><strong>avulsi</strong></span> 
     </span>
    </p>
   </div>
   <div class='ocr_carea' id='block_1_33' title="bbox 2202 563 3799 643">
    <p class='ocr_par' dir='ltr' id='par_1_33' title="bbox 2202 563 3799 643">
     <span class='ocr_line' id='line_1_34' title="bbox 2202 563 3799 643; baseline -0.01 -8"><span class='ocrx_word' id='word_1_288' title='bbox 2202 579 2334 635; x_wconf 86' lang='lat' dir='ltr'><strong>Ossa</strong></span> <span class='ocrx_word' id='word_1_289' title='bbox 2377 580 2492 634; x_wconf 89' lang='lat' dir='ltr'><strong>ista</strong></span> <span class='ocrx_word' id='word_1_290' title='bbox 2512 576 2693 636; x_wconf 89' lang='lat' dir='ltr'><strong>omnis</strong></span> <span class='ocrx_word' id='word_1_291' title='bbox 2714 576 2910 631; x_wconf 90' lang='lat' dir='ltr'><strong>domus</strong></span> <span class='ocrx_word' id='word_1_292' title='bbox 2939 574 3115 632; x_wconf 85' lang='lat' dir='ltr'><strong>Israel</strong></span> <span class='ocrx_word' id='word_1_293' title='bbox 3133 578 3215 630; x_wconf 84' lang='lat' dir='ltr'><strong>est</strong></span> <span class='ocrx_word' id='word_1_294' title='bbox 3231 571 3300 641; x_wconf 64' lang='lat' dir='ltr'><strong>ﬂ,</strong></span> <span class='ocrx_word' id='word_1_295' title='bbox 3323 566 3620 643; x_wconf 80' lang='lat' dir='ltr'><strong>imaginem</strong></span> <span class='ocrx_word' id='word_1_296' title='bbox 3637 579 3700 620; x_wconf 83' lang='lat' dir='ltr'><strong>ea</strong></span> <span class='ocrx_word' id='word_1_297' title='bbox 3718 563 3799 620; x_wconf 83' lang='lat' dir='ltr'><strong>fe-</strong></span> 
     </span>
    </p>
   </div>
   <div class='ocr_carea' id='block_1_34' title="bbox 2197 654 3796 737">
    <p class='ocr_par' dir='ltr' id='par_1_34' title="bbox 2197 654 3796 737">
     <span class='ocr_line' id='line_1_35' title="bbox 2197 654 3796 737; baseline -0.01 -14"><span class='ocrx_word' id='word_1_298' title='bbox 2197 668 2326 724; x_wconf 88' lang='lat' dir='ltr'><strong>cerit</strong></span> <span class='ocrx_word' id='word_1_299' title='bbox 2347 667 2509 722; x_wconf 86' lang='lat' dir='ltr'><strong>Israel</strong></span> <span class='ocrx_word' id='word_1_300' title='bbox 2531 667 2644 737; x_wconf 85' lang='lat'><strong>(37)</strong></span> <span class='ocrx_word' id='word_1_301' title='bbox 2664 665 2712 703; x_wconf 63' lang='lat'><strong>33</strong></span> <span class='ocrx_word' id='word_1_302' title='bbox 2731 665 2846 721; x_wconf 71' lang='lat' dir='ltr'><strong>et29</strong></span> <span class='ocrx_word' id='word_1_303' title='bbox 2864 663 3080 737; x_wconf 88' lang='lat' dir='ltr'><strong>propria</strong></span> <span class='ocrx_word' id='word_1_304' title='bbox 3101 661 3403 720; x_wconf 87' lang='lat' dir='ltr'><strong>conditione</strong></span> <span class='ocrx_word' id='word_1_305' title='bbox 3423 654 3796 720; x_wconf 75' lang='lat' dir='ltr'><strong>transtulerit;</strong></span> 
     </span>
    </p>
   </div>
   <div class='ocr_carea' id='block_1_35' title="bbox 2197 742 3799 829">
    <p class='ocr_par' dir='ltr' id='par_1_35' title="bbox 2197 742 3799 829">
     <span class='ocr_line' id='line_1_36' title="bbox 2197 742 3799 829; baseline -0.008 -18"><span class='ocrx_word' id='word_1_306' title='bbox 2197 764 2356 829; x_wconf 89' lang='lat' dir='ltr'><strong>atque</strong></span> <span class='ocrx_word' id='word_1_307' title='bbox 2395 757 2466 811; x_wconf 87' lang='lat' dir='ltr'><strong>ita</strong></span> <span class='ocrx_word' id='word_1_308' title='bbox 2513 755 2793 826; x_wconf 89' lang='lat' dir='ltr'><strong>ﬁguratam</strong></span> <span class='ocrx_word' id='word_1_309' title='bbox 2823 768 2963 822; x_wconf 89' lang='lat' dir='ltr'><strong>esse,</strong></span> <span class='ocrx_word' id='word_1_310' title='bbox 3009 768 3118 810; x_wconf 91' lang='lat' dir='ltr'><strong>non</strong></span> <span class='ocrx_word' id='word_1_311' title='bbox 3156 766 3335 807; x_wconf 84' lang='lat' dir='ltr'><strong>veram</strong></span> <span class='ocrx_word' id='word_1_312' title='bbox 3379 742 3799 804; x_wconf 77' lang='lat' dir='ltr'><strong>resurrectionis</strong></span> 
     </span>
    </p>
   </div>
   <div class='ocr_carea' id='block_1_36' title="bbox 2197 833 3797 917">
    <p class='ocr_par' dir='ltr' id='par_1_36' title="bbox 2197 833 3797 917">
     <span class='ocr_line' id='line_1_37' title="bbox 2197 833 3797 917; baseline -0.008 -17"><span class='ocrx_word' id='word_1_313' title='bbox 2197 842 2657 917; x_wconf 85' lang='lat' dir='ltr'><strong>praedicationem.</strong></span> <span class='ocrx_word' id='word_1_314' title='bbox 2699 845 2908 900; x_wconf 88' lang='lat' dir='ltr'><strong>Statum</strong></span> <span class='ocrx_word' id='word_1_315' title='bbox 2949 842 3093 897; x_wconf 90' lang='lat' dir='ltr'><strong>enim</strong></span> <span class='ocrx_word' id='word_1_316' title='bbox 3135 840 3445 896; x_wconf 71' lang='lat' dir='ltr'><strong>Iudaeorum</strong></span> <span class='ocrx_word' id='word_1_317' title='bbox 3474 833 3797 900; x_wconf 77' lang='lat' dir='ltr'><strong>deformari,</strong></span> 
     </span>
    </p>
   </div>
   <div class='ocr_carea' id='block_1_37' title="bbox 2197 926 3798 1007">
    <p class='ocr_par' dir='ltr' id='par_1_37' title="bbox 2197 926 3798 1007">
     <span class='ocr_line' id='line_1_38' title="bbox 2197 926 3798 1007; baseline -0.008 -16"><span class='ocrx_word' id='word_1_318' title='bbox 2197 935 2431 1007; x_wconf 88' lang='lat' dir='ltr'><strong>quodam</strong></span> <span class='ocrx_word' id='word_1_319' title='bbox 2460 937 2621 993; x_wconf 92' lang='lat' dir='ltr'><strong>modo</strong></span> <span class='ocrx_word' id='word_1_320' title='bbox 2651 943 2950 992; x_wconf 88' lang='lat' dir='ltr'><strong>emortuum</strong></span> <span class='ocrx_word' id='word_1_321' title='bbox 2991 942 3043 989; x_wconf 89' lang='lat' dir='ltr'><strong>et</strong></span> <span class='ocrx_word' id='word_1_322' title='bbox 3069 932 3345 990; x_wconf 89' lang='lat' dir='ltr'><strong>exaridum</strong></span> <span class='ocrx_word' id='word_1_323' title='bbox 3391 938 3447 985; x_wconf 90' lang='lat' dir='ltr'><strong>et</strong></span> <span class='ocrx_word' id='word_1_324' title='bbox 3480 926 3798 998; x_wconf 84' lang='lat' dir='ltr'><strong>dispersum</strong></span> 
     </span>
    </p>
   </div>
   <div class='ocr_carea' id='block_1_38' title="bbox 2198 1014 3796 1100">
    <p class='ocr_par' dir='ltr' id='par_1_38' title="bbox 2198 1014 3796 1100">
     <span class='ocr_line' id='line_1_39' title="bbox 2198 1014 3796 1100; baseline -0.008 -20"><span class='ocrx_word' id='word_1_325' title='bbox 2198 1025 2253 1081; x_wconf 90' lang='lat' dir='ltr'><strong>in</strong></span> <span class='ocrx_word' id='word_1_326' title='bbox 2281 1042 2469 1100; x_wconf 90' lang='lat' dir='ltr'><strong>campo</strong></span> <span class='ocrx_word' id='word_1_327' title='bbox 2497 1027 2667 1082; x_wconf 86' lang='lat' dir='ltr'><strong>orbis.</strong></span> <span class='ocrx_word' id='word_1_328' title='bbox 2711 1028 2896 1097; x_wconf 87' lang='lat' dir='ltr'><strong>Itaque</strong></span> <span class='ocrx_word' id='word_1_329' title='bbox 2937 1033 2992 1081; x_wconf 91' lang='lat' dir='ltr'><strong>et</strong></span> <span class='ocrx_word' id='word_1_330' title='bbox 3035 1023 3329 1094; x_wconf 82' lang='lat' dir='ltr'><strong>imaginem</strong></span> <span class='ocrx_word' id='word_1_331' title='bbox 3375 1014 3796 1076; x_wconf 75' lang='lat' dir='ltr'><strong>resurreCtionis</strong></span> 
     </span>
    </p>
   </div>
   <div class='ocr_carea' id='block_1_39' title="bbox 2198 1110 3802 1188">
    <p class='ocr_par' dir='ltr' id='par_1_39' title="bbox 2198 1110 3802 1188">
     <span class='ocr_line' id='line_1_40' title="bbox 2198 1110 3802 1188; baseline -0.006 -19"><span class='ocrx_word' id='word_1_332' title='bbox 2198 1115 2251 1169; x_wconf 92' lang='lat' dir='ltr'><strong>in</strong></span> <span class='ocrx_word' id='word_1_333' title='bbox 2309 1115 2461 1170; x_wconf 92' lang='lat' dir='ltr'><strong>illum</strong></span> <span class='ocrx_word' id='word_1_334' title='bbox 2516 1115 2868 1188; x_wconf 83' lang='lat' dir='ltr'><strong>allegorizari,</strong></span> <span class='ocrx_word' id='word_1_335' title='bbox 2921 1114 3044 1186; x_wconf 87' lang='lat' dir='ltr'><strong>quia</strong></span> <span class='ocrx_word' id='word_1_336' title='bbox 3083 1111 3326 1181; x_wconf 77' lang='lat' dir='ltr'><strong>recolligi</strong></span> <span class='ocrx_word' id='word_1_337' title='bbox 3379 1110 3575 1164; x_wconf 89' lang='lat' dir='ltr'><strong>habeat</strong></span> <span class='ocrx_word' id='word_1_338' title='bbox 3613 1113 3670 1162; x_wconf 87' lang='lat' dir='ltr'><strong>et</strong></span> <span class='ocrx_word' id='word_1_339' title='bbox 3717 1120 3802 1160; x_wconf 83' lang='lat' dir='ltr'><strong>re-</strong></span> 
     </span>
    </p>
   </div>
   <div class='ocr_carea' id='block_1_40' title="bbox 2199 1199 3798 1278">
    <p class='ocr_par' dir='ltr' id='par_1_40' title="bbox 2199 1199 3798 1278">
     <span class='ocr_line' id='line_1_41' title="bbox 2199 1199 3798 1278; baseline -0.006 -18"><span class='ocrx_word' id='word_1_340' title='bbox 2199 1205 2471 1278; x_wconf 90' lang='lat' dir='ltr'><strong>compingi</strong></span> <span class='ocrx_word' id='word_1_341' title='bbox 2501 1222 2564 1261; x_wconf 90' lang='lat' dir='ltr'><strong>os</strong></span> <span class='ocrx_word' id='word_1_342' title='bbox 2589 1206 2656 1261; x_wconf 86' lang='lat' dir='ltr'><strong>ad</strong></span> <span class='ocrx_word' id='word_1_343' title='bbox 2687 1222 2769 1274; x_wconf 90' lang='lat' dir='ltr'><strong>os,</strong></span> <span class='ocrx_word' id='word_1_344' title='bbox 2800 1205 2854 1260; x_wconf 92' lang='lat' dir='ltr'><strong>id</strong></span> <span class='ocrx_word' id='word_1_345' title='bbox 2892 1212 2976 1260; x_wconf 91' lang='lat' dir='ltr'><strong>est</strong></span> <span class='ocrx_word' id='word_1_346' title='bbox 3018 1203 3189 1259; x_wconf 88' lang='lat' dir='ltr'><strong>tribus</strong></span> <span class='ocrx_word' id='word_1_347' title='bbox 3226 1201 3293 1256; x_wconf 90' lang='lat' dir='ltr'><strong>ad</strong></span> <span class='ocrx_word' id='word_1_348' title='bbox 3325 1199 3538 1265; x_wconf 86' lang='lat' dir='ltr'><strong>tribum,</strong></span> <span class='ocrx_word' id='word_1_349' title='bbox 3590 1204 3644 1253; x_wconf 82' lang='lat' dir='ltr'><strong>et</strong></span> <span class='ocrx_word' id='word_1_350' title='bbox 3692 1209 3798 1262; x_wconf 88' lang='lat' dir='ltr'><strong>po-</strong></span> 
     </span>
    </p>
   </div>
   <div class='ocr_carea' id='block_1_41' title="bbox 2196 1282 3803 1367">
    <p class='ocr_par' dir='ltr' id='par_1_41' title="bbox 2196 1282 3803 1367">
     <span class='ocr_line' id='line_1_42' title="bbox 2196 1282 3803 1367; baseline -0.009 -16"><span class='ocrx_word' id='word_1_351' title='bbox 2196 1295 2356 1366; x_wconf 90' lang='lat' dir='ltr'><strong>pulus</strong></span> <span class='ocrx_word' id='word_1_352' title='bbox 2384 1295 2448 1351; x_wconf 90' lang='lat' dir='ltr'><strong>ad</strong></span> <span class='ocrx_word' id='word_1_353' title='bbox 2480 1295 2757 1367; x_wconf 81' lang='lat' dir='ltr'><strong>papulum,</strong></span> <span class='ocrx_word' id='word_1_354' title='bbox 2792 1304 2846 1351; x_wconf 89' lang='lat' dir='ltr'><strong>et</strong></span> <span class='ocrx_word' id='word_1_355' title='bbox 2881 1291 3216 1364; x_wconf 88' lang='lat' dir='ltr'><strong>recorporari</strong></span> <span class='ocrx_word' id='word_1_356' title='bbox 3261 1289 3511 1346; x_wconf 86' lang='lat' dir='ltr'><strong>carnibus</strong></span> <span class='ocrx_word' id='word_1_357' title='bbox 3555 1282 3803 1341; x_wconf 86' lang='lat' dir='ltr'><strong>faculta-</strong></span> 
     </span>
    </p>
   </div>
   <div class='ocr_carea' id='block_1_42' title="bbox 2197 1373 3805 1456">
    <p class='ocr_par' dir='ltr' id='par_1_42' title="bbox 2197 1373 3805 1456">
     <span class='ocr_line' id='line_1_43' title="bbox 2197 1373 3805 1456; baseline -0.007 -16"><span class='ocrx_word' id='word_1_358' title='bbox 2197 1393 2307 1440; x_wconf 90' lang='lat' dir='ltr'><strong>tum</strong></span> <span class='ocrx_word' id='word_1_359' title='bbox 2355 1386 2407 1424; x_wconf 82' lang='lat'><strong>30</strong></span> <span class='ocrx_word' id='word_1_360' title='bbox 2454 1395 2508 1442; x_wconf 91' lang='lat' dir='ltr'><strong>et</strong></span> <span class='ocrx_word' id='word_1_361' title='bbox 2554 1385 2735 1441; x_wconf 88' lang='lat' dir='ltr'><strong>nervis</strong></span> <span class='ocrx_word' id='word_1_362' title='bbox 2765 1386 2953 1456; x_wconf 80' lang='lat' dir='ltr'><strong>regni;</strong></span> <span class='ocrx_word' id='word_1_363' title='bbox 2985 1392 3142 1455; x_wconf 87' lang='lat' dir='ltr'><strong>atque</strong></span> <span class='ocrx_word' id='word_1_364' title='bbox 3178 1383 3252 1436; x_wconf 88' lang='lat' dir='ltr'><strong>ita</strong></span> <span class='ocrx_word' id='word_1_365' title='bbox 3305 1380 3374 1435; x_wconf 88' lang='lat' dir='ltr'><strong>de</strong></span> <span class='ocrx_word' id='word_1_366' title='bbox 3421 1375 3710 1448; x_wconf 87' lang='lat' dir='ltr'><strong>sepulcris,</strong></span> <span class='ocrx_word' id='word_1_367' title='bbox 3746 1373 3805 1428; x_wconf 85' lang='lat' dir='ltr'><strong>id</strong></span> 
     </span>
    </p>
   </div>
   <div class='ocr_carea' id='block_1_43' title="bbox 2196 1469 3808 1546">
    <p class='ocr_par' dir='ltr' id='par_1_43' title="bbox 2196 1469 3808 1546">
     <span class='ocr_line' id='line_1_44' title="bbox 2196 1469 3808 1546; baseline -0.006 -17"><span class='ocrx_word' id='word_1_368' title='bbox 2196 1483 2277 1530; x_wconf 89' lang='lat' dir='ltr'><strong>est</strong></span> <span class='ocrx_word' id='word_1_369' title='bbox 2330 1475 2397 1530; x_wconf 93' lang='lat' dir='ltr'><strong>de</strong></span> <span class='ocrx_word' id='word_1_370' title='bbox 2457 1475 2774 1532; x_wconf 85' lang='lat' dir='ltr'><strong>habitaculis</strong></span> <span class='ocrx_word' id='word_1_371' title='bbox 2837 1473 3163 1546; x_wconf 86' lang='lat' dir='ltr'><strong>captivitatis</strong></span> <span class='ocrx_word' id='word_1_372' title='bbox 3236 1469 3556 1528; x_wconf 87' lang='lat' dir='ltr'><strong>tristissimis</strong></span> <span class='ocrx_word' id='word_1_373' title='bbox 3627 1474 3808 1538; x_wconf 75' lang='lat' dir='ltr'><strong>atque</strong></span> 
     </span>
    </p>
   </div>
   <div class='ocr_carea' id='block_1_44' title="bbox 2197 1557 3811 1638">
    <p class='ocr_par' dir='ltr' id='par_1_44' title="bbox 2197 1557 3811 1638">
     <span class='ocr_line' id='line_1_45' title="bbox 2197 1557 3811 1638; baseline -0.006 -20"><span class='ocrx_word' id='word_1_374' title='bbox 2197 1563 2481 1618; x_wconf 90' lang='lat' dir='ltr'><strong>teterrimis</strong></span> <span class='ocrx_word' id='word_1_375' title='bbox 2524 1563 2700 1633; x_wconf 90' lang='lat' dir='ltr'><strong>educi,</strong></span> <span class='ocrx_word' id='word_1_376' title='bbox 2733 1572 2788 1620; x_wconf 90' lang='lat' dir='ltr'><strong>et</strong></span> <span class='ocrx_word' id='word_1_377' title='bbox 2840 1562 3100 1638; x_wconf 85' lang='lat' dir='ltr'><strong>refrigerii</strong></span> <span class='ocrx_word' id='word_1_378' title='bbox 3149 1562 3367 1618; x_wconf 87' lang='lat' dir='ltr'><strong>nomine</strong></span> <span class='ocrx_word' id='word_1_379' title='bbox 3414 1557 3712 1627; x_wconf 87' lang='lat' dir='ltr'><strong>respirare,</strong></span> <span class='ocrx_word' id='word_1_380' title='bbox 3751 1563 3811 1609; x_wconf 86' lang='lat' dir='ltr'><strong>et</strong></span> 
     </span>
    </p>
   </div>
   <div class='ocr_carea' id='block_1_45' title="bbox 2199 1645 3811 1716">
    <p class='ocr_par' dir='ltr' id='par_1_45' title="bbox 2199 1645 3811 1716">
     <span class='ocr_line' id='line_1_46' title="bbox 2199 1645 3811 1716; baseline -0.006 -8"><span class='ocrx_word' id='word_1_381' title='bbox 2199 1652 2384 1708; x_wconf 88' lang='lat' dir='ltr'><strong>vivere</strong></span> <span class='ocrx_word' id='word_1_382' title='bbox 2427 1652 2622 1708; x_wconf 82' lang='lat' dir='ltr'><strong>exinde</strong></span> <span class='ocrx_word' id='word_1_383' title='bbox 2665 1651 2719 1707; x_wconf 91' lang='lat' dir='ltr'><strong>in</strong></span> <span class='ocrx_word' id='word_1_384' title='bbox 2770 1659 2910 1707; x_wconf 88' lang='lat' dir='ltr'><strong>terra</strong></span> <span class='ocrx_word' id='word_1_385' title='bbox 2963 1668 3065 1708; x_wconf 88' lang='lat' dir='ltr'><strong>sua</strong></span> <span class='ocrx_word' id='word_1_386' title='bbox 3117 1651 3311 1708; x_wconf 83' lang='lat' dir='ltr'><strong>Judea.</strong></span> <span class='ocrx_word' id='word_1_387' title='bbox 3370 1648 3442 1703; x_wconf 88' lang='lat' dir='ltr'><strong>Et</strong></span> <span class='ocrx_word' id='word_1_388' title='bbox 3486 1645 3612 1716; x_wconf 88' lang='lat' dir='ltr'><strong>quid</strong></span> <span class='ocrx_word' id='word_1_389' title='bbox 3670 1651 3811 1715; x_wconf 83' lang='lat' dir='ltr'><strong>post</strong></span> 
     </span>
    </p>
   </div>
   <div class='ocr_carea' id='block_1_46' title="bbox 2196 1736 3810 1812">
    <p class='ocr_par' dir='ltr' id='par_1_46' title="bbox 2196 1736 3810 1812">
     <span class='ocr_line' id='line_1_47' title="bbox 2196 1736 3810 1812; baseline -0.005 -16"><span class='ocrx_word' id='word_1_390' title='bbox 2196 1742 2354 1798; x_wconf 68' lang='lat' dir='ltr'><strong>haec?</strong></span> <span class='ocrx_word' id='word_1_391' title='bbox 2384 1742 2679 1798; x_wconf 83' lang='lat' dir='ltr'><strong>Moriemur</strong></span> <span class='ocrx_word' id='word_1_392' title='bbox 2705 1742 2820 1798; x_wconf 89' lang='lat' dir='ltr'><strong>sine</strong></span> <span class='ocrx_word' id='word_1_393' title='bbox 2846 1741 3031 1798; x_wconf 92' lang='lat' dir='ltr'><strong>dubio.</strong></span> <span class='ocrx_word' id='word_1_394' title='bbox 3064 1742 3131 1797; x_wconf 88' lang='lat' dir='ltr'><strong>Et</strong></span> <span class='ocrx_word' id='word_1_395' title='bbox 3170 1739 3303 1812; x_wconf 89' lang='lat' dir='ltr'><strong>quid</strong></span> <span class='ocrx_word' id='word_1_396' title='bbox 3351 1747 3471 1810; x_wconf 87' lang='lat' dir='ltr'><strong>post</strong></span> <span class='ocrx_word' id='word_1_397' title='bbox 3512 1744 3755 1794; x_wconf 86' lang='lat' dir='ltr'><strong>mortem</strong></span> <span class='ocrx_word' id='word_1_398' title='bbox 3777 1736 3810 1788; x_wconf 83' lang='lat'><strong>?</strong></span> 
     </span>
    </p>
   </div>
   <div class='ocr_carea' id='block_1_47' title="bbox 2197 1825 3810 1902">
    <p class='ocr_par' dir='ltr' id='par_1_47' title="bbox 2197 1825 3810 1902">
     <span class='ocr_line' id='line_1_48' title="bbox 2197 1825 3810 1902; baseline -0.005 -16"><span class='ocrx_word' id='word_1_399' title='bbox 2197 1833 2375 1902; x_wconf 90' lang='lat' dir='ltr'><strong>Nulla,</strong></span> <span class='ocrx_word' id='word_1_400' title='bbox 2408 1831 2618 1902; x_wconf 83' lang='lat' dir='ltr'><strong>Opinor,</strong></span> <span class='ocrx_word' id='word_1_401' title='bbox 2669 1831 3031 1896; x_wconf 88' lang='lat' dir='ltr'><strong>resuscitatio,</strong></span> <span class='ocrx_word' id='word_1_402' title='bbox 3082 1830 3130 1886; x_wconf 89' lang='lat' dir='ltr'><strong>si</strong></span> <span class='ocrx_word' id='word_1_403' title='bbox 3187 1845 3295 1885; x_wconf 91' lang='lat' dir='ltr'><strong>non</strong></span> <span class='ocrx_word' id='word_1_404' title='bbox 3346 1831 3460 1885; x_wconf 77' lang='lat' dir='ltr'><strong>haec</strong></span> <span class='ocrx_word' id='word_1_405' title='bbox 3511 1827 3611 1883; x_wconf 90' lang='lat' dir='ltr'><strong>erit</strong></span> <span class='ocrx_word' id='word_1_406' title='bbox 3650 1825 3810 1897; x_wconf 81' lang='lat' dir='ltr'><strong>ipsa,</strong></span> 
     </span>
    </p>
   </div>
   <div class='ocr_carea' id='block_1_48' title="bbox 2199 1914 3814 1991">
    <p class='ocr_par' dir='ltr' id='par_1_48' title="bbox 2199 1914 3814 1991">
     <span class='ocr_line' id='line_1_49' title="bbox 2199 1914 3814 1991; baseline -0.003 -17"><span class='ocrx_word' id='word_1_407' title='bbox 2199 1936 2320 1991; x_wconf 69' lang='lat' dir='ltr'><strong>quae</strong></span> <span class='ocrx_word' id='word_1_408' title='bbox 2349 1919 2616 1976; x_wconf 86' lang='lat' dir='ltr'><strong>Ezechieli</strong></span> <span class='ocrx_word' id='word_1_409' title='bbox 2645 1921 2933 1977; x_wconf 89' lang='lat' dir='ltr'><strong>revelatur.</strong></span> <span class='ocrx_word' id='word_1_410' title='bbox 2966 1917 3074 1974; x_wconf 88' lang='lat' dir='ltr'><strong>Sed</strong></span> <span class='ocrx_word' id='word_1_411' title='bbox 3102 1917 3246 1975; x_wconf 90' lang='lat' dir='ltr'><strong>enim</strong></span> <span class='ocrx_word' id='word_1_412' title='bbox 3285 1926 3340 1974; x_wconf 91' lang='lat' dir='ltr'><strong>et</strong></span> <span class='ocrx_word' id='word_1_413' title='bbox 3367 1915 3498 1971; x_wconf 85' lang='lat' dir='ltr'><strong>alias</strong></span> <span class='ocrx_word' id='word_1_414' title='bbox 3527 1914 3814 1987; x_wconf 65' lang='lat' dir='ltr'><strong>praedica-</strong></span> 
     </span>
    </p>
   </div>
   <div class='ocr_carea' id='block_1_49' title="bbox 2200 2003 3813 2082">
    <p class='ocr_par' dir='ltr' id='par_1_49' title="bbox 2200 2003 3813 2082">
     <span class='ocr_line' id='line_1_50' title="bbox 2200 2003 3813 2082; baseline -0.006 -15"><span class='ocrx_word' id='word_1_415' title='bbox 2200 2017 2286 2067; x_wconf 91' lang='lat' dir='ltr'><strong>tur</strong></span> <span class='ocrx_word' id='word_1_416' title='bbox 2313 2009 2639 2068; x_wconf 85' lang='lat' dir='ltr'><strong>resurrectio</strong></span> <span class='ocrx_word' id='word_1_417' title='bbox 2672 2027 2687 2064; x_wconf 93' lang='lat'>:</span> <span class='ocrx_word' id='word_1_418' title='bbox 2721 2024 2852 2082; x_wconf 87' lang='lat' dir='ltr'><strong>ergo</strong></span> <span class='ocrx_word' id='word_1_419' title='bbox 2882 2015 2938 2066; x_wconf 89' lang='lat' dir='ltr'><strong>et</strong></span> <span class='ocrx_word' id='word_1_420' title='bbox 2981 2008 3026 2048; x_wconf 76' lang='grc'><strong>³1</strong></span> <span class='ocrx_word' id='word_1_421' title='bbox 3076 2006 3195 2063; x_wconf 82' lang='lat' dir='ltr'><strong>haec</strong></span> <span class='ocrx_word' id='word_1_422' title='bbox 3240 2007 3359 2072; x_wconf 89' lang='lat' dir='ltr'><strong>erit,</strong></span> <span class='ocrx_word' id='word_1_423' title='bbox 3403 2012 3454 2061; x_wconf 90' lang='lat' dir='ltr'><strong>et</strong></span> <span class='ocrx_word' id='word_1_424' title='bbox 3491 2013 3701 2060; x_wconf 85' lang='lat' dir='ltr'><strong>temere</strong></span> <span class='ocrx_word' id='word_1_425' title='bbox 3753 2003 3813 2059; x_wconf 84' lang='lat' dir='ltr'><strong>in</strong></span> 
     </span>
    </p>
   </div>
   <div class='ocr_carea' id='block_1_50' title="bbox 2199 2092 3813 2156">
    <p class='ocr_par' dir='ltr' id='par_1_50' title="bbox 2199 2092 3813 2156">
     <span class='ocr_line' id='line_1_51' title="bbox 2199 2092 3813 2156; baseline -0.006 0"><span class='ocrx_word' id='word_1_426' title='bbox 2199 2107 2398 2156; x_wconf 84' lang='lat' dir='ltr'><strong>statum</strong></span> <span class='ocrx_word' id='word_1_427' title='bbox 2445 2113 2565 2154; x_wconf 90' lang='lat' dir='ltr'><strong>eam</strong></span> <span class='ocrx_word' id='word_1_428' title='bbox 2604 2097 2950 2156; x_wconf 88' lang='lat' dir='ltr'><strong>Judaicarum</strong></span> <span class='ocrx_word' id='word_1_429' title='bbox 2979 2113 3160 2154; x_wconf 89' lang='lat' dir='ltr'><strong>rerum</strong></span> <span class='ocrx_word' id='word_1_430' title='bbox 3205 2101 3545 2151; x_wconf 88' lang='lat' dir='ltr'><strong>convertunt.</strong></span> <span class='ocrx_word' id='word_1_431' title='bbox 3586 2094 3707 2147; x_wconf 79' lang='lat' dir='ltr'><strong>Aut</strong></span> <span class='ocrx_word' id='word_1_432' title='bbox 3762 2092 3813 2147; x_wconf 87' lang='lat' dir='ltr'><strong>si</strong></span> 
     </span>
    </p>
   </div>
   <div class='ocr_carea' id='block_1_51' title="bbox 2200 2180 3809 2258">
    <p class='ocr_par' dir='ltr' id='par_1_51' title="bbox 2200 2180 3809 2258">
     <span class='ocr_line' id='line_1_52' title="bbox 2200 2180 3809 2258; baseline -0.004 -16"><span class='ocrx_word' id='word_1_433' title='bbox 2200 2186 2301 2242; x_wconf 91' lang='lat' dir='ltr'><strong>alia</strong></span> <span class='ocrx_word' id='word_1_434' title='bbox 2353 2193 2433 2244; x_wconf 88' lang='lat' dir='ltr'><strong>est</strong></span> <span class='ocrx_word' id='word_1_435' title='bbox 2463 2187 2552 2242; x_wconf 91' lang='lat' dir='ltr'><strong>illa</strong></span> <span class='ocrx_word' id='word_1_436' title='bbox 2595 2203 2754 2258; x_wconf 89' lang='lat' dir='ltr'><strong>quam</strong></span> <span class='ocrx_word' id='word_1_437' title='bbox 2800 2185 3158 2250; x_wconf 83' lang='lat' dir='ltr'><strong>defendimus,</strong></span> <span class='ocrx_word' id='word_1_438' title='bbox 3207 2183 3340 2238; x_wconf 84' lang='lat' dir='ltr'><strong>nihil</strong></span> <span class='ocrx_word' id='word_1_439' title='bbox 3391 2197 3512 2238; x_wconf 87' lang='lat' dir='ltr'><strong>mea</strong></span> <span class='ocrx_word' id='word_1_440' title='bbox 3540 2180 3809 2246; x_wconf 86' lang='lat' dir='ltr'><strong>interest,</strong></span> 
     </span>
    </p>
   </div>
   <div class='ocr_carea' id='block_1_52' title="bbox 2201 2271 3814 2347">
    <p class='ocr_par' dir='ltr' id='par_1_52' title="bbox 2201 2271 3814 2347">
     <span class='ocr_line' id='line_1_53' title="bbox 2201 2271 3814 2347; baseline -0.004 -16"><span class='ocrx_word' id='word_1_441' title='bbox 2201 2276 2328 2331; x_wconf 93' lang='lat' dir='ltr'><strong>dum</strong></span> <span class='ocrx_word' id='word_1_442' title='bbox 2361 2275 2430 2330; x_wconf 89' lang='lat' dir='ltr'><strong>sit</strong></span> <span class='ocrx_word' id='word_1_443' title='bbox 2457 2287 2512 2332; x_wconf 90' lang='lat' dir='ltr'><strong>et</strong></span> <span class='ocrx_word' id='word_1_444' title='bbox 2539 2291 2831 2347; x_wconf 88' lang='lat' dir='ltr'><strong>corporum</strong></span> <span class='ocrx_word' id='word_1_445' title='bbox 2860 2273 3205 2339; x_wconf 86' lang='lat' dir='ltr'><strong>resurrectio,</strong></span> <span class='ocrx_word' id='word_1_446' title='bbox 3239 2272 3378 2328; x_wconf 89' lang='lat' dir='ltr'><strong>sicut</strong></span> <span class='ocrx_word' id='word_1_447' title='bbox 3407 2279 3460 2326; x_wconf 90' lang='lat' dir='ltr'><strong>et</strong></span> <span class='ocrx_word' id='word_1_448' title='bbox 3487 2286 3669 2327; x_wconf 88' lang='lat' dir='ltr'><strong>rerum</strong></span> <span class='ocrx_word' id='word_1_449' title='bbox 3703 2271 3814 2326; x_wconf 79' lang='lat' dir='ltr'><strong>Ju-</strong></span> 
     </span>
    </p>
   </div>
   <div class='ocr_carea' id='block_1_53' title="bbox 2201 2359 3813 2437">
    <p class='ocr_par' dir='ltr' id='par_1_53' title="bbox 2201 2359 3813 2437">
     <span class='ocr_line' id='line_1_54' title="bbox 2201 2359 3813 2437; baseline -0.001 -20"><span class='ocrx_word' id='word_1_450' title='bbox 2201 2363 2494 2420; x_wconf 89' lang='lat' dir='ltr'><strong>daicarum.</strong></span> <span class='ocrx_word' id='word_1_451' title='bbox 2540 2365 2807 2437; x_wconf 90' lang='lat' dir='ltr'><strong>Denique,</strong></span> <span class='ocrx_word' id='word_1_452' title='bbox 2855 2366 2959 2422; x_wconf 88' lang='lat' dir='ltr'><strong>hoc</strong></span> <span class='ocrx_word' id='word_1_453' title='bbox 2999 2363 3120 2436; x_wconf 89' lang='lat' dir='ltr'><strong>ipso</strong></span> <span class='ocrx_word' id='word_1_454' title='bbox 3157 2362 3299 2434; x_wconf 90' lang='lat' dir='ltr'><strong>quod</strong></span> <span class='ocrx_word' id='word_1_455' title='bbox 3333 2361 3662 2418; x_wconf 85' lang='lat' dir='ltr'><strong>recidivatus</strong></span> <span class='ocrx_word' id='word_1_456' title='bbox 3696 2359 3813 2416; x_wconf 79' lang='lat' dir='ltr'><strong>Ju-</strong></span> 
     </span>
    </p>
   </div>
   <div class='ocr_carea' id='block_1_54' title="bbox 2200 2449 3815 2526">
    <p class='ocr_par' dir='ltr' id='par_1_54' title="bbox 2200 2449 3815 2526">
     <span class='ocr_line' id='line_1_55' title="bbox 2200 2449 3815 2526; baseline -0.001 -19"><span class='ocrx_word' id='word_1_457' title='bbox 2200 2452 2339 2510; x_wconf 90' lang='lat' dir='ltr'><strong>daici</strong></span> <span class='ocrx_word' id='word_1_458' title='bbox 2395 2461 2564 2509; x_wconf 90' lang='lat' dir='ltr'><strong>status</strong></span> <span class='ocrx_word' id='word_1_459' title='bbox 2619 2454 2688 2510; x_wconf 92' lang='lat' dir='ltr'><strong>de</strong></span> <span class='ocrx_word' id='word_1_460' title='bbox 2745 2453 2794 2494; x_wconf 68' lang='lat'><strong>3’</strong></span> <span class='ocrx_word' id='word_1_461' title='bbox 2861 2453 3293 2526; x_wconf 90' lang='lat' dir='ltr'><strong>recorporatione</strong></span> <span class='ocrx_word' id='word_1_462' title='bbox 3364 2457 3419 2506; x_wconf 89' lang='lat' dir='ltr'><strong>et</strong></span> <span class='ocrx_word' id='word_1_463' title='bbox 3481 2449 3815 2507; x_wconf 85' lang='lat' dir='ltr'><strong>redanima-</strong></span> 
     </span>
    </p>
   </div>
   <div class='ocr_carea' id='block_1_55' title="bbox 2201 2541 3810 2616">
    <p class='ocr_par' dir='ltr' id='par_1_55' title="bbox 2201 2541 3810 2616">
     <span class='ocr_line' id='line_1_56' title="bbox 2201 2541 3810 2616; baseline -0.002 -19"><span class='ocrx_word' id='word_1_464' title='bbox 2201 2541 2344 2598; x_wconf 89' lang='lat' dir='ltr'><strong>tione</strong></span> <span class='ocrx_word' id='word_1_465' title='bbox 2391 2542 2507 2614; x_wconf 93' lang='lat'><strong>(38)</strong></span> <span class='ocrx_word' id='word_1_466' title='bbox 2555 2542 2757 2599; x_wconf 90' lang='lat' dir='ltr'><strong>ossium</strong></span> <span class='ocrx_word' id='word_1_467' title='bbox 2801 2541 3081 2616; x_wconf 78' lang='lat' dir='ltr'><strong>ﬁguratur,</strong></span> <span class='ocrx_word' id='word_1_468' title='bbox 3127 2541 3181 2596; x_wconf 91' lang='lat' dir='ltr'><strong>id</strong></span> <span class='ocrx_word' id='word_1_469' title='bbox 3209 2555 3422 2613; x_wconf 87' lang='lat' dir='ltr'><strong>quoque</strong></span> <span class='ocrx_word' id='word_1_470' title='bbox 3463 2545 3810 2595; x_wconf 81' lang='lat' dir='ltr'><strong>eventurum</strong></span> 
     </span>
    </p>
   </div>
   <div class='ocr_carea' id='block_1_56' title="bbox 2201 2622 3815 2704">
    <p class='ocr_par' dir='ltr' id='par_1_56' title="bbox 2201 2622 3815 2704">
     <span class='ocr_line' id='line_1_57' title="bbox 2201 2622 3815 2704; baseline -0.004 -18"><span class='ocrx_word' id='word_1_471' title='bbox 2201 2631 2414 2686; x_wconf 90' lang='lat' dir='ltr'><strong>ossibus</strong></span> <span class='ocrx_word' id='word_1_472' title='bbox 2443 2633 2723 2704; x_wconf 88' lang='lat' dir='ltr'><strong>probatur.</strong></span> <span class='ocrx_word' id='word_1_473' title='bbox 2753 2633 2875 2687; x_wconf 90' lang='lat' dir='ltr'><strong>Non</strong></span> <span class='ocrx_word' id='word_1_474' title='bbox 2899 2631 3041 2687; x_wconf 91' lang='lat' dir='ltr'><strong>enim</strong></span> <span class='ocrx_word' id='word_1_475' title='bbox 3072 2622 3258 2703; x_wconf 74' lang='lat' dir='ltr'><strong>posSet</strong></span> <span class='ocrx_word' id='word_1_476' title='bbox 3282 2629 3350 2684; x_wconf 90' lang='lat' dir='ltr'><strong>de</strong></span> <span class='ocrx_word' id='word_1_477' title='bbox 3379 2627 3586 2685; x_wconf 89' lang='lat' dir='ltr'><strong>ossibus</strong></span> <span class='ocrx_word' id='word_1_478' title='bbox 3614 2627 3815 2700; x_wconf 80' lang='lat' dir='ltr'><strong>ﬁgura</strong></span> 
     </span>
    </p>
   </div>
   <div class='ocr_carea' id='block_1_57' title="bbox 2201 2719 3818 2793">
    <p class='ocr_par' dir='ltr' id='par_1_57' title="bbox 2201 2719 3818 2793">
     <span class='ocr_line' id='line_1_58' title="bbox 2201 2719 3818 2793; baseline -0.002 -18"><span class='ocrx_word' id='word_1_479' title='bbox 2201 2720 2474 2791; x_wconf 90' lang='lat' dir='ltr'><strong>componi,</strong></span> <span class='ocrx_word' id='word_1_480' title='bbox 2508 2721 2552 2775; x_wconf 90' lang='lat' dir='ltr'><strong>si</strong></span> <span class='ocrx_word' id='word_1_481' title='bbox 2583 2736 2690 2776; x_wconf 90' lang='lat' dir='ltr'><strong>non</strong></span> <span class='ocrx_word' id='word_1_482' title='bbox 2719 2719 2958 2793; x_wconf 90' lang='lat' dir='ltr'><strong>idipsum</strong></span> <span class='ocrx_word' id='word_1_483' title='bbox 3005 2731 3058 2777; x_wconf 89' lang='lat' dir='ltr'><strong>et</strong></span> <span class='ocrx_word' id='word_1_484' title='bbox 3085 2720 3297 2776; x_wconf 88' lang='lat' dir='ltr'><strong>ossibus</strong></span> <span class='ocrx_word' id='word_1_485' title='bbox 3341 2726 3669 2774; x_wconf 87' lang='lat' dir='ltr'><strong>eventurum</strong></span> <span class='ocrx_word' id='word_1_486' title='bbox 3726 2731 3818 2772; x_wconf 87' lang='lat' dir='ltr'><strong>es-</strong></span> 
     </span>
    </p>
   </div>
   <div class='ocr_carea' id='block_1_58' title="bbox 2201 2805 3819 2884">
    <p class='ocr_par' dir='ltr' id='par_1_58' title="bbox 2201 2805 3819 2884">
     <span class='ocr_line' id='line_1_59' title="bbox 2201 2805 3819 2884; baseline -0.002 -20"><span class='ocrx_word' id='word_1_487' title='bbox 2201 2817 2305 2864; x_wconf 85' lang='lat' dir='ltr'><strong>set.</strong></span> <span class='ocrx_word' id='word_1_488' title='bbox 2335 2810 2472 2865; x_wconf 90' lang='lat' dir='ltr'><strong>Nam</strong></span> <span class='ocrx_word' id='word_1_489' title='bbox 2501 2808 2601 2866; x_wconf 89' lang='lat' dir='ltr'><strong>etsi</strong></span> <span class='ocrx_word' id='word_1_490' title='bbox 2655 2810 2972 2884; x_wconf 83' lang='lat' dir='ltr'><strong>ﬁgmentum</strong></span> <span class='ocrx_word' id='word_1_491' title='bbox 3017 2808 3256 2867; x_wconf 85' lang='lat' dir='ltr'><strong>veritatis</strong></span> <span class='ocrx_word' id='word_1_492' title='bbox 3300 2808 3418 2880; x_wconf 86' lang='lat'><strong>(39)</strong></span> <span class='ocrx_word' id='word_1_493' title='bbox 3463 2806 3514 2861; x_wconf 88' lang='lat' dir='ltr'><strong>in</strong></span> <span class='ocrx_word' id='word_1_494' title='bbox 3555 2805 3819 2878; x_wconf 77' lang='lat' dir='ltr'><strong>imagine</strong></span> 
     </span>
    </p>
   </div>
   <div class='ocr_carea' id='block_1_59' title="bbox 2203 2897 3818 2973">
    <p class='ocr_par' dir='ltr' id='par_1_59' title="bbox 2203 2897 3818 2973">
     <span class='ocr_line' id='line_1_60' title="bbox 2203 2897 3818 2973; baseline -0.002 -19"><span class='ocrx_word' id='word_1_495' title='bbox 2203 2907 2303 2966; x_wconf 90' lang='lat' dir='ltr'><strong>est,</strong></span> <span class='ocrx_word' id='word_1_496' title='bbox 2349 2900 2526 2973; x_wconf 77' lang='lat' dir='ltr'><strong>imago</strong></span> <span class='ocrx_word' id='word_1_497' title='bbox 2557 2900 2674 2971; x_wconf 89' lang='lat' dir='ltr'><strong>ipsa</strong></span> <span class='ocrx_word' id='word_1_498' title='bbox 2710 2898 2766 2954; x_wconf 91' lang='lat' dir='ltr'><strong>in</strong></span> <span class='ocrx_word' id='word_1_499' title='bbox 2794 2899 3014 2956; x_wconf 87' lang='lat' dir='ltr'><strong>veritate</strong></span> <span class='ocrx_word' id='word_1_500' title='bbox 3044 2905 3127 2954; x_wconf 91' lang='lat' dir='ltr'><strong>est</strong></span> <span class='ocrx_word' id='word_1_501' title='bbox 3155 2897 3276 2966; x_wconf 88' lang='lat' dir='ltr'><strong>sui;</strong></span> <span class='ocrx_word' id='word_1_502' title='bbox 3313 2910 3527 2953; x_wconf 89' lang='lat' dir='ltr'><strong>necesse</strong></span> <span class='ocrx_word' id='word_1_503' title='bbox 3564 2900 3650 2949; x_wconf 86' lang='lat' dir='ltr'><strong>est</strong></span> <span class='ocrx_word' id='word_1_504' title='bbox 3683 2909 3818 2950; x_wconf 84' lang='lat' dir='ltr'><strong>esse</strong></span> 
     </span>
    </p>
   </div>
   <div class='ocr_carea' id='block_1_60' title="bbox 2203 2983 3816 3058">
    <p class='ocr_par' dir='ltr' id='par_1_60' title="bbox 2203 2983 3816 3058">
     <span class='ocr_line' id='line_1_61' title="bbox 2203 2983 3816 3058; baseline -0.003 -16"><span class='ocrx_word' id='word_1_505' title='bbox 2203 2987 2350 3056; x_wconf 89' lang='lat' dir='ltr'><strong>prius</strong></span> <span class='ocrx_word' id='word_1_506' title='bbox 2404 2986 2571 3044; x_wconf 80' lang='lat'><strong>838</strong></span> <span class='ocrx_word' id='word_1_507' title='bbox 2627 2987 2735 3042; x_wconf 90' lang='lat' dir='ltr'><strong>sibi</strong></span> <span class='ocrx_word' id='word_1_508' title='bbox 2782 3003 2889 3058; x_wconf 91' lang='lat' dir='ltr'><strong>quo</strong></span> <span class='ocrx_word' id='word_1_509' title='bbox 2927 2986 3021 3042; x_wconf 83' lang='lat' dir='ltr'><strong>alii</strong></span> <span class='ocrx_word' id='word_1_510' title='bbox 3066 2985 3432 3056; x_wconf 79' lang='lat' dir='ltr'><strong>conﬁguretur</strong></span> <span class='ocrx_word' id='word_1_511' title='bbox 3482 2983 3593 3039; x_wconf 90' lang='lat' dir='ltr'><strong>:de</strong></span> <span class='ocrx_word' id='word_1_512' title='bbox 3620 2997 3816 3038; x_wconf 84' lang='lat' dir='ltr'><strong>vacuo</strong></span> 
     </span>
    </p>
   </div>
   <div class='ocr_carea' id='block_1_61' title="bbox 496 3068 3817 3161">
    <p class='ocr_par' dir='ltr' id='par_1_61' title="bbox 496 3068 3817 3161">
     <span class='ocr_line' id='line_1_62' title="bbox 496 3068 3817 3161; baseline -0 -35"><span class='ocrx_word' id='word_1_513' title='bbox 496 3087 696 3126; x_wconf 89' lang='lat' dir='ltr'><strong>sumus</strong></span> <span class='ocrx_word' id='word_1_514' title='bbox 717 3068 881 3127; x_wconf 76' lang='lat'><strong>837</strong></span> <span class='ocrx_word' id='word_1_515' title='bbox 901 3074 962 3128; x_wconf 89' lang='lat' dir='ltr'><strong>in</strong></span> <span class='ocrx_word' id='word_1_516' title='bbox 981 3074 1402 3146; x_wconf 88' lang='lat' dir='ltr'><strong>eis.Propterea</strong></span> <span class='ocrx_word' id='word_1_517' title='bbox 1423 3074 1696 3147; x_wconf 86' lang='lat' dir='ltr'><strong>propheta</strong></span> <span class='ocrx_word' id='word_1_518' title='bbox 1714 3076 1786 3132; x_wconf 89' lang='lat' dir='ltr'><strong>ad</strong></span> <span class='ocrx_word' id='word_1_519' title='bbox 1805 3093 1895 3134; x_wconf 91' lang='lat' dir='ltr'><strong>eos</strong></span> <span class='ocrx_word' id='word_1_520' title='bbox 1923 3097 1939 3132; x_wconf 91' lang='lat'><em>:</em></span> <span class='ocrx_word' id='word_1_521' title='bbox 1963 3080 2098 3134; x_wconf 85' lang='lat' dir='ltr'><strong>Ecce</strong></span> <span class='ocrx_word' id='word_1_522' title='bbox 2130 3082 2173 3161; x_wconf 71' lang='grc' dir='ltr'><strong><em>ε</em></strong></span> <span class='ocrx_word' id='word_1_523' title='bbox 2203 3076 2497 3132; x_wconf 91' lang='lat' dir='ltr'><strong>similitudo</strong></span> <span class='ocrx_word' id='word_1_524' title='bbox 2553 3093 2659 3133; x_wconf 90' lang='lat' dir='ltr'><strong>non</strong></span> <span class='ocrx_word' id='word_1_525' title='bbox 2716 3077 3012 3146; x_wconf 86' lang='lat' dir='ltr'><strong>competit;</strong></span> <span class='ocrx_word' id='word_1_526' title='bbox 3064 3076 3132 3130; x_wconf 91' lang='lat' dir='ltr'><strong>de</strong></span> <span class='ocrx_word' id='word_1_527' title='bbox 3178 3075 3326 3132; x_wconf 90' lang='lat' dir='ltr'><strong>nullo</strong></span> <span class='ocrx_word' id='word_1_528' title='bbox 3383 3071 3636 3145; x_wconf 87' lang='lat' dir='ltr'><strong>parabola</strong></span> <span class='ocrx_word' id='word_1_529' title='bbox 3683 3087 3817 3161; x_wconf 79' lang='lat' dir='ltr'><strong>non</strong></span> 
     </span>
    </p>
   </div>
   <div class='ocr_carea' id='block_1_62' title="bbox 498 3163 2103 3233">
    <p class='ocr_par' dir='ltr' id='par_1_62' title="bbox 498 3163 2103 3233">
     <span class='ocr_line' id='line_1_63' title="bbox 498 3163 2103 3233; baseline 0.002 -18"><span class='ocrx_word' id='word_1_530' title='bbox 498 3174 593 3232; x_wconf 86' lang='lat' dir='ltr'><strong>ego</strong></span> <span class='ocrx_word' id='word_1_531' title='bbox 618 3163 898 3233; x_wconf 72' lang='lat' dir='ltr'><strong>pate/acia</strong></span> <span class='ocrx_word' id='word_1_532' title='bbox 929 3163 1189 3233; x_wconf 87' lang='lat' dir='ltr'><strong>sepulcra</strong></span> <span class='ocrx_word' id='word_1_533' title='bbox 1217 3166 1436 3228; x_wconf 89' lang='lat' dir='ltr'><strong>vestra;</strong></span> <span class='ocrx_word' id='word_1_534' title='bbox 1467 3168 1524 3218; x_wconf 92' lang='lat' dir='ltr'><strong>et</strong></span> <span class='ocrx_word' id='word_1_535' title='bbox 1553 3163 1778 3221; x_wconf 86' lang='lat' dir='ltr'><strong>eveham</strong></span> <span class='ocrx_word' id='word_1_536' title='bbox 1807 3181 1897 3221; x_wconf 89' lang='lat' dir='ltr'><strong>vos</strong></span> <span class='ocrx_word' id='word_1_537' title='bbox 1929 3165 1995 3223; x_wconf 91' lang='lat' dir='ltr'><strong>de</strong></span> <span class='ocrx_word' id='word_1_538' title='bbox 2022 3183 2103 3223; x_wconf 89' lang='lat' dir='ltr'><strong>se.</strong></span> 
     </span>
    </p>
   </div>
   <div class='ocr_carea' id='block_1_63' title="bbox 496 3249 2088 3322">
    <p class='ocr_par' dir='ltr' id='par_1_63' title="bbox 496 3249 2088 3322">
     <span class='ocr_line' id='line_1_64' title="bbox 496 3249 2088 3322; baseline 0.004 -18"><span class='ocrx_word' id='word_1_539' title='bbox 496 3249 719 3322; x_wconf 85' lang='lat' dir='ltr'><strong>pulcris</strong></span> <span class='ocrx_word' id='word_1_540' title='bbox 749 3251 968 3313; x_wconf 87' lang='lat' dir='ltr'><strong>vestris,</strong></span> <span class='ocrx_word' id='word_1_541' title='bbox 1008 3251 1251 3322; x_wconf 75' lang='lat' dir='ltr'><strong>papulas</strong></span> <span class='ocrx_word' id='word_1_542' title='bbox 1286 3265 1443 3306; x_wconf 87' lang='lat' dir='ltr'><strong>meus</strong></span> <span class='ocrx_word' id='word_1_543' title='bbox 1471 3271 1490 3306; x_wconf 90' lang='lat'><strong><em>:</em></strong></span> <span class='ocrx_word' id='word_1_544' title='bbox 1521 3256 1577 3309; x_wconf 94' lang='lat' dir='ltr'><strong>et</strong></span> <span class='ocrx_word' id='word_1_545' title='bbox 1607 3253 1879 3308; x_wconf 88' lang='lat' dir='ltr'><strong>inducam</strong></span> <span class='ocrx_word' id='word_1_546' title='bbox 1903 3270 1996 3311; x_wconf 90' lang='lat' dir='ltr'><strong>vos</strong></span> <span class='ocrx_word' id='word_1_547' title='bbox 2025 3255 2088 3310; x_wconf 87' lang='lat' dir='ltr'><strong>in</strong></span> 
     </span>
    </p>
   </div>
   <div class='ocr_carea' id='block_1_64' title="bbox 501 3341 2090 3414">
    <p class='ocr_par' dir='ltr' id='par_1_64' title="bbox 501 3341 2090 3414">
     <span class='ocr_line' id='line_1_65' title="bbox 501 3341 2090 3414; baseline 0.005 -21"><span class='ocrx_word' id='word_1_548' title='bbox 501 3341 716 3394; x_wconf 86' lang='lat' dir='ltr'><strong>terram</strong></span> <span class='ocrx_word' id='word_1_549' title='bbox 766 3341 978 3407; x_wconf 88' lang='lat' dir='ltr'><strong>Israel;</strong></span> <span class='ocrx_word' id='word_1_550' title='bbox 1026 3345 1082 3398; x_wconf 86' lang='lat' dir='ltr'><strong>et</strong></span> <span class='ocrx_word' id='word_1_551' title='bbox 1127 3342 1463 3412; x_wconf 88' lang='lat' dir='ltr'><strong>cognoscetis</strong></span> <span class='ocrx_word' id='word_1_552' title='bbox 1501 3341 1648 3413; x_wconf 91' lang='lat' dir='ltr'><strong>quod</strong></span> <span class='ocrx_word' id='word_1_553' title='bbox 1679 3357 1773 3414; x_wconf 90' lang='lat' dir='ltr'><strong>ego</strong></span> <span class='ocrx_word' id='word_1_554' title='bbox 1815 3345 2090 3403; x_wconf 88' lang='lat' dir='ltr'><strong>Dominus</strong></span> 
     </span>
    </p>
   </div>
   <div class='ocr_carea' id='block_1_65' title="bbox 499 3428 2092 3501">
    <p class='ocr_par' dir='ltr' id='par_1_65' title="bbox 499 3428 2092 3501">
     <span class='ocr_line' id='line_1_66' title="bbox 499 3428 2092 3501; baseline 0.004 -19"><span class='ocrx_word' id='word_1_555' title='bbox 499 3429 825 3499; x_wconf 89' lang='lat' dir='ltr'><strong>aperuerim</strong></span> <span class='ocrx_word' id='word_1_556' title='bbox 860 3428 909 3468; x_wconf 73' lang='grc'><strong>2⁵</strong></span> <span class='ocrx_word' id='word_1_557' title='bbox 949 3431 1206 3501; x_wconf 87' lang='lat' dir='ltr'><strong>sepulcra</strong></span> <span class='ocrx_word' id='word_1_558' title='bbox 1236 3433 1440 3497; x_wconf 84' lang='lat' dir='ltr'><strong>vestra,</strong></span> <span class='ocrx_word' id='word_1_559' title='bbox 1487 3434 1544 3487; x_wconf 89' lang='lat' dir='ltr'><strong>et</strong></span> <span class='ocrx_word' id='word_1_560' title='bbox 1572 3431 1867 3488; x_wconf 72' lang='lat' dir='ltr'><strong>eduxerim</strong></span> <span class='ocrx_word' id='word_1_561' title='bbox 1905 3450 1996 3490; x_wconf 88' lang='lat' dir='ltr'><strong>vos</strong></span> <span class='ocrx_word' id='word_1_562' title='bbox 2026 3433 2092 3488; x_wconf 86' lang='lat' dir='ltr'><strong>de</strong></span> 
     </span>
    </p>
   </div>
   <div class='ocr_carea' id='block_1_66' title="bbox 497 3518 2095 3592">
    <p class='ocr_par' dir='ltr' id='par_1_66' title="bbox 497 3518 2095 3592">
     <span class='ocr_line' id='line_1_67' title="bbox 497 3518 2095 3592; baseline 0.003 -20"><span class='ocrx_word' id='word_1_563' title='bbox 497 3518 774 3588; x_wconf 80' lang='lat' dir='ltr'><strong>sepulcris</strong></span> <span class='ocrx_word' id='word_1_564' title='bbox 821 3520 1040 3586; x_wconf 87' lang='lat' dir='ltr'><strong>vestris,</strong></span> <span class='ocrx_word' id='word_1_565' title='bbox 1084 3520 1323 3592; x_wconf 89' lang='lat' dir='ltr'><strong>populus</strong></span> <span class='ocrx_word' id='word_1_566' title='bbox 1370 3535 1566 3586; x_wconf 88' lang='lat' dir='ltr'><strong>meus;</strong></span> <span class='ocrx_word' id='word_1_567' title='bbox 1595 3523 1649 3577; x_wconf 88' lang='lat' dir='ltr'><strong>et</strong></span> <span class='ocrx_word' id='word_1_568' title='bbox 1687 3519 1822 3577; x_wconf 90' lang='lat' dir='ltr'><strong>dabo</strong></span> <span class='ocrx_word' id='word_1_569' title='bbox 1866 3521 2016 3580; x_wconf 86' lang='lat' dir='ltr'><strong>vobis</strong></span> <span class='ocrx_word' id='word_1_570' title='bbox 2044 3521 2095 3560; x_wconf 79' lang='grc'><strong>²⁶</strong></span> 
     </span>
    </p>
   </div>
   <div class='ocr_carea' id='block_1_67' title="bbox 498 3605 2090 3679">
    <p class='ocr_par' dir='ltr' id='par_1_67' title="bbox 498 3605 2090 3679">
     <span class='ocr_line' id='line_1_68' title="bbox 498 3605 2090 3679; baseline 0.003 -19"><span class='ocrx_word' id='word_1_571' title='bbox 498 3605 786 3676; x_wconf 86' lang='lat' dir='ltr'><strong>spiritum,</strong></span> <span class='ocrx_word' id='word_1_572' title='bbox 805 3611 862 3662; x_wconf 90' lang='lat' dir='ltr'><strong>et</strong></span> <span class='ocrx_word' id='word_1_573' title='bbox 899 3609 1116 3673; x_wconf 85' lang='lat' dir='ltr'><strong>vivetis,</strong></span> <span class='ocrx_word' id='word_1_574' title='bbox 1139 3612 1195 3666; x_wconf 91' lang='lat' dir='ltr'><strong>et</strong></span> <span class='ocrx_word' id='word_1_575' title='bbox 1225 3609 1582 3679; x_wconf 86' lang='lat' dir='ltr'><strong>requiescetis</strong></span> <span class='ocrx_word' id='word_1_576' title='bbox 1610 3609 1673 3664; x_wconf 88' lang='lat' dir='ltr'><strong>in</strong></span> <span class='ocrx_word' id='word_1_577' title='bbox 1697 3612 1854 3666; x_wconf 88' lang='lat' dir='ltr'><strong>terra</strong></span> <span class='ocrx_word' id='word_1_578' title='bbox 1881 3613 2090 3675; x_wconf 88' lang='lat' dir='ltr'><strong>vestra,</strong></span> 
     </span>
    </p>
   </div>
   <div class='ocr_carea' id='block_1_68' title="bbox 502 3696 2096 3770">
    <p class='ocr_par' dir='ltr' id='par_1_68' title="bbox 502 3696 2096 3770">
     <span class='ocr_line' id='line_1_69' title="bbox 502 3696 2096 3770; baseline 0.004 -21"><span class='ocrx_word' id='word_1_579' title='bbox 502 3696 560 3749; x_wconf 91' lang='lat' dir='ltr'><strong>et</strong></span> <span class='ocrx_word' id='word_1_580' title='bbox 575 3696 916 3764; x_wconf 89' lang='lat' dir='ltr'><strong>cognoscetis</strong></span> <span class='ocrx_word' id='word_1_581' title='bbox 939 3697 1080 3766; x_wconf 87' lang='lat' dir='ltr'><strong>quod</strong></span> <span class='ocrx_word' id='word_1_582' title='bbox 1097 3711 1189 3766; x_wconf 89' lang='lat' dir='ltr'><strong>ego</strong></span> <span class='ocrx_word' id='word_1_583' title='bbox 1207 3698 1476 3753; x_wconf 90' lang='lat' dir='ltr'><strong>Dominus</strong></span> <span class='ocrx_word' id='word_1_584' title='bbox 1501 3697 1720 3754; x_wconf 88' lang='lat' dir='ltr'><strong>locutus</strong></span> <span class='ocrx_word' id='word_1_585' title='bbox 1741 3700 1852 3755; x_wconf 89' lang='lat' dir='ltr'><strong>sim</strong></span> <span class='ocrx_word' id='word_1_586' title='bbox 1870 3703 1927 3754; x_wconf 90' lang='lat' dir='ltr'><strong>et</strong></span> <span class='ocrx_word' id='word_1_587' title='bbox 1944 3702 2096 3770; x_wconf 77' lang='lat' dir='ltr'><strong>[ece-</strong></span> 
     </span>
    </p>
   </div>
   <div class='ocr_carea' id='block_1_69' title="bbox 499 3781 1132 3848">
    <p class='ocr_par' dir='ltr' id='par_1_69' title="bbox 499 3781 1132 3848">
     <span class='ocr_line' id='line_1_70' title="bbox 499 3781 1132 3848; baseline 0.005 -12"><span class='ocrx_word' id='word_1_588' title='bbox 499 3782 636 3848; x_wconf 87' lang='lat' dir='ltr'><strong>rim,</strong></span> <span class='ocrx_word' id='word_1_589' title='bbox 672 3781 813 3839; x_wconf 90' lang='lat' dir='ltr'><strong>dicit</strong></span> <span class='ocrx_word' id='word_1_590' title='bbox 842 3785 1132 3842; x_wconf 87' lang='lat' dir='ltr'><strong>Dominus.</strong></span> 
     </span>
    </p>
   </div>
   <div class='ocr_carea' id='block_1_70' title="bbox 1071 3923 1532 3983">
    <p class='ocr_par' dir='ltr' id='par_1_70' title="bbox 1071 3923 1532 3983">
     <span class='ocr_line' id='line_1_71' title="bbox 1071 3923 1532 3983; baseline 0.004 -2"><span class='ocrx_word' id='word_1_591' title='bbox 1071 3923 1300 3982; x_wconf 80' lang='lat' dir='ltr'><strong>CAPUT</strong></span> <span class='ocrx_word' id='word_1_592' title='bbox 1344 3924 1506 3983; x_wconf 80' lang='lat' dir='ltr'><strong>XXX</strong></span> <span class='ocrx_word' id='word_1_593' title='bbox 1518 3967 1532 3982; x_wconf 93' lang='lat'><strong>.</strong></span> 
     </span>
    </p>
   </div>
   <div class='ocr_carea' id='block_1_71' title="bbox 2210 3160 3817 3236">
    <p class='ocr_par' dir='ltr' id='par_1_71' title="bbox 2210 3160 3817 3236">
     <span class='ocr_line' id='line_1_72' title="bbox 2210 3160 3817 3236; baseline -0.003 -14"><span class='ocrx_word' id='word_1_594' title='bbox 2210 3166 2477 3222; x_wconf 86' lang='lat' dir='ltr'><strong>convenit.</strong></span> <span class='ocrx_word' id='word_1_595' title='bbox 2509 3166 2582 3220; x_wconf 89' lang='lat' dir='ltr'><strong>Ita</strong></span> <span class='ocrx_word' id='word_1_596' title='bbox 2611 3165 2882 3236; x_wconf 81' lang='lat' dir='ltr'><strong>Oportebit</strong></span> <span class='ocrx_word' id='word_1_597' title='bbox 2908 3165 3111 3220; x_wconf 87' lang='lat' dir='ltr'><strong>ossium</strong></span> <span class='ocrx_word' id='word_1_598' title='bbox 3141 3179 3356 3236; x_wconf 86' lang='lat' dir='ltr'><strong>quoque</strong></span> <span class='ocrx_word' id='word_1_599' title='bbox 3385 3162 3528 3218; x_wconf 91' lang='lat' dir='ltr'><strong>credi</strong></span> <span class='ocrx_word' id='word_1_600' title='bbox 3568 3160 3817 3217; x_wconf 80' lang='lat' dir='ltr'><strong>revisce-</strong></span> 
     </span>
    </p>
   </div>
   <div class='ocr_carea' id='block_1_72' title="bbox 2195 3249 3816 3323">
    <p class='ocr_par' dir='ltr' id='par_1_72' title="bbox 2195 3249 3816 3323">
     <span class='ocr_line' id='line_1_73' title="bbox 2195 3249 3816 3323; baseline -0.004 -15"><span class='ocrx_word' id='word_1_601' title='bbox 2195 3254 2460 3308; x_wconf 88' lang='lat' dir='ltr'><strong>rationem</strong></span> <span class='ocrx_word' id='word_1_602' title='bbox 2515 3261 2569 3308; x_wconf 90' lang='lat' dir='ltr'><strong>et</strong></span> <span class='ocrx_word' id='word_1_603' title='bbox 2613 3252 3022 3323; x_wconf 88' lang='lat' dir='ltr'><strong>respirationem</strong></span> <span class='ocrx_word' id='word_1_604' title='bbox 3072 3252 3246 3322; x_wconf 88' lang='lat' dir='ltr'><strong>qualis</strong></span> <span class='ocrx_word' id='word_1_605' title='bbox 3296 3251 3514 3318; x_wconf 90' lang='lat' dir='ltr'><strong>dicitur,</strong></span> <span class='ocrx_word' id='word_1_606' title='bbox 3567 3249 3639 3304; x_wconf 90' lang='lat' dir='ltr'><strong>de</strong></span> <span class='ocrx_word' id='word_1_607' title='bbox 3701 3263 3816 3319; x_wconf 79' lang='lat' dir='ltr'><strong>qua</strong></span> 
     </span>
    </p>
   </div>
   <div class='ocr_carea' id='block_1_73' title="bbox 2197 3337 3815 3415">
    <p class='ocr_par' dir='ltr' id='par_1_73' title="bbox 2197 3337 3815 3415">
     <span class='ocr_line' id='line_1_74' title="bbox 2197 3337 3815 3415; baseline -0.004 -17"><span class='ocrx_word' id='word_1_608' title='bbox 2197 3342 2368 3415; x_wconf 90' lang='lat' dir='ltr'><strong>possit</strong></span> <span class='ocrx_word' id='word_1_609' title='bbox 2407 3342 2632 3412; x_wconf 83' lang='lat' dir='ltr'><strong>exprimi</strong></span> <span class='ocrx_word' id='word_1_610' title='bbox 2667 3343 3017 3397; x_wconf 75' lang='lat' dir='ltr'><strong>Iudaicarum</strong></span> <span class='ocrx_word' id='word_1_611' title='bbox 3049 3357 3226 3397; x_wconf 89' lang='lat' dir='ltr'><strong>rerum</strong></span> <span class='ocrx_word' id='word_1_612' title='bbox 3256 3337 3562 3396; x_wconf 84' lang='lat' dir='ltr'><strong>reformatio</strong></span> <span class='ocrx_word' id='word_1_613' title='bbox 3613 3338 3815 3406; x_wconf 75' lang='lat' dir='ltr'><strong>qualis</strong></span> 
     </span>
    </p>
   </div>
   <div class='ocr_carea' id='block_1_74' title="bbox 2199 3428 3814 3506">
    <p class='ocr_par' dir='ltr' id='par_1_74' title="bbox 2199 3428 3814 3506">
     <span class='ocr_line' id='line_1_75' title="bbox 2199 3428 3814 3506; baseline -0.002 -19"><span class='ocrx_word' id='word_1_614' title='bbox 2199 3432 2496 3506; x_wconf 83' lang='lat' dir='ltr'><strong>afﬁngitur.</strong></span> <span class='ocrx_word' id='word_1_615' title='bbox 2545 3433 2650 3487; x_wconf 92' lang='lat' dir='ltr'><strong>Sed</strong></span> <span class='ocrx_word' id='word_1_616' title='bbox 2684 3431 2854 3504; x_wconf 87' lang='lat' dir='ltr'><strong>magis</strong></span> <span class='ocrx_word' id='word_1_617' title='bbox 2885 3431 3198 3504; x_wconf 87' lang='lat' dir='ltr'><strong>religiosum</strong></span> <span class='ocrx_word' id='word_1_618' title='bbox 3240 3438 3342 3499; x_wconf 88' lang='lat' dir='ltr'><strong>est,</strong></span> <span class='ocrx_word' id='word_1_619' title='bbox 3394 3429 3688 3485; x_wconf 86' lang='lat' dir='ltr'><strong>veritatem</strong></span> <span class='ocrx_word' id='word_1_620' title='bbox 3740 3428 3814 3484; x_wconf 87' lang='lat' dir='ltr'><strong>de</strong></span> 
     </span>
    </p>
   </div>
   <div class='ocr_carea' id='block_1_75' title="bbox 2201 3516 3812 3592">
    <p class='ocr_par' dir='ltr' id='par_1_75' title="bbox 2201 3516 3812 3592">
     <span class='ocr_line' id='line_1_76' title="bbox 2201 3516 3812 3592; baseline -0.004 -15"><span class='ocrx_word' id='word_1_621' title='bbox 2201 3537 2316 3578; x_wconf 66' lang='lat' dir='ltr'><strong>suae</strong></span> <span class='ocrx_word' id='word_1_622' title='bbox 2360 3521 2673 3577; x_wconf 88' lang='lat' dir='ltr'><strong>auctoritate</strong></span> <span class='ocrx_word' id='word_1_623' title='bbox 2701 3520 2752 3559; x_wconf 82' lang='lat'><strong>33</strong></span> <span class='ocrx_word' id='word_1_624' title='bbox 2789 3519 3146 3592; x_wconf 86' lang='lat' dir='ltr'><strong>simplicitatis</strong></span> <span class='ocrx_word' id='word_1_625' title='bbox 3191 3516 3431 3584; x_wconf 83' lang='lat' dir='ltr'><strong>defendi,</strong></span> <span class='ocrx_word' id='word_1_626' title='bbox 3469 3531 3634 3587; x_wconf 88' lang='lat' dir='ltr'><strong>quam</strong></span> <span class='ocrx_word' id='word_1_627' title='bbox 3669 3531 3812 3571; x_wconf 84' lang='lat' dir='ltr'><strong>sen-</strong></span> 
     </span>
    </p>
   </div>
   <div class='ocr_carea' id='block_1_76' title="bbox 2200 3603 3819 3683">
    <p class='ocr_par' dir='ltr' id='par_1_76' title="bbox 2200 3603 3819 3683">
     <span class='ocr_line' id='line_1_77' title="bbox 2200 3603 3819 3683; baseline -0.003 -17"><span class='ocrx_word' id='word_1_628' title='bbox 2200 3626 2296 3667; x_wconf 88' lang='lat' dir='ltr'><strong>sus</strong></span> <span class='ocrx_word' id='word_1_629' title='bbox 2323 3610 2517 3668; x_wconf 74' lang='lat' dir='ltr'><strong>divinae</strong></span> <span class='ocrx_word' id='word_1_630' title='bbox 2557 3610 2939 3683; x_wconf 80' lang='lat' dir='ltr'><strong>prapositionis</strong></span> <span class='ocrx_word' id='word_1_631' title='bbox 2967 3608 3283 3678; x_wconf 84' lang='lat' dir='ltr'><strong>expostulat.</strong></span> <span class='ocrx_word' id='word_1_632' title='bbox 3322 3606 3382 3663; x_wconf 93' lang='lat' dir='ltr'><strong>Si</strong></span> <span class='ocrx_word' id='word_1_633' title='bbox 3411 3607 3552 3661; x_wconf 89' lang='lat' dir='ltr'><strong>enim</strong></span> <span class='ocrx_word' id='word_1_634' title='bbox 3597 3603 3676 3659; x_wconf 88' lang='lat' dir='ltr'><strong>ad</strong></span> <span class='ocrx_word' id='word_1_635' title='bbox 3726 3621 3819 3661; x_wconf 77' lang='lat' dir='ltr'><strong>res</strong></span> 
     </span>
    </p>
   </div>
   <div class='ocr_carea' id='block_1_77' title="bbox 2201 3693 3818 3770">
    <p class='ocr_par' dir='ltr' id='par_1_77' title="bbox 2201 3693 3818 3770">
     <span class='ocr_line' id='line_1_78' title="bbox 2201 3693 3818 3770; baseline -0.002 -16"><span class='ocrx_word' id='word_1_636' title='bbox 2201 3699 2446 3756; x_wconf 89' lang='lat' dir='ltr'><strong>Judaicas</strong></span> <span class='ocrx_word' id='word_1_637' title='bbox 2495 3707 2762 3770; x_wconf 84' lang='lat' dir='ltr'><strong>spectaret</strong></span> <span class='ocrx_word' id='word_1_638' title='bbox 2803 3699 2919 3754; x_wconf 83' lang='lat' dir='ltr'><strong>haec</strong></span> <span class='ocrx_word' id='word_1_639' title='bbox 2964 3697 3122 3767; x_wconf 86' lang='lat' dir='ltr'><strong>visio,</strong></span> <span class='ocrx_word' id='word_1_640' title='bbox 3174 3697 3352 3752; x_wconf 87' lang='lat' dir='ltr'><strong>statim</strong></span> <span class='ocrx_word' id='word_1_641' title='bbox 3408 3693 3645 3750; x_wconf 88' lang='lat' dir='ltr'><strong>revelato</strong></span> <span class='ocrx_word' id='word_1_642' title='bbox 3699 3695 3818 3750; x_wconf 89' lang='lat' dir='ltr'><strong>situ</strong></span> 
     </span>
    </p>
   </div>
   <div class='ocr_carea' id='block_1_78' title="bbox 2204 3783 3820 3858">
    <p class='ocr_par' dir='ltr' id='par_1_78' title="bbox 2204 3783 3820 3858">
     <span class='ocr_line' id='line_1_79' title="bbox 2204 3783 3820 3858; baseline -0.002 -14"><span class='ocrx_word' id='word_1_643' title='bbox 2204 3788 2406 3844; x_wconf 89' lang='lat' dir='ltr'><strong>ossium</strong></span> <span class='ocrx_word' id='word_1_644' title='bbox 2445 3788 2785 3858; x_wconf 74' lang='lat' dir='ltr'><strong>subiecisset,</strong></span> <span class='ocrx_word' id='word_1_645' title='bbox 2822 3789 2954 3845; x_wconf 88' lang='lat' dir='ltr'><strong>Ossa</strong></span> <span class='ocrx_word' id='word_1_646' title='bbox 2989 3789 3104 3843; x_wconf 89' lang='lat' dir='ltr'><strong>ista</strong></span> <span class='ocrx_word' id='word_1_647' title='bbox 3132 3786 3316 3843; x_wconf 88' lang='lat' dir='ltr'><strong>omnis</strong></span> <span class='ocrx_word' id='word_1_648' title='bbox 3347 3784 3540 3842; x_wconf 88' lang='lat' dir='ltr'><strong>domus</strong></span> <span class='ocrx_word' id='word_1_649' title='bbox 3567 3783 3820 3841; x_wconf 83' lang='lat' dir='ltr'><strong>lsraelis</strong></span> 
     </span>
    </p>
   </div>
   <div class='ocr_carea' id='block_1_79' title="bbox 2206 3871 3814 3950">
    <p class='ocr_par' dir='ltr' id='par_1_79' title="bbox 2206 3871 3814 3950">
     <span class='ocr_line' id='line_1_80' title="bbox 2206 3871 3814 3950; baseline -0.007 -13"><span class='ocrx_word' id='word_1_650' title='bbox 2206 3884 2321 3946; x_wconf 87' lang='lat' dir='ltr'><strong>est;</strong></span> <span class='ocrx_word' id='word_1_651' title='bbox 2354 3885 2408 3933; x_wconf 90' lang='lat' dir='ltr'><strong>et</strong></span> <span class='ocrx_word' id='word_1_652' title='bbox 2442 3885 2636 3935; x_wconf 75' lang='lat' dir='ltr'><strong>caetera</strong></span> <span class='ocrx_word' id='word_1_653' title='bbox 2687 3876 2964 3950; x_wconf 89' lang='lat' dir='ltr'><strong>deinceps.</strong></span> <span class='ocrx_word' id='word_1_654' title='bbox 3015 3877 3087 3932; x_wconf 80' lang='lat' dir='ltr'><strong>At</strong></span> <span class='ocrx_word' id='word_1_655' title='bbox 3129 3891 3252 3931; x_wconf 91' lang='lat' dir='ltr'><strong>cum</strong></span> <span class='ocrx_word' id='word_1_656' title='bbox 3301 3871 3526 3930; x_wconf 87' lang='lat' dir='ltr'><strong>ostensis</strong></span> <span class='ocrx_word' id='word_1_657' title='bbox 3554 3871 3814 3940; x_wconf 79' lang='lat' dir='ltr'><strong>ossibus,</strong></span> 
     </span>
    </p>
   </div>
   <div class='ocr_carea' id='block_1_80' title="bbox 2205 3961 3816 4040">
    <p class='ocr_par' dir='ltr' id='par_1_80' title="bbox 2205 3961 3816 4040">
     <span class='ocr_line' id='line_1_81' title="bbox 2205 3961 3816 4040; baseline -0.004 -17"><span class='ocrx_word' id='word_1_658' title='bbox 2205 3967 2275 4022; x_wconf 91' lang='lat' dir='ltr'><strong>de</strong></span> <span class='ocrx_word' id='word_1_659' title='bbox 2320 3967 2537 4040; x_wconf 83' lang='lat' dir='ltr'><strong>prOpria</strong></span> <span class='ocrx_word' id='word_1_660' title='bbox 2579 3982 2676 4038; x_wconf 90' lang='lat' dir='ltr'><strong>spe</strong></span> <span class='ocrx_word' id='word_1_661' title='bbox 2717 3981 2907 4022; x_wconf 88' lang='lat' dir='ltr'><strong>eorum</strong></span> <span class='ocrx_word' id='word_1_662' title='bbox 2950 3963 3081 4037; x_wconf 88' lang='lat' dir='ltr'><strong>quid</strong></span> <span class='ocrx_word' id='word_1_663' title='bbox 3125 3964 3173 4004; x_wconf 62' lang='grc'><strong>³4</strong></span> <span class='ocrx_word' id='word_1_664' title='bbox 3201 3962 3522 4035; x_wconf 89' lang='lat' dir='ltr'><strong>obloquitur,</strong></span> <span class='ocrx_word' id='word_1_665' title='bbox 3555 3961 3816 4017; x_wconf 88' lang='lat' dir='ltr'><strong>nondum</strong></span> 
     </span>
    </p>
   </div>
   <div class='ocr_carea' id='block_1_81' title="bbox 575 4047 3819 4126">
    <p class='ocr_par' dir='ltr' id='par_1_81' title="bbox 575 4047 3819 4126">
     <span class='ocr_line' id='line_1_82' title="bbox 575 4047 3819 4126; baseline 0.001 -22"><span class='ocrx_word' id='word_1_666' title='bbox 575 4047 724 4105; x_wconf 86' lang='lat' dir='ltr'><strong>Hanc</strong></span> <span class='ocrx_word' id='word_1_667' title='bbox 749 4063 965 4120; x_wconf 87' lang='lat' dir='ltr'><strong>quoque</strong></span> <span class='ocrx_word' id='word_1_668' title='bbox 1003 4049 1438 4122; x_wconf 68' lang='lat' dir='ltr'><strong>praedicationem</strong></span> <span class='ocrx_word' id='word_1_669' title='bbox 1469 4052 1581 4110; x_wconf 92' lang='lat' dir='ltr'><strong>scio</strong></span> <span class='ocrx_word' id='word_1_670' title='bbox 1626 4052 1860 4126; x_wconf 89' lang='lat' dir='ltr'><strong>qualiter</strong></span> <span class='ocrx_word' id='word_1_671' title='bbox 1894 4070 2100 4112; x_wconf 89' lang='lat' dir='ltr'><strong>concu-</strong></span> <span class='ocrx_word' id='word_1_672' title='bbox 2209 4055 2485 4112; x_wconf 89' lang='lat' dir='ltr'><strong>nominato</strong></span> <span class='ocrx_word' id='word_1_673' title='bbox 2531 4054 2752 4125; x_wconf 87' lang='lat' dir='ltr'><strong>Israele,</strong></span> <span class='ocrx_word' id='word_1_674' title='bbox 2783 4062 2838 4110; x_wconf 90' lang='lat' dir='ltr'><strong>et</strong></span> <span class='ocrx_word' id='word_1_675' title='bbox 2883 4052 3043 4110; x_wconf 90' lang='lat' dir='ltr'><strong>ﬁdem</strong></span> <span class='ocrx_word' id='word_1_676' title='bbox 3091 4060 3258 4109; x_wconf 88' lang='lat' dir='ltr'><strong>tentat</strong></span> <span class='ocrx_word' id='word_1_677' title='bbox 3297 4051 3572 4124; x_wconf 71' lang='lat' dir='ltr'><strong>pr0pheue</strong></span> <span class='ocrx_word' id='word_1_678' title='bbox 3623 4067 3638 4105; x_wconf 91' lang='lat'><strong>:</strong></span> <span class='ocrx_word' id='word_1_679' title='bbox 3694 4053 3819 4108; x_wconf 77' lang='lat' dir='ltr'><strong>Fili</strong></span> 
     </span>
    </p>
   </div>
   <div class='ocr_carea' id='block_1_82' title="bbox 1882 4153 2410 4218">
    <p class='ocr_par' dir='ltr' id='par_1_82' title="bbox 1882 4153 2410 4218">
     <span class='ocr_line' id='line_1_83' title="bbox 1882 4153 2410 4218; baseline -0.006 -1"><span class='ocrx_word' id='word_1_680' title='bbox 1882 4153 2071 4218; x_wconf 78' lang='lat' dir='ltr'><strong>Variae</strong></span> <span class='ocrx_word' id='word_1_681' title='bbox 2101 4157 2410 4218; x_wconf 89' lang='lat' dir='ltr'><strong>lectiones.</strong></span> 
     </span>
    </p>
   </div>
   <div class='ocr_carea' id='block_1_83' title="bbox 579 4242 3812 4326">
    <p class='ocr_par' dir='ltr' id='par_1_83' title="bbox 579 4242 3812 4326">
     <span class='ocr_line' id='line_1_84' title="bbox 579 4242 3812 4326; baseline 0 -27"><span class='ocrx_word' id='word_1_682' title='bbox 579 4247 626 4284; x_wconf 78' lang='lat'><strong>19</strong></span> <span class='ocrx_word' id='word_1_683' title='bbox 654 4242 820 4316; x_wconf 90' lang='lat' dir='ltr'><strong>Spem</strong></span> <span class='ocrx_word' id='word_1_684' title='bbox 836 4248 993 4326; x_wconf 68' lang='lat' dir='ltr'><strong>Pam.</strong></span> <span class='ocrx_word' id='word_1_685' title='bbox 1028 4245 1200 4326; x_wconf 73' lang='lat' dir='ltr'><strong>Rhen.</strong></span> <span class='ocrx_word' id='word_1_686' title='bbox 1233 4246 1424 4326; x_wconf 65' lang='lat' dir='ltr'><strong>30_Vo_s</strong></span> <span class='ocrx_word' id='word_1_687' title='bbox 1461 4247 1518 4302; x_wconf 91' lang='lat' dir='ltr'><strong>in</strong></span> <span class='ocrx_word' id='word_1_688' title='bbox 1545 4248 1724 4326; x_wconf 75' lang='lat' dir='ltr'><strong>Bhen.</strong></span> <span class='ocrx_word' id='word_1_689' title='bbox 1750 4252 1919 4326; x_wconf 53' lang='lat' dir='ltr'><strong>Seml:</strong></span> <span class='ocrx_word' id='word_1_690' title='bbox 1953 4251 1998 4326; x_wconf 55' lang='lat'><strong>3}</strong></span> <span class='ocrx_word' id='word_1_691' title='bbox 2029 4252 2088 4306; x_wconf 92' lang='lat' dir='ltr'><strong>In</strong></span> <span class='ocrx_word' id='word_1_692' title='bbox 2125 4250 2283 4326; x_wconf 81' lang='lat' dir='ltr'><strong>vobis</strong></span> <span class='ocrx_word' id='word_1_693' title='bbox 2312 4249 2486 4326; x_wconf 83' lang='lat' dir='ltr'><strong>Rhen_.</strong></span> <span class='ocrx_word' id='word_1_694' title='bbox 2521 4251 2690 4326; x_wconf 78' lang='lat' dir='ltr'><strong>S_e_m_l.</strong></span> <span class='ocrx_word' id='word_1_695' title='bbox 2724 4248 2872 4326; x_wconf 63' lang='lat' dir='ltr'><strong>93__Et</strong></span> <span class='ocrx_word' id='word_1_696' title='bbox 2889 4245 3036 4326; x_wconf 88' lang='lat' dir='ltr'><strong>dabo</strong></span> <span class='ocrx_word' id='word_1_697' title='bbox 3067 4247 3104 4302; x_wconf 89' lang='lat' dir='ltr'><strong>i.</strong></span> <span class='ocrx_word' id='word_1_698' title='bbox 3130 4263 3262 4326; x_wconf 85' lang='lat' dir='ltr'><strong>v.__s.</strong></span> <span class='ocrx_word' id='word_1_699' title='bbox 3285 4254 3338 4302; x_wconf 90' lang='lat' dir='ltr'><strong>et</strong></span> <span class='ocrx_word' id='word_1_700' title='bbox 3376 4263 3420 4326; x_wconf 65' lang='grc' dir='ltr'><strong>ς.</strong></span> <span class='ocrx_word' id='word_1_701' title='bbox 3442 4244 3479 4299; x_wconf 92' lang='lat' dir='ltr'><strong>i.</strong></span> <span class='ocrx_word' id='word_1_702' title='bbox 3502 4262 3638 4326; x_wconf 73' lang='lat' dir='ltr'><strong>_v._e.</strong></span> <span class='ocrx_word' id='word_1_703' title='bbox 3666 4255 3812 4326; x_wconf 84' lang='lat' dir='ltr'><strong>_etc.</strong></span> 
     </span>
    </p>
   </div>
   <div class='ocr_carea' id='block_1_84' title="bbox 504 4315 3812 4399">
    <p class='ocr_par' dir='ltr' id='par_1_84' title="bbox 504 4315 3812 4399">
     <span class='ocr_line' id='line_1_85' title="bbox 504 4315 3812 4399; baseline 0 -27"><span class='ocrx_word' id='word_1_704' title='bbox 504 4333 554 4372; x_wconf 92' lang='lat' dir='ltr'><strong>c.</strong></span> <span class='ocrx_word' id='word_1_705' title='bbox 574 4333 657 4399; x_wconf 36' lang='grc' dir='ltr'><strong>,νζ</strong></span> <span class='ocrx_word' id='word_1_706' title='bbox 749 4326 802 4373; x_wconf 89' lang='lat' dir='ltr'><strong>et</strong></span> <span class='ocrx_word' id='word_1_707' title='bbox 975 4334 1031 4376; x_wconf 90' lang='lat' dir='ltr'><strong>v.</strong></span> <span class='ocrx_word' id='word_1_708' title='bbox 1063 4333 1109 4373; x_wconf 86' lang='lat' dir='ltr'><strong>s.</strong></span> <span class='ocrx_word' id='word_1_709' title='bbox 1139 4317 1330 4399; x_wconf 69' lang='lat' dir='ltr'><strong>vivetis</strong></span> <span class='ocrx_word' id='word_1_710' title='bbox 1348 4319 1555 4399; x_wconf 73' lang='lat' dir='ltr'><strong>absunt</strong></span> <span class='ocrx_word' id='word_1_711' title='bbox 1584 4338 1619 4376; x_wconf 90' lang='lat' dir='ltr'><strong>a</strong></span> <span class='ocrx_word' id='word_1_712' title='bbox 1639 4322 1854 4399; x_wconf 72' lang='lat' dir='ltr'><strong>_Venet._</strong></span> <span class='ocrx_word' id='word_1_713' title='bbox 1874 4322 1923 4361; x_wconf 70' lang='lat'><strong>33</strong></span> <span class='ocrx_word' id='word_1_714' title='bbox 1953 4321 2154 4399; x_wconf 79' lang='lat' dir='ltr'><strong>carnes</strong></span> <span class='ocrx_word' id='word_1_715' title='bbox 2184 4322 2356 4399; x_wconf 66' lang='lat' dir='ltr'><strong>Ijhen.</strong></span> <span class='ocrx_word' id='word_1_716' title='bbox 2380 4320 2502 4399; x_wconf 46' lang='lat' dir='ltr'><strong>cod,</strong></span> <span class='ocrx_word' id='word_1_717' title='bbox 2531 4321 2732 4399; x_wconf 57' lang='lat' dir='ltr'><strong>Pithon.</strong></span> <span class='ocrx_word' id='word_1_718' title='bbox 2765 4319 2814 4399; x_wconf 56' lang='grc' dir='ltr'><strong>ἓξ</strong></span> <span class='ocrx_word' id='word_1_719' title='bbox 2841 4321 3122 4399; x_wconf 66' lang='lat' dir='ltr'><strong>Steterunt</strong></span> <span class='ocrx_word' id='word_1_720' title='bbox 3160 4317 3333 4399; x_wconf 76' lang='lat' dir='ltr'><strong>Rhen.</strong></span> <span class='ocrx_word' id='word_1_721' title='bbox 3368 4319 3534 4399; x_wconf 72' lang='lat' dir='ltr'><strong>Seml.</strong></span> 
     </span>
    </p>
   </div>
   <div class='ocr_carea' id='block_1_85' title="bbox 506 4386 3809 4470">
    <p class='ocr_par' dir='ltr' id='par_1_85' title="bbox 506 4386 3809 4470">
     <span class='ocr_line' id='line_1_86' title="bbox 506 4386 3809 4470; baseline 0 -28"><span class='ocrx_word' id='word_1_722' title='bbox 506 4386 795 4470; x_wconf 41' lang='lat' dir='ltr'><strong>rpinﬂhen:</strong></span> <span class='ocrx_word' id='word_1_723' title='bbox 827 4388 878 4427; x_wconf 75' lang='grc'><strong>26</strong></span> <span class='ocrx_word' id='word_1_724' title='bbox 907 4388 968 4470; x_wconf 64' lang='lat' dir='ltr'><strong>In</strong></span> <span class='ocrx_word' id='word_1_725' title='bbox 993 4403 1092 4470; x_wconf 74' lang='lat' dir='ltr'><strong>vos</strong></span> <span class='ocrx_word' id='word_1_726' title='bbox 1119 4389 1258 4470; x_wconf 48' lang='lat' dir='ltr'><strong>alii;</strong></span> <span class='ocrx_word' id='word_1_727' title='bbox 1280 4390 1326 4428; x_wconf 77' lang='grc'><strong>2⁷</strong></span> <span class='ocrx_word' id='word_1_728' title='bbox 1358 4391 1471 4470; x_wconf 58' lang='lat' dir='ltr'><strong>Est,</strong></span> <span class='ocrx_word' id='word_1_729' title='bbox 1495 4391 1676 4470; x_wconf 74' lang='lat' dir='ltr'><strong>Israel,</strong></span> <span class='ocrx_word' id='word_1_730' title='bbox 1702 4392 1755 4446; x_wconf 91' lang='lat' dir='ltr'><strong>in</strong></span> <span class='ocrx_word' id='word_1_731' title='bbox 1777 4393 1966 4470; x_wconf 81' lang='lat' dir='ltr'><strong>_R_hen.</strong></span> <span class='ocrx_word' id='word_1_732' title='bbox 1994 4395 2164 4470; x_wconf 70' lang='lat' dir='ltr'><strong>Seml.</strong></span> <span class='ocrx_word' id='word_1_733' title='bbox 2197 4391 2360 4470; x_wconf 71' lang='lat' dir='ltr'><strong>Israel</strong></span> <span class='ocrx_word' id='word_1_734' title='bbox 2390 4400 2469 4470; x_wconf 70' lang='lat' dir='ltr'><strong>est</strong></span> <span class='ocrx_word' id='word_1_735' title='bbox 2489 4390 2545 4446; x_wconf 88' lang='lat' dir='ltr'><strong>in</strong></span> <span class='ocrx_word' id='word_1_736' title='bbox 2575 4393 2750 4470; x_wconf 46' lang='grc' dir='ltr'><strong>Ρεῑρηἓ</strong></span> <span class='ocrx_word' id='word_1_737' title='bbox 2766 4391 2814 4429; x_wconf 77' lang='grc'><strong>28</strong></span> <span class='ocrx_word' id='word_1_738' title='bbox 2843 4390 3027 4470; x_wconf 66' lang='lat' dir='ltr'><strong>lsraeli</strong></span> <span class='ocrx_word' id='word_1_739' title='bbox 3067 4390 3236 4470; x_wconf 75' lang='lat' dir='ltr'><strong>Seml.</strong></span> <span class='ocrx_word' id='word_1_740' title='bbox 3254 4389 3466 4444; x_wconf 89' lang='lat' dir='ltr'><strong>lsraelis</strong></span> <span class='ocrx_word' id='word_1_741' title='bbox 3486 4389 3616 4470; x_wconf 44' lang='lat' dir='ltr'><strong>cod;</strong></span> <span class='ocrx_word' id='word_1_742' title='bbox 3637 4391 3809 4470; x_wconf 64' lang='lat' dir='ltr'><strong>Pith.</strong></span> 
     </span>
    </p>
   </div>
   <div class='ocr_carea' id='block_1_86' title="bbox 506 4457 3813 4542">
    <p class='ocr_par' dir='ltr' id='par_1_86' title="bbox 506 4457 3813 4542">
     <span class='ocr_line' id='line_1_87' title="bbox 506 4457 3813 4542; baseline 0 -29"><span class='ocrx_word' id='word_1_743' title='bbox 506 4457 555 4542; x_wconf 51' lang='grc' dir='ltr'><strong>ξ)</strong></span> <span class='ocrx_word' id='word_1_744' title='bbox 585 4459 694 4514; x_wconf 89' lang='lat' dir='ltr'><strong>Sed</strong></span> <span class='ocrx_word' id='word_1_745' title='bbox 724 4459 897 4542; x_wconf 74' lang='lat' dir='ltr'><strong>Rhen.</strong></span> <span class='ocrx_word' id='word_1_746' title='bbox 931 4460 1738 4542; x_wconf 34' lang='lat' dir='ltr'><strong>Semitfoparnisfacultatem</strong></span> <span class='ocrx_word' id='word_1_747' title='bbox 1771 4463 1945 4542; x_wconf 65' lang='lat' dir='ltr'><strong>Bhen.</strong></span> <span class='ocrx_word' id='word_1_748' title='bbox 2005 4465 2173 4521; x_wconf 89' lang='lat' dir='ltr'><strong>Seml.</strong></span> <span class='ocrx_word' id='word_1_749' title='bbox 2195 4464 2253 4542; x_wconf 80' lang='lat'><strong>_31</strong></span> <span class='ocrx_word' id='word_1_750' title='bbox 2285 4464 2393 4519; x_wconf 77' lang='lat' dir='ltr'><strong>Aut</strong></span> <span class='ocrx_word' id='word_1_751' title='bbox 2432 4465 2594 4542; x_wconf 48' lang='lat' dir='ltr'><strong>Iun.”</strong></span> <span class='ocrx_word' id='word_1_752' title='bbox 2617 4462 2665 4542; x_wconf 57' lang='lat'><strong>3}</strong></span> <span class='ocrx_word' id='word_1_753' title='bbox 2718 4461 3118 4542; x_wconf 41' lang='lat' dir='ltr'><strong>Readunati’one</strong></span> <span class='ocrx_word' id='word_1_754' title='bbox 3141 4464 3336 4542; x_wconf 61' lang='lat' dir='ltr'><strong>fran.</strong></span> <span class='ocrx_word' id='word_1_755' title='bbox 3379 4460 3813 4516; x_wconf 79' lang='lat' dir='ltr'><strong>readuntatione</strong></span> 
     </span>
    </p>
   </div>
   <div class='ocr_carea' id='block_1_87' title="bbox 505 4531 3297 4607">
    <p class='ocr_par' dir='ltr' id='par_1_87' title="bbox 505 4531 3297 4607">
     <span class='ocr_line' id='line_1_88' title="bbox 505 4531 3297 4607; baseline 0 -21"><span class='ocrx_word' id='word_1_756' title='bbox 505 4532 671 4586; x_wconf 88' lang='lat' dir='ltr'><strong>Pam.</strong></span> <span class='ocrx_word' id='word_1_757' title='bbox 708 4531 991 4590; x_wconf 89' lang='lat' dir='ltr'><strong>mendose.</strong></span> <span class='ocrx_word' id='word_1_758' title='bbox 1013 4532 1064 4572; x_wconf 83' lang='lat'><strong>33</strong></span> <span class='ocrx_word' id='word_1_759' title='bbox 1088 4531 1328 4590; x_wconf 81' lang='lat' dir='ltr'><strong>Veritate</strong></span> <span class='ocrx_word' id='word_1_760' title='bbox 1360 4533 1536 4590; x_wconf 86' lang='lat' dir='ltr'><strong>Rhen.</strong></span> <span class='ocrx_word' id='word_1_761' title='bbox 1571 4534 1740 4590; x_wconf 87' lang='lat' dir='ltr'><strong>Seml.</strong></span> <span class='ocrx_word' id='word_1_762' title='bbox 1774 4535 1841 4590; x_wconf 92' lang='lat' dir='ltr'><strong>de</strong></span> <span class='ocrx_word' id='word_1_763' title='bbox 1871 4551 1972 4590; x_wconf 89' lang='lat' dir='ltr'><strong>sua</strong></span> <span class='ocrx_word' id='word_1_764' title='bbox 2002 4537 2319 4592; x_wconf 90' lang='lat' dir='ltr'><strong>auctoritate</strong></span> <span class='ocrx_word' id='word_1_765' title='bbox 2349 4541 2399 4590; x_wconf 87' lang='lat' dir='ltr'><strong>et</strong></span> <span class='ocrx_word' id='word_1_766' title='bbox 2419 4532 2757 4607; x_wconf 87' lang='lat' dir='ltr'><strong>simplicitate</strong></span> <span class='ocrx_word' id='word_1_767' title='bbox 2771 4536 2904 4590; x_wconf 91' lang='lat' dir='ltr'><strong>Par.</strong></span> <span class='ocrx_word' id='word_1_768' title='bbox 2931 4532 2978 4572; x_wconf 62' lang='lat'><strong>3&quot;</strong></span> <span class='ocrx_word' id='word_1_769' title='bbox 3007 4531 3111 4602; x_wconf 90' lang='lat' dir='ltr'><strong>Qui</strong></span> <span class='ocrx_word' id='word_1_770' title='bbox 3132 4535 3297 4589; x_wconf 68' lang='lat' dir='ltr'><strong>Iv‘ran.</strong></span> 
     </span>
    </p>
   </div>
   <div class='ocr_carea' id='block_1_88' title="bbox 1885 4632 2386 4696">
    <p class='ocr_par' dir='ltr' id='par_1_88' title="bbox 1885 4632 2386 4696">
     <span class='ocr_line' id='line_1_89' title="bbox 1885 4632 2386 4696; baseline 0 -1"><span class='ocrx_word' id='word_1_771' title='bbox 1885 4632 2386 4696; x_wconf 89' lang='lat' dir='ltr'><strong>Commentarius.</strong></span> 
     </span>
    </p>
   </div>
   <div class='ocr_carea' id='block_1_89' title="bbox 575 4725 3808 4824">
    <p class='ocr_par' dir='ltr' id='par_1_89' title="bbox 575 4725 3808 4824">
     <span class='ocr_line' id='line_1_90' title="bbox 575 4725 3808 4824; baseline -0.001 -42"><span class='ocrx_word' id='word_1_772' title='bbox 575 4727 688 4810; x_wconf 72' lang='lat'><strong>(36)</strong></span> <span class='ocrx_word' id='word_1_773' title='bbox 721 4729 898 4796; x_wconf 88' lang='lat' dir='ltr'><strong>Super</strong></span> <span class='ocrx_word' id='word_1_774' title='bbox 923 4726 1086 4824; x_wconf 74' lang='lat' dir='ltr'><strong>pedes</strong></span> <span class='ocrx_word' id='word_1_775' title='bbox 1131 4744 1260 4824; x_wconf 71' lang='lat' dir='ltr'><strong>suqs</strong></span> <span class='ocrx_word' id='word_1_776' title='bbox 1304 4729 1558 4810; x_wconf 75' lang='lat' dir='ltr'><strong>valentia</strong></span> <span class='ocrx_word' id='word_1_777' title='bbox 1602 4744 1806 4824; x_wconf 77' lang='lat' dir='ltr'><strong>magna</strong></span> <span class='ocrx_word' id='word_1_778' title='bbox 1843 4731 2004 4824; x_wconf 58' lang='lat' dir='ltr'><strong>sctis.</strong></span> <span class='ocrx_word' id='word_1_779' title='bbox 2036 4733 2095 4786; x_wconf 89' lang='lat' dir='ltr'><strong>In</strong></span> <span class='ocrx_word' id='word_1_780' title='bbox 2129 4748 2174 4824; x_wconf 75' lang='grc' dir='ltr'><strong>υ</strong></span> <span class='ocrx_word' id='word_1_781' title='bbox 2202 4730 2264 4788; x_wconf 89' lang='grc' dir='ltr'><strong>Β.</strong></span> <span class='ocrx_word' id='word_1_782' title='bbox 2297 4730 2653 4824; x_wconf 72' lang='lat' dir='ltr'><strong>Hieronymus</strong></span> <span class='ocrx_word' id='word_1_783' title='bbox 2674 4727 2729 4783; x_wconf 91' lang='lat' dir='ltr'><strong>in</strong></span> <span class='ocrx_word' id='word_1_784' title='bbox 2759 4741 3110 4824; x_wconf 30' lang='lat' dir='ltr'><strong>capaxx‘xvu.</strong></span> <span class='ocrx_word' id='word_1_785' title='bbox 3134 4725 3808 4824; x_wconf 49' lang='lat' dir='ltr'><strong>Efecbielisnmort&#39;ugnnm</strong></span> 
     </span>
    </p>
   </div>
   <div class='ocr_carea' id='block_1_90' title="bbox 504 4799 2091 4870">
    <p class='ocr_par' dir='ltr' id='par_1_90' title="bbox 504 4799 2091 4870">
     <span class='ocr_line' id='line_1_91' title="bbox 504 4799 2091 4870; baseline 0.003 -18"><span class='ocrx_word' id='word_1_786' title='bbox 504 4799 682 4870; x_wconf 91' lang='lat' dir='ltr'><strong>primo</strong></span> <span class='ocrx_word' id='word_1_787' title='bbox 710 4816 838 4856; x_wconf 89' lang='lat' dir='ltr'><strong>casu</strong></span> <span class='ocrx_word' id='word_1_788' title='bbox 866 4799 949 4870; x_wconf 86' lang='lat' dir='ltr'><strong>est</strong></span> <span class='ocrx_word' id='word_1_789' title='bbox 996 4814 1103 4854; x_wconf 88' lang='lat' dir='ltr'><strong>vox</strong></span> <span class='ocrx_word' id='word_1_790' title='bbox 1147 4801 1354 4867; x_wconf 64' lang='lat' dir='ltr'><strong>istbazc,</strong></span> <span class='ocrx_word' id='word_1_791' title='bbox 1389 4815 1497 4855; x_wconf 91' lang='lat' dir='ltr'><strong>non</strong></span> <span class='ocrx_word' id='word_1_792' title='bbox 1547 4801 1599 4854; x_wconf 91' lang='lat' dir='ltr'><strong>in</strong></span> <span class='ocrx_word' id='word_1_793' title='bbox 1647 4799 1820 4857; x_wconf 82' lang='lat' dir='ltr'><strong>sexto.</strong></span> <span class='ocrx_word' id='word_1_794' title='bbox 1853 4801 2042 4858; x_wconf 71' lang='lat' dir='ltr'><strong>Graece</strong></span> <span class='ocrx_word' id='word_1_795' title='bbox 2077 4819 2091 4856; x_wconf 91' lang='lat'><strong>:</strong></span> 
     </span>
    </p>
   </div>
   <div class='ocr_carea' id='block_1_91' title="bbox 505 4869 2091 4944">
    <p class='ocr_par' dir='ltr' id='par_1_91' title="bbox 505 4869 2091 4944">
     <span class='ocr_line' id='line_1_92' title="bbox 505 4869 2091 4944; baseline 0.003 -22"><span class='ocrx_word' id='word_1_796' title='bbox 505 4869 830 4944; x_wconf 49' lang='lat' dir='ltr'><strong>Italici-noce;</strong></span> <span class='ocrx_word' id='word_1_797' title='bbox 854 4869 934 4944; x_wconf 64' lang='lat' dir='ltr'><strong>ini</strong></span> <span class='ocrx_word' id='word_1_798' title='bbox 963 4875 1062 4924; x_wconf 83' lang='grc' dir='ltr'><strong>τῶν</strong></span> <span class='ocrx_word' id='word_1_799' title='bbox 1091 4873 1261 4944; x_wconf 72' lang='grc' dir='ltr'><strong>πρδῶν</strong></span> <span class='ocrx_word' id='word_1_800' title='bbox 1304 4875 1464 4925; x_wconf 82' lang='grc' dir='ltr'>αὐτῶν</span> <span class='ocrx_word' id='word_1_801' title='bbox 1502 4873 1581 4925; x_wconf 75' lang='grc' dir='ltr'><strong>καὶ</strong></span> <span class='ocrx_word' id='word_1_802' title='bbox 1628 4871 1886 4944; x_wconf 72' lang='grc' dir='ltr'><strong>συναγωγὴ</strong></span> <span class='ocrx_word' id='word_1_803' title='bbox 1931 4873 2091 4941; x_wconf 80' lang='grc' dir='ltr'>πολλὴ</span> 
     </span>
    </p>
   </div>
   <div class='ocr_carea' id='block_1_92' title="bbox 504 4937 2099 5016">
    <p class='ocr_par' dir='ltr' id='par_1_92' title="bbox 504 4937 2099 5016">
     <span class='ocr_line' id='line_1_93' title="bbox 504 4937 2099 5016; baseline 0.005 -22"><span class='ocrx_word' id='word_1_804' title='bbox 504 4937 714 5016; x_wconf 53' lang='grc' dir='ltr'><strong>σφοδρᾳτ</strong></span> <span class='ocrx_word' id='word_1_805' title='bbox 765 4942 1030 5016; x_wconf 78' lang='lat' dir='ltr'><strong>Vulgatns</strong></span> <span class='ocrx_word' id='word_1_806' title='bbox 1063 4958 1076 4995; x_wconf 89' lang='lat'>:</span> <span class='ocrx_word' id='word_1_807' title='bbox 1111 4943 1511 5016; x_wconf 79' lang='lat' dir='ltr'><strong>steteruntque</strong></span> <span class='ocrx_word' id='word_1_808' title='bbox 1557 4961 1726 5016; x_wconf 89' lang='lat' dir='ltr'><strong>super</strong></span> <span class='ocrx_word' id='word_1_809' title='bbox 1763 4937 1929 5016; x_wconf 73' lang='lat' dir='ltr'><strong>pedes</strong></span> <span class='ocrx_word' id='word_1_810' title='bbox 1970 4937 2099 5002; x_wconf 82' lang='lat' dir='ltr'><strong>suos</strong></span> 
     </span>
    </p>
   </div>
   <div class='ocr_carea' id='block_1_93' title="bbox 502 5012 2098 5082">
    <p class='ocr_par' dir='ltr' id='par_1_93' title="bbox 502 5012 2098 5082">
     <span class='ocr_line' id='line_1_94' title="bbox 502 5012 2098 5082; baseline 0.003 -18"><span class='ocrx_word' id='word_1_811' title='bbox 502 5015 785 5082; x_wconf 77' lang='lat' dir='ltr'><strong>exercitus</strong></span> <span class='ocrx_word' id='word_1_812' title='bbox 814 5012 1046 5082; x_wconf 85' lang='lat' dir='ltr'><strong>grandis</strong></span> <span class='ocrx_word' id='word_1_813' title='bbox 1076 5014 1252 5070; x_wconf 91' lang='lat' dir='ltr'><strong>nimis</strong></span> <span class='ocrx_word' id='word_1_814' title='bbox 1273 5012 1451 5072; x_wconf 79' lang='lat' dir='ltr'><strong>valde.</strong></span> <span class='ocrx_word' id='word_1_815' title='bbox 1494 5018 1592 5070; x_wconf 81' lang='lat' dir='ltr'><strong>Per</strong></span> <span class='ocrx_word' id='word_1_816' title='bbox 1618 5012 1897 5070; x_wconf 49' lang='lat' dir='ltr'><strong>valen’tiam</strong></span> <span class='ocrx_word' id='word_1_817' title='bbox 1937 5015 2098 5071; x_wconf 86' lang='lat' dir='ltr'><strong>intel-</strong></span> 
     </span>
    </p>
   </div>
   <div class='ocr_carea' id='block_1_94' title="bbox 505 5080 2099 5158">
    <p class='ocr_par' dir='ltr' id='par_1_94' title="bbox 505 5080 2099 5158">
     <span class='ocr_line' id='line_1_95' title="bbox 505 5080 2099 5158; baseline 0.005 -23"><span class='ocrx_word' id='word_1_818' title='bbox 505 5080 626 5152; x_wconf 75' lang='lat' dir='ltr'><strong>ligit</strong></span> <span class='ocrx_word' id='word_1_819' title='bbox 664 5080 1023 5158; x_wconf 36' lang='lat' dir='ltr'><strong>:I‘ertu&#39;llianus</strong></span> <span class='ocrx_word' id='word_1_820' title='bbox 1055 5085 1348 5158; x_wconf 86' lang='lat' dir='ltr'><strong>potentiam</strong></span> <span class='ocrx_word' id='word_1_821' title='bbox 1408 5101 1674 5158; x_wconf 11' lang='lat' dir='ltr'><strong>magnam,</strong></span> <span class='ocrx_word' id='word_1_822' title='bbox 1717 5087 1993 5153; x_wconf 89' lang='lat' dir='ltr'><strong>copiarum</strong></span> <span class='ocrx_word' id='word_1_823' title='bbox 2018 5157 2021 5158; x_wconf 16' lang='grc' dir='ltr'><em>ν</em></span> <span class='ocrx_word' id='word_1_824' title='bbox 2047 5095 2099 5143; x_wconf 90' lang='lat' dir='ltr'><strong>et</strong></span> 
     </span>
    </p>
   </div>
   <div class='ocr_carea' id='block_1_95' title="bbox 505 5152 2097 5230">
    <p class='ocr_par' dir='ltr' id='par_1_95' title="bbox 505 5152 2097 5230">
     <span class='ocr_line' id='line_1_96' title="bbox 505 5152 2097 5230; baseline 0.003 -23"><span class='ocrx_word' id='word_1_825' title='bbox 505 5152 772 5230; x_wconf 80' lang='lat' dir='ltr'><strong>exe_rcitus_</strong></span> <span class='ocrx_word' id='word_1_826' title='bbox 808 5156 1160 5230; x_wconf 60' lang='lat' dir='ltr'><strong>congregati,</strong></span> <span class='ocrx_word' id='word_1_827' title='bbox 1191 5167 1407 5230; x_wconf 80' lang='lat' dir='ltr'><strong>secutus</strong></span> <span class='ocrx_word' id='word_1_828' title='bbox 1442 5152 1846 5230; x_wconf 68' lang='lat' dir='ltr'><strong>translationem</strong></span> <span class='ocrx_word' id='word_1_829' title='bbox 1891 5157 2097 5230; x_wconf 73' lang='lat' dir='ltr'><strong>Aquilae</strong></span> 
     </span>
    </p>
   </div>
   <div class='ocr_carea' id='block_1_96' title="bbox 503 5223 2096 5350">
    <p class='ocr_par' dir='ltr' id='par_1_96' title="bbox 503 5223 2096 5350">
     <span class='ocr_line' id='line_1_97' title="bbox 503 5223 2096 5350; baseline 0.007 -74"><span class='ocrx_word' id='word_1_830' title='bbox 503 5230 558 5276; x_wconf 90' lang='lat' dir='ltr'><strong>et</strong></span> <span class='ocrx_word' id='word_1_831' title='bbox 588 5223 997 5350; x_wconf 61' lang='lat' dir='ltr'><strong>Thleodotionis,</strong></span> <span class='ocrx_word' id='word_1_832' title='bbox 1022 5223 1118 5296; x_wconf 86' lang='lat' dir='ltr'><strong>qui</strong></span> <span class='ocrx_word' id='word_1_833' title='bbox 1151 5227 1328 5298; x_wconf 87' lang='lat' dir='ltr'><strong>habet,</strong></span> <span class='ocrx_word' id='word_1_834' title='bbox 1359 5230 1559 5300; x_wconf 77' lang='grc' dir='ltr'><strong>δύναμις</strong></span> <span class='ocrx_word' id='word_1_835' title='bbox 1593 5229 1797 5301; x_wconf 78' lang='grc' dir='ltr'>μεγάλη,</span> <span class='ocrx_word' id='word_1_836' title='bbox 1857 5231 1940 5285; x_wconf 87' lang='lat' dir='ltr'><strong>vis</strong></span> <span class='ocrx_word' id='word_1_837' title='bbox 1953 5223 2096 5286; x_wconf 70' lang='grc' dir='ltr'><strong>’τηα-</strong></span> 
     </span>
     <span class='ocr_line' id='line_1_98' title="bbox 503 5311 794 5350; baseline 0 0"><span class='ocrx_word' id='word_1_838' title='bbox 503 5311 630 5350; x_wconf 90' lang='lat' dir='ltr'><strong>ana.</strong></span> <span class='ocrx_word' id='word_1_839' title='bbox 706 5311 794 5350; x_wconf 71' lang='lat' dir='ltr'><strong>ac.</strong></span> 
     </span>
    </p>
   </div>
   <div class='ocr_carea' id='block_1_97' title="bbox 535 5311 794 5350">
    <p class='ocr_par' dir='ltr' id='par_1_97' title="bbox 535 5311 794 5350">
     <span class='ocr_line' id='line_1_99' title="bbox 535 5311 794 5350; baseline 0.008 -2"><span class='ocrx_word' id='word_1_840' title='bbox 535 5311 630 5350; x_wconf 89' lang='lat' dir='ltr'><strong>na.</strong></span> <span class='ocrx_word' id='word_1_841' title='bbox 665 5311 794 5350; x_wconf 79' lang='lat' dir='ltr'><strong>LAC.</strong></span> 
     </span>
    </p>
   </div>
   <div class='ocr_carea' id='block_1_98' title="bbox 499 5313 2098 5440">
    <p class='ocr_par' dir='ltr' id='par_1_98' title="bbox 499 5313 2098 5440">
     <span class='ocr_line' id='line_1_100' title="bbox 499 5313 2098 5440; baseline 0.003 -19"><span class='ocrx_word' id='word_1_842' title='bbox 499 5313 1035 5440; x_wconf 38' lang='lat' dir='ltr'><strong>gugﬁyhﬁnaginem</strong></span> <span class='ocrx_word' id='word_1_843' title='bbox 1055 5381 1120 5440; x_wconf 82' lang='lat' dir='ltr'><strong>ea</strong></span> <span class='ocrx_word' id='word_1_844' title='bbox 1147 5371 1349 5439; x_wconf 80' lang='lat' dir='ltr'><strong>fecerit</strong></span> <span class='ocrx_word' id='word_1_845' title='bbox 1382 5371 1575 5426; x_wconf 85' lang='lat' dir='ltr'><strong>Israel.</strong></span> <span class='ocrx_word' id='word_1_846' title='bbox 1607 5370 1781 5424; x_wconf 89' lang='lat' dir='ltr'><strong>Locus</strong></span> <span class='ocrx_word' id='word_1_847' title='bbox 1800 5369 1867 5425; x_wconf 91' lang='lat' dir='ltr'><strong>de</strong></span> <span class='ocrx_word' id='word_1_848' title='bbox 1887 5385 1992 5440; x_wconf 92' lang='lat' dir='ltr'><strong>quo</strong></span> <span class='ocrx_word' id='word_1_849' title='bbox 2011 5371 2098 5427; x_wconf 88' lang='lat' dir='ltr'><strong>hic</strong></span> 
     </span>
    </p>
   </div>
   <div class='ocr_carea' id='block_1_99' title="bbox 501 5438 2096 5510">
    <p class='ocr_par' dir='ltr' id='par_1_99' title="bbox 501 5438 2096 5510">
     <span class='ocr_line' id='line_1_101' title="bbox 501 5438 2096 5510; baseline 0.001 -19"><span class='ocrx_word' id='word_1_850' title='bbox 501 5438 750 5510; x_wconf 65' lang='lat' dir='ltr'><strong>quaestio,</strong></span> <span class='ocrx_word' id='word_1_851' title='bbox 783 5456 902 5495; x_wconf 81' lang='lat' dir='ltr'><strong>meo</strong></span> <span class='ocrx_word' id='word_1_852' title='bbox 923 5439 1128 5509; x_wconf 89' lang='lat' dir='ltr'><strong>judicio</strong></span> <span class='ocrx_word' id='word_1_853' title='bbox 1149 5438 1192 5494; x_wconf 36' lang='lat' dir='ltr'><strong>&#39;a</strong></span> <span class='ocrx_word' id='word_1_854' title='bbox 1219 5440 1552 5494; x_wconf 87' lang='lat' dir='ltr'><strong>Tertulliano</strong></span> <span class='ocrx_word' id='word_1_855' title='bbox 1580 5442 1784 5510; x_wconf 86' lang='lat' dir='ltr'><strong>Optime</strong></span> <span class='ocrx_word' id='word_1_856' title='bbox 1813 5441 1879 5494; x_wconf 89' lang='lat' dir='ltr'><strong>de</strong></span> <span class='ocrx_word' id='word_1_857' title='bbox 1907 5438 2096 5497; x_wconf 79' lang='lat' dir='ltr'><strong>resur-</strong></span> 
     </span>
    </p>
   </div>
   <div class='ocr_carea' id='block_1_100' title="bbox 502 5510 2096 5585">
    <p class='ocr_par' dir='ltr' id='par_1_100' title="bbox 502 5510 2096 5585">
     <span class='ocr_line' id='line_1_102' title="bbox 502 5510 2096 5585; baseline 0.003 -21"><span class='ocrx_word' id='word_1_858' title='bbox 502 5510 1100 5585; x_wconf 71' lang='lat' dir='ltr'><strong>rectionemortuorum</strong></span> <span class='ocrx_word' id='word_1_859' title='bbox 1132 5510 1464 5585; x_wconf 76' lang='lat' dir='ltr'><strong>explicatur;</strong></span> <span class='ocrx_word' id='word_1_860' title='bbox 1497 5528 1673 5585; x_wconf 85' lang='lat' dir='ltr'><strong>neque</strong></span> <span class='ocrx_word' id='word_1_861' title='bbox 1702 5511 1842 5566; x_wconf 90' lang='lat' dir='ltr'><strong>enim</strong></span> <span class='ocrx_word' id='word_1_862' title='bbox 1876 5529 1936 5568; x_wconf 85' lang='lat' dir='ltr'><strong>ea</strong></span> <span class='ocrx_word' id='word_1_863' title='bbox 1965 5512 2096 5569; x_wconf 89' lang='lat' dir='ltr'><strong>mihi</strong></span> 
     </span>
    </p>
   </div>
   <div class='ocr_carea' id='block_1_101' title="bbox 501 5580 2095 5666">
    <p class='ocr_par' dir='ltr' id='par_1_101' title="bbox 501 5580 2095 5666">
     <span class='ocr_line' id='line_1_103' title="bbox 501 5580 2095 5666; baseline 0.006 -34"><span class='ocrx_word' id='word_1_864' title='bbox 501 5580 783 5638; x_wconf 87' lang='lat' dir='ltr'><strong>allubescit</strong></span> <span class='ocrx_word' id='word_1_865' title='bbox 827 5580 1404 5666; x_wconf 45' lang='lat' dir='ltr'><strong>interpretatio&#39;nquam</strong></span> <span class='ocrx_word' id='word_1_866' title='bbox 1442 5580 1638 5666; x_wconf 70' lang='lat' dir='ltr'><strong>refellit</strong></span> <span class='ocrx_word' id='word_1_867' title='bbox 1687 5587 1908 5666; x_wconf 41' lang='lat' dir='ltr'><strong>auctor,</strong></span> <span class='ocrx_word' id='word_1_868' title='bbox 1941 5600 2095 5666; x_wconf 64' lang='lat' dir='ltr'><strong>que-</strong></span> 
     </span>
    </p>
   </div>
   <div class='ocr_carea' id='block_1_102' title="bbox 500 5655 2094 5719">
    <p class='ocr_par' dir='ltr' id='par_1_102' title="bbox 500 5655 2094 5719">
     <span class='ocr_line' id='line_1_104' title="bbox 500 5655 2094 5719; baseline 0.004 -13"><span class='ocrx_word' id='word_1_869' title='bbox 500 5666 606 5719; x_wconf 90' lang='lat' dir='ltr'><strong>que</strong></span> <span class='ocrx_word' id='word_1_870' title='bbox 662 5655 1026 5712; x_wconf 89' lang='lat' dir='ltr'><strong>recentiorum</strong></span> <span class='ocrx_word' id='word_1_871' title='bbox 1083 5666 1165 5713; x_wconf 89' lang='lat' dir='ltr'><strong>est</strong></span> <span class='ocrx_word' id='word_1_872' title='bbox 1220 5655 1332 5713; x_wconf 78' lang='lat' dir='ltr'><strong>fere</strong></span> <span class='ocrx_word' id='word_1_873' title='bbox 1386 5655 1651 5714; x_wconf 91' lang='lat' dir='ltr'><strong>omnium.</strong></span> <span class='ocrx_word' id='word_1_874' title='bbox 1700 5655 1822 5714; x_wconf 87' lang='lat' dir='ltr'><strong>Pari</strong></span> <span class='ocrx_word' id='word_1_875' title='bbox 1888 5655 2094 5715; x_wconf 75' lang='lat' dir='ltr'><strong>ratione</strong></span> 
     </span>
    </p>
   </div>
   <div class='ocr_carea' id='block_1_103' title="bbox 2204 4798 3806 4869">
    <p class='ocr_par' dir='ltr' id='par_1_103' title="bbox 2204 4798 3806 4869">
     <span class='ocr_line' id='line_1_105' title="bbox 2204 4798 3806 4869; baseline -0.003 -13"><span class='ocrx_word' id='word_1_876' title='bbox 2204 4798 2656 4856; x_wconf 83' lang='lat' dir='ltr'><strong>resurrectionem</strong></span> <span class='ocrx_word' id='word_1_877' title='bbox 2699 4801 2913 4864; x_wconf 85' lang='lat' dir='ltr'><strong>evincit,</strong></span> <span class='ocrx_word' id='word_1_878' title='bbox 2946 4813 3010 4854; x_wconf 91' lang='lat' dir='ltr'><strong>eo</strong></span> <span class='ocrx_word' id='word_1_879' title='bbox 3058 4799 3204 4869; x_wconf 92' lang='lat' dir='ltr'><strong>quod</strong></span> <span class='ocrx_word' id='word_1_880' title='bbox 3235 4798 3552 4854; x_wconf 88' lang='lat' dir='ltr'><strong>restauratio</strong></span> <span class='ocrx_word' id='word_1_881' title='bbox 3591 4798 3806 4853; x_wconf 83' lang='lat' dir='ltr'><strong>Judaici</strong></span> 
     </span>
    </p>
   </div>
   <div class='ocr_carea' id='block_1_104' title="bbox 2204 4869 3807 4943">
    <p class='ocr_par' dir='ltr' id='par_1_104' title="bbox 2204 4869 3807 4943">
     <span class='ocr_line' id='line_1_106' title="bbox 2204 4869 3807 4943; baseline 0 -18"><span class='ocrx_word' id='word_1_882' title='bbox 2204 4871 2391 4943; x_wconf 83' lang='lat' dir='ltr'><strong>populi</strong></span> <span class='ocrx_word' id='word_1_883' title='bbox 2421 4872 2786 4942; x_wconf 89' lang='lat' dir='ltr'><strong>promittatur,</strong></span> <span class='ocrx_word' id='word_1_884' title='bbox 2838 4869 3198 4943; x_wconf 86' lang='lat' dir='ltr'><strong>l&#39;ulciaturque</strong></span> <span class='ocrx_word' id='word_1_885' title='bbox 3219 4869 3643 4943; x_wconf 75' lang='lat' dir='ltr'><strong>resurrectione,</strong></span> <span class='ocrx_word' id='word_1_886' title='bbox 3677 4886 3807 4943; x_wconf 63' lang='lat' dir='ltr'><strong>qua!</strong></span> 
     </span>
    </p>
   </div>
   <div class='ocr_carea' id='block_1_105' title="bbox 2204 4939 3804 5012">
    <p class='ocr_par' dir='ltr' id='par_1_105' title="bbox 2204 4939 3804 5012">
     <span class='ocr_line' id='line_1_107' title="bbox 2204 4939 3804 5012; baseline -0.003 -14"><span class='ocrx_word' id='word_1_887' title='bbox 2204 4939 2248 4998; x_wconf 81' lang='lat' dir='ltr'><strong>si</strong></span> <span class='ocrx_word' id='word_1_888' title='bbox 2279 4939 2386 4997; x_wconf 88' lang='lat' dir='ltr'><strong>non</strong></span> <span class='ocrx_word' id='word_1_889' title='bbox 2419 4939 2581 5011; x_wconf 79' lang='lat' dir='ltr'><strong>esset,</strong></span> <span class='ocrx_word' id='word_1_890' title='bbox 2629 4957 2766 4998; x_wconf 88' lang='lat' dir='ltr'><strong>vana</strong></span> <span class='ocrx_word' id='word_1_891' title='bbox 2795 4951 2938 4998; x_wconf 88' lang='lat' dir='ltr'><strong>esset</strong></span> <span class='ocrx_word' id='word_1_892' title='bbox 2977 4939 3298 5012; x_wconf 85' lang='lat' dir='ltr'><strong>promissio;</strong></span> <span class='ocrx_word' id='word_1_893' title='bbox 3331 4942 3399 4995; x_wconf 86' lang='lat' dir='ltr'><strong>de</strong></span> <span class='ocrx_word' id='word_1_894' title='bbox 3445 4939 3612 4995; x_wconf 88' lang='lat' dir='ltr'><strong>rebus</strong></span> <span class='ocrx_word' id='word_1_895' title='bbox 3653 4939 3804 4995; x_wconf 88' lang='lat' dir='ltr'><strong>enim</strong></span> 
     </span>
    </p>
   </div>
   <div class='ocr_carea' id='block_1_106' title="bbox 2203 5011 3803 5084">
    <p class='ocr_par' dir='ltr' id='par_1_106' title="bbox 2203 5011 3803 5084">
     <span class='ocr_line' id='line_1_108' title="bbox 2203 5011 3803 5084; baseline 0 -17"><span class='ocrx_word' id='word_1_896' title='bbox 2203 5029 2310 5068; x_wconf 91' lang='lat' dir='ltr'><strong>non</strong></span> <span class='ocrx_word' id='word_1_897' title='bbox 2342 5014 2691 5079; x_wconf 87' lang='lat' dir='ltr'><strong>exstantibus,</strong></span> <span class='ocrx_word' id='word_1_898' title='bbox 2723 5013 2901 5068; x_wconf 87' lang='lat' dir='ltr'><strong>nullus</strong></span> <span class='ocrx_word' id='word_1_899' title='bbox 2945 5011 3074 5069; x_wconf 85' lang='lat' dir='ltr'><strong>certi</strong></span> <span class='ocrx_word' id='word_1_900' title='bbox 3103 5011 3398 5084; x_wconf 89' lang='lat' dir='ltr'><strong>quidquam</strong></span> <span class='ocrx_word' id='word_1_901' title='bbox 3443 5020 3626 5083; x_wconf 86' lang='lat' dir='ltr'><strong>potest</strong></span> <span class='ocrx_word' id='word_1_902' title='bbox 3664 5027 3803 5083; x_wconf 82' lang='lat' dir='ltr'><strong>pro-</strong></span> 
     </span>
    </p>
   </div>
   <div class='ocr_carea' id='block_1_107' title="bbox 2203 5084 2986 5142">
    <p class='ocr_par' dir='ltr' id='par_1_107' title="bbox 2203 5084 2986 5142">
     <span class='ocr_line' id='line_1_109' title="bbox 2203 5084 2986 5142; baseline -0.001 -3"><span class='ocrx_word' id='word_1_903' title='bbox 2203 5084 2351 5139; x_wconf 90' lang='lat' dir='ltr'><strong>bare.</strong></span> <span class='ocrx_word' id='word_1_904' title='bbox 2383 5085 2518 5142; x_wconf 86' lang='lat' dir='ltr'><strong>Vide</strong></span> <span class='ocrx_word' id='word_1_905' title='bbox 2548 5086 2741 5142; x_wconf 89' lang='lat' dir='ltr'><strong>locum.</strong></span> <span class='ocrx_word' id='word_1_906' title='bbox 2785 5085 2859 5140; x_wconf 80' lang='lat' dir='ltr'><strong>Ln</strong></span> <span class='ocrx_word' id='word_1_907' title='bbox 2889 5084 2986 5139; x_wconf 79' lang='lat' dir='ltr'><strong>Pu.</strong></span> 
     </span>
    </p>
   </div>
   <div class='ocr_carea' id='block_1_108' title="bbox 2274 5153 3804 5229">
    <p class='ocr_par' dir='ltr' id='par_1_108' title="bbox 2274 5153 3804 5229">
     <span class='ocr_line' id='line_1_110' title="bbox 2274 5153 3804 5229; baseline -0.003 -19"><span class='ocrx_word' id='word_1_908' title='bbox 2274 5158 2387 5222; x_wconf 89' lang='lat'><strong>(38)</strong></span> <span class='ocrx_word' id='word_1_909' title='bbox 2421 5157 2884 5229; x_wconf 82' lang='lat' dir='ltr'><strong>Recorporatione</strong></span> <span class='ocrx_word' id='word_1_910' title='bbox 2923 5161 2976 5212; x_wconf 89' lang='lat' dir='ltr'><strong>et</strong></span> <span class='ocrx_word' id='word_1_911' title='bbox 3004 5154 3474 5229; x_wconf 78' lang='lat' dir='ltr'><strong>redanimatione.</strong></span> <span class='ocrx_word' id='word_1_912' title='bbox 3506 5154 3603 5209; x_wconf 88' lang='lat' dir='ltr'><strong>Est</strong></span> <span class='ocrx_word' id='word_1_913' title='bbox 3631 5153 3804 5229; x_wconf 67' lang='grc' dir='ltr'><strong>ᾆναψό-</strong></span> 
     </span>
    </p>
   </div>
   <div class='ocr_carea' id='block_1_109' title="bbox 2201 5226 3794 5300">
    <p class='ocr_par' dir='ltr' id='par_1_109' title="bbox 2201 5226 3794 5300">
     <span class='ocr_line' id='line_1_111' title="bbox 2201 5226 3794 5300; baseline 0.003 -22"><span class='ocrx_word' id='word_1_914' title='bbox 2201 5246 2385 5296; x_wconf 84' lang='grc' dir='ltr'><strong>χωσις;</strong></span> <span class='ocrx_word' id='word_1_915' title='bbox 2425 5229 2564 5284; x_wconf 87' lang='lat' dir='ltr'><strong>male</strong></span> <span class='ocrx_word' id='word_1_916' title='bbox 2588 5226 2892 5300; x_wconf 73' lang='lat' dir='ltr'><strong>corrigunt,</strong></span> <span class='ocrx_word' id='word_1_917' title='bbox 2933 5226 3025 5299; x_wconf 93' lang='lat' dir='ltr'><strong>qui</strong></span> <span class='ocrx_word' id='word_1_918' title='bbox 3073 5226 3483 5284; x_wconf 85' lang='lat' dir='ltr'><strong>readunatione</strong></span> <span class='ocrx_word' id='word_1_919' title='bbox 3535 5227 3794 5282; x_wconf 87' lang='lat' dir='ltr'><strong>scribunt.</strong></span> 
     </span>
    </p>
   </div>
   <div class='ocr_carea' id='block_1_110' title="bbox 2202 5300 2409 5355">
    <p class='ocr_par' dir='ltr' id='par_1_110' title="bbox 2202 5300 2409 5355">
     <span class='ocr_line' id='line_1_112' title="bbox 2202 5300 2409 5355; baseline 0.005 -1"><span class='ocrx_word' id='word_1_920' title='bbox 2202 5300 2280 5354; x_wconf 79' lang='lat' dir='ltr'>LE</span> <span class='ocrx_word' id='word_1_921' title='bbox 2313 5301 2409 5355; x_wconf 83' lang='lat' dir='ltr'><strong>Pa.</strong></span> 
     </span>
    </p>
   </div>
   <div class='ocr_carea' id='block_1_111' title="bbox 2273 5368 3797 5441">
    <p class='ocr_par' dir='ltr' id='par_1_111' title="bbox 2273 5368 3797 5441">
     <span class='ocr_line' id='line_1_113' title="bbox 2273 5368 3797 5441; baseline 0 -18"><span class='ocrx_word' id='word_1_922' title='bbox 2273 5370 2390 5440; x_wconf 88' lang='lat'><strong>(39)</strong></span> <span class='ocrx_word' id='word_1_923' title='bbox 2404 5372 2545 5427; x_wconf 87' lang='lat' dir='ltr'><strong>Nam</strong></span> <span class='ocrx_word' id='word_1_924' title='bbox 2565 5375 2623 5428; x_wconf 89' lang='lat' dir='ltr'><strong>et</strong></span> <span class='ocrx_word' id='word_1_925' title='bbox 2643 5373 2694 5427; x_wconf 84' lang='lat' dir='ltr'><strong>si</strong></span> <span class='ocrx_word' id='word_1_926' title='bbox 2707 5372 3040 5441; x_wconf 81' lang='lat' dir='ltr'><strong>ﬁgmentum</strong></span> <span class='ocrx_word' id='word_1_927' title='bbox 3060 5369 3339 5441; x_wconf 81' lang='lat' dir='ltr'><strong>veritatis.</strong></span> <span class='ocrx_word' id='word_1_928' title='bbox 3361 5368 3680 5438; x_wconf 84' lang='lat' dir='ltr'><strong>Exemplum</strong></span> <span class='ocrx_word' id='word_1_929' title='bbox 3703 5385 3797 5424; x_wconf 86' lang='lat' dir='ltr'><strong>seu</strong></span> 
     </span>
    </p>
   </div>
   <div class='ocr_carea' id='block_1_112' title="bbox 2203 5439 3796 5512">
    <p class='ocr_par' dir='ltr' id='par_1_112' title="bbox 2203 5439 3796 5512">
     <span class='ocr_line' id='line_1_114' title="bbox 2203 5439 3796 5512; baseline -0.002 -15"><span class='ocrx_word' id='word_1_930' title='bbox 2203 5439 2382 5512; x_wconf 87' lang='lat' dir='ltr'><strong>potius</strong></span> <span class='ocrx_word' id='word_1_931' title='bbox 2405 5439 2791 5512; x_wconf 78' lang='lat' dir='ltr'><strong>metaphoram,</strong></span> <span class='ocrx_word' id='word_1_932' title='bbox 2813 5450 2905 5498; x_wconf 89' lang='lat' dir='ltr'><strong>aut</strong></span> <span class='ocrx_word' id='word_1_933' title='bbox 2933 5439 3376 5512; x_wconf 66' lang='lat' dir='ltr'><strong>similitudinem,</strong></span> <span class='ocrx_word' id='word_1_934' title='bbox 3394 5441 3506 5495; x_wconf 82' lang='lat' dir='ltr'><strong>vult</strong></span> <span class='ocrx_word' id='word_1_935' title='bbox 3548 5442 3796 5504; x_wconf 82' lang='lat' dir='ltr'><strong>innuere,</strong></span> 
     </span>
    </p>
   </div>
   <div class='ocr_carea' id='block_1_113' title="bbox 2203 5511 3799 5585">
    <p class='ocr_par' dir='ltr' id='par_1_113' title="bbox 2203 5511 3799 5585">
     <span class='ocr_line' id='line_1_115' title="bbox 2203 5511 3799 5585; baseline -0.001 -18"><span class='ocrx_word' id='word_1_936' title='bbox 2203 5511 2324 5584; x_wconf 84' lang='lat' dir='ltr'><strong>quae</strong></span> <span class='ocrx_word' id='word_1_937' title='bbox 2370 5515 2434 5568; x_wconf 90' lang='lat' dir='ltr'><strong>ad</strong></span> <span class='ocrx_word' id='word_1_938' title='bbox 2483 5511 2787 5584; x_wconf 77' lang='lat' dir='ltr'><strong>ﬁngendam</strong></span> <span class='ocrx_word' id='word_1_939' title='bbox 2835 5529 2929 5569; x_wconf 90' lang='lat' dir='ltr'><strong>seu</strong></span> <span class='ocrx_word' id='word_1_940' title='bbox 2987 5511 3470 5585; x_wconf 59' lang='lat' dir='ltr'><strong>reprwsentandam</strong></span> <span class='ocrx_word' id='word_1_941' title='bbox 3521 5513 3799 5568; x_wconf 86' lang='lat' dir='ltr'><strong>veritatem</strong></span> 
     </span>
    </p>
   </div>
   <div class='ocr_carea' id='block_1_114' title="bbox 2203 5585 2737 5643">
    <p class='ocr_par' dir='ltr' id='par_1_114' title="bbox 2203 5585 2737 5643">
     <span class='ocr_line' id='line_1_116' title="bbox 2203 5585 2737 5643; baseline 0.004 -3"><span class='ocrx_word' id='word_1_942' title='bbox 2203 5585 2502 5643; x_wconf 86' lang='lat' dir='ltr'><strong>adhibetur.</strong></span> <span class='ocrx_word' id='word_1_943' title='bbox 2535 5585 2613 5641; x_wconf 79' lang='lat' dir='ltr'><strong>LE</strong></span> <span class='ocrx_word' id='word_1_944' title='bbox 2643 5585 2737 5642; x_wconf 76' lang='lat' dir='ltr'><strong>Pa.</strong></span> 
     </span>
    </p>
   </div>
  </div>
