4030 6184
259 323 364 386 885

1312 325 1504 390 LIBER
1542 328 1627 392 DE
1665 331 2212 398 RESURRECTIONE
2248 329 2504 395 CABNIS.

262 469 521 540 hominis,
545 469 598 526 si
612 468 796 528 vivent
811 485 934 529 ossa
953 469 1074 529 haec
1093 471 1182 543 35,?
1202 482 1260 528 ut
1281 480 1335 530 et
1352 473 1444 533 ille
1473 478 1843 550 reSponderet:

1963 463 2242 538 propheta
2268 463 2315 502 ⁸1
2341 479 2354 521 :
2407 460 2649 519 Exibitis
2676 459 2742 518 de
2769 461 3059 534 sepulcris,
3088 463 3270 520 veluti
3296 460 3464 519 vituli
3489 461 3557 519 de

256 561 513 627 Domine,
550 565 615 616 tu
648 561 928 630 scis;non
979 561 1162 634 utique
1203 561 1350 620 Deus
1389 567 1664 636 propheta
1694 567 1854 622 ﬁdem

257 648 326 703 de
354 664 417 704 ea
442 665 501 703 re
531 656 809 715 tentasset,
839 665 960 722 qua
984 649 1162 707 futura
1191 667 1298 708 non
1327 661 1491 722 esset,
1523 671 1678 726 quam
1711 672 1855 711 nun-

253 751 417 808 quam
446 736 610 791 Israel
640 735 899 803 audisset,
933 754 1092 809 quam
1122 741 1270 795 credi
1297 755 1405 797 non
1435 753 1726 814 Oporteret.
1750 745 1854 800 Sed

253 828 514 900 quoniam
581 826 975 897 pradicabatur
1034 821 1266 900 quidem.
1314 831 1640 889 resurrectio
1695 850 1851 890 mor-

253 925 475 972 tuorum
501 958 515 981 ,
547 914 714 971 Israel
744 928 874 970 vero
914 931 1014 987 pro
1053 932 1150 972 sua
1196 919 1531 976 incredulita
1559 921 1852 989 dissidens,

252 1002 756 1073 scandalizabatur,
811 1009 866 1058 et
909 1003 1178 1075 aspiciens
1233 1006 1472 1063 habitum
1530 1012 1855 1066 senescentis

251 1089 548 1161 sepultura
577 1091 718 1162 (40),
751 1093 1065 1161 desperabat
1109 1093 1556 1152 resurrectionem
1584 1119 1597 1167 ;
1629 1097 1713 1156 vel
1746 1113 1853 1155 non

252 1175 308 1232 in
337 1193 461 1233 eam
485 1178 668 1250 potius
703 1179 941 1235 animum
969 1173 1254 1252 dirigebat,
1288 1183 1383 1238 sed
1413 1183 1469 1240 in
1499 1185 1854 1244 circumstan-

249 1267 353 1322 tias
381 1283 548 1336 suas;
585 1267 790 1324 idcirco
834 1269 984 1325 Deus
1029 1280 1084 1326 et
1128 1272 1472 1344 prophetam,
1524 1291 1677 1346 quasr
1715 1277 1766 1316 ³6
1801 1286 1852 1333 et

244 1355 429 1427 ipsum
459 1357 702 1422 dubium,
737 1359 1054 1429 prastruxit
1082 1360 1153 1414 ad
1184 1363 1540 1418 constantiam
1579 1366 1850 1436 pradica-

245 1445 434 1512 tionis,
489 1445 728 1514 revelato
774 1446 960 1504 ordine
989 1451 1434 1519 resurrectionis;
1475 1461 1528 1509 et
1566 1455 1766 1527 pepulo
1796 1456 1846 1510 id

243 1534 579 1590 credendum
636 1535 952 1603 mandavit,
1008 1537 1152 1607 quod
1212 1541 1490 1611 propheta
1542 1543 1841 1609 revelavit,

242 1622 401 1695 ipsos
439 1623 633 1680 dicens
661 1639 781 1681 esse
821 1640 945 1680 ossa
973 1641 1095 1697 qua
1134 1634 1289 1682 erant
1336 1640 1725 1698 resurrectura,
1758 1631 1849 1704 qui

242 1727 361 1767 non
390 1713 680 1769 credebant
725 1721 1109 1770 resurrectura.
1167 1715 1410 1788 Denique
1457 1718 1511 1773 in
1559 1719 1843 1776 clausula:

251 1803 328 1856 Et
361 1804 715 1874 cognoscetis,
747 1801 943 1874 inquit,
977 1802 1119 1876 quod
1165 1820 1258 1875 ego
1301 1807 1573 1864 Dominus
1623 1810 1846 1866 locutus

249 1891 393 1955 sim,
423 1896 478 1946 et
504 1893 765 1961 fecerim;
797 1891 850 1946 id
882 1891 1068 1962 utique
1100 1891 1357 1962 facturus,
1389 1898 1532 1966 quod
1562 1894 1732 1952 fuerat
1760 1897 1848 1954 lo-

240 1987 446 2045 cutus;
479 1985 732 2035 catorum
780 1995 892 2035 non
937 1979 992 2034 id
1034 1978 1276 2038 facturus
1325 1983 1468 2055 quod
1522 1983 1750 2052 locutus,
1801 1987 1847 2041 si

239 2066 407 2122 aliter
433 2063 695 2124 facturus.

807 2158 1037 2215 CAPUT
1084 2159 1293 2215 XXXI.

312 2244 479 2301 Plane
518 2247 566 2301 si
630 2253 683 2301 et
728 2249 960 2319 p0pulus
999 2248 1288 2319 allegorice
1361 2251 1672 2306 mussitaret
1725 2267 1848 2308 ossa

235 2349 341 2390 sua
385 2334 650 2404 arefacta,
702 2343 757 2391 et
801 2352 952 2408 spem
992 2353 1147 2392 suam
1187 2339 1454 2408 perditam
1495 2340 1848 2410 dispersionis

234 2423 390 2479 exitu
445 2423 494 2462 37
549 2425 830 2495 querulus,
889 2425 1082 2482 merito
1134 2427 1407 2484 videretur
1475 2429 1526 2468 33
1581 2437 1637 2485 et
1700 2431 1847 2486 Deus

234 2509 530 2582 ﬁguratam
579 2512 1008 2584 desperationem
1051 2514 1164 2587 (41)
1217 2515 1448 2590 ﬁgurata
1485 2518 1846 2588 promissione

232 2603 578 2657 consolatus.
603 2601 712 2658 Sed
729 2619 850 2660 cum
873 2603 1223 2674 dispersionis
1251 2605 1467 2679 quidem
1497 2607 1698 2677 injuria
1725 2607 1844 2680 (42)

231 2690 489 2745 nondum
519 2691 715 2761 p0pulo
760 2690 1061 2756 accidisset,
1096 2693 1512 2749 resurrectionis
1551 2710 1683 2752 vero
1721 2711 1848 2768 spes

229 2779 388 2848 apud
416 2775 590 2834 839
636 2778 785 2834 illum
835 2780 1133 2851 sapissime
1162 2781 1473 2846 cecidisset,
1504 2793 1556 2838 et
1585 2784 1634 2823 39
1665 2783 1841 2839 mani-

231 2865 423 2921 festus
451 2875 531 2921 est
558 2867 625 2922 de
655 2881 940 2937 corporum
965 2869 1186 2925 interitu
1224 2870 1555 2926 labefactans
1591 2871 1843 2928 ﬁduciam

232 2955 716 3012 ressurrectionis:
769 2957 841 3010 ita
874 2965 924 3012 et
953 2958 1101 3012 Deus
1143 2973 1256 3012 eam
1308 2960 1607 3015 restruebat
1655 2960 1839 3029 ﬁdem,

231 3060 410 3113 quam
455 3045 687 3115 populus
744 3045 1081 3102 destruebat.
1140 3046 1458 3117 Quanquam
1505 3050 1605 3104 etsi
1662 3049 1837 3120 aliqua

1962 555 2209 612 vinculis
2230 553 2425 618 soluti,
2441 557 2495 608 et
2515 552 2914 608 conculcabitis
2953 551 3210 609 inimicos
3243 553 3550 621 (Matth.1v,

1963 643 2040 708 3).
2065 645 2129 699 Et
2149 657 2365 700 rursum
2392 658 2404 698 :
2435 641 2701 699 Gaudebit
2721 657 2817 696 cor
2834 645 3111 712 vestrum,
3134 645 3190 697 et
3217 658 3336 698 ossa
3365 646 3553 698 vestra

1962 735 2119 790 velut
2139 733 2314 791 herba
2342 732 2390 770 24
2411 732 2672 788 orientur
2693 731 2822 799 (lsa.
2846 731 3022 801 var),
3056 730 3184 802 quia
3216 739 3268 785 et
3297 730 3464 784 herba
3486 730 3554 785 de

1962 821 2317 880 dissolutione
2364 827 2419 876 et
2464 819 2771 891 corruptela
2817 818 3044 875 seminis
3097 817 3439 876 reformatur.
3490 819 3553 872 In

1960 927 2188 977 summa,
2221 911 2266 965 si
2296 908 2513 982 preprie
2541 907 2596 962 in
2645 907 2862 963 Israelis
2907 914 3103 963 statum
3149 906 3552 980 resurgentium

1963 1001 2170 1055 ossium
2218 1000 2396 1069 imago
2444 995 2806 1068 contenditur,
2854 1013 2954 1053 cur
3005 995 3166 1052 etiam
3217 1010 3323 1050 non
3372 995 3555 1050 Israeli

1961 1088 2348 1157 tantummodo,
2405 1101 2598 1141 verum
2654 1095 2707 1142 et
2751 1085 3002 1141 omnibus
3056 1083 3310 1157 gentibus
3365 1085 3553 1139 eadem

1961 1193 2084 1249 spes
2113 1178 2461 1234 annuntiatur
2486 1185 2538 1231 et
2565 1167 3100 1245 recorporandarum,
3124 1184 3178 1230 et
3214 1174 3554 1231 redaniman-

1962 1267 2147 1322 darum
2199 1267 2567 1339 reliquiarum,
2617 1272 2669 1321 et
2716 1264 2784 1320 de
2830 1265 3098 1335 sepulcris
3142 1261 3554 1320 exsuscitando-

1963 1373 2083 1412 rum
2112 1357 2162 1396 4³
2200 1353 2579 1412 mortuorum?
2617 1353 2697 1409 De
2747 1354 2996 1411 omnibus
3037 1353 3185 1410 enim
3231 1354 3436 1410 dictum
3473 1360 3557 1407 est

1963 1447 2093 1516 (Isa.
2125 1446 2282 1516 xxvr)
2307 1463 2321 1500 :
2363 1446 2549 1502 Vivent
2577 1445 2791 1501 mortui
2811 1443 2947 1513 (44),
2978 1449 3033 1502 et
3053 1448 3359 1516 exsurgent
3387 1444 3452 1499 de
3467 1457 3552 1497 se-

1955 1535 2172 1607 pulcris
2200 1554 2218 1590 :
2240 1549 2327 1590 ros
2357 1536 2510 1590 enim
2539 1535 2638 1606 qui
2665 1549 2700 1588 a
2730 1537 2784 1588 te
2813 1536 2917 1597 est,
2949 1531 3166 1591 medela
3210 1536 3293 1590 est
3341 1531 3552 1588 ossibus

1959 1639 2170 1682 eorum.
2200 1623 2336 1678 Item
2364 1622 2490 1677 alibi
2522 1622 2651 1689 (Isa.
2675 1624 2828 1690 LXVI)
2854 1637 2867 1674 :
2902 1623 3092 1679 Veniet
3111 1621 3348 1679 adorare
3374 1624 3553 1681 omnis

1959 1728 2090 1769 caro
2105 1714 2169 1768 in
2188 1713 2487 1783 conspectu
2507 1724 2648 1776 meo,
2663 1708 2804 1766 dicit
2822 1713 3115 1768 Dominus.
3135 1711 3401 1780 Quando?
3420 1711 3554 1766 Cum

1882 1765 1926 1844 Β
1958 1801 2235 1872 praterire
2262 1765 2489 1869 caperit
2515 1765 2726 1853 habitus
2756 1799 2940 1853 mundi
2961 1765 3343 1870 hujusfSupra
3362 1801 3508 1856 enim
3532 1819 3546 1856 :

1963 1889 2441 1960 Quemadmodum
2461 1890 2662 1945 cretum
2718 1903 2932 1945 novum
2960 1893 3018 1944 et
3057 1893 3214 1944 terra
3233 1905 3395 1956 nova,
3428 1907 3555 1962 qua:

1954 1997 2048 2051 ego
2069 1980 2214 2051 facio
2230 1980 2293 2034 in
2320 1983 2618 2051 conspectu
2631 1994 2772 2048 meo,
2791 1977 2930 2034 dicit
2950 1979 3251 2046 Dominus;
3274 1981 3361 2034 ita
3381 1981 3556 2036 stabit

1954 2083 2145 2125 semen
2163 2067 2597 2125 vestrum.Tunc
2616 2083 2750 2139 ergo
2770 2065 2913 2138 quod
2935 2066 3171 2137 subjicit,
3213 2066 3551 2137 implebitur:

1957 2158 2027 2212 Et
2063 2157 2302 2213 exibunt
2330 2155 2540 2228 (utique
2577 2157 2642 2210 de
2673 2154 2980 2227 sepulcris),
3013 2159 3071 2212 et
3099 2155 3365 2213 videbunt
3392 2161 3553 2214 artus

1975 2262 2169 2304 eorum
2193 2246 2292 2317 qui
2321 2247 2495 2317 impie
2516 2251 2776 2317 egerunt,
2799 2244 3068 2319 quoniam
3098 2247 3302 2302 vermis
3322 2247 3554 2305 illorum

1954 2359 2071 2401 non
2119 2341 2354 2410 decidet,
2402 2345 2456 2398 et
2485 2344 2632 2411 ignis
2663 2358 2855 2398 eorum
2881 2358 2995 2400 non
3024 2343 3451 2414 exstinguetur,
3495 2346 3553 2399 et

1954 2435 2128 2489 erunt
2149 2433 2475 2504 conspectui
2495 2432 2652 2487 omni
2672 2432 2867 2497 carni;
2885 2429 3084 2486 scilicet
3102 2447 3222 2503 qua
3243 2434 3557 2488 resuscitata

1955 2529 2009 2576 et
2037 2535 2258 2594 egressa
2277 2520 2344 2576 de
2372 2519 2656 2591 sepulcris,
2679 2519 2968 2576 Dominum
2991 2533 3090 2591 pro
3110 2521 3211 2576 hac
3229 2522 3406 2593 gratia
3425 2523 3554 2578 ado-

1951 2609 2112 2669 rabit.

2503 2748 2725 2805 CAPUT
2761 2749 2996 2804 XXXII.

2031 2872 2139 2928 Sed
2168 2889 2236 2929 ne
2269 2871 2611 2928 solummodo
2657 2887 2844 2927 eorum
2892 2885 3182 2943 corporum
3229 2875 3552 2928 resurrectio

1954 2962 2190 3018 videatur
2222 2961 2522 3031 praedicari,
2553 2977 2676 3031 qua
2705 2959 2968 3031 sepulcris
2995 2959 3417 3029 demandautur,
3449 2964 3550 3017 ha-

1945 3053 2041 3107 bes
2069 3051 2328 3122 scriptum
2347 3049 2514 3121 (Apoc
2543 3050 2630 3119 tu)
2655 3065 2668 3102 :
2694 3051 2764 3104 Et
2793 3049 3062 3108 mandabo
3088 3051 3340 3124 piscibus
3371 3056 3553 3111 maris

229 3132 591 3203 praesentium
645 3149 826 3188 rerum
876 3142 1002 3190 tunc
1049 3135 1445 3192 conﬂictatione
1493 3139 1753 3218 maerebat
1791 3139 1843 3178 ἰο
1873 3124 1916 3202 C
1949 3142 2085 3212 (45),
2105 3137 2269 3196 840
2289 3144 2344 3194 et
2365 3137 2704 3194 eructabunt
2733 3153 2858 3194 ossa
2878 3154 3004 3210 quae
3030 3143 3167 3195 sunt
3199 3146 3461 3212 comesta,
3494 3146 3551 3198 et

231 3223 430 3286 Israel,
461 3237 568 3276 non
599 3221 797 3277 idcirco
828 3222 882 3277 in
931 3225 1188 3294 parabola
1217 3224 1533 3294 accipienda
1563 3237 1701 3282 esset
1728 3228 1844 3297 (43)

230 3309 592 3365 revelationis
622 3309 864 3380 intentio,
898 3311 993 3366 sed
1024 3310 1077 3366 in
1106 3311 1444 3368 testationem
1487 3316 1842 3372 resurrectio-

228 3400 344 3466 nis,
381 3398 528 3452 utin
572 3398 715 3453 illam
761 3415 912 3470 spem
951 3400 1181 3473 erigeret
1223 3401 1345 3457 illos
1389 3409 1606 3458 aeterna
1643 3403 1845 3460 scilicet

227 3487 470 3553 salutis,
519 3493 571 3542 et
617 3487 994 3544 necessarioris
1041 3489 1429 3557 restitutionis,
1479 3497 1533 3547 et
1579 3501 1845 3550 averteret

227 3589 257 3630 a
287 3584 555 3646 respectu
599 3576 948 3647 prasentium
993 3591 1192 3633 rerum.
1232 3579 1316 3634 Ad
1365 3579 1470 3634 hoc
1499 3579 1641 3636 enim
1671 3587 1726 3636 et
1752 3580 1841 3634 alii

1950 3229 2222 3300 faciam“
2242 3227 2625 3299 compaginem
2653 3224 2725 3280 ad
2750 3227 3157 3298 compaginem,
3194 3231 3252 3284 et
3281 3246 3339 3286 os
3368 3231 3440 3287 ad
3469 3248 3546 3288 os.

1953 3321 2120 3391 Ergo,
2152 3315 2354 3389 inquis,
2404 3321 2456 3370 et
2498 3313 2679 3386 pisces
2726 3313 3207 3382 resuscitabuntur,
3239 3324 3291 3372 et
3339 3326 3550 3376 caetera

1951 3407 2134 3462 bestia
2163 3411 2218 3460 et
2245 3404 2395 3460 alites
2425 3401 2716 3459 carnivora
2751 3404 2887 3473 (46),
2921 3406 2980 3458 ut
3009 3416 3285 3460 revomant
3324 3406 3372 3444 4⁵
3410 3423 3549 3479 quos

1951 3492 2336 3550 comederunt:
2371 3488 2502 3562 quia
2527 3496 2580 3545 et
2605 3489 2745 3560 apud
2777 3490 2996 3560 Moysen
3016 3490 3174 3562 legis,
3204 3491 3413 3563 exquiri
3431 3510 3548 3550 san-

1951 3580 2167 3654 guinem
2198 3581 2264 3636 de
2284 3578 2537 3635 omnibus
2565 3577 2747 3634 bestiis
2767 3578 2795 3633 ?
2822 3575 2943 3633 Non
2972 3576 3178 3649 utique.
3209 3578 3315 3635 Sed
3345 3578 3547 3638 idcirco

1616 3686 1807 3750 Varia
1837 3691 2148 3752 lectiones.

302 3795 360 3836 35
393 3797 518 3852 Hac
556 3797 710 3854 abest
730 3814 766 3853 a
795 3795 968 3854 Rhen.
996 3798 1168 3854 Seml.
1209 3798 1258 3837 35

233 3869 394 3924 rebat
415 3867 591 3924 Rhen.
623 3867 792 3926 Se-ml.
813 3867 860 3906 ἰι
893 3869 1170 3937 Propheta
1211 3867 1337 3927 Ven.
1367 3869 1418 3909 42

233 3942 418 3998 Rhea.
448 3939 500 3978 4⁵
529 3939 761 3994 Vomant
781 3941 957 3995 Rhen.
1000 3941 1170 3997 Seml.

1276 3798 1392 3869 Qua
1423 3800 1543 3869 Rig.
1578 3801 1702 3856 Ven.
1725 3800 1773 3839 37
1796 3801 2052 3856 Excitum
2082 3800 2258 3858 Rhen.
2287 3800 2457 3856 Seml.
2490 3796 2541 3836 ³⁸
2569 3796 2796 3854 Videtur
2818 3797 2947 3869 alii.
2979 3795 3029 3836 ³9
3059 3797 3126 3853 Ut
3177 3801 3304 3856 Lat.
3335 3801 3385 3840 40
3414 3802 3542 3858 Hae-

1512 3871 1730 3929 elociter
1757 3871 1931 3931 Rhen.
1961 3873 2082 3932 cod.
2132 3873 2281 3928 Pith.
2313 3871 2363 3909 4³
2384 3869 2803 3926 Excitandorum
2833 3867 3008 3927 Ithen.
3042 3870 3208 3927 Seml.
3238 3873 3286 3909 ’ιά
3323 3872 3542 3932 Facient

1626 4042 2127 4106 Commentarius.

302 4134 428 4203 (40)
460 4134 729 4190 Habitum
758 4137 1098 4208 senescentis
1128 4134 1727 4208 sepulturae.7Venuste
1750 4137 1831 4190 di-

235 4213 388 4259 ctum
421 4219 519 4276 pro
565 4219 683 4258 sera
729 4211 782 4259 et
833 4204 1094 4276 diuturna
1138 4204 1289 4261 m'ora
1334 4207 1645 4276 sepultura,
1697 4209 1832 4262 sicut

235 4284 290 4348 et
333 4277 428 4344 qui
475 4275 725 4330 diuturna
768 4283 822 4348 et
867 4275 1110 4348 longava
1157 4286 1282 4333 sunt
1326 4275 1453 4342 vita,
1503 4285 1830 4348 senescunt;

233 4347 311 4402 sic
342 4361 472 4417 cap.
523 4349 627 4420 32:
685 4367 707 4397 α
753 4347 925 4420 Quam
970 4347 1247 4418 eapulum,
1296 4363 1474 4420 quam,
1503 4348 1832 4420 sepulcrum,

231 4433 405 4489 quam
469 4417 680 4489 senium
737 4418 992 4488 requieta
1044 4417 1206 4489 atque
1261 4417 1838 4489 recondita—alicujus

235 4485 555 4557 sepultura.
593 4508 616 4537 ι
649 4488 783 4544 Lac.

306 4558 426 4628 (41)
455 4562 812 4634 _Figurata-m
859 4560 1325 4632 desperationem.
1385 4559 1644 4634 Figurata
1690 4559 1840 4613 enim

235 4629 503 4697 parcemia
546 4629 881 4699 explicabant
919 4629 1068 4686 suam
1117 4640 1411 4687 extremam
1448 4629 1835 4699 calamitatem,

231 4699 515 4774 dicentes:
552 4701 844 4774 Aruerunt
875 4718 1001 4758 ossa
1030 4708 1262 4769 nostra;
1304 4719 1509 4774 eosque
1552 4705 1699 4758 Deus
1734 4717 1839 4774 eo-

230 4773 370 4827 dem
420 4779 606 4827 tenore
655 4773 864 4827 solatur
910 4774 1163 4831 vaticinio
1192 4774 1285 4831 illo
1314 4783 1367 4832 et
1395 4773 1604 4831 visione
1633 4773 1839 4829 ossium

235 4843 552 4896 aridorum.
583 4843 714 4898 Lac.

308 4912 436 4998 (f2)
486 4912 594 4998 Sed
627 4914 1420 4998 cum‘dispersionisguidem
1448 4918 1694 4998 injuria1
1731 4923 1837 4972 etc.

233 4985 477 5040 Videtur
507 4991 724 5054 putasse
757 4985 957 5041 Auctor
976 4995 1097 5042 ante
1118 4985 1470 5044 calamitatem
1499 4985 1641 5042 illam
1673 4989 1842 5042 Israe-

235 5055 372 5110 litici
430 5057 615 5125 pepuli
691 5057 924 5112 edidisse
966 5059 1067 5113 hoc
1121 5058 1394 5114 oraculum
1461 5059 1837 5124 Ezechielem;

233 5127 386 5193 quod
443 5126 641 5183 falsum
707 5129 942 5195 videtur,
1003 5144 1123 5184 cum
1199 5130 1498 5185 Ezechielis
1559 5129 1840 5196 prouhetia

237 5198 437 5270 fuisset
486 5204 610 5268 post
652 5199 1035 5269 captivitatem.
1067 5200 1168 5255 Sed
1199 5207 1378 5270 potest
1413 5199 1589 5270 accipi
1620 5199 1838 5254 Tertul-

237 5266 439 5341 lianus,
481 5266 590 5324 non
619 5266 768 5340 quod
794 5271 1015 5328 voluerit
1059 5266 1277 5326 omnino
1305 5277 1429 5326 ante
1457 5266 1837 5341 captivitatem,

236 5337 346 5391 sed
382 5346 529 5411 ante
586 5337 803 5410 plenam
877 5342 1266 5411 dispersionem
1331 5350 1386 5397 et
1433 5337 1840 5411 oppressionem

237 5409 652 5466 acerbissimam
708 5413 922 5467 Israelis
950 5409 1290 5469 vaticinatum
1344 5409 1838 5482 hac—prophetam.

239 5481 320 5535 At
351 5495 484 5536 vero
513 5498 622 5538 non
673 5483 896 5538 nimium
945 5487 1112 5539 haret
1141 5483 1266 5538 huic
1309 5481 1590 5538 sententia
1621 5484 1838 5548 Auctor,

237 5567 372 5607 cum
427 5554 604 5608 statim
645 5555 752 5609 alia
795 5554 882 5608 via
928 5571 1080 5609 suam
1129 5555 1617 5626 interpretationem
1648 5553 1846 5608 contir-

242 5631 376 5692 met,
397 5639 524 5680 cum
545 5625 739 5698 inquit,
767 5627 1113 5700 Quamquam
1132 5628 1241 5686 etsi
1259 5628 1453 5701 aliqua
1470 5627 1844 5702 praesentium

1942 4144 2077 4194 tunc
2106 4135 2831 4206 conﬂictatione-maerebat
2869 4138 3067 4203 Israel,
3111 4142 3218 4193 etc.
3251 4138 3384 4193 Nam
3416 4151 3542 4196 cum

1942 4208 2187 4264 Ezechiel
2215 4204 2739 4277 'pr0phetavit,phac
2783 4205 3049 4277 dispersio
3073 4207 3186 4275 jam
3220 4217 3335 4262 erat
3377 4209 3536 4267 facta.

1945 4279 2034 4334 Sic
2051 4275 2414 4342 Hieronymus
2459 4275 2664 4346 inquit:
2686 4279 2794 4332 Per
2815 4275 3283 4334 re'ssurrectionis
3303 4281 3539 4348 parabo-

1869 4315 1912 4389 Β
1947 4351 2060 4405 lam
2083 4347 2149 4404 de
2167 4348 2533 4403 restitutione
2553 4347 3081 4405 Israclvrovhetari.
3099 4349 3198 4405 aui
3216 4364 3275 4404 eo
3294 4353 3539 4405 tempore

2005 4366 2060 4403 om
2083 4347 2149 4422 de
2167 4347 3081 4422 reslitationelsraclprophetari,
3099 4349 3198 4422 qui
3216 4347 3541 4422 coitempore

1946 4421 2201 4494 captivus
2221 4421 2347 4494 era_t
2369 4417 2743 4494 in‘Dabylone.
2759 4417 3148 4494 “Epiphanius,
3166 4418 3221 4471 in
3254 4420 3389 4494 Vitis
3405 4417 3535 4492 pro-

1943 4486 2271 4562 plietarum,
2297 4486 2631 4562 Ezechielem
2661 4486 2818 4543 tradit
2841 4486 2912 4543 in"
2936 4487 3242 4559 captivitate
3273 4486 3535 4547 vaticina-

1946 4560 2057 4618 tum
2088 4562 2270 4617 fuisse.
2301 4560 2432 4614 Lac.

2017 4633 2132 4703 (43)
2157 4634 2275 4691 Non
2295 4631 2500 4704 idcirco
2520 4629 2582 4683 in
2598 4629 2869 4704 parabola
2886 4627 3215 4704 accipienda
3242 4637 3404 4701 esset,
3431 4643 3534 4692 etc.

1945 4701 2140 4759 Probat
2194 4701 2611 4758 restitutionem
2646 4703 2788 4755 illam
2847 4701 3208 4755 Israelitarum
3265 4717 3374 4758 non
3432 4715 3538 4759 tam

1945 4775 2112 4830 fuisse
2140 4773 2519 4830 revelationem
2549 4786 2653 4841 qua
2683 4773 2824 4825 Deos
2870 4770 2992 4826 illos
3025 4771 3309 4828 restituere
3357 4776 3534 4841 vellet,

1948 4844 2353 4902 resurrectionis
2381 4841 2768 4898 testimonium.
2791 4841 2869 4896 La
2897 4843 2992 4898 Pa.

2019 4917 2130 4987 (44)
2170 4917 2359 4974 Vivent
2378 4915 2614 4987 mortui.
2648 4913 2706 4966 In
2735 4913 2926 4987 Graec
2955 4922 3055 4987 est,
3082 4920 3382 4987 resurgent,
3415 4913 3530 4966 ἀνα-

1947 4984 2228 5044 στῆσοπαι.
2263 4989 2367 5042 Isa.
2397 4999 2557 5053 xxvr,
2587 4985 2740 5054 juxta
2774 4984 2942 5039 LXX.
2975 4985 3054 5041 La
3083 4986 3180 5040 Pa.

2022 5061 2131 5129 (45)
2174 5061 2242 5137 Et
2272 5056 2546 5113 mandabo
2586 5055 2850 5137 piscibus,
2909 5065 3023 5137 e_tc._
3066 5059 3237 5126 Apoc.
3279 5073 3380 5123 xx,
3415 5058 3542 5116 licet

1949 5129 2196 5187 diversus
2225 5129 2377 5200 locus
2406 5128 2813 5200 essevideatur,
2849 5128 2946 5182 sed
2976 5128 3141 5183 citant
3159 5139 3374 5186 veteres
3392 5147 3541 5200 qua-

1948 5202 2084 5327 Eat!!!)
2100 5199 2390 5272 aliquando
2420 5215 2484 5254 ex
2517 5198 2789 5263 Scriptura
2808 5214 2929 5270 qua
2959 5207 3137 5256 tamen
3167 5215 3274 5258 non
3307 5198 3534 5257 exstant.

1988 5289 2024 5327 Ε
2087 5288 2141 5327 a.

1988 5289 2024 5329 Ε
2047 5273 2141 5327 Pa.

2021 5345 2134 5414 (46)
2159 5346 2228 5400 Et
2267 5344 2431 5402 alites
2456 5343 2788 5414 carnivora.
2821 5341 3128 5414 Σαρκοςόροι
3158 5342 3332 5414 alites.
3366 5344 3544 5398 Hare-

1951 5413 2178 5470 ticorum
2211 5423 2323 5470 erat
2352 5415 2608 5484 obiectio,
2642 5413 2758 5469 ﬁeri
2791 5413 2907 5468 non
2931 5413 3108 5484 posse,
3151 5422 3207 5467 ut
3236 5413 3329 5484 qui
3358 5430 3391 5468 a
3424 5415 3541 5468 bel-

1952 5487 2058 5541 luis
2106 5487 2355 5555 discerpti
2406 5487 2702 5556 avibusque
2748 5484 2999 5556 fuissent,
3040 5493 3402 5556 resurgerem.
3435 5486 3545 5540 Hos

1951 5557 2037 5613 hic
2065 5559 2306 5614 confutat
2331 5555 2712 5615 Tertullianus.
2745 5555 2821 5610 La
2841 5555 2938 5610 Pa.

3451 329 3558 393 886
3637 316 3646 322 ’
