  <div class='ocr_page' id='page_1' title='image "/cluster/home/n/w/nwhite01/storage/ocr_20150623/2/hvd.32044096580329/449.png"; bbox 0 0 4030 6184; ppageno 0'>
   <div class='ocr_carea' id='block_1_1' title="bbox 432 313 543 374">
    <p class='ocr_par' dir='ltr' id='par_1_1' title="bbox 432 313 543 374">
     <span class='ocr_line' id='line_1_1' title="bbox 432 313 543 374; baseline -0.036 0"><span class='ocrx_word' id='word_1_1' title='bbox 432 313 543 374; x_wconf 89' lang='grc'>887</span> 
     </span>
    </p>
   </div>
   <div class='ocr_carea' id='block_1_2' title="bbox 1129 290 3026 375">
    <p class='ocr_par' dir='ltr' id='par_1_2' title="bbox 1129 290 3026 375">
     <span class='ocr_line' id='line_1_2' title="bbox 1129 290 3026 375; baseline -0.004 -9"><span class='ocrx_word' id='word_1_2' title='bbox 1129 305 1571 368; x_wconf 82' lang='lat' dir='ltr'><strong>TERTULLIANI</strong></span> <span class='ocrx_word' id='word_1_3' title='bbox 1607 305 1873 368; x_wconf 81' lang='lat' dir='ltr'><strong>OPERUM</strong></span> <span class='ocrx_word' id='word_1_4' title='bbox 1910 302 2079 366; x_wconf 79' lang='lat' dir='ltr'><strong>PARS</strong></span> <span class='ocrx_word' id='word_1_5' title='bbox 2116 302 2185 364; x_wconf 94' lang='lat' dir='ltr'><strong>II.</strong></span> <span class='ocrx_word' id='word_1_6' title='bbox 2228 334 2295 347; x_wconf 89' lang='lat'><strong>—-</strong></span> <span class='ocrx_word' id='word_1_7' title='bbox 2334 301 2560 364; x_wconf 81' lang='lat' dir='ltr'><strong>SERIES</strong></span> <span class='ocrx_word' id='word_1_8' title='bbox 2596 303 2640 375; x_wconf 85' lang='grc' dir='ltr'><strong>Ι,</strong></span> <span class='ocrx_word' id='word_1_9' title='bbox 2681 290 3026 364; x_wconf 79' lang='lat' dir='ltr'><strong>POLEMICA.</strong></span> 
     </span>
    </p>
   </div>
   <div class='ocr_carea' id='block_1_3' title="bbox 3621 294 3742 358">
    <p class='ocr_par' dir='ltr' id='par_1_3' title="bbox 3621 294 3742 358">
     <span class='ocr_line' id='line_1_3' title="bbox 3621 294 3742 358; baseline 0 0"><span class='ocrx_word' id='word_1_10' title='bbox 3621 294 3742 358; x_wconf 88' lang='lat'><strong>888</strong></span> 
     </span>
    </p>
   </div>
   <div class='ocr_carea' id='block_1_4' title="bbox 432 418 3744 522">
    <p class='ocr_par' dir='ltr' id='par_1_4' title="bbox 432 418 3744 522">
     <span class='ocr_line' id='line_1_4' title="bbox 432 418 3744 522; baseline -0.005 -28"><span class='ocrx_word' id='word_1_11' title='bbox 432 436 779 494; x_wconf 83' lang='lat' dir='ltr'><strong>nominantur</strong></span> <span class='ocrx_word' id='word_1_12' title='bbox 833 432 1017 491; x_wconf 83' lang='lat' dir='ltr'><strong>bestiae</strong></span> <span class='ocrx_word' id='word_1_13' title='bbox 1061 442 1118 491; x_wconf 87' lang='lat' dir='ltr'><strong>et</strong></span> <span class='ocrx_word' id='word_1_14' title='bbox 1174 433 1350 506; x_wconf 88' lang='lat' dir='ltr'><strong>pisces</strong></span> <span class='ocrx_word' id='word_1_15' title='bbox 1396 434 1452 488; x_wconf 92' lang='lat' dir='ltr'><strong>in</strong></span> <span class='ocrx_word' id='word_1_16' title='bbox 1508 433 1927 490; x_wconf 87' lang='lat' dir='ltr'><strong>redhibitionem</strong></span> <span class='ocrx_word' id='word_1_17' title='bbox 1982 432 2031 471; x_wconf 69' lang='grc'>46</span> <span class='ocrx_word' id='word_1_18' title='bbox 2062 443 2108 522; x_wconf 66' lang='grc' dir='ltr'>Α</span> <span class='ocrx_word' id='word_1_19' title='bbox 2138 432 2281 504; x_wconf 83' lang='lat' dir='ltr'><strong>gelia</strong></span> <span class='ocrx_word' id='word_1_20' title='bbox 2336 448 2477 488; x_wconf 90' lang='lat' dir='ltr'><strong>nunc</strong></span> <span class='ocrx_word' id='word_1_21' title='bbox 2523 418 2783 502; x_wconf 45' lang='lat' dir='ltr'><strong>provoco:</strong></span> <span class='ocrx_word' id='word_1_22' title='bbox 2823 430 2925 487; x_wconf 90' lang='lat' dir='ltr'><strong>Hic</strong></span> <span class='ocrx_word' id='word_1_23' title='bbox 2968 442 3183 503; x_wconf 90' lang='lat' dir='ltr'><strong>quoque</strong></span> <span class='ocrx_word' id='word_1_24' title='bbox 3229 439 3554 485; x_wconf 81' lang='lat' dir='ltr'><strong>occursurus</strong></span> <span class='ocrx_word' id='word_1_25' title='bbox 3583 424 3744 496; x_wconf 84' lang='lat' dir='ltr'><strong>prius</strong></span> 
     </span>
    </p>
   </div>
   <div class='ocr_carea' id='block_1_5' title="bbox 434 524 2026 598">
    <p class='ocr_par' dir='ltr' id='par_1_5' title="bbox 434 524 2026 598">
     <span class='ocr_line' id='line_1_5' title="bbox 434 524 2026 598; baseline -0.003 -17"><span class='ocrx_word' id='word_1_26' title='bbox 434 526 610 582; x_wconf 88' lang='lat' dir='ltr'><strong>carnis</strong></span> <span class='ocrx_word' id='word_1_27' title='bbox 655 533 707 580; x_wconf 91' lang='lat' dir='ltr'><strong>et</strong></span> <span class='ocrx_word' id='word_1_28' title='bbox 746 524 1043 598; x_wconf 81' lang='lat' dir='ltr'><strong>sanguinis,</strong></span> <span class='ocrx_word' id='word_1_29' title='bbox 1092 540 1199 598; x_wconf 91' lang='lat' dir='ltr'><strong>quo</strong></span> <span class='ocrx_word' id='word_1_30' title='bbox 1246 525 1421 596; x_wconf 87' lang='lat' dir='ltr'><strong>magis</strong></span> <span class='ocrx_word' id='word_1_31' title='bbox 1470 524 1804 596; x_wconf 75' lang='lat' dir='ltr'><strong>exprimatur</strong></span> <span class='ocrx_word' id='word_1_32' title='bbox 1844 540 2026 579; x_wconf 89' lang='lat' dir='ltr'><strong>resur-</strong></span> 
     </span>
    </p>
   </div>
   <div class='ocr_carea' id='block_1_6' title="bbox 434 612 2030 685">
    <p class='ocr_par' dir='ltr' id='par_1_6' title="bbox 434 612 2030 685">
     <span class='ocr_line' id='line_1_6' title="bbox 434 612 2030 685; baseline -0.003 -14"><span class='ocrx_word' id='word_1_33' title='bbox 434 614 602 671; x_wconf 91' lang='lat' dir='ltr'><strong>rectio</strong></span> <span class='ocrx_word' id='word_1_34' title='bbox 640 614 801 670; x_wconf 89' lang='lat' dir='ltr'><strong>etiam</strong></span> <span class='ocrx_word' id='word_1_35' title='bbox 856 614 1231 671; x_wconf 90' lang='lat' dir='ltr'><strong>devoratorum</strong></span> <span class='ocrx_word' id='word_1_36' title='bbox 1280 630 1586 685; x_wconf 85' lang='lat' dir='ltr'><strong>corporum,</strong></span> <span class='ocrx_word' id='word_1_37' title='bbox 1627 630 1749 671; x_wconf 91' lang='lat' dir='ltr'><strong>cum</strong></span> <span class='ocrx_word' id='word_1_38' title='bbox 1782 612 1849 668; x_wconf 91' lang='lat' dir='ltr'><strong>de</strong></span> <span class='ocrx_word' id='word_1_39' title='bbox 1897 612 2030 683; x_wconf 87' lang='lat' dir='ltr'><strong>ipsis</strong></span> 
     </span>
    </p>
   </div>
   <div class='ocr_carea' id='block_1_7' title="bbox 435 703 2031 770">
    <p class='ocr_par' dir='ltr' id='par_1_7' title="bbox 435 703 2031 770">
     <span class='ocr_line' id='line_1_7' title="bbox 435 703 2031 770; baseline -0.002 -11"><span class='ocrx_word' id='word_1_40' title='bbox 435 704 839 759; x_wconf 91' lang='lat' dir='ltr'><strong>devoratoribus</strong></span> <span class='ocrx_word' id='word_1_41' title='bbox 883 705 1091 759; x_wconf 79' lang='lat' dir='ltr'><strong>exactio</strong></span> <span class='ocrx_word' id='word_1_42' title='bbox 1148 704 1389 760; x_wconf 82' lang='lat' dir='ltr'><strong>edicitur.</strong></span> <span class='ocrx_word' id='word_1_43' title='bbox 1444 706 1582 761; x_wconf 90' lang='lat' dir='ltr'><strong>Puto</strong></span> <span class='ocrx_word' id='word_1_44' title='bbox 1639 712 1815 761; x_wconf 88' lang='lat' dir='ltr'><strong>autem</strong></span> <span class='ocrx_word' id='word_1_45' title='bbox 1870 703 2031 770; x_wconf 84' lang='lat' dir='ltr'><strong>hujus</strong></span> 
     </span>
    </p>
   </div>
   <div class='ocr_carea' id='block_1_8' title="bbox 436 792 2031 865">
    <p class='ocr_par' dir='ltr' id='par_1_8' title="bbox 436 792 2031 865">
     <span class='ocr_line' id='line_1_8' title="bbox 436 792 2031 865; baseline 0 -19"><span class='ocrx_word' id='word_1_46' title='bbox 436 809 653 865; x_wconf 90' lang='lat' dir='ltr'><strong>quoque</strong></span> <span class='ocrx_word' id='word_1_47' title='bbox 683 792 877 848; x_wconf 82' lang='lat' dir='ltr'><strong>divinae</strong></span> <span class='ocrx_word' id='word_1_48' title='bbox 916 793 1196 863; x_wconf 76' lang='lat' dir='ltr'><strong>potestatis</strong></span> <span class='ocrx_word' id='word_1_49' title='bbox 1238 795 1621 849; x_wconf 86' lang='lat' dir='ltr'><strong>documentum</strong></span> <span class='ocrx_word' id='word_1_50' title='bbox 1658 793 1913 849; x_wconf 90' lang='lat' dir='ltr'><strong>idoneum</strong></span> <span class='ocrx_word' id='word_1_51' title='bbox 1940 792 2031 846; x_wconf 89' lang='lat' dir='ltr'><strong>Jo-</strong></span> 
     </span>
    </p>
   </div>
   <div class='ocr_carea' id='block_1_9' title="bbox 434 882 2029 956">
    <p class='ocr_par' dir='ltr' id='par_1_9' title="bbox 434 882 2029 956">
     <span class='ocr_line' id='line_1_9' title="bbox 434 882 2029 956; baseline -0.002 -18"><span class='ocrx_word' id='word_1_52' title='bbox 434 900 591 955; x_wconf 89' lang='lat' dir='ltr'><strong>nam,</strong></span> <span class='ocrx_word' id='word_1_53' title='bbox 646 899 770 938; x_wconf 91' lang='lat' dir='ltr'><strong>cum</strong></span> <span class='ocrx_word' id='word_1_54' title='bbox 818 882 1161 952; x_wconf 87' lang='lat' dir='ltr'><strong>incorruptus</strong></span> <span class='ocrx_word' id='word_1_55' title='bbox 1208 892 1431 956; x_wconf 90' lang='lat' dir='ltr'><strong>utraque</strong></span> <span class='ocrx_word' id='word_1_56' title='bbox 1477 884 1813 953; x_wconf 84' lang='lat' dir='ltr'><strong>substantia,</strong></span> <span class='ocrx_word' id='word_1_57' title='bbox 1868 897 2029 939; x_wconf 85' lang='lat' dir='ltr'><strong>carne</strong></span> 
     </span>
    </p>
   </div>
   <div class='ocr_carea' id='block_1_10' title="bbox 434 971 2032 1044">
    <p class='ocr_par' dir='ltr' id='par_1_10' title="bbox 434 971 2032 1044">
     <span class='ocr_line' id='line_1_10' title="bbox 434 971 2032 1044; baseline -0.001 -17"><span class='ocrx_word' id='word_1_58' title='bbox 434 980 592 1044; x_wconf 88' lang='lat' dir='ltr'><strong>atque</strong></span> <span class='ocrx_word' id='word_1_59' title='bbox 620 972 797 1027; x_wconf 89' lang='lat' dir='ltr'><strong>anima</strong></span> <span class='ocrx_word' id='word_1_60' title='bbox 826 973 895 1041; x_wconf 60' lang='lat'><strong>47,</strong></span> <span class='ocrx_word' id='word_1_61' title='bbox 922 972 988 1027; x_wconf 93' lang='lat' dir='ltr'><strong>de</strong></span> <span class='ocrx_word' id='word_1_62' title='bbox 1008 972 1132 1027; x_wconf 86' lang='lat' dir='ltr'><strong>alvo</strong></span> <span class='ocrx_word' id='word_1_63' title='bbox 1163 973 1328 1041; x_wconf 84' lang='lat' dir='ltr'><strong>piscis</strong></span> <span class='ocrx_word' id='word_1_64' title='bbox 1354 972 1621 1028; x_wconf 84' lang='lat' dir='ltr'><strong>evolvitur</strong></span> <span class='ocrx_word' id='word_1_65' title='bbox 1650 974 1718 1027; x_wconf 65' lang='grc'><strong>48.</strong></span> <span class='ocrx_word' id='word_1_66' title='bbox 1752 973 1817 1028; x_wconf 89' lang='lat' dir='ltr'><strong>Et</strong></span> <span class='ocrx_word' id='word_1_67' title='bbox 1847 971 2032 1042; x_wconf 87' lang='lat' dir='ltr'><strong>utique</strong></span> 
     </span>
    </p>
   </div>
   <div class='ocr_carea' id='block_1_11' title="bbox 436 1060 2030 1131">
    <p class='ocr_par' dir='ltr' id='par_1_11' title="bbox 436 1060 2030 1131">
     <span class='ocr_line' id='line_1_11' title="bbox 436 1060 2030 1131; baseline 0.002 -18"><span class='ocrx_word' id='word_1_68' title='bbox 436 1060 614 1116; x_wconf 85' lang='lat' dir='ltr'><strong>triduo</strong></span> <span class='ocrx_word' id='word_1_69' title='bbox 656 1062 1053 1131; x_wconf 77' lang='lat' dir='ltr'><strong>concoquendae</strong></span> <span class='ocrx_word' id='word_1_70' title='bbox 1111 1063 1258 1117; x_wconf 88' lang='lat' dir='ltr'><strong>carni</strong></span> <span class='ocrx_word' id='word_1_71' title='bbox 1305 1063 1513 1119; x_wconf 87' lang='lat' dir='ltr'><strong>viscera</strong></span> <span class='ocrx_word' id='word_1_72' title='bbox 1555 1061 1657 1117; x_wconf 88' lang='lat' dir='ltr'><strong>ceti</strong></span> <span class='ocrx_word' id='word_1_73' title='bbox 1702 1068 1808 1116; x_wconf 89' lang='lat' dir='ltr'><strong>tam</strong></span> <span class='ocrx_word' id='word_1_74' title='bbox 1856 1060 2030 1116; x_wconf 89' lang='lat' dir='ltr'><strong>suffe-</strong></span> 
     </span>
    </p>
   </div>
   <div class='ocr_carea' id='block_1_12' title="bbox 435 1148 2014 1223">
    <p class='ocr_par' dir='ltr' id='par_1_12' title="bbox 435 1148 2014 1223">
     <span class='ocr_line' id='line_1_12' title="bbox 435 1148 2014 1223; baseline 0 -18"><span class='ocrx_word' id='word_1_75' title='bbox 435 1148 652 1217; x_wconf 88' lang='lat' dir='ltr'><strong>cissent,</strong></span> <span class='ocrx_word' id='word_1_76' title='bbox 679 1167 839 1222; x_wconf 90' lang='lat' dir='ltr'><strong>quam</strong></span> <span class='ocrx_word' id='word_1_77' title='bbox 858 1152 907 1190; x_wconf 74' lang='grc'><strong>49</strong></span> <span class='ocrx_word' id='word_1_78' title='bbox 923 1151 1199 1223; x_wconf 89' lang='lat' dir='ltr'><strong>capulum,</strong></span> <span class='ocrx_word' id='word_1_79' title='bbox 1224 1159 1382 1222; x_wconf 85' lang='lat' dir='ltr'><strong>quam</strong></span> <span class='ocrx_word' id='word_1_80' title='bbox 1414 1152 1743 1222; x_wconf 79' lang='lat' dir='ltr'><strong>sepulcrum,</strong></span> <span class='ocrx_word' id='word_1_81' title='bbox 1774 1167 1934 1222; x_wconf 90' lang='lat' dir='ltr'><strong>quam</strong></span> <span class='ocrx_word' id='word_1_82' title='bbox 1954 1166 2014 1205; x_wconf 89' lang='lat' dir='ltr'><strong>se</strong></span> 
     </span>
    </p>
   </div>
   <div class='ocr_carea' id='block_1_13' title="bbox 436 1239 2031 1314">
    <p class='ocr_par' dir='ltr' id='par_1_13' title="bbox 436 1239 2031 1314">
     <span class='ocr_line' id='line_1_13' title="bbox 436 1239 2031 1314; baseline -0.001 -19"><span class='ocrx_word' id='word_1_83' title='bbox 436 1239 585 1295; x_wconf 89' lang='lat' dir='ltr'><strong>nium</strong></span> <span class='ocrx_word' id='word_1_84' title='bbox 618 1242 871 1311; x_wconf 85' lang='lat' dir='ltr'><strong>requietae</strong></span> <span class='ocrx_word' id='word_1_85' title='bbox 898 1250 1060 1314; x_wconf 89' lang='lat' dir='ltr'><strong>atque</strong></span> <span class='ocrx_word' id='word_1_86' title='bbox 1088 1240 1378 1297; x_wconf 70' lang='lat' dir='ltr'><strong>reconditae</strong></span> <span class='ocrx_word' id='word_1_87' title='bbox 1399 1242 1448 1279; x_wconf 82' lang='grc' dir='ltr'><strong>⁵ο</strong></span> <span class='ocrx_word' id='word_1_88' title='bbox 1469 1242 1696 1309; x_wconf 87' lang='lat' dir='ltr'><strong>alicujus</strong></span> <span class='ocrx_word' id='word_1_89' title='bbox 1709 1241 2031 1310; x_wconf 69' lang='lat' dir='ltr'><strong>sepulturae:</strong></span> 
     </span>
    </p>
   </div>
   <div class='ocr_carea' id='block_1_14' title="bbox 435 1323 2040 1398">
    <p class='ocr_par' dir='ltr' id='par_1_14' title="bbox 435 1323 2040 1398">
     <span class='ocr_line' id='line_1_14' title="bbox 435 1323 2040 1398; baseline 0.001 -19"><span class='ocrx_word' id='word_1_90' title='bbox 435 1323 586 1380; x_wconf 89' lang='lat' dir='ltr'><strong>salvo</strong></span> <span class='ocrx_word' id='word_1_91' title='bbox 625 1340 710 1393; x_wconf 92' lang='lat' dir='ltr'><strong>eo,</strong></span> <span class='ocrx_word' id='word_1_92' title='bbox 743 1327 888 1397; x_wconf 91' lang='lat' dir='ltr'><strong>quod</strong></span> <span class='ocrx_word' id='word_1_93' title='bbox 920 1334 973 1383; x_wconf 89' lang='lat' dir='ltr'><strong>et</strong></span> <span class='ocrx_word' id='word_1_94' title='bbox 1025 1326 1245 1394; x_wconf 89' lang='lat' dir='ltr'><strong>bestias,</strong></span> <span class='ocrx_word' id='word_1_95' title='bbox 1278 1325 1422 1381; x_wconf 83' lang='lat' dir='ltr'><strong>feros</strong></span> <span class='ocrx_word' id='word_1_96' title='bbox 1452 1326 1497 1365; x_wconf 81' lang='lat'><strong>51</strong></span> <span class='ocrx_word' id='word_1_97' title='bbox 1540 1327 1654 1398; x_wconf 81' lang='grc'><strong>(47)</strong></span> <span class='ocrx_word' id='word_1_98' title='bbox 1694 1327 1747 1381; x_wconf 91' lang='lat' dir='ltr'><strong>in</strong></span> <span class='ocrx_word' id='word_1_99' title='bbox 1779 1324 2040 1381; x_wconf 89' lang='lat' dir='ltr'><strong>Christia-</strong></span> 
     </span>
    </p>
   </div>
   <div class='ocr_carea' id='block_1_15' title="bbox 435 1412 2038 1487">
    <p class='ocr_par' dir='ltr' id='par_1_15' title="bbox 435 1412 2038 1487">
     <span class='ocr_line' id='line_1_15' title="bbox 435 1412 2038 1487; baseline 0.001 -21"><span class='ocrx_word' id='word_1_100' title='bbox 435 1427 564 1466; x_wconf 91' lang='lat' dir='ltr'><strong>num</strong></span> <span class='ocrx_word' id='word_1_101' title='bbox 593 1412 678 1467; x_wconf 91' lang='lat' dir='ltr'><strong>vel</strong></span> <span class='ocrx_word' id='word_1_102' title='bbox 728 1416 959 1471; x_wconf 83' lang='lat' dir='ltr'><strong>maxime</strong></span> <span class='ocrx_word' id='word_1_103' title='bbox 1003 1430 1202 1471; x_wconf 90' lang='lat' dir='ltr'><strong>nomen</strong></span> <span class='ocrx_word' id='word_1_104' title='bbox 1249 1415 1516 1487; x_wconf 83' lang='lat' dir='ltr'><strong>homines,</strong></span> <span class='ocrx_word' id='word_1_105' title='bbox 1568 1414 1656 1469; x_wconf 90' lang='lat' dir='ltr'><strong>vel</strong></span> <span class='ocrx_word' id='word_1_106' title='bbox 1692 1414 1841 1484; x_wconf 86' lang='lat' dir='ltr'><strong>ipsos</strong></span> <span class='ocrx_word' id='word_1_107' title='bbox 1878 1415 2038 1469; x_wconf 86' lang='lat' dir='ltr'><strong>etiam</strong></span> 
     </span>
    </p>
   </div>
   <div class='ocr_carea' id='block_1_16' title="bbox 436 1502 2039 1580">
    <p class='ocr_par' dir='ltr' id='par_1_16' title="bbox 436 1502 2039 1580">
     <span class='ocr_line' id='line_1_16' title="bbox 436 1502 2039 1580; baseline -0.001 -23"><span class='ocrx_word' id='word_1_108' title='bbox 436 1502 740 1575; x_wconf 86' lang='lat' dir='ltr'><strong>iniquitatis</strong></span> <span class='ocrx_word' id='word_1_109' title='bbox 778 1507 999 1578; x_wconf 85' lang='lat' dir='ltr'><strong>angelos</strong></span> <span class='ocrx_word' id='word_1_110' title='bbox 1030 1506 1299 1580; x_wconf 84' lang='lat' dir='ltr'><strong>ﬁguravit,</strong></span> <span class='ocrx_word' id='word_1_111' title='bbox 1332 1507 1399 1562; x_wconf 93' lang='lat' dir='ltr'><strong>de</strong></span> <span class='ocrx_word' id='word_1_112' title='bbox 1436 1506 1635 1577; x_wconf 89' lang='lat' dir='ltr'><strong>quibus</strong></span> <span class='ocrx_word' id='word_1_113' title='bbox 1663 1506 1884 1578; x_wconf 80' lang='lat' dir='ltr'><strong>sanguis</strong></span> <span class='ocrx_word' id='word_1_114' title='bbox 1928 1503 2039 1559; x_wconf 87' lang='lat' dir='ltr'><strong>exi-</strong></span> 
     </span>
    </p>
   </div>
   <div class='ocr_carea' id='block_1_17' title="bbox 439 1593 2033 1668">
    <p class='ocr_par' dir='ltr' id='par_1_17' title="bbox 439 1593 2033 1668">
     <span class='ocr_line' id='line_1_17' title="bbox 439 1593 2033 1668; baseline -0.001 -19"><span class='ocrx_word' id='word_1_115' title='bbox 439 1602 599 1667; x_wconf 86' lang='lat' dir='ltr'><strong>getur</strong></span> <span class='ocrx_word' id='word_1_116' title='bbox 631 1612 728 1667; x_wconf 91' lang='lat' dir='ltr'><strong>per</strong></span> <span class='ocrx_word' id='word_1_117' title='bbox 756 1597 1015 1653; x_wconf 87' lang='lat' dir='ltr'><strong>ultionem</strong></span> <span class='ocrx_word' id='word_1_118' title='bbox 1064 1598 1415 1668; x_wconf 85' lang='lat' dir='ltr'><strong>pensandam.</strong></span> <span class='ocrx_word' id='word_1_119' title='bbox 1464 1596 1569 1664; x_wconf 90' lang='lat' dir='ltr'><strong>Qui</strong></span> <span class='ocrx_word' id='word_1_120' title='bbox 1616 1611 1748 1667; x_wconf 88' lang='lat' dir='ltr'><strong>ergo</strong></span> <span class='ocrx_word' id='word_1_121' title='bbox 1791 1593 2033 1650; x_wconf 89' lang='lat' dir='ltr'><strong>discendi</strong></span> 
     </span>
    </p>
   </div>
   <div class='ocr_carea' id='block_1_18' title="bbox 436 1683 2031 1758">
    <p class='ocr_par' dir='ltr' id='par_1_18' title="bbox 436 1683 2031 1758">
     <span class='ocr_line' id='line_1_18' title="bbox 436 1683 2031 1758; baseline 0 -21"><span class='ocrx_word' id='word_1_122' title='bbox 436 1683 610 1756; x_wconf 82' lang='lat' dir='ltr'><strong>magis</strong></span> <span class='ocrx_word' id='word_1_123' title='bbox 647 1685 859 1756; x_wconf 86' lang='lat' dir='ltr'><strong>adﬁnis,</strong></span> <span class='ocrx_word' id='word_1_124' title='bbox 901 1704 1059 1758; x_wconf 89' lang='lat' dir='ltr'><strong>quam</strong></span> <span class='ocrx_word' id='word_1_125' title='bbox 1098 1685 1497 1756; x_wconf 71' lang='lat' dir='ltr'><strong>praesumendi;</strong></span> <span class='ocrx_word' id='word_1_126' title='bbox 1531 1694 1583 1740; x_wconf 89' lang='lat' dir='ltr'><strong>et</strong></span> <span class='ocrx_word' id='word_1_127' title='bbox 1612 1684 1866 1741; x_wconf 87' lang='lat' dir='ltr'><strong>credendi</strong></span> <span class='ocrx_word' id='word_1_128' title='bbox 1903 1684 2031 1737; x_wconf 91' lang='lat' dir='ltr'><strong>dili-</strong></span> 
     </span>
    </p>
   </div>
   <div class='ocr_carea' id='block_1_19' title="bbox 440 1774 2036 1845">
    <p class='ocr_par' dir='ltr' id='par_1_19' title="bbox 440 1774 2036 1845">
     <span class='ocr_line' id='line_1_19' title="bbox 440 1774 2036 1845; baseline -0.001 -18"><span class='ocrx_word' id='word_1_129' title='bbox 440 1775 687 1845; x_wconf 80' lang='lat' dir='ltr'><strong>gentior,</strong></span> <span class='ocrx_word' id='word_1_130' title='bbox 747 1791 905 1843; x_wconf 90' lang='lat' dir='ltr'><strong>quam</strong></span> <span class='ocrx_word' id='word_1_131' title='bbox 952 1774 1347 1841; x_wconf 85' lang='lat' dir='ltr'><strong>contendendi;</strong></span> <span class='ocrx_word' id='word_1_132' title='bbox 1386 1782 1439 1829; x_wconf 91' lang='lat' dir='ltr'><strong>et</strong></span> <span class='ocrx_word' id='word_1_133' title='bbox 1484 1774 1677 1830; x_wconf 61' lang='lat' dir='ltr'><strong>divinae</strong></span> <span class='ocrx_word' id='word_1_134' title='bbox 1728 1774 1909 1844; x_wconf 87' lang='lat' dir='ltr'><strong>potius</strong></span> <span class='ocrx_word' id='word_1_135' title='bbox 1950 1788 2036 1826; x_wconf 91' lang='lat' dir='ltr'><strong>sa-</strong></span> 
     </span>
    </p>
   </div>
   <div class='ocr_carea' id='block_1_20' title="bbox 438 1862 2036 1936">
    <p class='ocr_par' dir='ltr' id='par_1_20' title="bbox 438 1862 2036 1936">
     <span class='ocr_line' id='line_1_20' title="bbox 438 1862 2036 1936; baseline 0.001 -21"><span class='ocrx_word' id='word_1_136' title='bbox 438 1862 658 1932; x_wconf 85' lang='lat' dir='ltr'><strong>pientiae</strong></span> <span class='ocrx_word' id='word_1_137' title='bbox 705 1863 1009 1936; x_wconf 85' lang='lat' dir='ltr'><strong>religiosus,</strong></span> <span class='ocrx_word' id='word_1_138' title='bbox 1057 1880 1218 1934; x_wconf 87' lang='lat' dir='ltr'><strong>quam</strong></span> <span class='ocrx_word' id='word_1_139' title='bbox 1261 1880 1373 1919; x_wconf 84' lang='lat' dir='ltr'><strong>suae</strong></span> <span class='ocrx_word' id='word_1_140' title='bbox 1419 1863 1758 1932; x_wconf 90' lang='lat' dir='ltr'><strong>libidinosus,</strong></span> <span class='ocrx_word' id='word_1_141' title='bbox 1812 1864 2036 1919; x_wconf 88' lang='lat' dir='ltr'><strong>audiens</strong></span> 
     </span>
    </p>
   </div>
   <div class='ocr_carea' id='block_1_21' title="bbox 441 1949 2035 2021">
    <p class='ocr_par' dir='ltr' id='par_1_21' title="bbox 441 1949 2035 2021">
     <span class='ocr_line' id='line_1_21' title="bbox 441 1949 2035 2021; baseline 0.002 -18"><span class='ocrx_word' id='word_1_142' title='bbox 441 1949 641 2021; x_wconf 90' lang='lat' dir='ltr'><strong>aliquid</strong></span> <span class='ocrx_word' id='word_1_143' title='bbox 665 1966 696 2004; x_wconf 90' lang='lat' dir='ltr'><strong>a</strong></span> <span class='ocrx_word' id='word_1_144' title='bbox 722 1952 837 2006; x_wconf 92' lang='lat' dir='ltr'><strong>Deo</strong></span> <span class='ocrx_word' id='word_1_145' title='bbox 866 1951 1192 2006; x_wconf 88' lang='lat' dir='ltr'><strong>destinatum</strong></span> <span class='ocrx_word' id='word_1_146' title='bbox 1224 1953 1280 2007; x_wconf 91' lang='lat' dir='ltr'><strong>in</strong></span> <span class='ocrx_word' id='word_1_147' title='bbox 1309 1969 1519 2019; x_wconf 87' lang='lat' dir='ltr'><strong>carnes,</strong></span> <span class='ocrx_word' id='word_1_148' title='bbox 1542 1960 1596 2007; x_wconf 84' lang='lat' dir='ltr'><strong>et</strong></span> <span class='ocrx_word' id='word_1_149' title='bbox 1624 1962 1794 2018; x_wconf 90' lang='lat' dir='ltr'><strong>cutes,</strong></span> <span class='ocrx_word' id='word_1_150' title='bbox 1826 1960 1878 2007; x_wconf 90' lang='lat' dir='ltr'><strong>et</strong></span> <span class='ocrx_word' id='word_1_151' title='bbox 1904 1967 2035 2007; x_wconf 87' lang='lat' dir='ltr'><strong>ner-</strong></span> 
     </span>
    </p>
   </div>
   <div class='ocr_carea' id='block_1_22' title="bbox 440 2039 2038 2113">
    <p class='ocr_par' dir='ltr' id='par_1_22' title="bbox 440 2039 2038 2113">
     <span class='ocr_line' id='line_1_22' title="bbox 440 2039 2038 2113; baseline 0 -20"><span class='ocrx_word' id='word_1_152' title='bbox 440 2052 557 2101; x_wconf 87' lang='lat' dir='ltr'><strong>vos,</strong></span> <span class='ocrx_word' id='word_1_153' title='bbox 592 2046 646 2093; x_wconf 92' lang='lat' dir='ltr'><strong>et</strong></span> <span class='ocrx_word' id='word_1_154' title='bbox 673 2053 815 2108; x_wconf 89' lang='lat' dir='ltr'><strong>ossa,</strong></span> <span class='ocrx_word' id='word_1_155' title='bbox 858 2040 1007 2095; x_wconf 85' lang='lat' dir='ltr'><strong>aliud</strong></span> <span class='ocrx_word' id='word_1_156' title='bbox 1047 2040 1175 2110; x_wconf 91' lang='lat' dir='ltr'><strong>quid</strong></span> <span class='ocrx_word' id='word_1_157' title='bbox 1219 2042 1339 2097; x_wconf 63' lang='lat' dir='ltr'><strong>haec</strong></span> <span class='ocrx_word' id='word_1_158' title='bbox 1378 2043 1841 2108; x_wconf 89' lang='lat' dir='ltr'><strong>commentabitur,</strong></span> <span class='ocrx_word' id='word_1_159' title='bbox 1881 2039 2038 2113; x_wconf 86' lang='lat' dir='ltr'><strong>quasi</strong></span> 
     </span>
    </p>
   </div>
   <div class='ocr_carea' id='block_1_23' title="bbox 441 2126 2037 2203">
    <p class='ocr_par' dir='ltr' id='par_1_23' title="bbox 441 2126 2037 2203">
     <span class='ocr_line' id='line_1_23' title="bbox 441 2126 2037 2203; baseline 0.003 -25"><span class='ocrx_word' id='word_1_160' title='bbox 441 2140 551 2179; x_wconf 92' lang='lat' dir='ltr'><strong>non</strong></span> <span class='ocrx_word' id='word_1_161' title='bbox 581 2126 634 2180; x_wconf 89' lang='lat' dir='ltr'><strong>in</strong></span> <span class='ocrx_word' id='word_1_162' title='bbox 682 2128 951 2184; x_wconf 86' lang='lat' dir='ltr'><strong>hominem</strong></span> <span class='ocrx_word' id='word_1_163' title='bbox 1002 2130 1316 2202; x_wconf 87' lang='lat' dir='ltr'><strong>destinetur,</strong></span> <span class='ocrx_word' id='word_1_164' title='bbox 1350 2132 1495 2203; x_wconf 91' lang='lat' dir='ltr'><strong>quod</strong></span> <span class='ocrx_word' id='word_1_165' title='bbox 1525 2132 1578 2185; x_wconf 90' lang='lat' dir='ltr'><strong>in</strong></span> <span class='ocrx_word' id='word_1_166' title='bbox 1616 2131 1747 2186; x_wconf 88' lang='lat' dir='ltr'><strong>istas</strong></span> <span class='ocrx_word' id='word_1_167' title='bbox 1792 2131 2037 2187; x_wconf 87' lang='lat' dir='ltr'><strong>substan-</strong></span> 
     </span>
    </p>
   </div>
   <div class='ocr_carea' id='block_1_24' title="bbox 440 2213 2040 2287">
    <p class='ocr_par' dir='ltr' id='par_1_24' title="bbox 440 2213 2040 2287">
     <span class='ocr_line' id='line_1_24' title="bbox 440 2213 2040 2287; baseline 0.004 -20"><span class='ocrx_word' id='word_1_168' title='bbox 440 2213 541 2268; x_wconf 85' lang='lat' dir='ltr'><strong>tias</strong></span> <span class='ocrx_word' id='word_1_169' title='bbox 585 2216 953 2287; x_wconf 69' lang='lat' dir='ltr'><strong>przedicatur‘?</strong></span> <span class='ocrx_word' id='word_1_170' title='bbox 985 2220 1093 2274; x_wconf 87' lang='lat' dir='ltr'><strong>Aut</strong></span> <span class='ocrx_word' id='word_1_171' title='bbox 1129 2219 1271 2275; x_wconf 89' lang='lat' dir='ltr'><strong>enim</strong></span> <span class='ocrx_word' id='word_1_172' title='bbox 1303 2221 1433 2274; x_wconf 89' lang='lat' dir='ltr'><strong>nihil</strong></span> <span class='ocrx_word' id='word_1_173' title='bbox 1476 2220 1531 2274; x_wconf 90' lang='lat' dir='ltr'><strong>in</strong></span> <span class='ocrx_word' id='word_1_174' title='bbox 1560 2220 1832 2276; x_wconf 87' lang='lat' dir='ltr'><strong>hominem</strong></span> <span class='ocrx_word' id='word_1_175' title='bbox 1877 2220 2040 2275; x_wconf 89' lang='lat' dir='ltr'><strong>desti-</strong></span> 
     </span>
    </p>
   </div>
   <div class='ocr_carea' id='block_1_25' title="bbox 441 2305 2037 2379">
    <p class='ocr_par' dir='ltr' id='par_1_25' title="bbox 441 2305 2037 2379">
     <span class='ocr_line' id='line_1_25' title="bbox 441 2305 2037 2379; baseline 0.003 -23"><span class='ocrx_word' id='word_1_176' title='bbox 441 2311 621 2372; x_wconf 86' lang='lat' dir='ltr'><strong>natur,</strong></span> <span class='ocrx_word' id='word_1_177' title='bbox 656 2319 764 2359; x_wconf 89' lang='lat' dir='ltr'><strong>non</strong></span> <span class='ocrx_word' id='word_1_178' title='bbox 812 2305 1097 2361; x_wconf 84' lang='lat' dir='ltr'><strong>liberalitas</strong></span> <span class='ocrx_word' id='word_1_179' title='bbox 1139 2308 1313 2379; x_wconf 81' lang='lat' dir='ltr'><strong>regni,</strong></span> <span class='ocrx_word' id='word_1_180' title='bbox 1370 2323 1477 2363; x_wconf 89' lang='lat' dir='ltr'><strong>non</strong></span> <span class='ocrx_word' id='word_1_181' title='bbox 1526 2308 1782 2363; x_wconf 87' lang='lat' dir='ltr'><strong>severitas</strong></span> <span class='ocrx_word' id='word_1_182' title='bbox 1822 2307 2037 2377; x_wconf 88' lang='lat' dir='ltr'><strong>judicii,</strong></span> 
     </span>
    </p>
   </div>
   <div class='ocr_carea' id='block_1_26' title="bbox 444 2396 2040 2466">
    <p class='ocr_par' dir='ltr' id='par_1_26' title="bbox 444 2396 2040 2466">
     <span class='ocr_line' id='line_1_26' title="bbox 444 2396 2040 2466; baseline 0.003 -20"><span class='ocrx_word' id='word_1_183' title='bbox 444 2406 553 2447; x_wconf 90' lang='lat' dir='ltr'><strong>non</strong></span> <span class='ocrx_word' id='word_1_184' title='bbox 603 2396 981 2466; x_wconf 88' lang='lat' dir='ltr'><strong>quodcumque</strong></span> <span class='ocrx_word' id='word_1_185' title='bbox 1020 2406 1101 2452; x_wconf 88' lang='lat' dir='ltr'><strong>est</strong></span> <span class='ocrx_word' id='word_1_186' title='bbox 1140 2397 1459 2451; x_wconf 89' lang='lat' dir='ltr'><strong>resurrectio</strong></span> <span class='ocrx_word' id='word_1_187' title='bbox 1490 2406 1579 2452; x_wconf 88' lang='lat' dir='ltr'><strong>aut</strong></span> <span class='ocrx_word' id='word_1_188' title='bbox 1608 2397 1654 2450; x_wconf 94' lang='lat' dir='ltr'><strong>si</strong></span> <span class='ocrx_word' id='word_1_189' title='bbox 1684 2396 1735 2450; x_wconf 93' lang='lat' dir='ltr'><strong>in</strong></span> <span class='ocrx_word' id='word_1_190' title='bbox 1767 2396 2040 2452; x_wconf 90' lang='lat' dir='ltr'><strong>hominem</strong></span> 
     </span>
    </p>
   </div>
   <div class='ocr_carea' id='block_1_27' title="bbox 445 2481 2039 2552">
    <p class='ocr_par' dir='ltr' id='par_1_27' title="bbox 445 2481 2039 2552">
     <span class='ocr_line' id='line_1_27' title="bbox 445 2481 2039 2552; baseline 0.003 -17"><span class='ocrx_word' id='word_1_191' title='bbox 445 2481 763 2552; x_wconf 86' lang='lat' dir='ltr'><strong>destinatur,</strong></span> <span class='ocrx_word' id='word_1_192' title='bbox 815 2500 1033 2538; x_wconf 84' lang='lat' dir='ltr'><strong>necesse</strong></span> <span class='ocrx_word' id='word_1_193' title='bbox 1081 2495 1165 2539; x_wconf 89' lang='lat' dir='ltr'><strong>est</strong></span> <span class='ocrx_word' id='word_1_194' title='bbox 1213 2487 1266 2540; x_wconf 91' lang='lat' dir='ltr'><strong>in</strong></span> <span class='ocrx_word' id='word_1_195' title='bbox 1297 2501 1386 2540; x_wconf 89' lang='lat' dir='ltr'><strong>eas</strong></span> <span class='ocrx_word' id='word_1_196' title='bbox 1436 2486 1761 2542; x_wconf 89' lang='lat' dir='ltr'><strong>substantias</strong></span> <span class='ocrx_word' id='word_1_197' title='bbox 1802 2486 2039 2539; x_wconf 79' lang='lat' dir='ltr'><strong>destine-</strong></span> 
     </span>
    </p>
   </div>
   <div class='ocr_carea' id='block_1_28' title="bbox 448 2570 2045 2646">
    <p class='ocr_par' dir='ltr' id='par_1_28' title="bbox 448 2570 2045 2646">
     <span class='ocr_line' id='line_1_28' title="bbox 448 2570 2045 2646; baseline 0.003 -22"><span class='ocrx_word' id='word_1_198' title='bbox 448 2578 555 2638; x_wconf 89' lang='lat' dir='ltr'><strong>tur,</strong></span> <span class='ocrx_word' id='word_1_199' title='bbox 586 2587 650 2625; x_wconf 89' lang='lat' dir='ltr'><strong>ex</strong></span> <span class='ocrx_word' id='word_1_200' title='bbox 680 2570 873 2642; x_wconf 89' lang='lat' dir='ltr'><strong>quibus</strong></span> <span class='ocrx_word' id='word_1_201' title='bbox 904 2573 1064 2628; x_wconf 92' lang='lat' dir='ltr'><strong>homo</strong></span> <span class='ocrx_word' id='word_1_202' title='bbox 1094 2576 1462 2639; x_wconf 76' lang='lat' dir='ltr'><strong>structusest,</strong></span> <span class='ocrx_word' id='word_1_203' title='bbox 1497 2574 1549 2627; x_wconf 92' lang='lat' dir='ltr'><strong>in</strong></span> <span class='ocrx_word' id='word_1_204' title='bbox 1598 2590 1752 2646; x_wconf 83' lang='lat' dir='ltr'><strong>quem</strong></span> <span class='ocrx_word' id='word_1_205' title='bbox 1801 2574 2045 2628; x_wconf 88' lang='lat' dir='ltr'><strong>destina-</strong></span> 
     </span>
    </p>
   </div>
   <div class='ocr_carea' id='block_1_29' title="bbox 446 2660 2043 2733">
    <p class='ocr_par' dir='ltr' id='par_1_29' title="bbox 446 2660 2043 2733">
     <span class='ocr_line' id='line_1_29' title="bbox 446 2660 2043 2733; baseline 0.001 -18"><span class='ocrx_word' id='word_1_206' title='bbox 446 2670 550 2715; x_wconf 88' lang='lat' dir='ltr'><strong>tur.</strong></span> <span class='ocrx_word' id='word_1_207' title='bbox 585 2660 723 2715; x_wconf 92' lang='lat' dir='ltr'><strong>Illud</strong></span> <span class='ocrx_word' id='word_1_208' title='bbox 760 2661 916 2715; x_wconf 88' lang='lat' dir='ltr'><strong>etiam</strong></span> <span class='ocrx_word' id='word_1_209' title='bbox 947 2663 1014 2715; x_wconf 90' lang='lat' dir='ltr'><strong>de</strong></span> <span class='ocrx_word' id='word_1_210' title='bbox 1055 2661 1412 2733; x_wconf 85' lang='lat' dir='ltr'><strong>argutissimis</strong></span> <span class='ocrx_word' id='word_1_211' title='bbox 1459 2662 1576 2717; x_wconf 87' lang='lat' dir='ltr'><strong>istis</strong></span> <span class='ocrx_word' id='word_1_212' title='bbox 1622 2663 2043 2717; x_wconf 78' lang='lat' dir='ltr'><strong>demutatoribus</strong></span> 
     </span>
    </p>
   </div>
   <div class='ocr_carea' id='block_1_30' title="bbox 448 2749 2043 2821">
    <p class='ocr_par' dir='ltr' id='par_1_30' title="bbox 448 2749 2043 2821">
     <span class='ocr_line' id='line_1_30' title="bbox 448 2749 2043 2821; baseline 0.001 -18"><span class='ocrx_word' id='word_1_213' title='bbox 448 2749 674 2817; x_wconf 89' lang='lat' dir='ltr'><strong>ossium,</strong></span> <span class='ocrx_word' id='word_1_214' title='bbox 718 2758 770 2803; x_wconf 90' lang='lat' dir='ltr'><strong>et</strong></span> <span class='ocrx_word' id='word_1_215' title='bbox 815 2750 1092 2815; x_wconf 84' lang='lat' dir='ltr'><strong>carnium;</strong></span> <span class='ocrx_word' id='word_1_216' title='bbox 1125 2760 1177 2805; x_wconf 88' lang='lat' dir='ltr'><strong>et</strong></span> <span class='ocrx_word' id='word_1_217' title='bbox 1219 2766 1534 2819; x_wconf 87' lang='lat' dir='ltr'><strong>nervorum,</strong></span> <span class='ocrx_word' id='word_1_218' title='bbox 1583 2760 1634 2807; x_wconf 89' lang='lat' dir='ltr'><strong>et</strong></span> <span class='ocrx_word' id='word_1_219' title='bbox 1676 2752 2043 2821; x_wconf 89' lang='lat' dir='ltr'><strong>sepulcrorum</strong></span> 
     </span>
    </p>
   </div>
   <div class='ocr_carea' id='block_1_31' title="bbox 449 2837 2042 2911">
    <p class='ocr_par' dir='ltr' id='par_1_31' title="bbox 449 2837 2042 2911">
     <span class='ocr_line' id='line_1_31' title="bbox 449 2837 2042 2911; baseline 0.002 -19"><span class='ocrx_word' id='word_1_220' title='bbox 449 2837 668 2908; x_wconf 88' lang='lat' dir='ltr'><strong>requiro</strong></span> <span class='ocrx_word' id='word_1_221' title='bbox 716 2854 811 2893; x_wconf 91' lang='lat' dir='ltr'><strong>cur</strong></span> <span class='ocrx_word' id='word_1_222' title='bbox 855 2839 899 2891; x_wconf 90' lang='lat' dir='ltr'><strong>si</strong></span> <span class='ocrx_word' id='word_1_223' title='bbox 948 2840 1167 2909; x_wconf 85' lang='lat' dir='ltr'><strong>quando</strong></span> <span class='ocrx_word' id='word_1_224' title='bbox 1216 2840 1269 2893; x_wconf 90' lang='lat' dir='ltr'><strong>in</strong></span> <span class='ocrx_word' id='word_1_225' title='bbox 1300 2840 1530 2894; x_wconf 91' lang='lat' dir='ltr'><strong>animam</strong></span> <span class='ocrx_word' id='word_1_226' title='bbox 1560 2840 1687 2909; x_wconf 89' lang='lat' dir='ltr'><strong>quid</strong></span> <span class='ocrx_word' id='word_1_227' title='bbox 1722 2840 2042 2911; x_wconf 88' lang='lat' dir='ltr'><strong>pronuntia-</strong></span> 
     </span>
    </p>
   </div>
   <div class='ocr_carea' id='block_1_32' title="bbox 448 2926 2046 3000">
    <p class='ocr_par' dir='ltr' id='par_1_32' title="bbox 448 2926 2046 3000">
     <span class='ocr_line' id='line_1_32' title="bbox 448 2926 2046 3000; baseline 0.003 -21"><span class='ocrx_word' id='word_1_228' title='bbox 448 2934 536 2980; x_wconf 88' lang='lat' dir='ltr'><strong>tur</strong></span> <span class='ocrx_word' id='word_1_229' title='bbox 583 2926 715 2996; x_wconf 72' lang='grc'><strong>(68),</strong></span> <span class='ocrx_word' id='word_1_230' title='bbox 763 2927 890 2980; x_wconf 90' lang='lat' dir='ltr'><strong>nihil</strong></span> <span class='ocrx_word' id='word_1_231' title='bbox 945 2928 1091 2982; x_wconf 87' lang='lat' dir='ltr'><strong>aliud</strong></span> <span class='ocrx_word' id='word_1_232' title='bbox 1147 2928 1376 2982; x_wconf 87' lang='lat' dir='ltr'><strong>animam</strong></span> <span class='ocrx_word' id='word_1_233' title='bbox 1430 2928 1886 3000; x_wconf 87' lang='lat' dir='ltr'><strong>interpretantur,</strong></span> <span class='ocrx_word' id='word_1_234' title='bbox 1947 2944 2046 2984; x_wconf 90' lang='lat' dir='ltr'><strong>nec</strong></span> 
     </span>
    </p>
   </div>
   <div class='ocr_carea' id='block_1_33' title="bbox 2136 514 3741 591">
    <p class='ocr_par' dir='ltr' id='par_1_33' title="bbox 2136 514 3741 591">
     <span class='ocr_line' id='line_1_33' title="bbox 2136 514 3741 591; baseline -0.004 -14"><span class='ocrx_word' id='word_1_235' title='bbox 2136 520 2314 577; x_wconf 87' lang='lat' dir='ltr'><strong>eidem</strong></span> <span class='ocrx_word' id='word_1_236' title='bbox 2369 520 2576 576; x_wconf 82' lang='lat' dir='ltr'><strong>astutiae</strong></span> <span class='ocrx_word' id='word_1_237' title='bbox 2632 536 2843 585; x_wconf 90' lang='lat' dir='ltr'><strong>eorum,</strong></span> <span class='ocrx_word' id='word_1_238' title='bbox 2901 521 2992 591; x_wconf 92' lang='lat' dir='ltr'><strong>qui</strong></span> <span class='ocrx_word' id='word_1_239' title='bbox 3053 518 3280 591; x_wconf 87' lang='lat' dir='ltr'><strong>proinde</strong></span> <span class='ocrx_word' id='word_1_240' title='bbox 3334 525 3388 572; x_wconf 91' lang='lat' dir='ltr'><strong>et</strong></span> <span class='ocrx_word' id='word_1_241' title='bbox 3442 514 3741 573; x_wconf 88' lang='lat' dir='ltr'><strong>Dominum</strong></span> 
     </span>
    </p>
   </div>
   <div class='ocr_carea' id='block_1_34' title="bbox 2137 603 3743 681">
    <p class='ocr_par' dir='ltr' id='par_1_34' title="bbox 2137 603 3743 681">
     <span class='ocr_line' id='line_1_34' title="bbox 2137 603 3743 681; baseline -0.004 -16"><span class='ocrx_word' id='word_1_242' title='bbox 2137 610 2317 665; x_wconf 84' lang='lat' dir='ltr'><strong>omnia</strong></span> <span class='ocrx_word' id='word_1_243' title='bbox 2362 611 2419 665; x_wconf 90' lang='lat' dir='ltr'><strong>in</strong></span> <span class='ocrx_word' id='word_1_244' title='bbox 2468 610 2737 681; x_wconf 89' lang='lat' dir='ltr'><strong>parabolis</strong></span> <span class='ocrx_word' id='word_1_245' title='bbox 2784 609 3162 680; x_wconf 89' lang='lat' dir='ltr'><strong>pronuntiasse</strong></span> <span class='ocrx_word' id='word_1_246' title='bbox 3205 606 3558 675; x_wconf 88' lang='lat' dir='ltr'><strong>contendunt,</strong></span> <span class='ocrx_word' id='word_1_247' title='bbox 3607 603 3743 676; x_wconf 86' lang='lat' dir='ltr'><strong>quia</strong></span> 
     </span>
    </p>
   </div>
   <div class='ocr_carea' id='block_1_35' title="bbox 2136 697 3745 771">
    <p class='ocr_par' dir='ltr' id='par_1_35' title="bbox 2136 697 3745 771">
     <span class='ocr_line' id='line_1_35' title="bbox 2136 697 3745 771; baseline -0.004 -18"><span class='ocrx_word' id='word_1_248' title='bbox 2136 701 2394 771; x_wconf 88' lang='lat' dir='ltr'><strong>scriptum</strong></span> <span class='ocrx_word' id='word_1_249' title='bbox 2424 707 2540 755; x_wconf 91' lang='lat' dir='ltr'><strong>est:</strong></span> <span class='ocrx_word' id='word_1_250' title='bbox 2599 702 2726 757; x_wconf 77' lang='lat' dir='ltr'><strong>Haec</strong></span> <span class='ocrx_word' id='word_1_251' title='bbox 2775 700 2969 756; x_wconf 87' lang='lat' dir='ltr'><strong>omnia</strong></span> <span class='ocrx_word' id='word_1_252' title='bbox 2998 698 3215 755; x_wconf 87' lang='lat' dir='ltr'><strong>locutus</strong></span> <span class='ocrx_word' id='word_1_253' title='bbox 3244 701 3329 755; x_wconf 85' lang='lat' dir='ltr'><strong>est</strong></span> <span class='ocrx_word' id='word_1_254' title='bbox 3366 698 3519 753; x_wconf 88' lang='lat' dir='ltr'><strong>Jesus</strong></span> <span class='ocrx_word' id='word_1_255' title='bbox 3550 697 3613 750; x_wconf 84' lang='lat' dir='ltr'><strong>in</strong></span> <span class='ocrx_word' id='word_1_256' title='bbox 3634 709 3745 765; x_wconf 86' lang='lat' dir='ltr'><strong>pa-</strong></span> 
     </span>
    </p>
   </div>
   <div class='ocr_carea' id='block_1_36' title="bbox 2138 782 3740 861">
    <p class='ocr_par' dir='ltr' id='par_1_36' title="bbox 2138 782 3740 861">
     <span class='ocr_line' id='line_1_36' title="bbox 2138 782 3740 861; baseline -0.006 -16"><span class='ocrx_word' id='word_1_257' title='bbox 2138 789 2365 855; x_wconf 84' lang='lat' dir='ltr'><strong>rabolis,</strong></span> <span class='ocrx_word' id='word_1_258' title='bbox 2399 794 2453 847; x_wconf 89' lang='lat' dir='ltr'><strong>et</strong></span> <span class='ocrx_word' id='word_1_259' title='bbox 2496 791 2619 846; x_wconf 87' lang='lat' dir='ltr'><strong>sine</strong></span> <span class='ocrx_word' id='word_1_260' title='bbox 2658 787 2930 861; x_wconf 84' lang='lat' dir='ltr'><strong>parabola</strong></span> <span class='ocrx_word' id='word_1_261' title='bbox 2971 802 3086 844; x_wconf 85' lang='lat' dir='ltr'><strong>non</strong></span> <span class='ocrx_word' id='word_1_262' title='bbox 3125 785 3455 858; x_wconf 84' lang='lat' dir='ltr'><strong>loquebatur</strong></span> <span class='ocrx_word' id='word_1_263' title='bbox 3480 782 3551 840; x_wconf 86' lang='lat' dir='ltr'><strong>ad</strong></span> <span class='ocrx_word' id='word_1_264' title='bbox 3580 783 3740 845; x_wconf 85' lang='lat' dir='ltr'><strong>illos,</strong></span> 
     </span>
    </p>
   </div>
   <div class='ocr_carea' id='block_1_37' title="bbox 2138 870 3741 945">
    <p class='ocr_par' dir='ltr' id='par_1_37' title="bbox 2138 870 3741 945">
     <span class='ocr_line' id='line_1_37' title="bbox 2138 870 3741 945; baseline -0.006 -12"><span class='ocrx_word' id='word_1_265' title='bbox 2138 878 2343 934; x_wconf 87' lang='lat' dir='ltr'><strong>scilicet</strong></span> <span class='ocrx_word' id='word_1_266' title='bbox 2380 878 2428 915; x_wconf 82' lang='lat'><strong>53</strong></span> <span class='ocrx_word' id='word_1_267' title='bbox 2462 878 2697 933; x_wconf 74' lang='lat' dir='ltr'><strong>Iudaeos.</strong></span> <span class='ocrx_word' id='word_1_268' title='bbox 2747 877 2884 933; x_wconf 87' lang='lat' dir='ltr'><strong>Nam</strong></span> <span class='ocrx_word' id='word_1_269' title='bbox 2915 886 2970 932; x_wconf 91' lang='lat' dir='ltr'><strong>et</strong></span> <span class='ocrx_word' id='word_1_270' title='bbox 3006 874 3291 945; x_wconf 87' lang='lat' dir='ltr'><strong>discipuli:</strong></span> <span class='ocrx_word' id='word_1_271' title='bbox 3332 876 3532 943; x_wconf 85' lang='lat' dir='ltr'><strong>Quare,</strong></span> <span class='ocrx_word' id='word_1_272' title='bbox 3566 870 3741 937; x_wconf 88' lang='lat' dir='ltr'><strong>aiunt,</strong></span> 
     </span>
    </p>
   </div>
   <div class='ocr_carea' id='block_1_38' title="bbox 2139 962 3743 1042">
    <p class='ocr_par' dir='ltr' id='par_1_38' title="bbox 2139 962 3743 1042">
     <span class='ocr_line' id='line_1_38' title="bbox 2139 962 3743 1042; baseline -0.006 -19"><span class='ocrx_word' id='word_1_273' title='bbox 2139 970 2204 1025; x_wconf 86' lang='lat' dir='ltr'><strong>in</strong></span> <span class='ocrx_word' id='word_1_274' title='bbox 2246 969 2529 1042; x_wconf 82' lang='lat' dir='ltr'><strong>parabolis</strong></span> <span class='ocrx_word' id='word_1_275' title='bbox 2579 966 2869 1041; x_wconf 78' lang='lat' dir='ltr'><strong>loqueris?</strong></span> <span class='ocrx_word' id='word_1_276' title='bbox 2914 975 2968 1022; x_wconf 91' lang='lat' dir='ltr'><strong>et</strong></span> <span class='ocrx_word' id='word_1_277' title='bbox 3000 964 3298 1021; x_wconf 88' lang='lat' dir='ltr'><strong>Dominus:</strong></span> <span class='ocrx_word' id='word_1_278' title='bbox 3339 966 3644 1035; x_wconf 82' lang='lat' dir='ltr'><strong>Propterea</strong></span> <span class='ocrx_word' id='word_1_279' title='bbox 3674 962 3743 1014; x_wconf 87' lang='lat' dir='ltr'><strong>in</strong></span> 
     </span>
    </p>
   </div>
   <div class='ocr_carea' id='block_1_39' title="bbox 2136 1053 3740 1132">
    <p class='ocr_par' dir='ltr' id='par_1_39' title="bbox 2136 1053 3740 1132">
     <span class='ocr_line' id='line_1_39' title="bbox 2136 1053 3740 1132; baseline -0.007 -17"><span class='ocrx_word' id='word_1_280' title='bbox 2136 1060 2418 1132; x_wconf 77' lang='lat' dir='ltr'><strong>parabolis</strong></span> <span class='ocrx_word' id='word_1_281' title='bbox 2441 1059 2633 1129; x_wconf 87' lang='lat' dir='ltr'><strong>loquor</strong></span> <span class='ocrx_word' id='word_1_282' title='bbox 2659 1057 2729 1112; x_wconf 91' lang='lat' dir='ltr'><strong>ad</strong></span> <span class='ocrx_word' id='word_1_283' title='bbox 2758 1073 2869 1124; x_wconf 90' lang='lat' dir='ltr'><strong>eos,</strong></span> <span class='ocrx_word' id='word_1_284' title='bbox 2899 1060 2964 1113; x_wconf 89' lang='lat' dir='ltr'><strong>ut</strong></span> <span class='ocrx_word' id='word_1_285' title='bbox 2996 1056 3245 1112; x_wconf 78' lang='lat' dir='ltr'><strong>videntes</strong></span> <span class='ocrx_word' id='word_1_286' title='bbox 3268 1070 3383 1111; x_wconf 87' lang='lat' dir='ltr'><strong>non</strong></span> <span class='ocrx_word' id='word_1_287' title='bbox 3411 1053 3657 1113; x_wconf 77' lang='lat' dir='ltr'><strong>videant,</strong></span> <span class='ocrx_word' id='word_1_288' title='bbox 3684 1053 3740 1105; x_wconf 83' lang='lat' dir='ltr'><strong>et</strong></span> 
     </span>
    </p>
   </div>
   <div class='ocr_carea' id='block_1_40' title="bbox 2142 1137 3743 1213">
    <p class='ocr_par' dir='ltr' id='par_1_40' title="bbox 2142 1137 3743 1213">
     <span class='ocr_line' id='line_1_40' title="bbox 2142 1137 3743 1213; baseline -0.009 -8"><span class='ocrx_word' id='word_1_289' title='bbox 2142 1149 2437 1205; x_wconf 78' lang='lat' dir='ltr'><strong>audientes</strong></span> <span class='ocrx_word' id='word_1_290' title='bbox 2469 1164 2583 1203; x_wconf 84' lang='lat' dir='ltr'><strong>non</strong></span> <span class='ocrx_word' id='word_1_291' title='bbox 2618 1146 2876 1213; x_wconf 82' lang='lat' dir='ltr'><strong>audiant,</strong></span> <span class='ocrx_word' id='word_1_292' title='bbox 2918 1145 3217 1201; x_wconf 89' lang='lat' dir='ltr'><strong>secundum</strong></span> <span class='ocrx_word' id='word_1_293' title='bbox 3246 1143 3457 1199; x_wconf 88' lang='lat' dir='ltr'><strong>Isaiam.</strong></span> <span class='ocrx_word' id='word_1_294' title='bbox 3508 1140 3667 1209; x_wconf 91' lang='lat' dir='ltr'><strong>Quod</strong></span> <span class='ocrx_word' id='word_1_295' title='bbox 3697 1137 3743 1191; x_wconf 89' lang='lat' dir='ltr'><strong>si</strong></span> 
     </span>
    </p>
   </div>
   <div class='ocr_carea' id='block_1_41' title="bbox 2141 1226 3742 1307">
    <p class='ocr_par' dir='ltr' id='par_1_41' title="bbox 2141 1226 3742 1307">
     <span class='ocr_line' id='line_1_41' title="bbox 2141 1226 3742 1307; baseline -0.008 -14"><span class='ocrx_word' id='word_1_296' title='bbox 2141 1239 2209 1293; x_wconf 92' lang='lat' dir='ltr'><strong>ad</strong></span> <span class='ocrx_word' id='word_1_297' title='bbox 2261 1237 2475 1292; x_wconf 86' lang='lat' dir='ltr'><strong>Judaeos</strong></span> <span class='ocrx_word' id='word_1_298' title='bbox 2519 1237 2571 1290; x_wconf 91' lang='lat' dir='ltr'><strong>in</strong></span> <span class='ocrx_word' id='word_1_299' title='bbox 2630 1234 2921 1307; x_wconf 84' lang='lat' dir='ltr'><strong>parabolis,</strong></span> <span class='ocrx_word' id='word_1_300' title='bbox 2968 1235 3082 1304; x_wconf 91' lang='lat' dir='ltr'><strong>jam</strong></span> <span class='ocrx_word' id='word_1_301' title='bbox 3128 1249 3237 1290; x_wconf 88' lang='lat' dir='ltr'><strong>non</strong></span> <span class='ocrx_word' id='word_1_302' title='bbox 3283 1232 3352 1287; x_wconf 90' lang='lat' dir='ltr'><strong>ad</strong></span> <span class='ocrx_word' id='word_1_303' title='bbox 3421 1248 3642 1295; x_wconf 87' lang='lat' dir='ltr'><strong>omnes;</strong></span> <span class='ocrx_word' id='word_1_304' title='bbox 3692 1226 3742 1281; x_wconf 84' lang='lat' dir='ltr'><strong>si</strong></span> 
     </span>
    </p>
   </div>
   <div class='ocr_carea' id='block_1_42' title="bbox 2143 1322 3744 1396">
    <p class='ocr_par' dir='ltr' id='par_1_42' title="bbox 2143 1322 3744 1396">
     <span class='ocr_line' id='line_1_42' title="bbox 2143 1322 3744 1396; baseline -0.006 -15"><span class='ocrx_word' id='word_1_305' title='bbox 2143 1341 2252 1381; x_wconf 91' lang='lat' dir='ltr'><strong>non</strong></span> <span class='ocrx_word' id='word_1_306' title='bbox 2283 1328 2348 1381; x_wconf 87' lang='lat' dir='ltr'><strong>ad</strong></span> <span class='ocrx_word' id='word_1_307' title='bbox 2379 1340 2567 1383; x_wconf 91' lang='lat' dir='ltr'><strong>omnes</strong></span> <span class='ocrx_word' id='word_1_308' title='bbox 2596 1325 2652 1380; x_wconf 92' lang='lat' dir='ltr'><strong>in</strong></span> <span class='ocrx_word' id='word_1_309' title='bbox 2682 1322 2947 1396; x_wconf 91' lang='lat' dir='ltr'><strong>parabolis</strong></span> <span class='ocrx_word' id='word_1_310' title='bbox 2974 1322 3041 1389; x_wconf 68' lang='lat'><strong>5&quot;,</strong></span> <span class='ocrx_word' id='word_1_311' title='bbox 3070 1323 3184 1393; x_wconf 85' lang='lat' dir='ltr'><strong>jam</strong></span> <span class='ocrx_word' id='word_1_312' title='bbox 3222 1337 3330 1378; x_wconf 91' lang='lat' dir='ltr'><strong>non</strong></span> <span class='ocrx_word' id='word_1_313' title='bbox 3360 1336 3599 1393; x_wconf 86' lang='lat' dir='ltr'><strong>semper,</strong></span> <span class='ocrx_word' id='word_1_314' title='bbox 3639 1334 3744 1373; x_wconf 86' lang='lat' dir='ltr'><strong>nec</strong></span> 
     </span>
    </p>
   </div>
   <div class='ocr_carea' id='block_1_43' title="bbox 2144 1407 3743 1487">
    <p class='ocr_par' dir='ltr' id='par_1_43' title="bbox 2144 1407 3743 1487">
     <span class='ocr_line' id='line_1_43' title="bbox 2144 1407 3743 1487; baseline -0.006 -16"><span class='ocrx_word' id='word_1_315' title='bbox 2144 1415 2327 1471; x_wconf 87' lang='lat' dir='ltr'><strong>omnia</strong></span> <span class='ocrx_word' id='word_1_316' title='bbox 2356 1415 2647 1487; x_wconf 69' lang='lat' dir='ltr'><strong>parabolae;</strong></span> <span class='ocrx_word' id='word_1_317' title='bbox 2679 1413 2774 1470; x_wconf 90' lang='lat' dir='ltr'><strong>sed</strong></span> <span class='ocrx_word' id='word_1_318' title='bbox 2804 1413 3072 1484; x_wconf 70' lang='lat' dir='ltr'><strong>quaedam,</strong></span> <span class='ocrx_word' id='word_1_319' title='bbox 3097 1428 3221 1468; x_wconf 90' lang='lat' dir='ltr'><strong>cum</strong></span> <span class='ocrx_word' id='word_1_320' title='bbox 3241 1411 3306 1466; x_wconf 89' lang='lat' dir='ltr'><strong>ad</strong></span> <span class='ocrx_word' id='word_1_321' title='bbox 3336 1410 3641 1483; x_wconf 85' lang='lat' dir='ltr'><strong>quosdam;</strong></span> <span class='ocrx_word' id='word_1_322' title='bbox 3672 1407 3743 1463; x_wconf 88' lang='lat' dir='ltr'><strong>ad</strong></span> 
     </span>
    </p>
   </div>
   <div class='ocr_carea' id='block_1_44' title="bbox 2145 1497 3742 1573">
    <p class='ocr_par' dir='ltr' id='par_1_44' title="bbox 2145 1497 3742 1573">
     <span class='ocr_line' id='line_1_44' title="bbox 2145 1497 3742 1573; baseline -0.004 -15"><span class='ocrx_word' id='word_1_323' title='bbox 2145 1504 2405 1573; x_wconf 89' lang='lat' dir='ltr'><strong>quosdam</strong></span> <span class='ocrx_word' id='word_1_324' title='bbox 2434 1510 2633 1567; x_wconf 87' lang='lat' dir='ltr'><strong>autem,</strong></span> <span class='ocrx_word' id='word_1_325' title='bbox 2666 1501 2793 1555; x_wconf 91' lang='lat' dir='ltr'><strong>dum</strong></span> <span class='ocrx_word' id='word_1_326' title='bbox 2824 1500 2891 1554; x_wconf 90' lang='lat' dir='ltr'><strong>ad</strong></span> <span class='ocrx_word' id='word_1_327' title='bbox 2905 1500 3141 1572; x_wconf 83' lang='lat' dir='ltr'><strong>Judaeos,</strong></span> <span class='ocrx_word' id='word_1_328' title='bbox 3174 1515 3558 1572; x_wconf 89' lang='lat' dir='ltr'><strong>nonnunquam</strong></span> <span class='ocrx_word' id='word_1_329' title='bbox 3578 1497 3742 1568; x_wconf 85' lang='lat' dir='ltr'><strong>plane</strong></span> 
     </span>
    </p>
   </div>
   <div class='ocr_carea' id='block_1_45' title="bbox 2147 1589 3738 1662">
    <p class='ocr_par' dir='ltr' id='par_1_45' title="bbox 2147 1589 3738 1662">
     <span class='ocr_line' id='line_1_45' title="bbox 2147 1589 3738 1662; baseline -0.003 -16"><span class='ocrx_word' id='word_1_330' title='bbox 2147 1599 2201 1646; x_wconf 90' lang='lat' dir='ltr'><strong>et</strong></span> <span class='ocrx_word' id='word_1_331' title='bbox 2238 1592 2303 1645; x_wconf 91' lang='lat' dir='ltr'><strong>ad</strong></span> <span class='ocrx_word' id='word_1_332' title='bbox 2349 1591 2663 1660; x_wconf 90' lang='lat' dir='ltr'><strong>discipulos.</strong></span> <span class='ocrx_word' id='word_1_333' title='bbox 2716 1590 2835 1645; x_wconf 91' lang='lat' dir='ltr'><strong>Sed.</strong></span> <span class='ocrx_word' id='word_1_334' title='bbox 2871 1590 3145 1662; x_wconf 89' lang='lat' dir='ltr'><strong>quomodo</strong></span> <span class='ocrx_word' id='word_1_335' title='bbox 3193 1589 3394 1646; x_wconf 88' lang='lat' dir='ltr'><strong>referat</strong></span> <span class='ocrx_word' id='word_1_336' title='bbox 3439 1589 3738 1659; x_wconf 84' lang='lat' dir='ltr'><strong>Scriptura,</strong></span> 
     </span>
    </p>
   </div>
   <div class='ocr_carea' id='block_1_46' title="bbox 2140 1678 3743 1753">
    <p class='ocr_par' dir='ltr' id='par_1_46' title="bbox 2140 1678 3743 1753">
     <span class='ocr_line' id='line_1_46' title="bbox 2140 1678 3743 1753; baseline -0.004 -16"><span class='ocrx_word' id='word_1_337' title='bbox 2140 1682 2455 1737; x_wconf 90' lang='lat' dir='ltr'><strong>considera:</strong></span> <span class='ocrx_word' id='word_1_338' title='bbox 2504 1679 2738 1737; x_wconf 77' lang='lat' dir='ltr'><strong>Dicebat</strong></span> <span class='ocrx_word' id='word_1_339' title='bbox 2783 1684 2977 1736; x_wconf 89' lang='lat' dir='ltr'><strong>autem</strong></span> <span class='ocrx_word' id='word_1_340' title='bbox 3034 1685 3090 1738; x_wconf 87' lang='lat' dir='ltr'><strong>et</strong></span> <span class='ocrx_word' id='word_1_341' title='bbox 3128 1680 3453 1753; x_wconf 84' lang='lat' dir='ltr'><strong>parabolam</strong></span> <span class='ocrx_word' id='word_1_342' title='bbox 3500 1678 3574 1734; x_wconf 90' lang='lat' dir='ltr'><strong>ad</strong></span> <span class='ocrx_word' id='word_1_343' title='bbox 3614 1693 3743 1744; x_wconf 88' lang='lat' dir='ltr'><strong>eos;</strong></span> 
     </span>
    </p>
   </div>
   <div class='ocr_carea' id='block_1_47' title="bbox 2066 1732 3744 1841">
    <p class='ocr_par' dir='ltr' id='par_1_47' title="bbox 2066 1732 3744 1841">
     <span class='ocr_line' id='line_1_47' title="bbox 2066 1732 3744 1841; baseline -0.004 -16"><span class='ocrx_word' id='word_1_344' title='bbox 2066 1732 2111 1811; x_wconf 71' lang='grc' dir='ltr'><strong>Β</strong></span> <span class='ocrx_word' id='word_1_345' title='bbox 2144 1785 2274 1841; x_wconf 87' lang='lat' dir='ltr'><strong>ergo</strong></span> <span class='ocrx_word' id='word_1_346' title='bbox 2320 1781 2374 1826; x_wconf 91' lang='lat' dir='ltr'><strong>et</strong></span> <span class='ocrx_word' id='word_1_347' title='bbox 2419 1786 2527 1825; x_wconf 89' lang='lat' dir='ltr'><strong>non</strong></span> <span class='ocrx_word' id='word_1_348' title='bbox 2588 1768 2897 1841; x_wconf 88' lang='lat' dir='ltr'><strong>parabolam</strong></span> <span class='ocrx_word' id='word_1_349' title='bbox 2946 1732 3185 1836; x_wconf 52' lang='lat' dir='ltr'><strong>diceba‘t,</strong></span> <span class='ocrx_word' id='word_1_350' title='bbox 3236 1768 3327 1841; x_wconf 90' lang='lat' dir='ltr'><strong>qui</strong></span> <span class='ocrx_word' id='word_1_351' title='bbox 3376 1783 3485 1822; x_wconf 88' lang='lat' dir='ltr'><strong>non</strong></span> <span class='ocrx_word' id='word_1_352' title='bbox 3533 1774 3744 1820; x_wconf 85' lang='lat' dir='ltr'><strong>notare-</strong></span> 
     </span>
    </p>
   </div>
   <div class='ocr_carea' id='block_1_48' title="bbox 2143 1855 3742 1931">
    <p class='ocr_par' dir='ltr' id='par_1_48' title="bbox 2143 1855 3742 1931">
     <span class='ocr_line' id='line_1_48' title="bbox 2143 1855 3742 1931; baseline -0.004 -17"><span class='ocrx_word' id='word_1_353' title='bbox 2143 1868 2230 1915; x_wconf 89' lang='lat' dir='ltr'><strong>tur</strong></span> <span class='ocrx_word' id='word_1_354' title='bbox 2258 1876 2379 1916; x_wconf 90' lang='lat' dir='ltr'><strong>cum</strong></span> <span class='ocrx_word' id='word_1_355' title='bbox 2409 1860 2719 1931; x_wconf 86' lang='lat' dir='ltr'><strong>parabolam</strong></span> <span class='ocrx_word' id='word_1_356' title='bbox 2752 1860 3095 1931; x_wconf 90' lang='lat' dir='ltr'><strong>loquebatur,</strong></span> <span class='ocrx_word' id='word_1_357' title='bbox 3128 1858 3173 1914; x_wconf 91' lang='lat' dir='ltr'><strong>si</strong></span> <span class='ocrx_word' id='word_1_358' title='bbox 3203 1858 3277 1913; x_wconf 90' lang='lat' dir='ltr'><strong>ita</strong></span> <span class='ocrx_word' id='word_1_359' title='bbox 3304 1872 3515 1929; x_wconf 87' lang='lat' dir='ltr'><strong>semper</strong></span> <span class='ocrx_word' id='word_1_360' title='bbox 3555 1855 3742 1925; x_wconf 89' lang='lat' dir='ltr'><strong>loque-</strong></span> 
     </span>
    </p>
   </div>
   <div class='ocr_carea' id='block_1_49' title="bbox 2143 1943 3743 2019">
    <p class='ocr_par' dir='ltr' id='par_1_49' title="bbox 2143 1943 3743 2019">
     <span class='ocr_line' id='line_1_49' title="bbox 2143 1943 3743 2019; baseline -0.004 -15"><span class='ocrx_word' id='word_1_361' title='bbox 2143 1950 2318 2007; x_wconf 87' lang='lat' dir='ltr'><strong>batur.</strong></span> <span class='ocrx_word' id='word_1_362' title='bbox 2364 1948 2431 2004; x_wconf 88' lang='lat' dir='ltr'><strong>Et</strong></span> <span class='ocrx_word' id='word_1_363' title='bbox 2460 1956 2638 2005; x_wconf 88' lang='lat' dir='ltr'><strong>tamen</strong></span> <span class='ocrx_word' id='word_1_364' title='bbox 2684 1948 2884 2004; x_wconf 90' lang='lat' dir='ltr'><strong>nullam</strong></span> <span class='ocrx_word' id='word_1_365' title='bbox 2933 1948 3244 2019; x_wconf 89' lang='lat' dir='ltr'><strong>parabolam</strong></span> <span class='ocrx_word' id='word_1_366' title='bbox 3293 1947 3343 1985; x_wconf 83' lang='lat'><strong>55</strong></span> <span class='ocrx_word' id='word_1_367' title='bbox 3392 1961 3524 2011; x_wconf 89' lang='lat' dir='ltr'><strong>non,</strong></span> <span class='ocrx_word' id='word_1_368' title='bbox 3553 1951 3645 1999; x_wconf 87' lang='lat' dir='ltr'><strong>aut</strong></span> <span class='ocrx_word' id='word_1_369' title='bbox 3674 1943 3743 1997; x_wconf 87' lang='lat' dir='ltr'><strong>ab</strong></span> 
     </span>
    </p>
   </div>
   <div class='ocr_carea' id='block_1_50' title="bbox 2144 2030 3745 2109">
    <p class='ocr_par' dir='ltr' id='par_1_50' title="bbox 2144 2030 3745 2109">
     <span class='ocr_line' id='line_1_50' title="bbox 2144 2030 3745 2109; baseline -0.004 -17"><span class='ocrx_word' id='word_1_370' title='bbox 2144 2038 2263 2109; x_wconf 91' lang='lat' dir='ltr'><strong>ipso</strong></span> <span class='ocrx_word' id='word_1_371' title='bbox 2292 2038 2532 2095; x_wconf 89' lang='lat' dir='ltr'><strong>invenias</strong></span> <span class='ocrx_word' id='word_1_372' title='bbox 2563 2037 2948 2103; x_wconf 88' lang='lat' dir='ltr'><strong>edissertatam,</strong></span> <span class='ocrx_word' id='word_1_373' title='bbox 2980 2043 3041 2091; x_wconf 91' lang='lat' dir='ltr'><strong>ut</strong></span> <span class='ocrx_word' id='word_1_374' title='bbox 3070 2036 3138 2091; x_wconf 92' lang='lat' dir='ltr'><strong>de</strong></span> <span class='ocrx_word' id='word_1_375' title='bbox 3168 2036 3488 2091; x_wconf 90' lang='lat' dir='ltr'><strong>seminatore</strong></span> <span class='ocrx_word' id='word_1_376' title='bbox 3510 2033 3565 2088; x_wconf 91' lang='lat' dir='ltr'><strong>in</strong></span> <span class='ocrx_word' id='word_1_377' title='bbox 3595 2030 3745 2088; x_wconf 85' lang='lat' dir='ltr'><strong>verbi</strong></span> 
     </span>
    </p>
   </div>
   <div class='ocr_carea' id='block_1_51' title="bbox 2147 2122 3748 2198">
    <p class='ocr_par' dir='ltr' id='par_1_51' title="bbox 2147 2122 3748 2198">
     <span class='ocr_line' id='line_1_51' title="bbox 2147 2122 3748 2198; baseline -0.006 -15"><span class='ocrx_word' id='word_1_378' title='bbox 2147 2127 2609 2184; x_wconf 90' lang='lat' dir='ltr'><strong>administratione</strong></span> <span class='ocrx_word' id='word_1_379' title='bbox 2633 2144 2650 2196; x_wconf 89' lang='lat'><strong>;</strong></span> <span class='ocrx_word' id='word_1_380' title='bbox 2681 2134 2772 2182; x_wconf 87' lang='lat' dir='ltr'><strong>aut</strong></span> <span class='ocrx_word' id='word_1_381' title='bbox 2790 2143 2820 2180; x_wconf 90' lang='lat' dir='ltr'><strong>a</strong></span> <span class='ocrx_word' id='word_1_382' title='bbox 2848 2132 3269 2182; x_wconf 89' lang='lat' dir='ltr'><strong>commentatore</strong></span> <span class='ocrx_word' id='word_1_383' title='bbox 3296 2122 3579 2198; x_wconf 79' lang='lat' dir='ltr'><strong>Evangelii</strong></span> <span class='ocrx_word' id='word_1_384' title='bbox 3611 2137 3748 2191; x_wconf 68' lang='lat' dir='ltr'><strong>prae-</strong></span> 
     </span>
    </p>
   </div>
   <div class='ocr_carea' id='block_1_52' title="bbox 2149 2209 3748 2287">
    <p class='ocr_par' dir='ltr' id='par_1_52' title="bbox 2149 2209 3748 2287">
     <span class='ocr_line' id='line_1_52' title="bbox 2149 2209 3748 2287; baseline -0.004 -17"><span class='ocrx_word' id='word_1_385' title='bbox 2149 2217 2483 2287; x_wconf 88' lang='lat' dir='ltr'><strong>luminatam,</strong></span> <span class='ocrx_word' id='word_1_386' title='bbox 2512 2224 2572 2271; x_wconf 90' lang='lat' dir='ltr'><strong>ut</strong></span> <span class='ocrx_word' id='word_1_387' title='bbox 2596 2214 2795 2285; x_wconf 87' lang='lat' dir='ltr'><strong>judicis</strong></span> <span class='ocrx_word' id='word_1_388' title='bbox 2825 2214 3069 2287; x_wconf 88' lang='lat' dir='ltr'><strong>superbi,</strong></span> <span class='ocrx_word' id='word_1_389' title='bbox 3107 2222 3161 2269; x_wconf 90' lang='lat' dir='ltr'><strong>et</strong></span> <span class='ocrx_word' id='word_1_390' title='bbox 3185 2213 3366 2272; x_wconf 69' lang='lat' dir='ltr'><strong>viduae</strong></span> <span class='ocrx_word' id='word_1_391' title='bbox 3395 2211 3643 2268; x_wconf 87' lang='lat' dir='ltr'><strong>instantis</strong></span> <span class='ocrx_word' id='word_1_392' title='bbox 3678 2209 3748 2263; x_wconf 88' lang='lat' dir='ltr'><strong>ad</strong></span> 
     </span>
    </p>
   </div>
   <div class='ocr_carea' id='block_1_53' title="bbox 2148 2301 3747 2375">
    <p class='ocr_par' dir='ltr' id='par_1_53' title="bbox 2148 2301 3747 2375">
     <span class='ocr_line' id='line_1_53' title="bbox 2148 2301 3747 2375; baseline -0.007 -15"><span class='ocrx_word' id='word_1_393' title='bbox 2148 2306 2603 2375; x_wconf 90' lang='lat' dir='ltr'><strong>perseverantiam</strong></span> <span class='ocrx_word' id='word_1_394' title='bbox 2654 2304 2950 2369; x_wconf 89' lang='lat' dir='ltr'><strong>orationis;</strong></span> <span class='ocrx_word' id='word_1_395' title='bbox 2990 2312 3081 2359; x_wconf 88' lang='lat' dir='ltr'><strong>aut</strong></span> <span class='ocrx_word' id='word_1_396' title='bbox 3128 2301 3271 2358; x_wconf 89' lang='lat' dir='ltr'><strong>ultro</strong></span> <span class='ocrx_word' id='word_1_397' title='bbox 3317 2301 3747 2369; x_wconf 59' lang='lat' dir='ltr'><strong>conjectandam:</strong></span> 
     </span>
    </p>
   </div>
   <div class='ocr_carea' id='block_1_54' title="bbox 2148 2387 3751 2463">
    <p class='ocr_par' dir='ltr' id='par_1_54' title="bbox 2148 2387 3751 2463">
     <span class='ocr_line' id='line_1_54' title="bbox 2148 2387 3751 2463; baseline -0.004 -15"><span class='ocrx_word' id='word_1_398' title='bbox 2148 2403 2207 2449; x_wconf 92' lang='lat' dir='ltr'><strong>ut</strong></span> <span class='ocrx_word' id='word_1_399' title='bbox 2234 2394 2442 2450; x_wconf 90' lang='lat' dir='ltr'><strong>arboris</strong></span> <span class='ocrx_word' id='word_1_400' title='bbox 2479 2393 2566 2449; x_wconf 84' lang='lat' dir='ltr'><strong>ﬁci</strong></span> <span class='ocrx_word' id='word_1_401' title='bbox 2612 2392 2867 2449; x_wconf 71' lang='lat' dir='ltr'><strong>dilatteiu</strong></span> <span class='ocrx_word' id='word_1_402' title='bbox 2897 2409 3067 2463; x_wconf 89' lang='lat' dir='ltr'><strong>spem,</strong></span> <span class='ocrx_word' id='word_1_403' title='bbox 3100 2392 3169 2447; x_wconf 90' lang='lat' dir='ltr'><strong>ad</strong></span> <span class='ocrx_word' id='word_1_404' title='bbox 3201 2393 3365 2446; x_wconf 89' lang='lat' dir='ltr'><strong>instar</strong></span> <span class='ocrx_word' id='word_1_405' title='bbox 3391 2390 3635 2445; x_wconf 59' lang='lat' dir='ltr'><strong>Iudaica</strong></span> <span class='ocrx_word' id='word_1_406' title='bbox 3666 2387 3751 2442; x_wconf 90' lang='lat' dir='ltr'><strong>in-</strong></span> 
     </span>
    </p>
   </div>
   <div class='ocr_carea' id='block_1_55' title="bbox 2149 2477 3753 2553">
    <p class='ocr_par' dir='ltr' id='par_1_55' title="bbox 2149 2477 3753 2553">
     <span class='ocr_line' id='line_1_55' title="bbox 2149 2477 3753 2553; baseline -0.002 -15"><span class='ocrx_word' id='word_1_407' title='bbox 2149 2482 2554 2539; x_wconf 83' lang='lat' dir='ltr'><strong>fructuositatis.</strong></span> <span class='ocrx_word' id='word_1_408' title='bbox 2587 2482 2747 2553; x_wconf 87' lang='lat' dir='ltr'><strong>Quod</strong></span> <span class='ocrx_word' id='word_1_409' title='bbox 2792 2480 2840 2536; x_wconf 88' lang='lat' dir='ltr'><strong>si</strong></span> <span class='ocrx_word' id='word_1_410' title='bbox 2886 2498 2983 2537; x_wconf 90' lang='lat' dir='ltr'><strong>nec</strong></span> <span class='ocrx_word' id='word_1_411' title='bbox 3031 2481 3302 2553; x_wconf 78' lang='lat' dir='ltr'><strong>parabolae</strong></span> <span class='ocrx_word' id='word_1_412' title='bbox 3348 2480 3673 2536; x_wconf 91' lang='lat' dir='ltr'><strong>obumbrant</strong></span> <span class='ocrx_word' id='word_1_413' title='bbox 3702 2477 3753 2514; x_wconf 73' lang='grc'><strong>⁵⁵</strong></span> 
     </span>
    </p>
   </div>
   <div class='ocr_carea' id='block_1_56' title="bbox 2151 2564 3755 2643">
    <p class='ocr_par' dir='ltr' id='par_1_56' title="bbox 2151 2564 3755 2643">
     <span class='ocr_line' id='line_1_56' title="bbox 2151 2564 3755 2643; baseline -0.004 -17"><span class='ocrx_word' id='word_1_414' title='bbox 2151 2571 2427 2643; x_wconf 77' lang='lat' dir='ltr'><strong>Evangelii</strong></span> <span class='ocrx_word' id='word_1_415' title='bbox 2457 2571 2670 2637; x_wconf 86' lang='lat' dir='ltr'><strong>lucem;</strong></span> <span class='ocrx_word' id='word_1_416' title='bbox 2702 2577 2849 2626; x_wconf 89' lang='lat' dir='ltr'><strong>tanto</strong></span> <span class='ocrx_word' id='word_1_417' title='bbox 2878 2569 3052 2634; x_wconf 89' lang='lat' dir='ltr'><strong>abest,</strong></span> <span class='ocrx_word' id='word_1_418' title='bbox 3083 2576 3143 2625; x_wconf 91' lang='lat' dir='ltr'><strong>ut</strong></span> <span class='ocrx_word' id='word_1_419' title='bbox 3172 2569 3448 2625; x_wconf 81' lang='lat' dir='ltr'><strong>sententiae</strong></span> <span class='ocrx_word' id='word_1_420' title='bbox 3478 2577 3533 2623; x_wconf 90' lang='lat' dir='ltr'><strong>et</strong></span> <span class='ocrx_word' id='word_1_421' title='bbox 3560 2564 3755 2621; x_wconf 86' lang='lat' dir='ltr'><strong>defini-</strong></span> 
     </span>
    </p>
   </div>
   <div class='ocr_carea' id='block_1_57' title="bbox 2152 2658 3758 2732">
    <p class='ocr_par' dir='ltr' id='par_1_57' title="bbox 2152 2658 3758 2732">
     <span class='ocr_line' id='line_1_57' title="bbox 2152 2658 3758 2732; baseline -0.001 -19"><span class='ocrx_word' id='word_1_422' title='bbox 2152 2659 2600 2732; x_wconf 57' lang='lat' dir='ltr'><strong>tiones,’_.quarum</strong></span> <span class='ocrx_word' id='word_1_423' title='bbox 2631 2665 2815 2731; x_wconf 89' lang='lat' dir='ltr'><strong>aperta</strong></span> <span class='ocrx_word' id='word_1_424' title='bbox 2843 2667 3035 2714; x_wconf 88' lang='lat' dir='ltr'><strong>natura</strong></span> <span class='ocrx_word' id='word_1_425' title='bbox 3066 2667 3168 2724; x_wconf 91' lang='lat' dir='ltr'><strong>est,</strong></span> <span class='ocrx_word' id='word_1_426' title='bbox 3191 2658 3342 2713; x_wconf 87' lang='lat' dir='ltr'><strong>aliter</strong></span> <span class='ocrx_word' id='word_1_427' title='bbox 3371 2673 3534 2729; x_wconf 89' lang='lat' dir='ltr'><strong>quam</strong></span> <span class='ocrx_word' id='word_1_428' title='bbox 3562 2664 3758 2712; x_wconf 82' lang='lat' dir='ltr'><strong>sonant</strong></span> 
     </span>
    </p>
   </div>
   <div class='ocr_carea' id='block_1_58' title="bbox 2153 2747 3759 2823">
    <p class='ocr_par' dir='ltr' id='par_1_58' title="bbox 2153 2747 3759 2823">
     <span class='ocr_line' id='line_1_58' title="bbox 2153 2747 3759 2823; baseline -0.005 -16"><span class='ocrx_word' id='word_1_429' title='bbox 2153 2751 2381 2823; x_wconf 87' lang='lat' dir='ltr'><strong>sapiant.</strong></span> <span class='ocrx_word' id='word_1_430' title='bbox 2424 2750 2840 2807; x_wconf 86' lang='lat' dir='ltr'><strong>Deﬁnitionibus</strong></span> <span class='ocrx_word' id='word_1_431' title='bbox 2879 2757 3061 2806; x_wconf 91' lang='lat' dir='ltr'><strong>autem</strong></span> <span class='ocrx_word' id='word_1_432' title='bbox 3089 2757 3143 2805; x_wconf 92' lang='lat' dir='ltr'><strong>et</strong></span> <span class='ocrx_word' id='word_1_433' title='bbox 3182 2749 3460 2805; x_wconf 89' lang='lat' dir='ltr'><strong>sententiis</strong></span> <span class='ocrx_word' id='word_1_434' title='bbox 3488 2747 3759 2803; x_wconf 88' lang='lat' dir='ltr'><strong>Dominus</strong></span> 
     </span>
    </p>
   </div>
   <div class='ocr_carea' id='block_1_59' title="bbox 2157 2836 3760 2910">
    <p class='ocr_par' dir='ltr' id='par_1_59' title="bbox 2157 2836 3760 2910">
     <span class='ocr_line' id='line_1_59' title="bbox 2157 2836 3760 2910; baseline -0.006 -15"><span class='ocrx_word' id='word_1_435' title='bbox 2157 2840 2335 2910; x_wconf 90' lang='lat' dir='ltr'><strong>edicit,</strong></span> <span class='ocrx_word' id='word_1_436' title='bbox 2384 2841 2500 2897; x_wconf 87' lang='lat' dir='ltr'><strong>sive</strong></span> <span class='ocrx_word' id='word_1_437' title='bbox 2543 2839 2801 2909; x_wconf 89' lang='lat' dir='ltr'><strong>judicium</strong></span> <span class='ocrx_word' id='word_1_438' title='bbox 2850 2838 2960 2894; x_wconf 91' lang='lat' dir='ltr'><strong>sive</strong></span> <span class='ocrx_word' id='word_1_439' title='bbox 3008 2855 3234 2910; x_wconf 79' lang='lat' dir='ltr'><strong>regnum</strong></span> <span class='ocrx_word' id='word_1_440' title='bbox 3280 2838 3399 2901; x_wconf 91' lang='lat' dir='ltr'><strong>Dei,</strong></span> <span class='ocrx_word' id='word_1_441' title='bbox 3432 2836 3546 2893; x_wconf 89' lang='lat' dir='ltr'><strong>sive</strong></span> <span class='ocrx_word' id='word_1_442' title='bbox 3573 2850 3760 2890; x_wconf 85' lang='lat' dir='ltr'><strong>resur-</strong></span> 
     </span>
    </p>
   </div>
   <div class='ocr_carea' id='block_1_60' title="bbox 2152 2927 3761 2999">
    <p class='ocr_par' dir='ltr' id='par_1_60' title="bbox 2152 2927 3761 2999">
     <span class='ocr_line' id='line_1_60' title="bbox 2152 2927 3761 2999; baseline -0.002 -15"><span class='ocrx_word' id='word_1_443' title='bbox 2152 2932 2477 2986; x_wconf 85' lang='lat' dir='ltr'><strong>rectionem:</strong></span> <span class='ocrx_word' id='word_1_444' title='bbox 2520 2929 2878 2987; x_wconf 77' lang='lat' dir='ltr'><strong>Tolerabilius</strong></span> <span class='ocrx_word' id='word_1_445' title='bbox 2899 2931 3029 2993; x_wconf 85' lang='lat' dir='ltr'><strong>erit,</strong></span> <span class='ocrx_word' id='word_1_446' title='bbox 3050 2927 3223 2999; x_wconf 90' lang='lat' dir='ltr'><strong>inquit</strong></span> <span class='ocrx_word' id='word_1_447' title='bbox 3241 2927 3457 2997; x_wconf 84' lang='lat' dir='ltr'><strong>(Matth.</strong></span> <span class='ocrx_word' id='word_1_448' title='bbox 3488 2929 3591 2992; x_wconf 68' lang='grc' dir='ltr'><strong>χι),</strong></span> <span class='ocrx_word' id='word_1_449' title='bbox 3622 2927 3761 2997; x_wconf 82' lang='lat' dir='ltr'><strong>Tyro</strong></span> 
     </span>
    </p>
   </div>
   <div class='ocr_carea' id='block_1_61' title="bbox 454 3011 3767 3109">
    <p class='ocr_par' dir='ltr' id='par_1_61' title="bbox 454 3011 3767 3109">
     <span class='ocr_line' id='line_1_61' title="bbox 454 3011 3767 3109; baseline -0 -42"><span class='ocrx_word' id='word_1_450' title='bbox 454 3014 833 3109; x_wconf 76' lang='lat' dir='ltr'><strong>transfigurant</strong></span> <span class='ocrx_word' id='word_1_451' title='bbox 973 3032 1091 3070; x_wconf 80' lang='lat' dir='ltr'><strong>eam</strong></span> <span class='ocrx_word' id='word_1_452' title='bbox 1130 3016 1185 3069; x_wconf 88' lang='lat' dir='ltr'><strong>in</strong></span> <span class='ocrx_word' id='word_1_453' title='bbox 1230 3016 1445 3071; x_wconf 90' lang='lat' dir='ltr'><strong>alterius</strong></span> <span class='ocrx_word' id='word_1_454' title='bbox 1493 3017 1571 3070; x_wconf 90' lang='lat' dir='ltr'><strong>rei</strong></span> <span class='ocrx_word' id='word_1_455' title='bbox 1626 3025 2042 3091; x_wconf 81' lang='lat' dir='ltr'><strong>argumentum;</strong></span> <span class='ocrx_word' id='word_1_456' title='bbox 2080 3030 2124 3109; x_wconf 72' lang='grc' dir='ltr'><strong>ο</strong></span> <span class='ocrx_word' id='word_1_457' title='bbox 2149 3022 2258 3087; x_wconf 77' lang='grc'><strong>(50)</strong></span> <span class='ocrx_word' id='word_1_458' title='bbox 2287 3025 2343 3075; x_wconf 86' lang='lat' dir='ltr'><strong>et</strong></span> <span class='ocrx_word' id='word_1_459' title='bbox 2372 3020 2564 3076; x_wconf 86' lang='lat' dir='ltr'><strong>Sidoni</strong></span> <span class='ocrx_word' id='word_1_460' title='bbox 2578 3019 2641 3073; x_wconf 87' lang='lat' dir='ltr'><strong>in</strong></span> <span class='ocrx_word' id='word_1_461' title='bbox 2670 3018 2759 3072; x_wconf 83' lang='lat' dir='ltr'><strong>die</strong></span> <span class='ocrx_word' id='word_1_462' title='bbox 2773 3015 2983 3087; x_wconf 86' lang='lat' dir='ltr'><strong>judicii</strong></span> <span class='ocrx_word' id='word_1_463' title='bbox 3009 3016 3333 3087; x_wconf 83' lang='lat' dir='ltr'><strong>;et(Matth.</strong></span> <span class='ocrx_word' id='word_1_464' title='bbox 3358 3015 3415 3085; x_wconf 69' lang='grc' dir='ltr'><strong>χ)</strong></span> <span class='ocrx_word' id='word_1_465' title='bbox 3442 3011 3638 3068; x_wconf 63' lang='grc' dir='ltr'><strong>εδιιὲ</strong></span> <span class='ocrx_word' id='word_1_466' title='bbox 3667 3013 3767 3067; x_wconf 75' lang='grc' dir='ltr'><strong>Βέ-</strong></span> 
     </span>
    </p>
   </div>
   <div class='ocr_carea' id='block_1_62' title="bbox 452 3102 2046 3177">
    <p class='ocr_par' dir='ltr' id='par_1_62' title="bbox 452 3102 2046 3177">
     <span class='ocr_line' id='line_1_62' title="bbox 452 3102 2046 3177; baseline 0.002 -22"><span class='ocrx_word' id='word_1_467' title='bbox 452 3116 575 3156; x_wconf 90' lang='lat' dir='ltr'><strong>cum</strong></span> <span class='ocrx_word' id='word_1_468' title='bbox 608 3117 733 3157; x_wconf 88' lang='lat' dir='ltr'><strong>vero</strong></span> <span class='ocrx_word' id='word_1_469' title='bbox 765 3102 818 3156; x_wconf 89' lang='lat' dir='ltr'><strong>in</strong></span> <span class='ocrx_word' id='word_1_470' title='bbox 848 3104 1079 3171; x_wconf 88' lang='lat' dir='ltr'><strong>aliquam</strong></span> <span class='ocrx_word' id='word_1_471' title='bbox 1108 3105 1341 3175; x_wconf 87' lang='lat' dir='ltr'><strong>speciem</strong></span> <span class='ocrx_word' id='word_1_472' title='bbox 1372 3106 1709 3175; x_wconf 89' lang='lat' dir='ltr'><strong>corporalem</strong></span> <span class='ocrx_word' id='word_1_473' title='bbox 1756 3107 1883 3177; x_wconf 89' lang='lat' dir='ltr'><strong>quid</strong></span> <span class='ocrx_word' id='word_1_474' title='bbox 1924 3106 2046 3161; x_wconf 89' lang='lat' dir='ltr'><strong>edi-</strong></span> 
     </span>
    </p>
   </div>
   <div class='ocr_carea' id='block_1_63' title="bbox 454 3190 2049 3266">
    <p class='ocr_par' dir='ltr' id='par_1_63' title="bbox 454 3190 2049 3266">
     <span class='ocr_line' id='line_1_63' title="bbox 454 3190 2049 3266; baseline 0.003 -21"><span class='ocrx_word' id='word_1_475' title='bbox 454 3190 618 3258; x_wconf 89' lang='lat' dir='ltr'><strong>ditur,</strong></span> <span class='ocrx_word' id='word_1_476' title='bbox 652 3193 832 3246; x_wconf 87' lang='lat' dir='ltr'><strong>omnia</strong></span> <span class='ocrx_word' id='word_1_477' title='bbox 861 3192 1040 3263; x_wconf 87' lang='lat' dir='ltr'><strong>potius</strong></span> <span class='ocrx_word' id='word_1_478' title='bbox 1069 3202 1395 3262; x_wconf 89' lang='lat' dir='ltr'><strong>asseverant,</strong></span> <span class='ocrx_word' id='word_1_479' title='bbox 1419 3210 1579 3264; x_wconf 90' lang='lat' dir='ltr'><strong>quam</strong></span> <span class='ocrx_word' id='word_1_480' title='bbox 1621 3197 1765 3266; x_wconf 89' lang='lat' dir='ltr'><strong>quod</strong></span> <span class='ocrx_word' id='word_1_481' title='bbox 1805 3196 2049 3250; x_wconf 83' lang='lat' dir='ltr'><strong>nomina—</strong></span> 
     </span>
    </p>
   </div>
   <div class='ocr_carea' id='block_1_64' title="bbox 454 3277 2050 3355">
    <p class='ocr_par' dir='ltr' id='par_1_64' title="bbox 454 3277 2050 3355">
     <span class='ocr_line' id='line_1_64' title="bbox 454 3277 2050 3355; baseline 0 -21"><span class='ocrx_word' id='word_1_482' title='bbox 454 3280 580 3334; x_wconf 85' lang='lat' dir='ltr'><strong>tur?</strong></span> <span class='ocrx_word' id='word_1_483' title='bbox 608 3277 757 3335; x_wconf 81' lang='lat' dir='ltr'><strong>8-II</strong></span> <span class='ocrx_word' id='word_1_484' title='bbox 798 3278 855 3335; x_wconf 92' lang='lat' dir='ltr'><strong>Si</strong></span> <span class='ocrx_word' id='word_1_485' title='bbox 892 3281 1193 3351; x_wconf 90' lang='lat' dir='ltr'><strong>corporalia</strong></span> <span class='ocrx_word' id='word_1_486' title='bbox 1220 3280 1489 3350; x_wconf 69' lang='lat' dir='ltr'><strong>parabolae</strong></span> <span class='ocrx_word' id='word_1_487' title='bbox 1519 3280 1655 3352; x_wconf 76' lang='grc'><strong>(49),</strong></span> <span class='ocrx_word' id='word_1_488' title='bbox 1688 3297 1821 3355; x_wconf 87' lang='lat' dir='ltr'><strong>ergo</strong></span> <span class='ocrx_word' id='word_1_489' title='bbox 1851 3289 1905 3336; x_wconf 91' lang='lat' dir='ltr'><strong>et</strong></span> <span class='ocrx_word' id='word_1_490' title='bbox 1932 3280 2050 3335; x_wconf 91' lang='lat' dir='ltr'><strong>ani-</strong></span> 
     </span>
    </p>
   </div>
   <div class='ocr_carea' id='block_1_65' title="bbox 456 3366 2047 3440">
    <p class='ocr_par' dir='ltr' id='par_1_65' title="bbox 456 3366 2047 3440">
     <span class='ocr_line' id='line_1_65' title="bbox 456 3366 2047 3440; baseline 0 -18"><span class='ocrx_word' id='word_1_491' title='bbox 456 3366 654 3437; x_wconf 81' lang='lat' dir='ltr'><strong>malia;</strong></span> <span class='ocrx_word' id='word_1_492' title='bbox 712 3368 759 3423; x_wconf 90' lang='lat' dir='ltr'><strong>si</strong></span> <span class='ocrx_word' id='word_1_493' title='bbox 812 3384 921 3423; x_wconf 91' lang='lat' dir='ltr'><strong>non</strong></span> <span class='ocrx_word' id='word_1_494' title='bbox 969 3378 1020 3424; x_wconf 91' lang='lat' dir='ltr'><strong>et</strong></span> <span class='ocrx_word' id='word_1_495' title='bbox 1067 3369 1346 3436; x_wconf 89' lang='lat' dir='ltr'><strong>animalia,</strong></span> <span class='ocrx_word' id='word_1_496' title='bbox 1396 3384 1528 3440; x_wconf 91' lang='lat' dir='ltr'><strong>ergo</strong></span> <span class='ocrx_word' id='word_1_497' title='bbox 1575 3385 1676 3427; x_wconf 90' lang='lat' dir='ltr'><strong>nec</strong></span> <span class='ocrx_word' id='word_1_498' title='bbox 1728 3369 2047 3440; x_wconf 89' lang='lat' dir='ltr'><strong>corporalia.</strong></span> 
     </span>
    </p>
   </div>
   <div class='ocr_carea' id='block_1_66' title="bbox 456 3456 2049 3528">
    <p class='ocr_par' dir='ltr' id='par_1_66' title="bbox 456 3456 2049 3528">
     <span class='ocr_line' id='line_1_66' title="bbox 456 3456 2049 3528; baseline -0.001 -15"><span class='ocrx_word' id='word_1_499' title='bbox 456 3458 586 3513; x_wconf 89' lang='lat' dir='ltr'><strong>Tam</strong></span> <span class='ocrx_word' id='word_1_500' title='bbox 632 3457 777 3513; x_wconf 87' lang='lat' dir='ltr'><strong>enim</strong></span> <span class='ocrx_word' id='word_1_501' title='bbox 812 3472 1009 3527; x_wconf 86' lang='lat' dir='ltr'><strong>corpus</strong></span> <span class='ocrx_word' id='word_1_502' title='bbox 1048 3460 1233 3526; x_wconf 92' lang='lat' dir='ltr'><strong>homo,</strong></span> <span class='ocrx_word' id='word_1_503' title='bbox 1282 3472 1445 3528; x_wconf 91' lang='lat' dir='ltr'><strong>quam</strong></span> <span class='ocrx_word' id='word_1_504' title='bbox 1491 3464 1545 3513; x_wconf 87' lang='lat' dir='ltr'><strong>et</strong></span> <span class='ocrx_word' id='word_1_505' title='bbox 1591 3456 1785 3524; x_wconf 89' lang='lat' dir='ltr'><strong>anima,</strong></span> <span class='ocrx_word' id='word_1_506' title='bbox 1836 3465 1895 3512; x_wconf 90' lang='lat' dir='ltr'><strong>ut</strong></span> <span class='ocrx_word' id='word_1_507' title='bbox 1940 3471 2049 3513; x_wconf 88' lang='lat' dir='ltr'><strong>non</strong></span> 
     </span>
    </p>
   </div>
   <div class='ocr_carea' id='block_1_67' title="bbox 459 3544 2050 3619">
    <p class='ocr_par' dir='ltr' id='par_1_67' title="bbox 459 3544 2050 3619">
     <span class='ocr_line' id='line_1_67' title="bbox 459 3544 2050 3619; baseline -0.001 -17"><span class='ocrx_word' id='word_1_508' title='bbox 459 3546 628 3618; x_wconf 87' lang='lat' dir='ltr'><strong>possit</strong></span> <span class='ocrx_word' id='word_1_509' title='bbox 656 3547 831 3602; x_wconf 87' lang='lat' dir='ltr'><strong>altera</strong></span> <span class='ocrx_word' id='word_1_510' title='bbox 858 3546 1067 3619; x_wconf 87' lang='lat' dir='ltr'><strong>species</strong></span> <span class='ocrx_word' id='word_1_511' title='bbox 1113 3544 1397 3601; x_wconf 89' lang='lat' dir='ltr'><strong>admittere</strong></span> <span class='ocrx_word' id='word_1_512' title='bbox 1427 3544 1729 3617; x_wconf 84' lang='lat' dir='ltr'><strong>aenigmata,</strong></span> <span class='ocrx_word' id='word_1_513' title='bbox 1761 3545 1927 3601; x_wconf 86' lang='lat' dir='ltr'><strong>altera</strong></span> <span class='ocrx_word' id='word_1_514' title='bbox 1952 3561 2050 3601; x_wconf 85' lang='lat' dir='ltr'><strong>ex-</strong></span> 
     </span>
    </p>
   </div>
   <div class='ocr_carea' id='block_1_68' title="bbox 460 3634 692 3691">
    <p class='ocr_par' dir='ltr' id='par_1_68' title="bbox 460 3634 692 3691">
     <span class='ocr_line' id='line_1_68' title="bbox 460 3634 692 3691; baseline -0.004 -1"><span class='ocrx_word' id='word_1_515' title='bbox 460 3634 692 3691; x_wconf 91' lang='lat' dir='ltr'><strong>cludere.</strong></span> 
     </span>
    </p>
   </div>
   <div class='ocr_carea' id='block_1_69' title="bbox 995 3774 1519 3832">
    <p class='ocr_par' dir='ltr' id='par_1_69' title="bbox 995 3774 1519 3832">
     <span class='ocr_line' id='line_1_69' title="bbox 995 3774 1519 3832; baseline 0 -1"><span class='ocrx_word' id='word_1_516' title='bbox 995 3774 1223 3832; x_wconf 86' lang='lat' dir='ltr'><strong>CAPUT</strong></span> <span class='ocrx_word' id='word_1_517' title='bbox 1263 3774 1519 3831; x_wconf 85' lang='lat' dir='ltr'><strong>XXXIII.</strong></span> 
     </span>
    </p>
   </div>
   <div class='ocr_carea' id='block_1_70' title="bbox 535 3898 2056 3971">
    <p class='ocr_par' dir='ltr' id='par_1_70' title="bbox 535 3898 2056 3971">
     <span class='ocr_line' id='line_1_70' title="bbox 535 3898 2056 3971; baseline 0.002 -14"><span class='ocrx_word' id='word_1_518' title='bbox 535 3900 677 3957; x_wconf 89' lang='lat' dir='ltr'><strong>Satis</strong></span> <span class='ocrx_word' id='word_1_519' title='bbox 705 3900 821 3956; x_wconf 87' lang='lat' dir='ltr'><strong>haec</strong></span> <span class='ocrx_word' id='word_1_520' title='bbox 871 3898 938 3956; x_wconf 92' lang='lat' dir='ltr'><strong>de</strong></span> <span class='ocrx_word' id='word_1_521' title='bbox 984 3900 1300 3971; x_wconf 89' lang='lat' dir='ltr'><strong>prophetico</strong></span> <span class='ocrx_word' id='word_1_522' title='bbox 1348 3900 1735 3959; x_wconf 91' lang='lat' dir='ltr'><strong>instrumento:</strong></span> <span class='ocrx_word' id='word_1_523' title='bbox 1771 3903 1837 3958; x_wconf 91' lang='lat' dir='ltr'><strong>ad</strong></span> <span class='ocrx_word' id='word_1_524' title='bbox 1877 3904 2056 3960; x_wconf 89' lang='lat' dir='ltr'><strong>Evan-</strong></span> 
     </span>
    </p>
   </div>
   <div class='ocr_carea' id='block_1_71' title="bbox 2160 3103 3769 3180">
    <p class='ocr_par' dir='ltr' id='par_1_71' title="bbox 2160 3103 3769 3180">
     <span class='ocr_line' id='line_1_71' title="bbox 2160 3103 3769 3180; baseline -0.004 -19"><span class='ocrx_word' id='word_1_525' title='bbox 2160 3109 2326 3163; x_wconf 86' lang='lat' dir='ltr'><strong>cicite</strong></span> <span class='ocrx_word' id='word_1_526' title='bbox 2350 3109 2487 3173; x_wconf 86' lang='lat' dir='ltr'><strong>illis,</strong></span> <span class='ocrx_word' id='word_1_527' title='bbox 2536 3106 2681 3180; x_wconf 88' lang='lat' dir='ltr'><strong>quod</strong></span> <span class='ocrx_word' id='word_1_528' title='bbox 2707 3106 3241 3176; x_wconf 79' lang='lat' dir='ltr'><strong>appmpinquaverit</strong></span> <span class='ocrx_word' id='word_1_529' title='bbox 3278 3120 3517 3175; x_wconf 83' lang='lat' dir='ltr'><strong>regnum</strong></span> <span class='ocrx_word' id='word_1_530' title='bbox 3546 3103 3671 3165; x_wconf 85' lang='lat' dir='ltr'><strong>Dei;</strong></span> <span class='ocrx_word' id='word_1_531' title='bbox 3702 3108 3769 3155; x_wconf 88' lang='lat' dir='ltr'><strong>et</strong></span> 
     </span>
    </p>
   </div>
   <div class='ocr_carea' id='block_1_72' title="bbox 2160 3192 3772 3266">
    <p class='ocr_par' dir='ltr' id='par_1_72' title="bbox 2160 3192 3772 3266">
     <span class='ocr_line' id='line_1_72' title="bbox 2160 3192 3772 3266; baseline -0.004 -16"><span class='ocrx_word' id='word_1_532' title='bbox 2160 3194 2321 3266; x_wconf 87' lang='lat' dir='ltr'><strong>(Luc.</strong></span> <span class='ocrx_word' id='word_1_533' title='bbox 2352 3199 2469 3264; x_wconf 79' lang='lat' dir='ltr'><strong>xw)</strong></span> <span class='ocrx_word' id='word_1_534' title='bbox 2494 3213 2506 3250; x_wconf 94' lang='lat'><strong>:</strong></span> <span class='ocrx_word' id='word_1_535' title='bbox 2532 3197 2895 3255; x_wconf 86' lang='lat' dir='ltr'><strong>Retribuetur</strong></span> <span class='ocrx_word' id='word_1_536' title='bbox 2925 3196 3028 3251; x_wconf 86' lang='lat' dir='ltr'><strong>tibi</strong></span> <span class='ocrx_word' id='word_1_537' title='bbox 3056 3197 3121 3249; x_wconf 86' lang='lat' dir='ltr'><strong>in</strong></span> <span class='ocrx_word' id='word_1_538' title='bbox 3150 3192 3560 3251; x_wconf 84' lang='lat' dir='ltr'><strong>resurrectione</strong></span> <span class='ocrx_word' id='word_1_539' title='bbox 3572 3192 3772 3261; x_wconf 84' lang='lat' dir='ltr'><strong>justo-</strong></span> 
     </span>
    </p>
   </div>
   <div class='ocr_carea' id='block_1_73' title="bbox 2161 3276 3768 3349">
    <p class='ocr_par' dir='ltr' id='par_1_73' title="bbox 2161 3276 3768 3349">
     <span class='ocr_line' id='line_1_73' title="bbox 2161 3276 3768 3349; baseline -0.005 -10"><span class='ocrx_word' id='word_1_540' title='bbox 2161 3301 2310 3341; x_wconf 88' lang='lat' dir='ltr'><strong>rum.</strong></span> <span class='ocrx_word' id='word_1_541' title='bbox 2342 3285 2397 3339; x_wconf 91' lang='lat' dir='ltr'><strong>Si</strong></span> <span class='ocrx_word' id='word_1_542' title='bbox 2427 3284 2649 3340; x_wconf 89' lang='lat' dir='ltr'><strong>nomina</strong></span> <span class='ocrx_word' id='word_1_543' title='bbox 2667 3286 2916 3342; x_wconf 86' lang='lat' dir='ltr'><strong>absoluta</strong></span> <span class='ocrx_word' id='word_1_544' title='bbox 2938 3284 2986 3321; x_wconf 83' lang='grc'><strong>⁵⁷</strong></span> <span class='ocrx_word' id='word_1_545' title='bbox 3004 3290 3126 3338; x_wconf 91' lang='lat' dir='ltr'><strong>sunt</strong></span> <span class='ocrx_word' id='word_1_546' title='bbox 3146 3298 3345 3349; x_wconf 89' lang='lat' dir='ltr'><strong>rerum,</strong></span> <span class='ocrx_word' id='word_1_547' title='bbox 3376 3279 3432 3334; x_wconf 92' lang='lat' dir='ltr'><strong>id</strong></span> <span class='ocrx_word' id='word_1_548' title='bbox 3462 3287 3544 3334; x_wconf 89' lang='lat' dir='ltr'><strong>est</strong></span> <span class='ocrx_word' id='word_1_549' title='bbox 3570 3276 3768 3347; x_wconf 82' lang='lat' dir='ltr'><strong>judicii</strong></span> 
     </span>
    </p>
   </div>
   <div class='ocr_carea' id='block_1_74' title="bbox 2161 3367 3770 3445">
    <p class='ocr_par' dir='ltr' id='par_1_74' title="bbox 2161 3367 3770 3445">
     <span class='ocr_line' id='line_1_74' title="bbox 2161 3367 3770 3445; baseline -0.006 -16"><span class='ocrx_word' id='word_1_550' title='bbox 2161 3383 2215 3429; x_wconf 92' lang='lat' dir='ltr'><strong>et</strong></span> <span class='ocrx_word' id='word_1_551' title='bbox 2234 3373 2383 3445; x_wconf 78' lang='lat' dir='ltr'><strong>regni</strong></span> <span class='ocrx_word' id='word_1_552' title='bbox 2404 3373 2524 3442; x_wconf 87' lang='lat' dir='ltr'><strong>Dei,</strong></span> <span class='ocrx_word' id='word_1_553' title='bbox 2547 3381 2602 3427; x_wconf 91' lang='lat' dir='ltr'><strong>et</strong></span> <span class='ocrx_word' id='word_1_554' title='bbox 2623 3373 3058 3439; x_wconf 88' lang='lat' dir='ltr'><strong>resurrectionis,</strong></span> <span class='ocrx_word' id='word_1_555' title='bbox 3085 3378 3142 3426; x_wconf 89' lang='lat' dir='ltr'><strong>ut</strong></span> <span class='ocrx_word' id='word_1_556' title='bbox 3160 3369 3292 3424; x_wconf 87' lang='lat' dir='ltr'><strong>nihil</strong></span> <span class='ocrx_word' id='word_1_557' title='bbox 3315 3384 3506 3424; x_wconf 88' lang='lat' dir='ltr'><strong>eorum</strong></span> <span class='ocrx_word' id='word_1_558' title='bbox 3526 3367 3581 3422; x_wconf 90' lang='lat' dir='ltr'><strong>in</strong></span> <span class='ocrx_word' id='word_1_559' title='bbox 3604 3381 3770 3438; x_wconf 83' lang='lat' dir='ltr'><strong>para-</strong></span> 
     </span>
    </p>
   </div>
   <div class='ocr_carea' id='block_1_75' title="bbox 2160 3456 3767 3535">
    <p class='ocr_par' dir='ltr' id='par_1_75' title="bbox 2160 3456 3767 3535">
     <span class='ocr_line' id='line_1_75' title="bbox 2160 3456 3767 3535; baseline -0.005 -18"><span class='ocrx_word' id='word_1_560' title='bbox 2160 3461 2340 3519; x_wconf 90' lang='lat' dir='ltr'><strong>bolam</strong></span> <span class='ocrx_word' id='word_1_561' title='bbox 2368 3461 2647 3533; x_wconf 88' lang='lat' dir='ltr'><strong>comprimi</strong></span> <span class='ocrx_word' id='word_1_562' title='bbox 2672 3463 2868 3535; x_wconf 87' lang='lat' dir='ltr'><strong>possit;</strong></span> <span class='ocrx_word' id='word_1_563' title='bbox 2893 3478 2992 3517; x_wconf 91' lang='lat' dir='ltr'><strong>nec</strong></span> <span class='ocrx_word' id='word_1_564' title='bbox 3021 3475 3088 3515; x_wconf 90' lang='lat' dir='ltr'><strong>ea</strong></span> <span class='ocrx_word' id='word_1_565' title='bbox 3112 3459 3166 3513; x_wconf 90' lang='lat' dir='ltr'><strong>in</strong></span> <span class='ocrx_word' id='word_1_566' title='bbox 3197 3457 3477 3529; x_wconf 89' lang='lat' dir='ltr'><strong>parabolas</strong></span> <span class='ocrx_word' id='word_1_567' title='bbox 3505 3456 3767 3527; x_wconf 86' lang='lat' dir='ltr'><strong>compel-</strong></span> 
     </span>
    </p>
   </div>
   <div class='ocr_carea' id='block_1_76' title="bbox 2160 3545 3769 3624">
    <p class='ocr_par' dir='ltr' id='par_1_76' title="bbox 2160 3545 3769 3624">
     <span class='ocr_line' id='line_1_76' title="bbox 2160 3545 3769 3624; baseline -0.006 -15"><span class='ocrx_word' id='word_1_568' title='bbox 2160 3553 2355 3617; x_wconf 90' lang='lat' dir='ltr'><strong>lantur,</strong></span> <span class='ocrx_word' id='word_1_569' title='bbox 2390 3568 2513 3623; x_wconf 85' lang='lat' dir='ltr'><strong>quae</strong></span> <span class='ocrx_word' id='word_1_570' title='bbox 2544 3552 2611 3607; x_wconf 89' lang='lat' dir='ltr'><strong>ad</strong></span> <span class='ocrx_word' id='word_1_571' title='bbox 2637 3551 3044 3624; x_wconf 85' lang='lat' dir='ltr'><strong>dispositionem</strong></span> <span class='ocrx_word' id='word_1_572' title='bbox 3070 3549 3140 3618; x_wconf 78' lang='lat'><strong>58,</strong></span> <span class='ocrx_word' id='word_1_573' title='bbox 3164 3554 3218 3603; x_wconf 89' lang='lat' dir='ltr'><strong>et</strong></span> <span class='ocrx_word' id='word_1_574' title='bbox 3237 3545 3678 3613; x_wconf 88' lang='lat' dir='ltr'><strong>transactionem,</strong></span> <span class='ocrx_word' id='word_1_575' title='bbox 3701 3552 3769 3600; x_wconf 85' lang='lat' dir='ltr'><strong>et</strong></span> 
     </span>
    </p>
   </div>
   <div class='ocr_carea' id='block_1_77' title="bbox 2160 3632 3771 3715">
    <p class='ocr_par' dir='ltr' id='par_1_77' title="bbox 2160 3632 3771 3715">
     <span class='ocr_line' id='line_1_77' title="bbox 2160 3632 3771 3715; baseline -0.004 -20"><span class='ocrx_word' id='word_1_576' title='bbox 2160 3640 2463 3711; x_wconf 91' lang='lat' dir='ltr'><strong>passionem</strong></span> <span class='ocrx_word' id='word_1_577' title='bbox 2510 3640 2686 3715; x_wconf 85' lang='lat' dir='ltr'><strong>regni,</strong></span> <span class='ocrx_word' id='word_1_578' title='bbox 2727 3640 2949 3713; x_wconf 91' lang='lat' dir='ltr'><strong>judicii,</strong></span> <span class='ocrx_word' id='word_1_579' title='bbox 2999 3646 3052 3696; x_wconf 91' lang='lat' dir='ltr'><strong>et</strong></span> <span class='ocrx_word' id='word_1_580' title='bbox 3097 3634 3507 3694; x_wconf 89' lang='lat' dir='ltr'><strong>resurrectionis</strong></span> <span class='ocrx_word' id='word_1_581' title='bbox 3552 3632 3771 3705; x_wconf 62' lang='lat' dir='ltr'><strong>praedi-</strong></span> 
     </span>
    </p>
   </div>
   <div class='ocr_carea' id='block_1_78' title="bbox 2164 3723 3776 3803">
    <p class='ocr_par' dir='ltr' id='par_1_78' title="bbox 2164 3723 3776 3803">
     <span class='ocr_line' id='line_1_78' title="bbox 2164 3723 3776 3803; baseline -0.006 -16"><span class='ocrx_word' id='word_1_582' title='bbox 2164 3738 2355 3787; x_wconf 86' lang='lat' dir='ltr'><strong>cantur</strong></span> <span class='ocrx_word' id='word_1_583' title='bbox 2383 3730 2493 3800; x_wconf 72' lang='lat'><strong>(51)</strong></span> <span class='ocrx_word' id='word_1_584' title='bbox 2518 3748 2533 3802; x_wconf 84' lang='lat'><strong>;</strong></span> <span class='ocrx_word' id='word_1_585' title='bbox 2564 3738 2727 3803; x_wconf 87' lang='lat' dir='ltr'><strong>atque</strong></span> <span class='ocrx_word' id='word_1_586' title='bbox 2768 3730 2843 3787; x_wconf 89' lang='lat' dir='ltr'><strong>ita</strong></span> <span class='ocrx_word' id='word_1_587' title='bbox 2878 3726 3186 3800; x_wconf 90' lang='lat' dir='ltr'><strong>corporalia</strong></span> <span class='ocrx_word' id='word_1_588' title='bbox 3213 3724 3570 3781; x_wconf 90' lang='lat' dir='ltr'><strong>defendantur</strong></span> <span class='ocrx_word' id='word_1_589' title='bbox 3598 3723 3676 3791; x_wconf 82' lang='lat'><strong>59,</strong></span> <span class='ocrx_word' id='word_1_590' title='bbox 3704 3730 3776 3778; x_wconf 84' lang='lat' dir='ltr'><strong>ut</strong></span> 
     </span>
    </p>
   </div>
   <div class='ocr_carea' id='block_1_79' title="bbox 2167 3811 3781 3890">
    <p class='ocr_par' dir='ltr' id='par_1_79' title="bbox 2167 3811 3781 3890">
     <span class='ocr_line' id='line_1_79' title="bbox 2167 3811 3781 3890; baseline -0.004 -18"><span class='ocrx_word' id='word_1_591' title='bbox 2167 3817 2541 3889; x_wconf 89' lang='lat' dir='ltr'><strong>corporalibus</strong></span> <span class='ocrx_word' id='word_1_592' title='bbox 2587 3818 2867 3890; x_wconf 87' lang='lat' dir='ltr'><strong>destinata,</strong></span> <span class='ocrx_word' id='word_1_593' title='bbox 2914 3816 2968 3873; x_wconf 92' lang='lat' dir='ltr'><strong>id</strong></span> <span class='ocrx_word' id='word_1_594' title='bbox 2999 3823 3100 3887; x_wconf 91' lang='lat' dir='ltr'><strong>est,</strong></span> <span class='ocrx_word' id='word_1_595' title='bbox 3129 3829 3243 3869; x_wconf 90' lang='lat' dir='ltr'><strong>non</strong></span> <span class='ocrx_word' id='word_1_596' title='bbox 3291 3811 3607 3884; x_wconf 88' lang='lat' dir='ltr'><strong>spiritualia,</strong></span> <span class='ocrx_word' id='word_1_597' title='bbox 3637 3811 3781 3882; x_wconf 81' lang='lat' dir='ltr'><strong>quia</strong></span> 
     </span>
    </p>
   </div>
   <div class='ocr_carea' id='block_1_80' title="bbox 2167 3900 3779 3978">
    <p class='ocr_par' dir='ltr' id='par_1_80' title="bbox 2167 3900 3779 3978">
     <span class='ocr_line' id='line_1_80' title="bbox 2167 3900 3779 3978; baseline -0.004 -17"><span class='ocrx_word' id='word_1_598' title='bbox 2167 3921 2275 3962; x_wconf 90' lang='lat' dir='ltr'><strong>non</strong></span> <span class='ocrx_word' id='word_1_599' title='bbox 2332 3906 2559 3978; x_wconf 82' lang='lat' dir='ltr'><strong>ﬁgurata</strong></span> <span class='ocrx_word' id='word_1_600' title='bbox 2614 3910 2743 3977; x_wconf 80' lang='lat'><strong>(52).</strong></span> <span class='ocrx_word' id='word_1_601' title='bbox 2796 3908 2936 3964; x_wconf 86' lang='lat' dir='ltr'><strong>Nam</strong></span> <span class='ocrx_word' id='word_1_602' title='bbox 2994 3915 3048 3963; x_wconf 90' lang='lat' dir='ltr'><strong>et</strong></span> <span class='ocrx_word' id='word_1_603' title='bbox 3092 3905 3216 3961; x_wconf 91' lang='lat' dir='ltr'><strong>ideo</strong></span> <span class='ocrx_word' id='word_1_604' title='bbox 3268 3900 3681 3975; x_wconf 67' lang='lat' dir='ltr'><strong>praestruximus</strong></span> <span class='ocrx_word' id='word_1_605' title='bbox 3716 3900 3779 3938; x_wconf 77' lang='lat'><strong>5°</strong></span> 
     </span>
    </p>
   </div>
   <div class='ocr_carea' id='block_1_81' title="bbox 1828 4039 2366 4106">
    <p class='ocr_par' dir='ltr' id='par_1_81' title="bbox 1828 4039 2366 4106">
     <span class='ocr_line' id='line_1_81' title="bbox 1828 4039 2366 4106; baseline 0.006 -3"><span class='ocrx_word' id='word_1_606' title='bbox 1828 4039 2025 4103; x_wconf 70' lang='lat' dir='ltr'><strong>Varim</strong></span> <span class='ocrx_word' id='word_1_607' title='bbox 2054 4043 2366 4106; x_wconf 90' lang='lat' dir='ltr'><strong>lectiones.</strong></span> 
     </span>
    </p>
   </div>
   <div class='ocr_carea' id='block_1_82' title="bbox 536 4156 3773 4235">
    <p class='ocr_par' dir='ltr' id='par_1_82' title="bbox 536 4156 3773 4235">
     <span class='ocr_line' id='line_1_82' title="bbox 536 4156 3773 4235; baseline -0.002 -19"><span class='ocrx_word' id='word_1_608' title='bbox 536 4161 586 4235; x_wconf 63' lang='lat'><strong>’{5</strong></span> <span class='ocrx_word' id='word_1_609' title='bbox 612 4158 989 4235; x_wconf 82' lang='lat' dir='ltr'><strong>Redhibitione</strong></span> <span class='ocrx_word' id='word_1_610' title='bbox 1018 4162 1209 4235; x_wconf 55' lang='lat' dir='ltr'><strong>Pam.</strong></span> <span class='ocrx_word' id='word_1_611' title='bbox 1238 4163 1410 4235; x_wconf 67' lang='lat' dir='ltr'><strong>If‘ran.</strong></span> <span class='ocrx_word' id='word_1_612' title='bbox 1441 4161 1488 4198; x_wconf 70' lang='grc' dir='ltr'><strong><em>ἰτ</em></strong></span> <span class='ocrx_word' id='word_1_613' title='bbox 1521 4159 1815 4235; x_wconf 78' lang='lat' dir='ltr'><strong>Utramque</strong></span> <span class='ocrx_word' id='word_1_614' title='bbox 1842 4162 2213 4235; x_wconf 83' lang='lat' dir='ltr'><strong>substantiam.</strong></span> <span class='ocrx_word' id='word_1_615' title='bbox 2247 4180 2463 4220; x_wconf 89' lang='lat' dir='ltr'><strong>carnem</strong></span> <span class='ocrx_word' id='word_1_616' title='bbox 2491 4172 2649 4235; x_wconf 89' lang='lat' dir='ltr'><strong>atque</strong></span> <span class='ocrx_word' id='word_1_617' title='bbox 2676 4163 2911 4218; x_wconf 89' lang='lat' dir='ltr'><strong>animam</strong></span> <span class='ocrx_word' id='word_1_618' title='bbox 2939 4164 3061 4235; x_wconf 32' lang='lat' dir='ltr'><strong>Rig‘.</strong></span> <span class='ocrx_word' id='word_1_619' title='bbox 3100 4162 3220 4217; x_wconf 86' lang='lat' dir='ltr'><strong>Ven.</strong></span> <span class='ocrx_word' id='word_1_620' title='bbox 3252 4160 3302 4235; x_wconf 52' lang='lat' dir='ltr'><strong>“f3</strong></span> <span class='ocrx_word' id='word_1_621' title='bbox 3320 4156 3773 4235; x_wconf 38' lang='lat' dir='ltr'><strong>EvomiturALat.</strong></span> 
     </span>
    </p>
   </div>
   <div class='ocr_carea' id='block_1_83' title="bbox 466 4228 3775 4307">
    <p class='ocr_par' dir='ltr' id='par_1_83' title="bbox 466 4228 3775 4307">
     <span class='ocr_line' id='line_1_83' title="bbox 466 4228 3775 4307; baseline -0.001 -20"><span class='ocrx_word' id='word_1_622' title='bbox 466 4232 516 4307; x_wconf 62' lang='grc' dir='ltr'><strong>⁸ξεῖ</strong></span> <span class='ocrx_word' id='word_1_623' title='bbox 534 4232 756 4307; x_wconf 30' lang='lat' dir='ltr'><strong>Qua‘vel</strong></span> <span class='ocrx_word' id='word_1_624' title='bbox 774 4232 931 4307; x_wconf 75' lang='lat' dir='ltr'><strong>quasi</strong></span> <span class='ocrx_word' id='word_1_625' title='bbox 963 4234 1142 4307; x_wconf 58' lang='grc' dir='ltr'><strong>Πήρη.Δ</strong></span> <span class='ocrx_word' id='word_1_626' title='bbox 1166 4233 1216 4307; x_wconf 67' lang='grc'><strong>⁵9</strong></span> <span class='ocrx_word' id='word_1_627' title='bbox 1242 4232 1484 4287; x_wconf 68' lang='lat' dir='ltr'><strong>Condita:</strong></span> <span class='ocrx_word' id='word_1_628' title='bbox 1518 4233 1689 4287; x_wconf 80' lang='lat' dir='ltr'><strong>Rhen.</strong></span> <span class='ocrx_word' id='word_1_629' title='bbox 1716 4228 1881 4307; x_wconf 66' lang='lat' dir='ltr'><strong>Sqml.</strong></span> <span class='ocrx_word' id='word_1_630' title='bbox 1912 4235 1955 4307; x_wconf 59' lang='grc' dir='ltr'><strong>δι</strong></span> <span class='ocrx_word' id='word_1_631' title='bbox 1987 4234 2339 4307; x_wconf 82' lang='lat' dir='ltr'><strong>Bestiasferas</strong></span> <span class='ocrx_word' id='word_1_632' title='bbox 2366 4237 2540 4307; x_wconf 75' lang='lat' dir='ltr'><strong>Rhen.</strong></span> <span class='ocrx_word' id='word_1_633' title='bbox 2563 4228 2743 4292; x_wconf 54' lang='lat' dir='ltr'><strong>&#39;Seml.</strong></span> <span class='ocrx_word' id='word_1_634' title='bbox 2773 4235 2822 4272; x_wconf 73' lang='grc'><strong>⁵2</strong></span> <span class='ocrx_word' id='word_1_635' title='bbox 2852 4228 3196 4307; x_wconf 74' lang='lat' dir='ltr'><strong>Transﬁgunt</strong></span> <span class='ocrx_word' id='word_1_636' title='bbox 3226 4230 3399 4307; x_wconf 80' lang='lat' dir='ltr'><strong>Rhen.</strong></span> <span class='ocrx_word' id='word_1_637' title='bbox 3440 4228 3775 4307; x_wconf 51' lang='grc' dir='ltr'><strong>Βὴλ-δεηιῇ</strong></span> 
     </span>
    </p>
   </div>
   <div class='ocr_carea' id='block_1_84' title="bbox 475 4298 3779 4375">
    <p class='ocr_par' dir='ltr' id='par_1_84' title="bbox 475 4298 3779 4375">
     <span class='ocr_line' id='line_1_84' title="bbox 475 4298 3779 4375; baseline -0.002 -16"><span class='ocrx_word' id='word_1_638' title='bbox 475 4298 607 4375; x_wconf 67' lang='lat' dir='ltr'><strong>Ven.</strong></span> <span class='ocrx_word' id='word_1_639' title='bbox 630 4303 679 4341; x_wconf 82' lang='grc'><strong>⁵³</strong></span> <span class='ocrx_word' id='word_1_640' title='bbox 704 4298 943 4362; x_wconf 76' lang='grc' dir='ltr'><strong>Αίίἀᾰίί.</strong></span> <span class='ocrx_word' id='word_1_641' title='bbox 976 4304 1149 4374; x_wconf 69' lang='grc' dir='ltr'><strong>Ιίί9.⁵⁵·</strong></span> <span class='ocrx_word' id='word_1_642' title='bbox 1180 4303 1293 4357; x_wconf 86' lang='lat' dir='ltr'><strong>Jam</strong></span> <span class='ocrx_word' id='word_1_643' title='bbox 1334 4319 1394 4375; x_wconf 87' lang='lat' dir='ltr'><strong>_n.</strong></span> <span class='ocrx_word' id='word_1_644' title='bbox 1433 4319 1485 4375; x_wconf 86' lang='lat' dir='ltr'><strong>a.</strong></span> <span class='ocrx_word' id='word_1_645' title='bbox 1520 4318 1709 4375; x_wconf 85' lang='lat' dir='ltr'><strong>omnes</strong></span> <span class='ocrx_word' id='word_1_646' title='bbox 1738 4304 1782 4358; x_wconf 86' lang='lat' dir='ltr'><strong>si</strong></span> <span class='ocrx_word' id='word_1_647' title='bbox 1815 4321 1868 4357; x_wconf 91' lang='lat' dir='ltr'><strong>n.</strong></span> <span class='ocrx_word' id='word_1_648' title='bbox 1891 4306 1954 4357; x_wconf 84' lang='lat' dir='ltr'><strong>ad</strong></span> <span class='ocrx_word' id='word_1_649' title='bbox 1971 4322 2024 4359; x_wconf 90' lang='grc' dir='ltr'><strong>ο.</strong></span> <span class='ocrx_word' id='word_1_650' title='bbox 2060 4304 2112 4358; x_wconf 90' lang='lat' dir='ltr'><strong>in</strong></span> <span class='ocrx_word' id='word_1_651' title='bbox 2143 4306 2410 4375; x_wconf 90' lang='lat' dir='ltr'><strong>parabolis</strong></span> <span class='ocrx_word' id='word_1_652' title='bbox 2440 4308 2642 4363; x_wconf 86' lang='lat' dir='ltr'><strong>absunt</strong></span> <span class='ocrx_word' id='word_1_653' title='bbox 2664 4324 2698 4361; x_wconf 91' lang='lat' dir='ltr'><strong>a</strong></span> <span class='ocrx_word' id='word_1_654' title='bbox 2738 4308 2865 4363; x_wconf 86' lang='lat' dir='ltr'><strong>Ven.</strong></span> <span class='ocrx_word' id='word_1_655' title='bbox 2895 4305 2943 4342; x_wconf 84' lang='grc'><strong>⁵⁵</strong></span> <span class='ocrx_word' id='word_1_656' title='bbox 2964 4298 3275 4359; x_wconf 70' lang='lat' dir='ltr'><strong>Parabolam</strong></span> <span class='ocrx_word' id='word_1_657' title='bbox 3305 4302 3459 4375; x_wconf 77' lang='lat' dir='ltr'><strong>abest</strong></span> <span class='ocrx_word' id='word_1_658' title='bbox 3490 4298 3685 4375; x_wconf 68' lang='lat' dir='ltr'><strong>a_l’gr.</strong></span> <span class='ocrx_word' id='word_1_659' title='bbox 3719 4298 3779 4334; x_wconf 70' lang='lat'><strong>55</strong></span> 
     </span>
    </p>
   </div>
   <div class='ocr_carea' id='block_1_85' title="bbox 465 4369 3775 4449">
    <p class='ocr_par' dir='ltr' id='par_1_85' title="bbox 465 4369 3775 4449">
     <span class='ocr_line' id='line_1_85' title="bbox 465 4369 3775 4449; baseline -0.002 -21"><span class='ocrx_word' id='word_1_660' title='bbox 465 4372 807 4449; x_wconf 80' lang='lat' dir='ltr'><strong>Adumbrant</strong></span> <span class='ocrx_word' id='word_1_661' title='bbox 830 4376 1009 4449; x_wconf 79' lang='lat' dir='ltr'><strong>_Rhen.</strong></span> <span class='ocrx_word' id='word_1_662' title='bbox 1045 4369 1217 4432; x_wconf 76' lang='lat' dir='ltr'><strong>Seml.</strong></span> <span class='ocrx_word' id='word_1_663' title='bbox 1247 4375 1293 4412; x_wconf 76' lang='lat'><strong>57</strong></span> <span class='ocrx_word' id='word_1_664' title='bbox 1313 4372 1575 4431; x_wconf 79' lang='lat' dir='ltr'><strong>Absoluta</strong></span> <span class='ocrx_word' id='word_1_665' title='bbox 1590 4374 1762 4431; x_wconf 81' lang='lat' dir='ltr'><strong>Rhen.</strong></span> <span class='ocrx_word' id='word_1_666' title='bbox 1799 4369 2506 4447; x_wconf 78' lang='lat' dir='ltr'><strong>Seml.53Dispensationem</strong></span> <span class='ocrx_word' id='word_1_667' title='bbox 2537 4377 2723 4449; x_wconf 77' lang='lat' dir='ltr'><strong>Rig.59</strong></span> <span class='ocrx_word' id='word_1_668' title='bbox 2746 4376 3116 4432; x_wconf 80' lang='lat' dir='ltr'><strong>Defendentur</strong></span> <span class='ocrx_word' id='word_1_669' title='bbox 3136 4376 3294 4430; x_wconf 88' lang='lat' dir='ltr'><strong>Pam.</strong></span> <span class='ocrx_word' id='word_1_670' title='bbox 3328 4370 3571 4428; x_wconf 71' lang='lat' dir='ltr'><strong>Rhea.60</strong></span> <span class='ocrx_word' id='word_1_671' title='bbox 3590 4369 3775 4424; x_wconf 84' lang='lat' dir='ltr'><strong>Praes-</strong></span> 
     </span>
    </p>
   </div>
   <div class='ocr_carea' id='block_1_86' title="bbox 466 4445 951 4502">
    <p class='ocr_par' dir='ltr' id='par_1_86' title="bbox 466 4445 951 4502">
     <span class='ocr_line' id='line_1_86' title="bbox 466 4445 951 4502; baseline 0.004 -3"><span class='ocrx_word' id='word_1_672' title='bbox 466 4445 746 4501; x_wconf 83' lang='lat' dir='ltr'><strong>trinximus</strong></span> <span class='ocrx_word' id='word_1_673' title='bbox 774 4445 951 4502; x_wconf 81' lang='lat' dir='ltr'><strong>Rhen.</strong></span> 
     </span>
    </p>
   </div>
   <div class='ocr_carea' id='block_1_87' title="bbox 1862 4550 2357 4618">
    <p class='ocr_par' dir='ltr' id='par_1_87' title="bbox 1862 4550 2357 4618">
     <span class='ocr_line' id='line_1_87' title="bbox 1862 4550 2357 4618; baseline 0.01 -5"><span class='ocrx_word' id='word_1_674' title='bbox 1862 4550 2357 4618; x_wconf 87' lang='lat' dir='ltr'><strong>Commentarius.</strong></span> 
     </span>
    </p>
   </div>
   <div class='ocr_carea' id='block_1_88' title="bbox 545 4662 3777 4769">
    <p class='ocr_par' dir='ltr' id='par_1_88' title="bbox 545 4662 3777 4769">
     <span class='ocr_line' id='line_1_88' title="bbox 545 4662 3777 4769; baseline -0.003 -39"><span class='ocrx_word' id='word_1_675' title='bbox 545 4676 852 4769; x_wconf 43' lang='lat' dir='ltr'><strong>(47)VSalvo</strong></span> <span class='ocrx_word' id='word_1_676' title='bbox 873 4693 933 4734; x_wconf 90' lang='lat' dir='ltr'><strong>eo</strong></span> <span class='ocrx_word' id='word_1_677' title='bbox 962 4676 1105 4769; x_wconf 55' lang='lat' dir='ltr'><strong>quoLd</strong></span> <span class='ocrx_word' id='word_1_678' title='bbox 1134 4681 1188 4733; x_wconf 88' lang='lat' dir='ltr'><strong>et</strong></span> <span class='ocrx_word' id='word_1_679' title='bbox 1208 4676 1430 4769; x_wconf 50' lang='lat' dir='ltr'><strong>bestias,</strong></span> <span class='ocrx_word' id='word_1_680' title='bbox 1445 4675 1759 4769; x_wconf 37' lang='lat' dir='ltr'><strong>Lerqsnlelc.</strong></span> <span class='ocrx_word' id='word_1_681' title='bbox 1791 4674 2055 4769; x_wconf 44' lang='lat' dir='ltr'><strong>No‘nab’s-</strong></span> <span class='ocrx_word' id='word_1_682' title='bbox 2094 4693 2139 4769; x_wconf 70' lang='grc' dir='ltr'><strong>Β</strong></span> <span class='ocrx_word' id='word_1_683' title='bbox 2171 4677 2585 4769; x_wconf 61' lang='lat' dir='ltr'><strong>interpretantes</strong></span> <span class='ocrx_word' id='word_1_684' title='bbox 2634 4662 2861 4748; x_wconf 67' lang='lat' dir='ltr'><strong>ﬁg&#39;urate</strong></span> <span class='ocrx_word' id='word_1_685' title='bbox 2894 4686 2943 4732; x_wconf 86' lang='lat' dir='ltr'><strong>et</strong></span> <span class='ocrx_word' id='word_1_686' title='bbox 2972 4672 3424 4769; x_wconf 30' lang='lat' dir='ltr'><strong>parabqlicencur</strong></span> <span class='ocrx_word' id='word_1_687' title='bbox 3454 4686 3561 4769; x_wconf 64' lang='lat' dir='ltr'><strong>nor]</strong></span> <span class='ocrx_word' id='word_1_688' title='bbox 3591 4676 3663 4769; x_wconf 34' lang='lat' dir='ltr'><strong>et:</strong></span> <span class='ocrx_word' id='word_1_689' title='bbox 3682 4684 3777 4769; x_wconf 61' lang='lat' dir='ltr'><strong>ea:</strong></span> 
     </span>
    </p>
   </div>
   <div class='ocr_carea' id='block_1_89' title="bbox 467 4745 2057 4820">
    <p class='ocr_par' dir='ltr' id='par_1_89' title="bbox 467 4745 2057 4820">
     <span class='ocr_line' id='line_1_89' title="bbox 467 4745 2057 4820; baseline -0.003 -16"><span class='ocrx_word' id='word_1_690' title='bbox 467 4765 572 4820; x_wconf 91' lang='lat' dir='ltr'><strong>que</strong></span> <span class='ocrx_word' id='word_1_691' title='bbox 613 4748 791 4817; x_wconf 85' lang='lat' dir='ltr'><strong>aliqua</strong></span> <span class='ocrx_word' id='word_1_692' title='bbox 813 4745 1009 4820; x_wconf 73' lang='lat' dir='ltr'><strong>ironia</strong></span> <span class='ocrx_word' id='word_1_693' title='bbox 1056 4749 1171 4801; x_wconf 69' lang='lat' dir='ltr'><strong>haec</strong></span> <span class='ocrx_word' id='word_1_694' title='bbox 1217 4747 1358 4820; x_wconf 84' lang='lat' dir='ltr'><strong>dicta</strong></span> <span class='ocrx_word' id='word_1_695' title='bbox 1386 4762 1414 4799; x_wconf 91' lang='lat' dir='ltr'><strong>a</strong></span> <span class='ocrx_word' id='word_1_696' title='bbox 1445 4745 1779 4820; x_wconf 79' lang='lat' dir='ltr'><strong>Tertulliano</strong></span> <span class='ocrx_word' id='word_1_697' title='bbox 1808 4746 2057 4820; x_wconf 78' lang='lat' dir='ltr'><strong>subindi-</strong></span> 
     </span>
    </p>
   </div>
   <div class='ocr_carea' id='block_1_90' title="bbox 467 4816 2059 4889">
    <p class='ocr_par' dir='ltr' id='par_1_90' title="bbox 467 4816 2059 4889">
     <span class='ocr_line' id='line_1_90' title="bbox 467 4816 2059 4889; baseline -0.002 -15"><span class='ocrx_word' id='word_1_698' title='bbox 467 4816 588 4874; x_wconf 78' lang='lat' dir='ltr'><strong>eant</strong></span> <span class='ocrx_word' id='word_1_699' title='bbox 625 4816 763 4873; x_wconf 81' lang='lat' dir='ltr'><strong>hanc</strong></span> <span class='ocrx_word' id='word_1_700' title='bbox 810 4818 1294 4889; x_wconf 88' lang='lat' dir='ltr'><strong>interpretationem</strong></span> <span class='ocrx_word' id='word_1_701' title='bbox 1344 4816 1713 4889; x_wconf 68' lang='lat' dir='ltr'><strong>haereticorum</strong></span> <span class='ocrx_word' id='word_1_702' title='bbox 1760 4816 1824 4869; x_wconf 92' lang='lat' dir='ltr'><strong>ad</strong></span> <span class='ocrx_word' id='word_1_703' title='bbox 1883 4816 2059 4872; x_wconf 92' lang='lat' dir='ltr'><strong>locum</strong></span> 
     </span>
    </p>
   </div>
   <div class='ocr_carea' id='block_1_91' title="bbox 467 4888 2053 4957">
    <p class='ocr_par' dir='ltr' id='par_1_91' title="bbox 467 4888 2053 4957">
     <span class='ocr_line' id='line_1_91' title="bbox 467 4888 2053 4957; baseline -0.002 -12"><span class='ocrx_word' id='word_1_704' title='bbox 467 4890 605 4945; x_wconf 89' lang='lat' dir='ltr'><strong>Gen.</strong></span> <span class='ocrx_word' id='word_1_705' title='bbox 640 4905 723 4950; x_wconf 71' lang='grc' dir='ltr'><strong>ιχ,</strong></span> <span class='ocrx_word' id='word_1_706' title='bbox 753 4906 912 4957; x_wconf 87' lang='lat' dir='ltr'><strong>quem</strong></span> <span class='ocrx_word' id='word_1_707' title='bbox 945 4888 1116 4957; x_wconf 91' lang='lat' dir='ltr'><strong>nuper</strong></span> <span class='ocrx_word' id='word_1_708' title='bbox 1156 4889 1450 4943; x_wconf 73' lang='lat' dir='ltr'><strong>insinuavit</strong></span> <span class='ocrx_word' id='word_1_709' title='bbox 1486 4888 1709 4953; x_wconf 86' lang='lat' dir='ltr'><strong>Auctor,</strong></span> <span class='ocrx_word' id='word_1_710' title='bbox 1739 4896 1790 4940; x_wconf 92' lang='lat' dir='ltr'><strong>et</strong></span> <span class='ocrx_word' id='word_1_711' title='bbox 1818 4902 1932 4956; x_wconf 89' lang='lat' dir='ltr'><strong>cap.</strong></span> <span class='ocrx_word' id='word_1_712' title='bbox 1964 4891 2053 4956; x_wconf 85' lang='lat'><strong>28,</strong></span> 
     </span>
    </p>
   </div>
   <div class='ocr_carea' id='block_1_92' title="bbox 468 4958 2055 5027">
    <p class='ocr_par' dir='ltr' id='par_1_92' title="bbox 468 4958 2055 5027">
     <span class='ocr_line' id='line_1_92' title="bbox 468 4958 2055 5027; baseline -0.002 -13"><span class='ocrx_word' id='word_1_713' title='bbox 468 4965 713 5014; x_wconf 89' lang='lat' dir='ltr'><strong>attulerat</strong></span> <span class='ocrx_word' id='word_1_714' title='bbox 742 4959 806 5012; x_wconf 91' lang='lat' dir='ltr'><strong>ad</strong></span> <span class='ocrx_word' id='word_1_715' title='bbox 865 4959 1197 5027; x_wconf 85' lang='lat' dir='ltr'><strong>probandam</strong></span> <span class='ocrx_word' id='word_1_716' title='bbox 1245 4960 1405 5016; x_wconf 88' lang='lat' dir='ltr'><strong>etiam</strong></span> <span class='ocrx_word' id='word_1_717' title='bbox 1452 4958 1917 5014; x_wconf 88' lang='lat' dir='ltr'><strong>resurrectionem.</strong></span> <span class='ocrx_word' id='word_1_718' title='bbox 1950 4958 2055 5013; x_wconf 92' lang='lat' dir='ltr'><strong>Sed</strong></span> 
     </span>
    </p>
   </div>
   <div class='ocr_carea' id='block_1_93' title="bbox 469 5029 2057 5155">
    <p class='ocr_par' dir='ltr' id='par_1_93' title="bbox 469 5029 2057 5155">
     <span class='ocr_line' id='line_1_93' title="bbox 469 5029 2057 5155; baseline -0.001 -72"><span class='ocrx_word' id='word_1_719' title='bbox 469 5030 736 5155; x_wconf 36' lang='lat' dir='ltr'><strong>.elgfugilpm</strong></span> <span class='ocrx_word' id='word_1_720' title='bbox 786 5031 1157 5087; x_wconf 65' lang='lat' dir='ltr'><strong>haereticorum</strong></span> <span class='ocrx_word' id='word_1_721' title='bbox 1213 5032 1389 5086; x_wconf 85' lang='lat' dir='ltr'><strong>statim</strong></span> <span class='ocrx_word' id='word_1_722' title='bbox 1443 5032 1609 5102; x_wconf 61' lang='lat' dir='ltr'><strong>erupit</strong></span> <span class='ocrx_word' id='word_1_723' title='bbox 1648 5038 1954 5099; x_wconf 85' lang='lat' dir='ltr'><strong>retorquere</strong></span> <span class='ocrx_word' id='word_1_724' title='bbox 2002 5029 2057 5082; x_wconf 88' lang='lat' dir='ltr'><strong>in</strong></span> 
     </span>
     <span class='ocr_line' id='line_1_94' title="bbox 469 5115 763 5154; baseline -0.007 0"><span class='ocrx_word' id='word_1_725' title='bbox 469 5118 482 5154; x_wconf 86' lang='grc' dir='ltr'>ι</span> <span class='ocrx_word' id='word_1_726' title='bbox 529 5116 604 5154; x_wconf 91' lang='lat' dir='ltr'><strong>os.</strong></span> <span class='ocrx_word' id='word_1_727' title='bbox 675 5115 763 5154; x_wconf 61' lang='lat' dir='ltr'><strong>ac.</strong></span> 
     </span>
    </p>
   </div>
   <div class='ocr_carea' id='block_1_94' title="bbox 469 5115 763 5154">
    <p class='ocr_par' dir='ltr' id='par_1_94' title="bbox 469 5115 763 5154">
     <span class='ocr_line' id='line_1_95' title="bbox 469 5115 763 5154; baseline -0.007 0"><span class='ocrx_word' id='word_1_728' title='bbox 469 5115 604 5154; x_wconf 87' lang='lat' dir='ltr'><strong>lllOS.</strong></span> <span class='ocrx_word' id='word_1_729' title='bbox 636 5115 763 5154; x_wconf 79' lang='lat' dir='ltr'><strong>LAC.</strong></span> 
     </span>
    </p>
   </div>
   <div class='ocr_carea' id='block_1_95' title="bbox 541 5170 2057 5243">
    <p class='ocr_par' dir='ltr' id='par_1_95' title="bbox 541 5170 2057 5243">
     <span class='ocr_line' id='line_1_96' title="bbox 541 5170 2057 5243; baseline -0.001 -18"><span class='ocrx_word' id='word_1_730' title='bbox 541 5170 652 5241; x_wconf 83' lang='grc'><strong>(48)</strong></span> <span class='ocrx_word' id='word_1_731' title='bbox 676 5173 786 5227; x_wconf 87' lang='lat' dir='ltr'><strong>Cur</strong></span> <span class='ocrx_word' id='word_1_732' title='bbox 803 5174 850 5226; x_wconf 90' lang='lat' dir='ltr'><strong>si</strong></span> <span class='ocrx_word' id='word_1_733' title='bbox 870 5173 1091 5243; x_wconf 82' lang='lat' dir='ltr'><strong>quando</strong></span> <span class='ocrx_word' id='word_1_734' title='bbox 1128 5174 1191 5227; x_wconf 89' lang='lat' dir='ltr'><strong>in</strong></span> <span class='ocrx_word' id='word_1_735' title='bbox 1230 5175 1485 5228; x_wconf 87' lang='lat' dir='ltr'><strong>animam</strong></span> <span class='ocrx_word' id='word_1_736' title='bbox 1532 5171 1665 5243; x_wconf 86' lang='lat' dir='ltr'><strong>quid</strong></span> <span class='ocrx_word' id='word_1_737' title='bbox 1710 5172 2057 5243; x_wconf 84' lang='lat' dir='ltr'><strong>pronuntia-</strong></span> 
     </span>
    </p>
   </div>
   <div class='ocr_carea' id='block_1_96' title="bbox 472 5240 2058 5310">
    <p class='ocr_par' dir='ltr' id='par_1_96' title="bbox 472 5240 2058 5310">
     <span class='ocr_line' id='line_1_97' title="bbox 472 5240 2058 5310; baseline -0.001 -14"><span class='ocrx_word' id='word_1_738' title='bbox 472 5246 587 5306; x_wconf 88' lang='lat' dir='ltr'><strong>tur,</strong></span> <span class='ocrx_word' id='word_1_739' title='bbox 619 5253 721 5298; x_wconf 88' lang='lat' dir='ltr'><strong>etc.</strong></span> <span class='ocrx_word' id='word_1_740' title='bbox 760 5240 891 5298; x_wconf 77' lang='lat' dir='ltr'><strong>l’etit</strong></span> <span class='ocrx_word' id='word_1_741' title='bbox 918 5245 1176 5299; x_wconf 88' lang='lat' dir='ltr'><strong>rationem</strong></span> <span class='ocrx_word' id='word_1_742' title='bbox 1208 5246 1274 5299; x_wconf 93' lang='lat' dir='ltr'><strong>ab</strong></span> <span class='ocrx_word' id='word_1_743' title='bbox 1316 5240 1598 5306; x_wconf 63' lang='lat' dir='ltr'><strong>haereticis,</strong></span> <span class='ocrx_word' id='word_1_744' title='bbox 1623 5240 1722 5296; x_wconf 79' lang='lat' dir='ltr'><strong>cur</strong></span> <span class='ocrx_word' id='word_1_745' title='bbox 1737 5257 1820 5302; x_wconf 89' lang='lat' dir='ltr'><strong>ea.</strong></span> <span class='ocrx_word' id='word_1_746' title='bbox 1854 5255 1971 5310; x_wconf 69' lang='lat' dir='ltr'><strong>quae</strong></span> <span class='ocrx_word' id='word_1_747' title='bbox 2001 5240 2058 5295; x_wconf 88' lang='lat' dir='ltr'><strong>in</strong></span> 
     </span>
    </p>
   </div>
   <div class='ocr_carea' id='block_1_97' title="bbox 470 5312 2058 5386">
    <p class='ocr_par' dir='ltr' id='par_1_97' title="bbox 470 5312 2058 5386">
     <span class='ocr_line' id='line_1_98' title="bbox 470 5312 2058 5386; baseline -0.002 -19"><span class='ocrx_word' id='word_1_748' title='bbox 470 5313 742 5383; x_wconf 80' lang='lat' dir='ltr'><strong>Scriptura</strong></span> <span class='ocrx_word' id='word_1_749' title='bbox 773 5314 1027 5370; x_wconf 88' lang='lat' dir='ltr'><strong>dicuntur</strong></span> <span class='ocrx_word' id='word_1_750' title='bbox 1054 5316 1121 5370; x_wconf 89' lang='lat' dir='ltr'><strong>de</strong></span> <span class='ocrx_word' id='word_1_751' title='bbox 1150 5316 1414 5386; x_wconf 79' lang='lat' dir='ltr'><strong>corporali</strong></span> <span class='ocrx_word' id='word_1_752' title='bbox 1444 5312 1857 5386; x_wconf 73' lang='lat' dir='ltr'><strong>resurrectione,</strong></span> <span class='ocrx_word' id='word_1_753' title='bbox 1891 5312 2058 5364; x_wconf 90' lang='lat' dir='ltr'><strong>inter-</strong></span> 
     </span>
    </p>
   </div>
   <div class='ocr_carea' id='block_1_98' title="bbox 473 5381 2054 5455">
    <p class='ocr_par' dir='ltr' id='par_1_98' title="bbox 473 5381 2054 5455">
     <span class='ocr_line' id='line_1_99' title="bbox 473 5381 2054 5455; baseline -0.003 -16"><span class='ocrx_word' id='word_1_754' title='bbox 473 5381 746 5454; x_wconf 80' lang='lat' dir='ltr'><strong>pretentur</strong></span> <span class='ocrx_word' id='word_1_755' title='bbox 778 5393 840 5440; x_wconf 84' lang='lat' dir='ltr'><strong>de</strong></span> <span class='ocrx_word' id='word_1_756' title='bbox 868 5388 1067 5455; x_wconf 85' lang='lat' dir='ltr'><strong>anima,</strong></span> <span class='ocrx_word' id='word_1_757' title='bbox 1097 5394 1149 5440; x_wconf 88' lang='lat' dir='ltr'><strong>et</strong></span> <span class='ocrx_word' id='word_1_758' title='bbox 1178 5381 1419 5455; x_wconf 50' lang='lat' dir='ltr'><strong>eia-quae</strong></span> <span class='ocrx_word' id='word_1_759' title='bbox 1456 5384 1531 5455; x_wconf 15' lang='lat' dir='ltr'><strong>de,</strong></span> <span class='ocrx_word' id='word_1_760' title='bbox 1568 5383 1743 5455; x_wconf 80' lang='lat' dir='ltr'><strong>anima</strong></span> <span class='ocrx_word' id='word_1_761' title='bbox 1788 5381 2054 5451; x_wconf 86' lang='lat' dir='ltr'><strong>dicuntur,</strong></span> 
     </span>
    </p>
   </div>
   <div class='ocr_carea' id='block_1_99' title="bbox 469 5453 1806 5527">
    <p class='ocr_par' dir='ltr' id='par_1_99' title="bbox 469 5453 1806 5527">
     <span class='ocr_line' id='line_1_100' title="bbox 469 5453 1806 5527; baseline -0.001 -18"><span class='ocrx_word' id='word_1_762' title='bbox 469 5453 613 5510; x_wconf 87' lang='lat' dir='ltr'><strong>nullo</strong></span> <span class='ocrx_word' id='word_1_763' title='bbox 646 5464 797 5524; x_wconf 88' lang='lat' dir='ltr'><strong>pacto</strong></span> <span class='ocrx_word' id='word_1_764' title='bbox 829 5457 992 5511; x_wconf 85' lang='lat' dir='ltr'><strong>velint</strong></span> <span class='ocrx_word' id='word_1_765' title='bbox 1024 5453 1077 5510; x_wconf 86' lang='lat' dir='ltr'><strong>in</strong></span> <span class='ocrx_word' id='word_1_766' title='bbox 1106 5453 1318 5527; x_wconf 72' lang='lat' dir='ltr'><strong>corpus</strong></span> <span class='ocrx_word' id='word_1_767' title='bbox 1332 5454 1653 5527; x_wconf 73' lang='lat' dir='ltr'><strong>redundare.</strong></span> <span class='ocrx_word' id='word_1_768' title='bbox 1678 5453 1806 5527; x_wconf 64' lang='lat' dir='ltr'><strong>Lac.</strong></span> 
     </span>
    </p>
   </div>
   <div class='ocr_carea' id='block_1_100' title="bbox 539 5523 2058 5598">
    <p class='ocr_par' dir='ltr' id='par_1_100' title="bbox 539 5523 2058 5598">
     <span class='ocr_line' id='line_1_101' title="bbox 539 5523 2058 5598; baseline 0 -18"><span class='ocrx_word' id='word_1_769' title='bbox 539 5523 660 5595; x_wconf 80' lang='grc'><strong>(49)</strong></span> <span class='ocrx_word' id='word_1_770' title='bbox 689 5528 748 5583; x_wconf 90' lang='lat' dir='ltr'><strong>Si</strong></span> <span class='ocrx_word' id='word_1_771' title='bbox 777 5528 1092 5598; x_wconf 85' lang='lat' dir='ltr'><strong>corporalia</strong></span> <span class='ocrx_word' id='word_1_772' title='bbox 1138 5523 1438 5598; x_wconf 36' lang='lat' dir='ltr'><strong>pa‘rabolte.</strong></span> <span class='ocrx_word' id='word_1_773' title='bbox 1471 5524 1687 5598; x_wconf 57' lang='lat' dir='ltr'><strong>Siqua?</strong></span> <span class='ocrx_word' id='word_1_774' title='bbox 1736 5523 1804 5598; x_wconf 86' lang='lat' dir='ltr'><strong>de</strong></span> <span class='ocrx_word' id='word_1_775' title='bbox 1830 5537 2058 5594; x_wconf 90' lang='lat' dir='ltr'><strong>corpore</strong></span> 
     </span>
    </p>
   </div>
   <div class='ocr_carea' id='block_1_101' title="bbox 468 5595 2059 5668">
    <p class='ocr_par' dir='ltr' id='par_1_101' title="bbox 468 5595 2059 5668">
     <span class='ocr_line' id='line_1_102' title="bbox 468 5595 2059 5668; baseline 0.001 -18"><span class='ocrx_word' id='word_1_776' title='bbox 468 5597 829 5666; x_wconf 85' lang='lat' dir='ltr'><strong>praedicuntur</strong></span> <span class='ocrx_word' id='word_1_777' title='bbox 854 5595 884 5663; x_wconf 69' lang='grc'><strong>,⁷</strong></span> <span class='ocrx_word' id='word_1_778' title='bbox 923 5606 1049 5653; x_wconf 88' lang='lat' dir='ltr'><strong>sunt</strong></span> <span class='ocrx_word' id='word_1_779' title='bbox 1102 5595 1368 5668; x_wconf 73' lang='lat' dir='ltr'><strong>parabolae</strong></span> <span class='ocrx_word' id='word_1_780' title='bbox 1417 5595 1560 5668; x_wconf 89' lang='lat' dir='ltr'><strong>apud</strong></span> <span class='ocrx_word' id='word_1_781' title='bbox 1617 5595 1933 5665; x_wconf 58' lang='lat' dir='ltr'><strong>hmreticos,</strong></span> <span class='ocrx_word' id='word_1_782' title='bbox 1993 5611 2059 5652; x_wconf 90' lang='lat' dir='ltr'><strong>ea</strong></span> 
     </span>
    </p>
   </div>
   <div class='ocr_carea' id='block_1_102' title="bbox 2171 4740 3781 4819">
    <p class='ocr_par' dir='ltr' id='par_1_102' title="bbox 2171 4740 3781 4819">
     <span class='ocr_line' id='line_1_103' title="bbox 2171 4740 3781 4819; baseline -0.007 -16"><span class='ocrx_word' id='word_1_783' title='bbox 2171 4740 2407 4819; x_wconf 42' lang='lat' dir='ltr'><strong>quae-de</strong></span> <span class='ocrx_word' id='word_1_784' title='bbox 2459 4750 2649 4819; x_wconf 75' lang='lat' dir='ltr'><strong>animae</strong></span> <span class='ocrx_word' id='word_1_785' title='bbox 2672 4740 3097 4803; x_wconf 44' lang='lat' dir='ltr'><strong>“resurrectione</strong></span> <span class='ocrx_word' id='word_1_786' title='bbox 3141 4745 3410 4807; x_wconf 89' lang='lat' dir='ltr'><strong>dicuntur,</strong></span> <span class='ocrx_word' id='word_1_787' title='bbox 3463 4740 3781 4796; x_wconf 83' lang='lat' dir='ltr'><strong>extendunt</strong></span> 
     </span>
    </p>
   </div>
   <div class='ocr_carea' id='block_1_103' title="bbox 2167 4818 2666 4887">
    <p class='ocr_par' dir='ltr' id='par_1_103' title="bbox 2167 4818 2666 4887">
     <span class='ocr_line' id='line_1_104' title="bbox 2167 4818 2666 4887; baseline 0.002 -16"><span class='ocrx_word' id='word_1_788' title='bbox 2167 4818 2229 4874; x_wconf 84' lang='lat' dir='ltr'><strong>ad</strong></span> <span class='ocrx_word' id='word_1_789' title='bbox 2263 4819 2503 4887; x_wconf 81' lang='lat' dir='ltr'><strong>corpus?</strong></span> <span class='ocrx_word' id='word_1_790' title='bbox 2532 4818 2666 4873; x_wconf 61' lang='lat' dir='ltr'><strong>Lac.</strong></span> 
     </span>
    </p>
   </div>
   <div class='ocr_carea' id='block_1_104' title="bbox 2236 4882 3778 4961">
    <p class='ocr_par' dir='ltr' id='par_1_104' title="bbox 2236 4882 3778 4961">
     <span class='ocr_line' id='line_1_105' title="bbox 2236 4882 3778 4961; baseline -0.007 -17"><span class='ocrx_word' id='word_1_791' title='bbox 2236 4882 2759 4957; x_wconf 50' lang='lat' dir='ltr'><strong>(50)&#39;Tolerabilius,</strong></span> <span class='ocrx_word' id='word_1_792' title='bbox 2792 4891 3000 4961; x_wconf 84' lang='lat' dir='ltr'><strong>inquit,</strong></span> <span class='ocrx_word' id='word_1_793' title='bbox 3025 4889 3135 4944; x_wconf 87' lang='lat' dir='ltr'><strong>erit</strong></span> <span class='ocrx_word' id='word_1_794' title='bbox 3152 4890 3312 4961; x_wconf 61' lang='lat' dir='ltr'><strong>Tyro,</strong></span> <span class='ocrx_word' id='word_1_795' title='bbox 3338 4894 3442 4961; x_wconf 64' lang='lat' dir='ltr'><strong>etc.</strong></span> <span class='ocrx_word' id='word_1_796' title='bbox 3477 4882 3664 4961; x_wconf 70' lang='lat' dir='ltr'><strong>blatth.</strong></span> <span class='ocrx_word' id='word_1_797' title='bbox 3690 4897 3778 4961; x_wconf 61' lang='lat' dir='ltr'><strong>xi.</strong></span> 
     </span>
    </p>
   </div>
   <div class='ocr_carea' id='block_1_105' title="bbox 2164 4954 3787 5033">
    <p class='ocr_par' dir='ltr' id='par_1_105' title="bbox 2164 4954 3787 5033">
     <span class='ocr_line' id='line_1_106' title="bbox 2164 4954 3787 5033; baseline -0.007 -19"><span class='ocrx_word' id='word_1_798' title='bbox 2164 4954 2278 5033; x_wconf 12' lang='lat' dir='ltr'><strong>Voyx</strong></span> <span class='ocrx_word' id='word_1_799' title='bbox 2332 4954 2527 5015; x_wconf 74' lang='lat' dir='ltr'><strong>Graeca</strong></span> <span class='ocrx_word' id='word_1_800' title='bbox 2574 4954 2900 5033; x_wconf 61' lang='grc' dir='ltr'><strong>ἀνεκτότεροῦ,</strong></span> <span class='ocrx_word' id='word_1_801' title='bbox 2962 4954 3349 5033; x_wconf 56' lang='lat' dir='ltr'><strong>tolerabilius,</strong></span> <span class='ocrx_word' id='word_1_802' title='bbox 3381 4954 3552 5033; x_wconf 36' lang='lat' dir='ltr'><strong>.sicuti</strong></span> <span class='ocrx_word' id='word_1_803' title='bbox 3602 4954 3787 5033; x_wconf 61' lang='lat' dir='ltr'><strong>vertit</strong></span> 
     </span>
    </p>
   </div>
   <div class='ocr_carea' id='block_1_106' title="bbox 2165 5026 3781 5155">
    <p class='ocr_par' dir='ltr' id='par_1_106' title="bbox 2165 5026 3781 5155">
     <span class='ocr_line' id='line_1_107' title="bbox 2165 5026 3781 5155; baseline -0.007 -70"><span class='ocrx_word' id='word_1_804' title='bbox 2165 5032 2387 5155; x_wconf 44' lang='lat' dir='ltr'><strong>ﬁndor,</strong></span> <span class='ocrx_word' id='word_1_805' title='bbox 2419 5026 2976 5099; x_wconf 52' lang='lat' dir='ltr'><strong>etremissius,&#39;veluli</strong></span> <span class='ocrx_word' id='word_1_806' title='bbox 3007 5031 3242 5099; x_wconf 86' lang='lat' dir='ltr'><strong>Vulgata</strong></span> <span class='ocrx_word' id='word_1_807' title='bbox 3267 5026 3451 5089; x_wconf 90' lang='lat' dir='ltr'><strong>editio,</strong></span> <span class='ocrx_word' id='word_1_808' title='bbox 3476 5026 3781 5095; x_wconf 79' lang='lat' dir='ltr'><strong>signiﬁcat.</strong></span> 
     </span>
     <span class='ocr_line' id='line_1_108' title="bbox 2206 5117 2305 5155; baseline 0 0"><span class='ocrx_word' id='word_1_809' title='bbox 2206 5117 2305 5155; x_wconf 81' lang='lat' dir='ltr'><strong>AM.</strong></span> 
     </span>
    </p>
   </div>
   <div class='ocr_carea' id='block_1_107' title="bbox 2184 5104 2305 5157">
    <p class='ocr_par' dir='ltr' id='par_1_107' title="bbox 2184 5104 2305 5157">
     <span class='ocr_line' id='line_1_109' title="bbox 2184 5104 2305 5157; baseline 0.033 -4"><span class='ocrx_word' id='word_1_810' title='bbox 2184 5104 2305 5157; x_wconf 56' lang='lat' dir='ltr'><strong>)AM.</strong></span> 
     </span>
    </p>
   </div>
   <div class='ocr_carea' id='block_1_108' title="bbox 2236 5165 3780 5248">
    <p class='ocr_par' dir='ltr' id='par_1_108' title="bbox 2236 5165 3780 5248">
     <span class='ocr_line' id='line_1_110' title="bbox 2236 5165 3780 5248; baseline -0.012 -14"><span class='ocrx_word' id='word_1_811' title='bbox 2236 5174 2361 5248; x_wconf 59' lang='lat' dir='ltr'><strong>(5Q</strong></span> <span class='ocrx_word' id='word_1_812' title='bbox 2381 5174 2511 5248; x_wconf 72' lang='lat' dir='ltr'><strong>Quae</strong></span> <span class='ocrx_word' id='word_1_813' title='bbox 2531 5174 2620 5248; x_wconf 89' lang='lat' dir='ltr'><strong>ad_</strong></span> <span class='ocrx_word' id='word_1_814' title='bbox 2629 5176 2947 5248; x_wconf 81' lang='lat' dir='ltr'><strong>passionem</strong></span> <span class='ocrx_word' id='word_1_815' title='bbox 2975 5169 3405 5248; x_wconf 67' lang='lat' dir='ltr'><strong>resurrectionis</strong></span> <span class='ocrx_word' id='word_1_816' title='bbox 3437 5165 3780 5248; x_wconf 70' lang='lat' dir='ltr'><strong>prredican-</strong></span> 
     </span>
    </p>
   </div>
   <div class='ocr_carea' id='block_1_109' title="bbox 2169 5242 3781 5316">
    <p class='ocr_par' dir='ltr' id='par_1_109' title="bbox 2169 5242 3781 5316">
     <span class='ocr_line' id='line_1_111' title="bbox 2169 5242 3781 5316; baseline -0.006 -18"><span class='ocrx_word' id='word_1_817' title='bbox 2169 5242 2283 5316; x_wconf 77' lang='lat' dir='ltr'><strong>tur.</strong></span> <span class='ocrx_word' id='word_1_818' title='bbox 2322 5246 2390 5299; x_wconf 91' lang='lat' dir='ltr'><strong>Ut</strong></span> <span class='ocrx_word' id='word_1_819' title='bbox 2418 5246 2557 5300; x_wconf 89' lang='lat' dir='ltr'><strong>libro</strong></span> <span class='ocrx_word' id='word_1_820' title='bbox 2585 5242 2650 5300; x_wconf 80' lang='lat' dir='ltr'><strong>de</strong></span> <span class='ocrx_word' id='word_1_821' title='bbox 2691 5245 3001 5316; x_wconf 84' lang='lat' dir='ltr'><strong>Virginibus</strong></span> <span class='ocrx_word' id='word_1_822' title='bbox 3030 5242 3283 5299; x_wconf 78' lang='lat' dir='ltr'><strong>vetandis</strong></span> <span class='ocrx_word' id='word_1_823' title='bbox 3326 5242 3638 5316; x_wconf 76' lang='lat' dir='ltr'><strong>passionem</strong></span> <span class='ocrx_word' id='word_1_824' title='bbox 3677 5252 3781 5316; x_wconf 79' lang='lat' dir='ltr'><strong>nu-</strong></span> 
     </span>
    </p>
   </div>
   <div class='ocr_carea' id='block_1_110' title="bbox 2166 5308 3778 5386">
    <p class='ocr_par' dir='ltr' id='par_1_110' title="bbox 2166 5308 3778 5386">
     <span class='ocr_line' id='line_1_112' title="bbox 2166 5308 3778 5386; baseline -0.007 -17"><span class='ocrx_word' id='word_1_825' title='bbox 2166 5314 2416 5384; x_wconf 89' lang='lat' dir='ltr'><strong>ptiarum,</strong></span> <span class='ocrx_word' id='word_1_826' title='bbox 2447 5316 2521 5371; x_wconf 88' lang='lat' dir='ltr'><strong>ita</strong></span> <span class='ocrx_word' id='word_1_827' title='bbox 2575 5316 2661 5371; x_wconf 90' lang='lat' dir='ltr'><strong>hic</strong></span> <span class='ocrx_word' id='word_1_828' title='bbox 2709 5308 3017 5386; x_wconf 71' lang='lat' dir='ltr'><strong>passionem</strong></span> <span class='ocrx_word' id='word_1_829' title='bbox 3058 5308 3686 5386; x_wconf 60' lang='lat' dir='ltr'><strong>resurrectionisdicit,</strong></span> <span class='ocrx_word' id='word_1_830' title='bbox 3719 5315 3778 5358; x_wconf 88' lang='lat' dir='ltr'><strong>ut</strong></span> 
     </span>
    </p>
   </div>
   <div class='ocr_carea' id='block_1_111' title="bbox 2164 5380 3776 5456">
    <p class='ocr_par' dir='ltr' id='par_1_111' title="bbox 2164 5380 3776 5456">
     <span class='ocr_line' id='line_1_113' title="bbox 2164 5380 3776 5456; baseline -0.004 -18"><span class='ocrx_word' id='word_1_831' title='bbox 2164 5380 2432 5456; x_wconf 78' lang='lat' dir='ltr'><strong>significet</strong></span> <span class='ocrx_word' id='word_1_832' title='bbox 2460 5387 2571 5442; x_wconf 89' lang='lat' dir='ltr'><strong>vim</strong></span> <span class='ocrx_word' id='word_1_833' title='bbox 2601 5380 2745 5441; x_wconf 81' lang='lat' dir='ltr'><strong>illam</strong></span> <span class='ocrx_word' id='word_1_834' title='bbox 2776 5387 2931 5456; x_wconf 87' lang='lat' dir='ltr'><strong>plane</strong></span> <span class='ocrx_word' id='word_1_835' title='bbox 2961 5384 3236 5456; x_wconf 35' lang='lat' dir='ltr'><strong>divinamt</strong></span> <span class='ocrx_word' id='word_1_836' title='bbox 3269 5380 3609 5436; x_wconf 80' lang='lat' dir='ltr'><strong>inferendam</strong></span> <span class='ocrx_word' id='word_1_837' title='bbox 3642 5395 3776 5434; x_wconf 85' lang='lat' dir='ltr'><strong>cor-</strong></span> 
     </span>
    </p>
   </div>
   <div class='ocr_carea' id='block_1_112' title="bbox 2165 5454 3334 5529">
    <p class='ocr_par' dir='ltr' id='par_1_112' title="bbox 2165 5454 3334 5529">
     <span class='ocr_line' id='line_1_114' title="bbox 2165 5454 3334 5529; baseline -0.005 -16"><span class='ocrx_word' id='word_1_838' title='bbox 2165 5454 2390 5529; x_wconf 76' lang='lat' dir='ltr'><strong>poribus</strong></span> <span class='ocrx_word' id='word_1_839' title='bbox 2418 5459 2713 5513; x_wconf 89' lang='lat' dir='ltr'><strong>animarum</strong></span> <span class='ocrx_word' id='word_1_840' title='bbox 2744 5454 2811 5511; x_wconf 82' lang='lat' dir='ltr'><strong>ad</strong></span> <span class='ocrx_word' id='word_1_841' title='bbox 2840 5458 2958 5529; x_wconf 89' lang='lat' dir='ltr'><strong>ipsa</strong></span> <span class='ocrx_word' id='word_1_842' title='bbox 2986 5456 3177 5511; x_wconf 89' lang='lat' dir='ltr'><strong>reditu.</strong></span> <span class='ocrx_word' id='word_1_843' title='bbox 3210 5454 3334 5529; x_wconf 65' lang='lat' dir='ltr'><strong>Illa.</strong></span> 
     </span>
    </p>
   </div>
   <div class='ocr_carea' id='block_1_113' title="bbox 2237 5524 3782 5602">
    <p class='ocr_par' dir='ltr' id='par_1_113' title="bbox 2237 5524 3782 5602">
     <span class='ocr_line' id='line_1_115' title="bbox 2237 5524 3782 5602; baseline -0.008 -17"><span class='ocrx_word' id='word_1_844' title='bbox 2237 5530 2347 5600; x_wconf 81' lang='lat'><strong>(52)</strong></span> <span class='ocrx_word' id='word_1_845' title='bbox 2367 5532 2488 5602; x_wconf 61' lang='lat' dir='ltr'><strong>(Ven</strong></span> <span class='ocrx_word' id='word_1_846' title='bbox 2507 5524 3027 5602; x_wconf 52' lang='lat' dir='ltr'><strong>spiritualiafquia</strong></span> <span class='ocrx_word' id='word_1_847' title='bbox 3053 5544 3169 5602; x_wconf 80' lang='lat' dir='ltr'><strong>non</strong></span> <span class='ocrx_word' id='word_1_848' title='bbox 3186 5526 3455 5597; x_wconf 85' lang='lat' dir='ltr'><strong>ﬁgurata.</strong></span> <span class='ocrx_word' id='word_1_849' title='bbox 3491 5524 3561 5602; x_wconf 66' lang='lat' dir='ltr'><strong>Ut</strong></span> <span class='ocrx_word' id='word_1_850' title='bbox 3582 5538 3614 5577; x_wconf 92' lang='lat' dir='ltr'><strong>e</strong></span> <span class='ocrx_word' id='word_1_851' title='bbox 3641 5536 3782 5578; x_wconf 87' lang='lat' dir='ltr'><strong>cou-</strong></span> 
     </span>
    </p>
   </div>
   <div class='ocr_carea' id='block_1_114' title="bbox 2168 5593 3773 5674">
    <p class='ocr_par' dir='ltr' id='par_1_114' title="bbox 2168 5593 3773 5674">
     <span class='ocr_line' id='line_1_116' title="bbox 2168 5593 3773 5674; baseline -0.006 -18"><span class='ocrx_word' id='word_1_852' title='bbox 2168 5593 2338 5658; x_wconf 52' lang='lat' dir='ltr'><strong>tra&#39;rio&#39;</strong></span> <span class='ocrx_word' id='word_1_853' title='bbox 2363 5593 2594 5674; x_wconf 74' lang='lat' dir='ltr'><strong>ﬁgurata</strong></span> <span class='ocrx_word' id='word_1_854' title='bbox 2630 5608 2775 5671; x_wconf 88' lang='lat' dir='ltr'><strong>sunt,</strong></span> <span class='ocrx_word' id='word_1_855' title='bbox 2825 5593 2948 5672; x_wconf 69' lang='lat' dir='ltr'><strong>quia</strong></span> <span class='ocrx_word' id='word_1_856' title='bbox 2986 5598 3065 5654; x_wconf 91' lang='lat' dir='ltr'><strong>sic</strong></span> <span class='ocrx_word' id='word_1_857' title='bbox 3109 5593 3193 5653; x_wconf 87' lang='lat' dir='ltr'><strong>de</strong></span> <span class='ocrx_word' id='word_1_858' title='bbox 3214 5593 3447 5667; x_wconf 76' lang='lat' dir='ltr'><strong>corpore</strong></span> <span class='ocrx_word' id='word_1_859' title='bbox 3489 5593 3773 5657; x_wconf 79' lang='lat' dir='ltr'><strong>dicuntur,</strong></span> 
     </span>
    </p>
   </div>
  </div>
