4030 6184
303 363 416 428 889

1366 361 1562 428 LIBER
1600 362 1684 427 DE
1720 359 2264 428 RESURREGTIONB
2301 361 2554 435 CARNIS.

3493 365 3602 432 890

306 501 414 549 tam
451 489 880 600 corpus—‘animee
928 487 1065 562 (53),
1096 505 1260 591 quam
1293 498 1346 548 et
1389 490 1567 548 carnis
1603 491 1900 550 obnoxium
1931 517 1979 600 Α
2011 490 2215 548 salvum
2246 488 2387 548 efﬁci
2423 491 2716 563 Oportebit,
2744 489 2890 564 quod
2926 490 3196 564 perditum
3226 493 3402 552 fuerit.
3435 494 3601 551 Porro

300 597 420 638 esse
450 578 788 637 mercedibus
814 594 914 652 pro
943 580 1214 635 communi
1244 581 1559 651 operatione
1579 581 1896 654 pensandis,

300 686 373 726 ne
429 668 777 740 corporalitas
835 669 1030 724 animm
1089 669 1427 724 occasionem
1485 669 1902 726 subministrans

303 758 604 832 ﬁgurarum
650 757 1083 829 corporalitatem
1150 758 1334 814 carnis
1393 758 1649 816 excludat
1703 779 1718 828 ;
1781 775 1900 815 cum

301 860 586 920 utramque
625 847 936 918 participem
969 857 1022 903 et
1076 847 1252 920 regni,
1283 855 1336 903 et
1372 847 1580 918 judicii,
1611 858 1663 906 et
1718 867 1900 906 resur-

300 937 560 994 rectionis
589 945 837 1005 Oporteat
865 935 1031 990 credi.
1062 935 1132 991 Et
1168 953 1310 991 nunc
1357 951 1422 992 eo
1472 937 1770 1010 pergimus,
1825 939 1902 994 uti

299 1025 739 1099 corporalitatem
788 1024 1057 1080 carnalem
1125 1027 1341 1098 proprie
1395 1025 1830 1082 demonstremus
1872 1043 1902 1082 a

298 1115 535 1172 Domino
566 1112 856 1187 signiﬁcari
885 1113 939 1168 in
974 1114 1118 1169 omni
1151 1115 1573 1172 resurrectionis
1604 1117 1900 1180 mentione,

298 1205 446 1261 salva
493 1203 713 1260 animali
743 1205 876 1274 (55),
933 1219 1092 1274 quam
1149 1210 1203 1258 et
1249 1203 1425 1275 ipsam
1480 1204 1638 1279 pauci
1687 1221 1902 1278 recepe-

299 1305 452 1350 runt.

833 1381 1062 1438 CAPUT
1110 1382 1366 1438 XXXIV.

374 1472 669 1543 Imprimis,
701 1486 824 1527 cum
852 1471 920 1526 ad
949 1472 1052 1527 hoc
1089 1473 1304 1529 venisse
1341 1488 1399 1527 se
1437 1471 1586 1539 dicit,
1626 1471 1702 1528 uti
1756 1471 1901 1544 quod

302 1561 486 1634 periit,
528 1559 734 1616 salvum
764 1559 939 1628 faciat,
970 1560 1061 1631 qui
1108 1560 1258 1616 dicas
1314 1561 1361 1598 δι
1420 1560 1621 1630 perisse
1647 1562 1676 1614 ‘?
1707 1560 1900 1616 Homi-

302 1666 430 1706 nem
463 1690 477 1718 ,
535 1647 650 1701 sine
701 1645 888 1701 dubio.
922 1647 1206 1712 Totumne,
1239 1663 1307 1701 an
1355 1664 1421 1704 ex
1476 1650 1674 1722 parte?
1705 1648 1902 1720 Utique

303 1746 522 1794 totum:
573 1734 841 1807 siquidem
919 1735 1280 1808 transgressio
1313 1777 1326 1802 ,
1390 1753 1510 1808 quae
1583 1737 1902 1808 perditionis

2011 587 2191 634 autem
2221 581 2504 651 recipimus
2531 581 2723 637 animae
2752 581 3227 650 immortalitatem,
3287 594 3343 640 ut
3393 583 3602 655 perdita

2011 683 2118 724 non
2179 669 2231 724 in
2279 668 2555 725 interitum
2597 670 2866 739 credatur,
2920 671 3015 726 sed
3065 671 3120 726 in
3168 673 3512 745 supplicium,
3547 671 3601 728 id

2009 765 2111 823 est,
2135 757 2190 813 in
2236 759 2559 832 gehennam.
2591 759 2674 828 Et,
2727 759 2772 814 si
2821 759 2892 815 ita
2920 769 3019 826 est,
3047 750 3159 829 jam
3205 776 3312 816 non
3369 762 3600 818 animam

2009 847 2269 917 spectabit
2308 849 2452 902 salus
2501 891 2516 919 ,
2578 848 2780 904 salvam
2847 848 3051 904 scilicet
3108 865 3203 905 sua
3253 860 3442 910 natura
3499 867 3602 922 per

2010 934 2507 1006 immortalitatem;
2541 941 2633 994 sed
2680 953 2894 992 carnem
2943 939 3146 1010 potius,
3205 955 3364 1009 quam
3407 939 3602 994 interi-

2010 1025 2170 1079 bilem
2209 1035 2416 1080 constat
2445 1017 2832 1093 apud'omnes.
2859 1024 2968 1081 Aut
3009 1025 3056 1082 si
3102 1032 3158 1082 et
3185 1025 3363 1083 anima
3409 1025 3604 1083 interi-

2011 1113 2152 1185 bilis,
2183 1114 2234 1170 id
2256 1125 2338 1172 est
2367 1131 2474 1171 non
2505 1115 2840 1184 immortalis,
2883 1116 3030 1186 quod
3093 1125 3145 1171 et
3185 1130 3309 1171 caro
3342 1135 3357 1188 ;
3389 1115 3501 1186 jam
3556 1123 3609 1172 et

2011 1204 2157 1259 carni
2188 1204 2356 1258 forma
2392 1204 2481 1258 illa
2509 1220 2573 1259 ex
2603 1218 2756 1275 aequo
2789 1201 3050 1273 proﬁcere
3078 1203 3319 1274 debebit,
3376 1203 3608 1276 proinde

2010 1292 2220 1348 mortali
2251 1303 2302 1348 et
2331 1292 2606 1358 interibili;
2651 1293 2779 1363 quia
2825 1293 2873 1331 64
2904 1291 2953 1347 id
2986 1293 3132 1365 quod
3167 1293 3304 1363 perit
3337 1333 3353 1362 ,
3398 1291 3608 1349 salvum

2009 1381 2248 1438 facturus
2277 1391 2358 1438 est
2393 1382 2674 1440 Dominus.
2715 1381 2854 1438 Nolo
2904 1398 3046 1438 nunc
3081 1383 3418 1439 contentioso
3480 1381 3606 1438 fune

2009 1470 2273 1527 deducere
2303 1473 2418 1543 (57)
2449 1472 2548 1526 hac
2589 1487 2658 1526 an
2694 1470 2818 1526 illac
2846 1469 3122 1526 hominem
3154 1471 3382 1544 perditio
3429 1471 3608 1541 depo-

2011 1559 2172 1614 stulet
2236 1561 2304 1628 6⁵,
2331 1562 2458 1615 dum
2515 1559 2784 1633 utrimque
2839 1576 2963 1615 cum
3021 1560 3171 1616 salus
3227 1560 3496 1627 destinet,
3553 1559 3607 1614 in

2013 1648 2201 1702 ambas
2229 1647 2553 1702 substantias
2603 1656 2925 1719 peraequata.
2958 1648 3094 1704 Ecce
3140 1647 3282 1703 enim
3318 1689 3332 1717 ,
3363 1665 3429 1703 ex
3467 1663 3608 1720 qua-

2010 1751 2240 1808 cumque
2297 1735 2590 1790 substantia
2653 1738 2923 1790 hominem
2985 1737 3190 1807 perisse
3239 1752 3603 1807 praesumpse-

306 1829 556 1882 humanm
602 1840 788 1880 caussa
819 1831 922 1894 est,
975 1832 1083 1879 tam
1139 1825 1334 1880 animae
1391 1825 1650 1882 instinctu
1677 1844 1740 1882 ex
1769 1843 1904 1883 con-
1937 1804 1981 1881 Β
2015 1828 2088 1883 ris
2117 1868 2134 1896 ,
2185 1844 2249 1884 ex
2297 1828 2467 1883 altera
2536 1843 2640 1882 non
2691 1826 2877 1896 perit.
2927 1825 3115 1880 Salvus
3169 1842 3301 1898 ergo
3349 1827 3452 1882 erit
3493 1828 3607 1896 jam

313 1913 657 1984 cupiscentia,
695 1929 854 1984 quam
904 1922 956 1969 et
993 1914 1171 1969 carnis
1228 1922 1350 1971 actu
1397 1931 1464 1972 ex
1519 1915 1902 1984 degustatione

312 2003 598 2057 commissa
628 2043 642 2070 ,
709 2009 880 2056 totum
936 2001 1208 2057 hominem
1279 2004 1458 2076 elogio
1511 2005 1903 2078 transgressio-

309 2092 397 2145 nis
435 2090 549 2161 (55)
577 2091 868 2161 inscripsit,
902 2100 1063 2163 atque
1105 2091 1298 2148 exinde
1343 2093 1537 2148 merito
1588 2092 1904 2165 perditionis

304 2179 567 2248 implevit.
607 2181 777 2235 Totus
809 2179 987 2252 itaque
1018 2183 1196 2238 salvus
1225 2182 1341 2251 fiet,
1366 2182 1456 2252 qui
1497 2183 1658 2252 periit
1682 2184 1732 2221 62
1762 2192 1902 2238 totus

304 2268 674 2342 delinquendo
696 2269 792 2322 53:
844 2268 946 2323 nisi
1002 2270 1046 2324 si
1099 2278 1152 2326 et
1203 2271 1318 2326 ovis
1375 2271 1460 2324 illa
1509 2273 1625 2328 sine
1676 2286 1903 2343 corpore

301 2358 588 2428 amittitur,
619 2367 672 2413 et
702 2357 818 2413 sine
865 2373 1093 2430 corpore
1137 2368 1443 2416 revocatur.
1495 2361 1627 2415 Nam
1675 2361 1720 2416 si
1777 2375 1902 2415 caro

303 2461 528 2518 quoque
560 2447 678 2516 ejus
707 2462 828 2502 cum
883 2447 1060 2502 anima
1119 2448 1282 2520 (quod
1322 2464 1488 2518 pecus
1550 2456 1720 2503 totum
1773 2451 1902 2518 est)

305 2537 552 2592 humeris
598 2535 729 2590 boni
777 2535 1008 2606 pastoris
1062 2537 1365 2602 advehitur,
1415 2553 1480 2593 ex
1512 2549 1740 2608 utraque
1791 2536 1902 2592 uti-

304 2639 417 2694 que
447 2625 739 2680 substantia
793 2624 1118 2680 restituendi
1174 2625 1411 2681 hominis
1442 2626 1747 2696 exemplum
1797 2632 1899 2682 est.

302 2715 421 2772 Aut
451 2731 609 2788 quam
650 2716 934 2789 indignum
964 2717 1102 2782 Deo,
1135 2716 1415 2770 dimidium
1444 2713 1718 2772 hominem
1765 2716 1906 2770 redi-

304 2821 442 2875 gere
487 2804 543 2860 in
571 2808 796 2860 salutem
819 2805 848 2858 ‘P
892 2806 1034 2860 Pene
1066 2803 1240 2862 8413
1270 2806 1450 2860 minus
1482 2807 1661 2860 facere
1705 2845 1719 2870 ,
1780 2821 1903 2860 cum

305 2895 472 2948 etiam
499 2894 835 2950 saecularium
883 2895 1188 2965 principum
1257 2895 1418 2964 plena
1460 2911 1671 2965 semper
1725 2895 1903 2948 indul-

311 2982 496 3057 gentia
523 2986 628 3054 (56)
651 2985 970 3042 vindicetur.
1002 2985 1264 3040 Diabolus
1303 2984 1526 3042 validior
1586 2984 1639 3038 in
1678 2982 1911 3038 hominis

306 3063 582 3140 injuriam'
600 3074 940 3146 intelligitur,
975 3084 1143 3131 totum
1190 3090 1313 3130 eum
1353 3074 1565 3128 elidens
1599 3091 1614 3140 ;
1653 3073 1794 3126 Deus
1824 3071 1913 3125 in-

312 3160 522 3215 ﬁrmior
570 3164 960 3218 renuntiabitur
992 3206 1005 3229 ,
1050 3179 1156 3218 non
1225 3171 1392 3217 totum
1441 3178 1562 3215 eum
1611 3162 1854 3216 relevans
1886 3160 1913 3214 ?

309 3251 512 3320 Atquin
540 3258 590 3305 et
616 3251 917 3336 Apostolus
945 3254 1188 3325 suggerit
1209 3251 1472 3321 (Romv),
1504 3248 1604 3306 ubi
1633 3249 1911 3305 delictum

309 3339 706 3410 abundaverit,
764 3342 884 3396 illic
929 3342 1178 3412 gratiam
1224 3339 1728 3412 superabundasse.
1757 3337 1911 3405 Quo-

307 3426 482 3482 modo
535 3426 768 3500 denique
844 3428 1026 3484 salvus
1084 3429 1364 3484 habebitur
1396 3467 1410 3496 ,
1469 3427 1561 3500 qui
1620 3425 1813 3497 poterit
1856 3432 1911 3480 et

309 3514 559 3586 perditus
597 3515 724 3580 dici,
782 3532 947 3572 carne
985 3516 1192 3573 scilicet
1238 3517 1502 3589 perditus,
1543 3514 1722 3570 anima
1779 3527 1908 3569 vero

310 3605 519 3675 salvus,
551 3604 658 3660 nisi
683 3607 828 3675 quod
851 3607 964 3676 jam
1007 3614 1062 3662 et
1107 3605 1282 3661 anima
1340 3607 1392 3662 in
1440 3606 1650 3676 perdito
1704 3603 1910 3660 consti-

312 3704 501 3752 tuatur
529 3711 748 3753 necesse
778 3705 881 3766 est,
931 3703 990 3752 ut
1035 3695 1180 3752 salva
1227 3694 1365 3752 effici
1403 3693 1630 3767 possit?
1669 3693 1726 3749 Id
1763 3693 1908 3748 enim

2007 1934 2071 1972 ex
2129 1933 2233 1988 qua
2289 1933 2400 1972 non
2465 1915 2627 1988 perit,
2671 1925 2724 1970 et
2781 1915 2960 1969 salvus
3017 1913 3364 1969 nihilominus
3411 1914 3503 1970 ﬁet
3542 1929 3608 1970 ex

2008 2021 2116 2077 qua
2175 2005 2332 2075 perit.
2392 2004 2572 2060 Habes
2645 2005 2805 2060 totius
2877 2001 3108 2058 hominis
3155 2001 3606 2072 restitutionem;

2006 2093 2137 2149 dum
2192 2101 2245 2148 et
2299 2094 2676 2166 quodcumque
2730 2094 2849 2164 ejus
2880 2090 3053 2161 perit,
3106 2091 3313 2146 saltum
3371 2090 3611 2147 facturus

2009 2190 2092 2238 est
2124 2183 2420 2251 Dominus;
2477 2192 2530 2238 et
2584 2182 2964 2254 quodcumque
3021 2196 3130 2237 non
3188 2180 3366 2252 perit,
3427 2182 3612 2250 utique

2009 2271 2260 2346 nouerit
2313 2272 2643 2340 perditurus.
2701 2269 2836 2337 Quis
2892 2269 3035 2326 ultra
3082 2270 3148 2325 de
3178 2269 3461 2338 utriusque
3491 2270 3614 2324 sub-

2009 2359 2220 2415 stantiae
2250 2361 2536 2416 securitate
2583 2359 2848 2416 dubitabit
2903 2359 2973 2429 55,
3016 2375 3137 2414 cum
3167 2357 3335 2413 altera
3363 2357 3412 2396 57
3463 2358 3610 2412 salu-

2009 2460 2126 2503 tem
2146 2457 2498 2504 consecutura
2535 2449 2623 2526 sit,
2653 2449 2820 2504 altera
2848 2450 3115 2503 amissura
3162 2463 3280 2503 eam
3338 2463 3446 2502 non
3487 2446 3556 2502 sit
3584 2447 3613 2502 ?

2007 2538 2073 2593 Et
2137 2550 2316 2594 tamen
2374 2539 2553 2594 adhuc
2601 2555 2822 2594 sensum
2890 2536 2971 2590 rei
3023 2536 3278 2605 exprimit
3324 2535 3612 2601 Dominus,

2011 2629 2136 2698 Ego,
2169 2628 2373 2696 dicens,
2408 2629 2552 2692 veni,
2573 2644 2687 2683 non
2719 2630 2783 2680 ut
2814 2642 3020 2688 meam,
3055 2625 3150 2680 sed
3174 2629 3236 2680 ut
3267 2626 3479 2692 Patris,
3512 2640 3610 2697 qui

2007 2717 2166 2770 misit
2196 2733 2303 2782 me,
2345 2719 2560 2785 faciam
2589 2715 2966 2771 voluntatem.
3025 2712 3219 2780 Quam,
3263 2728 3358 2767 oro
3402 2721 3454 2766 te
3483 2713 3510 2765 ε)
3547 2714 3611 2770 Ut

2008 2818 2170 2858 omne
2191 2803 2332 2874 quod
2360 2802 2513 2858 dedit
2544 2799 2829 2863 mihi,non
2846 2799 3080 2870 perdam
3102 2816 3174 2854 ex
3195 2815 3256 2854 eo
3279 2801 3606 2870 quidquam,

2011 2894 2106 2948 sed
2137 2893 2470 2948 resuscitem
2499 2889 2648 2945 illud
2680 2891 2741 2942 in
2773 2888 3078 2944 novissima
3101 2887 3210 2941 die.
3242 2883 3379 2951 Quid
3400 2901 3430 2938 a
3453 2887 3607 2940 Patre

2020 2981 2267 3035 Christus
2321 2984 2621 3048 acceperat,
2664 2977 2763 3030 nisi
2794 2976 2937 3048 quod
2985 2984 3037 3030 et
3087 2974 3327 3029 induerat
3364 2975 3392 3028 ?
3421 2973 3611 3028 Homi-

1947 3081 1989 3160 ο
2020 3085 2141 3134 nem
2173 3068 2288 3122 sine
2314 3067 2502 3134 dubio,
2545 3067 2729 3120 carnis
2775 3064 3077 3135 animmque
3124 3071 3407 3119 texturam.
3465 3063 3611 3118 Neu-

2022 3168 2161 3214 trum
2218 3172 2350 3229 ergo
2400 3171 2607 3224 eorum,
2665 3170 2790 3223 quae
2833 3154 3058 3222 accepit,
3102 3151 3279 3222 perire
3336 3153 3560 3220 patietur
3592 3190 3609 3217 ,

2020 3247 2190 3304 811
2211 3247 2320 3301 imo
2347 3262 2444 3300 nec
2489 3242 2787 3315 quidquam
2813 3241 3095 3311 utriusque
3128 3263 3142 3309 ;
3199 3240 3308 3296 imo
3347 3257 3445 3296 nec
3486 3255 3609 3294 mo-

2018 3338 2216 3393 dicum.
2254 3334 2410 3404 Quod
2450 3335 2497 3386 si
2553 3331 2824 3386 modicum
2874 3345 3001 3386 caro
3031 3329 3166 3399 (58),
3198 3343 3326 3401 ergo
3358 3344 3456 3384 nec
3486 3344 3612 3382 car-

2019 3444 2163 3495 nem,
2195 3424 2324 3496 quia
2354 3437 2454 3478 nec
2507 3421 2774 3477 modicum
2807 3438 2819 3476 :
2874 3435 2971 3476 nec
3002 3417 3317 3488 quidquam,
3349 3416 3478 3486 quia
3515 3432 3614 3472 nec

2015 3515 2304 3586 quidquam
2333 3512 2402 3566 58.
2434 3511 2656 3582 Atquin,
2697 3507 2879 3563 sinon
2917 3516 2969 3562 et
3022 3520 3238 3561 carnem
3276 3503 3617 3560 resuscitabit

2011 3602 2306 3674 (novissima
2357 3599 2460 3666 die,
2499 3599 2612 3669 jam
2659 3611 2770 3652 non
2827 3595 3100 3651 modicum
3155 3594 3386 3666 patietur
3432 3595 3610 3666 perire

2017 3691 2083 3746 de
2116 3691 2329 3746 homine
2360 3684 2526 3758 ;'sed,
2569 3701 2666 3758 pro
2724 3693 2867 3739 tanta
2918 3681 3149 3739 dixerim
3207 3689 3378 3754 parte,
3435 3697 3608 3755 prOpe

1678 3820 1868 3884 Varia:
1901 3822 2212 3883 lectiones.

390 3920 436 3958 δι
460 3919 606 3975 Dicis
643 3922 818 3978 Rhea.
862 3921 1032 3977 Seml.
1066 3920 1116 3958 62
1147 3919 1293 3976 Perit
1320 3921 1497 3975 Rhen.
1534 3921 1652 3990 Rig.
1695 3920 1818 3975 Ven.
1845 3917 2016 3990 Se-ml.
2049 3916 2100 3990 ιῖδ
2125 3915 2292 3990 'I‘otus
2313 3911 2450 3990 add.
2476 3914 2635 3968 Pam.
2678 3907 2932 3990 Eram“
2953 3907 3075 3990 Qua
3103 3909 3277 3990 Fran.
3304 3906 3357 3990 _55
3381 3907 3623 3964 Postulet

315 3993 440 4064 Rig.
491 3994 615 4049 Ven.
640 3992 690 4030 δδ
712 3991 990 4049 Dubitavit
1018 3994 1178 4048 Pam.
1202 3995 1370 4048 Fran.
1401 3991 1448 4029 5"
1473 3980 1742 4045 Alterutra
1763 3990 1938 4046 Rhen.
1970 3989 2020 4025 68
2045 3987 2182 4055 Quia
2202 4000 2300 4040 nec
2330 3983 2621 4056 quidquam
2667 3981 2874 4037 absunt
2909 3996 2941 4034 a
2965 3980 3140 4037 Rhea.
3166 3981 3334 4038 Seml.

1707 4077 2206 4141 Commentarius.

311 4188 378 4236 ut
406 4178 474 4235 de
504 4179 699 4247 spiritu
743 4179 1094 4250 intelligenda
1123 4179 1250 4234 sint.
1317 4177 1485 4250 Verba
1520 4191 1648 4247 qua:
1697 4175 1914 4247 loquor,

315 4253 395 4307 ait
415 4251 681 4326 Christus,
700 4247 1084 4325 spiritussunt
1103 4255 1159 4307 et
1187 4252 1306 4326 vita
1324 4270 1350 4326 _;
1378 4247 1605 4326 figurata
1618 4261 1751 4326 ergo
1769 4254 1912 4326 sunt:

315 4323 535 4392 sapiunt
588 4318 967 4394 prasterquamr
1007 4326 1218 4377 sonant.
1247 4318 1610 4394 _Liniame_nta
1676 4318 1872 4394 Christi
1899 4357 1913 4384 ,

316 4388 502 4466 imago
536 4388 756 4466 Christi
804 4388 1076 4461 sanctitas,
1127 4391 1354 4463 justitia,
1421 4391 1638 4466 veritas.
1702 4388 1918 4466 Paulus,

316 4467 342 4556 ξ
393 4460 463 4520 ad
520 4465 762 4556 Corint‘h.
824 4480 892 4521 xv
939 4481 952 4546 ξ
995 4460 1154 4545 Sicut
1205 4460 1910 4556 pei'tavigmusn-iI-maginem
1947 4478 1992 4556 υ

321 4537 561 4607 terreni,
588 4540 880 4609 portemus
926 4534 1514 4609 imaginemeazlestis.
1547 4534 1670 4587 th.

395 4609 508 4678 (53)
533 4602 677 4665 Nam
706 4612 761 4665 et
780 4607 902 4664 ideo
928 4602 1402 4679 prwstruximus,
1436 4609 1556 4660 tam
1573 4618 1778 4674 corpus
1798 4602 1923 4656 ani-

317 4696 451 4753 mae,
476 4686 578 4735 etc.
613 4681 745 4751 Cap.
780 4682 870 4746 16,
891 4679 1206 4753 praestruxit
1262 4679 1467 4732 Auctor
1521 4683 1834 4753 utrumque,
1866 4682 1921 4753 et

315 4743 558 4804 animam
607 4759 662 4807 et
691 4743 930 4822 'corpn-s
983 4748 1278 4805 obnoxium
1331 4762 1454 4822 esse
1511 4746 1594 4822 vel
1654 4743 1920 4822 supplicio

313 4822 409 4876 vel
459 4823 696 4888 praemio,
752 4830 808 4877 et
828 4814 992 4892 'cap.
1026 4819 1444 4892 i7,_quoniam
1493 4818 1674 4892 anima
1730 4814 1922 4892 fuisset

316 4887 605 4968 corporea,
631 4893 783 4961 juxta
813 4887 982 4968 suum
1033 4887 1303 4968 placitum,
1346 4905 1542 4968 corpus
1584 4889 1667 4944 sui
1708 4887 1922 4968 generis

316 4959 554 5032 haliens,
588 4959 826 5034 torqueri
871 4959 1308 5032 etiam'probavit
1355 4961 1475 5016 sine
1519 4975 1680 5017 carne
1718 4959 1772 5012 in
1832 4959 1920 5034 in-

318 5035 504 5100 ferno,
536 5035 652 5089 ideo
680 5032 754 5089 ait
782 5035 871 5089 hic
895 5043 1005 5106 tam
1033 5051 1236 5106 corpus
1266 5034 1480 5088 animle
1510 5048 1680 5103 quam
1705 5032 1918 5096 carnis,

318 5105 448 5178 quia
471 5113 534 5178 et
565 5107 758 5161 animae
787 5104 1180 5178 dediticorpu‘s.
1213 5104 1348 5178 Lac.

391 5176 510 5246 (54)
534 5178 702 5234 Salva
731 5177 996 5232 animali.
1029 5172 1087 5231 Id
1120 5186 1222 5246 est,
1272 5175 1600 5246 inconcussa
1629 5172 1924 5239 corporali-

324 5243 431 5303 tate
459 5243 655 5304 animae
687 5266 704 5316 ;
763 5249 837 5302 ita
883 5249 1026 5303 enim
1070 5245 1182 5303 vult
1210 5243 1287 5300 ad
1316 5243 1752 5316 corporalitatem
1807 5259 1924 5299 car-

325 5318 408 5372 nis
434 5320 651 5385 referri,
683 5314 804 5392 quae
855 5319 924 5375 de
982 5317 1374 5392 resurrectione
1413 5314 1816 5384 praedicuntur,
1864 5321 1925 5369 ut

321 5403 436 5443 non
479 5387 926 5461 obinde'negent
982 5389 1214 5444 animam
1266 5387 1467 5461 habere
1513 5401 1670 5461 suum
1723 5401 1925 5461 corpus

321 5461 580 5532 speciale,
625 5462 720 5516 sed
750 5456 929 5516 statim
974 5461 1212 5516 ostendit
1243 5459 1580 5532 paradoxum
1610 5458 1713 5511 hoc
1760 5456 1926 5526 placi-

322 5529 438 5587 tum
469 5529 593 5588 cum
626 5533 831 5606 subdit,
853 5549 1024 5606 quam
1053 5538 1130 5606 et,
1153 5529 1343 5606 ipsum
1367 5529 1544 5602 pauci
1555 5532 1922 5600 receperunt,-

319 5619 522 5674 nempe
552 5604 990 5675 corporalitatem
1011 5605 1224 5658 animae.
1258 5604 1388 5659 Lac.

391 5669 513 5746 (55)
551 5669 746 5734 Totum
785 5675 1069 5737 hominem
1099 5676 1271 5746 elogio
1303 5669 1786 5745 transgressionis,
1819 5677 1926 5725 etc.

2025 4173 2278 4244 EIOgium
2297 4177 2378 4244 est
2413 4167 2654 4244 criminis
2682 4174 2737 4222 et
2779 4164 3066 4244 sententiae
3093 4165 3332 4244 "publica
3361 4173 3414 4219 et
3484 4165 3622 4237 legi-

2025 4235 2159 4299 usz
2191 4240 2579 4309 manifestatio,
2617 4253 2738 4309 quae
2777 4235 3048 4309 interdum
3084 4236 3254 4309 ﬁebat
3296 4249 3427 4291 voce
3463 4235 3622 4309 prie-

2023 4313 2197 4377 conis,
2257 4312 2528 4366 interdum
2567 4306 2738 4365 titulo
2793 4307 3028 4376 quodam
3082 4306 3345 4376 inscripta
3403 4308 3618 4362 tabella.

2026 4384 2157 4439 Lac.

2096 4454 2212 4527 (56)
2236 4452 2613 4527 chularium
2648 4448 2976 4527 principum
2999 4447 3172 4516 plena
3191 4462 3411 4527 semper
3439 4447 3626 4527 indul-

2026 4520 2402 4599 gentia,_etc._
2438 4524 2549 4599 [loc
2600 4521 2820 4599 verbum
2859 4531 3119 4587 usurpare
3169 4531 3232 4599 ea
3287 4525 3415 4572 tetas
3461 4520 3624 4599 vulgo

2027 4587 2363 4670 cmpit.'Sic_
2391 4593 2566 4670 infra:
2605 4590 2715 4670 ς.ξὶ
2763 4604 2872 4670 non
2913 4587 3449 4670 omlnem_lacrymte
3513 4587 3621 4644 im-

2028 4658 2176 4727 bre'm
2220 4665 2560 4740 indulgentia
2590 4661 2773 4740 divina
2791 4660 3038 4740 siccaret.
3075 4677 3098 4707 ι
3135 4658 3321 4740 Burin.

2100 4742 2212 4812 (57)
2238 4729 2554 4812 Nolovnune
2587 4733 2930 4812 contentioso
2953 4811 2959 4812 γ
2973 4731 3120 4811 fune
3150 4729 3440 4812 deducere.
3487 4730 3622 4812 Pro-

2031 4800 2332 4867 verbialiter
2359 4810 2561 4863 dictum
2590 4806 2658 4860 de
2686 4803 3017 4875 argumentis
3054 4815 3176 4854 cum
3229 4800 3468 4870 prolixis,
3511 4811 3624 4856 tum

2030 4881 2541 4955 PerplcxiS-BHEN-
2609 4947 2646 4955 ..
3065 4949 3074 4955 .
3425 4941 3472 4955 ..

2099 4941 2209 5024 (58)
2243 4952 2468 5024 Quodsi
2495 4947 2781 5024 modicum
2820 4960 2971 5024 caro,
3028 4949 3130 4997 etc.
3158 4941 3375 5022 _Alludit
3425 4941 3510 4998 hic
3554 4941 3622 4995 ad

2030 5015 2397 5094 contemptum
2457 5021 2679 5094 hor_um_
2722 5015 3128 5094 haereticorum"
3156 5015 3211 5069 in
3259 5030 3483 5094 carnem
3523 5029 3625 5069 no-

2032 5104 2218 5164 stram,
2249 5085 2350 5165 qui
2379 5108 2497 5165 eam
2529 5089 2918 5165 despiciebant,
2965 5095 3023 5141 ut
3051 5085 3222 5165 .vilem
3249 5128 3268 5165 ρ
3329 5085 3573 5165 frivolam
3609 5127 3623 5154 ,

2031 5177 2086 5223 et
2124 5156 2322 5222 nullius
2351 5156 2646 5238 dignitatis,
2676 5169 2729 5216 et
2766 5172 2928 5228 supra
2965 5156 3097 5238 satis
3127 5164 3214 5238 est
3248 5157 3574 5238 insinuatum
3609 5176 3622 5221 ;

2033 5256 2154 5294 nam
2202 5239 2304 5294 etsi
2361 5227 2442 5291 ita'
2479 5242 2644 5298 esset,
2677 5239 2736 5286 ut
2780 5227 2906 5286 caro
2951 5230 3085 5283 adeo
3125 5227 3246 5282 vilis
3301 5241 3353 5284 et
3406 5229 3620 5284 modica

2034 5311 2246 5375 fuisset,
2282 5318 2341 5366 ut
2397 5308 2451 5362 hi
2479 5303 2723 5378 haeretici
2762 5300 3136 5378 conviciantur
3167 5341 3182 5367 ,
3215 5299 3391 5354 adhuc
3449 5299 3622 5378 susci-

2031 5383 2194 5437 tanda
2214 5370 2378 5445 esset,
2420 5394 2518 5434 nec
2537 5376 2682 5433 enim
2713 5374 2930 5430 modica
2961 5380 3088 5445 su_nt
3117 5385 3285 5443 Opera
3314 5385 3410 5440 per
3459 5370 3623 5424 mini-

2031 5454 2256 5508 sterium
2289 5443 2428 5507 facta
2454 5460 2505 5505 ut
2553 5447 2894 5522 negligantur
2919 5459 2956 5522 _a_
2997 5443 3127 5522 'Deo
3157 5484 3195 5522 ι
3231 5448 3285 5520 et
3342 5450 3625 5522 prOpterea

2032 5525 2404 5586 resuscitanda
2431 5530 2514 5578 est
2542 5513 2665 5576 caro
2701 5513 2787 5573 “ad
2837 5513 3106 5587 judicium
3156 5513 3276 5576 Dei,
3342 5521 3400 5565 ut
3445 5528 3617 5584 argu-

2032 5605 2304 5654 mentatur
2321 5583 2690 5664 Athenagoras
2718 5590 2785 5645 de
2822 5583 3024 5645 resurr.
3058 5583 3187 5638 an.
