4028 6188
445 369 547 433 891

1142 374 1575 438 TERTULLIANI
1612 379 1872 442 OPERUM
1912 380 2079 443 PARS
2118 380 2185 443 II.
2224 414 2294 426 —-
2331 381 2551 446 SERIES
2586 379 2627 452 Ι,
2669 380 3019 444 POLEMICA.

3631 382 3738 444 892

447 513 635 563 totum.
668 505 924 582 Ingerens
974 506 1205 581 amplius
1237 523 1250 563 :
1293 508 1417 566 Haec
1436 509 1485 549 69
1514 513 1598 568 est
1627 510 1815 568 Patris
1850 512 2042 569 volun—
2073 534 2118 616 Α
2151 510 2216 567 ad
2248 511 2517 568 interitum
2578 520 2631 569 et
2678 510 2845 567 finem
2897 506 3181 584 utriusque
3219 509 3534 567 substantia
3592 513 3732 567 arri-

449 599 533 655 tas
559 598 695 671 (59),
725 603 794 656 ut
836 598 1020 658 omnis
1041 598 1138 673 qui
1157 598 1309 657 videt
1338 600 1388 639 ⁷ο
1415 602 1626 658 Filium
1668 608 1725 659 et
1770 603 1948 660 credit
1977 604 2041 659 in

445 709 595 761 eum,
637 691 838 749 habeat
866 694 1047 750 vitam
1060 694 1357 757 (sternam,
1382 695 1716 751 etsuscite-m
1744 695 1913 751 illum
1943 711 2043 752 no-

447 783 675 837 vissima
707 781 797 839 die
828 804 846 850 ,-
876 782 1268 853 plenitudinem
1303 782 1531 838 exstruit
1577 783 1987 840 resurreCtionis
2024 800 2038 837 :

445 870 719 926 distribuit
746 872 893 926 enim
923 870 1143 943 utrique
1190 871 1504 926 substantiae
1552 888 1646 943 per
1691 872 1867 928 officia
1924 889 2043 943 pro-

446 961 618 1032 priam
674 962 721 999 ⁷1
780 961 1083 1017 mercedem
1124 960 1335 1027 salutis,
1395 969 1450 1016 et
1501 962 1677 1017 carnis
1732 980 1831 1034 per
1877 980 2041 1034 quam

444 1049 584 1105 ﬁlius
610 1050 659 1089 “¹²
687 1050 1066 1122 aspiciebatur,
1089 1057 1141 1105 et
1169 1051 1359 1104 animae
1385 1067 1478 1121 per
1507 1067 1669 1123 quam
1699 1052 2037 1107 credebatur.

444 1139 607 1212 Ergo,
631 1140 805 1207 dices,
832 1138 932 1194 illis
963 1140 1065 1195 erit
1086 1140 1357 1209 promissa
1388 1155 1510 1205 res,
1543 1156 1573 1194 a
1621 1142 1820 1212 quibus
1876 1141 2040 1196 Chri-

445 1238 560 1283 stus
581 1228 877 1286 videbatur.
910 1230 991 1285 Sit
1023 1230 1183 1301 plane
1240 1229 1331 1299 ita,
1389 1237 1447 1284 ut
1480 1236 1531 1286 et
1571 1230 1637 1285 ad
1693 1246 1793 1287 nos
1851 1230 2040 1286 eadem

444 1330 569 1387 Spes
599 1317 724 1374 inde
771 1318 1086 1373 manaverit.
1137 1320 1270 1373 Nam
1294 1320 1337 1374 si
1386 1319 1710 1388 videntibus,
1760 1327 1814 1375 et
1843 1319 2043 1377 idcirco

444 1408 810 1479 credentibus,
842 1408 1120 1464 fructuosa
1151 1418 1274 1464 tunc
1292 1408 1509 1464 fuerunt
1539 1425 1704 1480 Opera
1750 1410 1928 1466 carnis
1957 1418 2040 1464 at-

444 1512 549 1567 que
577 1496 788 1561 animre,
825 1497 993 1553 multo
1020 1497 1191 1570 magis
1222 1498 1397 1553 nobis.
1432 1498 1727 1554 Feliciores
1767 1499 1927 1567 enim,
1963 1499 2045 1553 in~

444 1584 586 1655 quit,
616 1585 710 1657 qui
756 1601 861 1641 non
900 1586 1149 1642 viderunt
1178 1586 1259 1652 73,
1302 1594 1356 1641 et
1394 1593 1619 1643 credunt
1653 1605 1667 1655 ;
1698 1588 1915 1656 quando
1943 1587 2042 1642 etsi

443 1673 550 1728 illis
580 1684 870 1749 negaretur
916 1676 1094 1732 carnis
1142 1675 1485 1743 resurrectio,
1514 1689 1659 1733 certe
1707 1674 2042 1732 felicioribus

444 1763 808 1832 competisset.
834 1762 1118 1831 Quomodo
1157 1764 1298 1818 enim
1322 1763 1522 1829 felices,
1557 1764 1602 1819 si
1634 1781 1697 1819 ex
1726 1773 1877 1836 parte
1906 1766 2046 1837 peri-

445 1852 547 1907 turi
579 1853 605 1906 ?

994 1939 1225 1996 CAPUT
1246 1941 1481 1997 XXXV.

517 2028 625 2083 Sed
657 2035 711 2083 et
734 2028 1135 2098 praecipit,eum
1173 2033 1362 2103 potius
1394 2032 1746 2101 timendum,
1786 2034 1884 2107 qui
1920 2050 2045 2093 cor-

444 2134 551 2191 pus
582 2120 639 2172 et
667 2118 925 2173 animam
944 2119 1167 2176 occidat
1188 2120 1301 2190 (60)
1332 2122 1395 2178 in
1416 2122 1813 2194 gehennam,id
1835 2131 1916 2178 est
1935 2122 2042 2179 Do-

446 2205 655 2260 minum
686 2205 885 2275 solum;
916 2224 1028 2265 non
1053 2212 1153 2282 qui
1179 2226 1381 2283 corpus
1402 2212 1680 2278 occidant,
1712 2214 2044 2269 animusau-

450 2298 564 2352 te’m
586 2294 736 2351 nihil
764 2313 965 2354 nocere
990 2298 1289 2370 possint,id
1310 2308 1412 2367 est,
1445 2300 1711 2355 humanas
1732 2308 2043 2371 potestates.

447 2384 599 2438 Adeo
629 2385 713 2440 hic
741 2392 794 2440 et
821 2386 996 2440 anima
1024 2386 1342 2442 immortalis
1371 2399 1556 2443 natura
1588 2389 1999 2465 recognoscitur
2030 2430 2044 2455 ,

451 2489 573 2542 quae
602 2487 709 2527 non
732 2472 904 2544 possit
932 2473 1104 2528 occidi
1132 2474 1199 2529 ab
1247 2474 1584 2543 hominibus;
1627 2484 1679 2531 et
1726 2477 1901 2532 carnis
1931 2494 2049 2533 esse

452 2560 850 2628 mortalitatem,
906 2564 1063 2632 cujus
1100 2562 1169 2617 sit
1199 2561 1398 2618 occisio
1440 2572 1650 2635 ;atque
1702 2565 1773 2620 ita
1821 2582 2051 2621 resurre-

452 2648 684 2704 ctionem
743 2665 962 2721 quoque
1041 2658 1373 2707 mortuorum
1417 2652 1598 2709 carnis
1652 2669 1771 2709 esse
1814 2670 1936 2725 qua}
1994 2654 2048 2708 in

452 2738 776 2808 gehennam,
819 2738 924 2794 nisi
979 2739 1320 2809 resuscitata,
1352 2756 1458 2797 non
1497 2742 1693 2813 poterit
1722 2742 1911 2799 occidi.
1943 2742 2049 2798 Sed

455 2828 714 2898 quoniam
764 2838 817 2883 et
877 2828 967 2884 hic
1030 2829 1097 2885 de
1144 2828 1587 2902 interpretatione
1644 2832 1888 2904 corporis
1935 2832 2049 2903 (61)

456 2917 687 2986 quaestio
718 2917 1019 2985 cavillatur,
1053 2934 1186 2992 ergo
1244 2934 1450 2991 corpus
1482 2920 1717 2977 hominis
1766 2937 1872 2977 non
1903 2922 2049 2976 aliud

456 3004 754 3076 intelligam
798 3048 813 3076 ,
876 3024 1041 3080 quam
1091 3024 1308 3064 omnem
1362 3010 1519 3065 istam
1577 3019 1779 3065 struem
1824 3011 2043 3076 carnis,

455 3109 683 3166 quoquo
754 3112 958 3167 genere
1057 3098 1403 3153 materiarum
1469 3101 1822 3157 concinnatur
1875 3109 2040 3171 atque

457 3182 690 3238 variatur
743 3185 811 3251 ⁷4,
863 3187 1012 3259 quod
1038 3186 1251 3244 videtur
1279 3187 1347 3254 75,
1401 3188 1551 3258 quod
1603 3195 1834 3255 tenetur,
1893 3187 2040 3259 quod

452 3269 689 3342 denique
715 3275 781 3328 ab
803 3275 1115 3332 hominibus
1143 3277 1425 3334 occiditur.
1460 3277 1549 3332 Sic
1596 3286 1650 3333 et
1696 3278 1912 3349 parietis
1931 3292 2044 3333 cor-

454 3377 555 3430 pus
584 3378 692 3417 non
720 3363 863 3418 aliud
892 3365 1166 3421 admittam
1198 3382 1359 3437 quam
1395 3378 1675 3433 caementa,
1698 3384 1861 3439 quam
1892 3382 2041 3434 saxa,

453 3465 611 3519 quam
656 3450 870 3508 lateres.
913 3450 1084 3511 815
1132 3454 1188 3511 Si
1219 3454 1339 3526 quis
1364 3470 1616 3510 arcanum
1646 3455 1871 3526 aliquod
1927 3470 2049 3510 cor-

452 3538 798 3609 pusinducit,
856 3543 1125 3610 ostendat,
1175 3544 1398 3612 revelet,
1458 3543 1649 3614 probet
1703 3545 1883 3614 ipsum
1921 3558 2046 3598 esse

450 3626 604 3681 etiam
635 3631 781 3700 quod
811 3632 1084 3687 occidatur
1111 3633 1182 3688 ab
1211 3632 1450 3698 homine,
1482 3641 1535 3689 et
1586 3633 1654 3690 de
1703 3633 1796 3688 illo
1828 3632 1933 3689 erit
1963 3633 2047 3686 di-

451 3724 617 3769 ctum.
650 3718 784 3771 Item
823 3718 869 3774 si
909 3720 1101 3775 animae
1150 3736 1349 3792 corpus
1394 3721 1687 3792 Opponitur
1736 3722 1806 3786 75,
1835 3721 2047 3778 vacabit

453 3803 665 3860 astutia.
718 3805 850 3859 Cum
898 3807 1041 3861 enim
1092 3818 1384 3879 utrumque
1439 3809 1754 3879 proponitur
1786 3852 1801 3879 ,
1848 3825 2046 3881 corpus

452 3901 613 3960 atque
672 3893 926 3958 animam,
983 3896 1179 3952 occidit
1224 3896 1280 3951 in
1336 3898 1658 3968 gehennam,
1699 3898 2046 3971 distinguitur

452 3997 648 4051 corpus
694 3983 760 4037 ab
789 3982 985 4053 anima,
1031 3992 1085 4039 et
1123 3983 1444 4056 relinquitur
1498 3988 1727 4061 intelligi
1765 4005 1963 4060 corpus
1991 3989 2043 4044 id

453 4070 594 4139 quod
627 4069 677 4124 in
710 4081 969 4145 promptu
999 4072 1068 4128 sit
1099 4091 1111 4139 ;
1155 4089 1281 4130 caro
1325 4075 1547 4146 scilicet,
1579 4093 1698 4149 quae
1726 4078 1864 4133 sicut
1900 4078 2046 4135 occi-

449 4158 606 4212 detur
634 4159 681 4197 77
712 4159 767 4213 in
799 4161 1122 4232 gehennam,
1155 4163 1201 4217 si
1239 4179 1345 4219 non
1383 4165 1556 4238 magis
1584 4181 1611 4219 a
1644 4166 1760 4222 Deo
1810 4166 2046 4222 timuerit

451 4248 640 4314 occidi,
676 4248 751 4303 ita
800 4257 855 4305 et
911 4249 1268 4306 viviﬁcabitur
1330 4252 1385 4306 in
1440 4253 1602 4308 vitam
1651 4260 1945 4323 aaternam,
1997 4255 2041 4310 si

452 4337 697 4391 maluerit
727 4338 793 4391 ab
836 4339 1146 4395 hominibus
1195 4340 1373 4411 potius
1424 4340 1675 4398 interfici.
1732 4343 1961 4398 Proinde
2001 4346 2043 4400 si

451 4424 573 4495 quis
598 4425 933 4481 occisionem
980 4429 1155 4483 carnis
1209 4437 1369 4498 atque
1400 4431 1592 4487 animae
1638 4431 1692 4486 in
1742 4433 2043 4504 gehennam

2149 603 2300 674 piet,
2356 616 2463 660 non
2511 603 2579 658 ad
2629 601 2972 675 supplicium,
3022 600 3177 672 quasi
3223 599 3728 673 consumendarum,

2152 708 2258 747 non
2314 692 2469 764 quasi
2555 693 2949 765 puniendarum
2982 734 2999 762 ,
3037 691 3346 748 recordetur
3390 689 3572 761 ignem
3636 709 3733 764 ge-

2149 781 2337 837 hennae
2366 792 2624 838 aeternum
2653 782 2931 854 praedicari
2970 783 3024 837 in
3083 796 3297 854 ptenam
3338 782 3614 846 aeternam,
3684 788 3735 835 et

2148 868 2276 924 inde
2333 871 2685 928 aeternitatem
2741 871 3035 928 occasionis
3088 878 3373 945 agnoscat,
3452 878 3740 940 propterea

2151 959 2439 1029 humanae,
2486 968 2543 1014 ut
2610 961 2935 1031 temporali,
2999 959 3432 1032 prmtimendam.
3488 957 3642 1013 Tunc
3690 968 3742 1014 et

2150 1055 2377 1102 aeternas
2410 1048 2731 1104 substantias
2771 1048 2971 1113 credet,
3019 1063 3248 1120 quarum
3296 1055 3495 1101 aeterna
3538 1047 3609 1102 sit
3654 1062 3741 1103 oc-

2151 1135 2280 1191 cisio
2310 1136 2362 1189 in
2395 1153 2629 1207 poenam.
2706 1137 2860 1194 Certe
2926 1153 3045 1192 cum
3112 1144 3233 1208 post
3286 1135 3741 1191 resurrectionem

2150 1240 2345 1297 corpus
2373 1243 2491 1282 cum
2523 1228 2700 1281 anima
2738 1226 2908 1283 occidi
2966 1226 3158 1281 habeat
3196 1242 3226 1280 a
3280 1226 3395 1280 Deo
3442 1226 3493 1263 78
3550 1225 3608 1279 in
3639 1244 3739 1297 ge-

2151 1315 2404 1381 hennam,
2455 1317 2583 1373 satis
2639 1318 2706 1373 de
2736 1328 2968 1387 utroque
2996 1314 3281 1381 constabit,
3332 1321 3387 1370 et
3435 1315 3501 1369 de
3537 1315 3738 1370 carnali

2152 1406 2546 1464 resurrectione
2614 1414 2666 1462 et
2729 1406 2796 1461 de
2875 1412 3073 1461 aeterna
3136 1404 3404 1460 occisione
3437 1444 3452 1460 .
3528 1404 3740 1457 Absur-

2151 1491 2430 1548 dissimum
2462 1494 2722 1568 alioquin,
2755 1494 2799 1549 si
2832 1494 3027 1551 idcirco
3067 1493 3381 1548 resuscitata
3418 1506 3543 1548 caro
3592 1493 3740 1547 occi-

2152 1580 2389 1637 daturin
2417 1585 2740 1654 gehennam,
2773 1584 2851 1640 uti
2902 1581 3136 1651 finiatur,
3170 1581 3315 1653 quod
3350 1588 3404 1636 et
3436 1595 3543 1635 non
3582 1597 3741 1636 resu-

2152 1671 2336 1728 scitata
2383 1680 2668 1743 pateretur.
2702 1674 2762 1728 In
2792 1672 2896 1727 hoc
2926 1670 3126 1729 scilicet
3154 1670 3427 1727 reﬁcietur
3458 1711 3472 1736 ,
3525 1685 3594 1724 ne
3647 1669 3740 1737 sit,

2154 1762 2239 1817 cui
2268 1777 2373 1817 non
2404 1777 2523 1817 esse
2559 1764 2670 1832 jam
2698 1761 2897 1818 evenit.
2948 1761 3135 1816 Eidem
3180 1776 3283 1815 nos
3330 1758 3447 1831 spei
3512 1757 3741 1813 fulciens

2079 1828 2121 1905 Β
2151 1866 2430 1921 passerum
2452 1828 2668 1925 quoque
2696 1851 2975 1926 subjungit
3010 1851 3060 1890 79
3087 1828 3417 1920 exemplum,
3479 1848 3628 1918 quod
3673 1864 3741 1904 ea:

2149 1940 2357 1998 duobus
2385 1958 2497 1999 non
2527 1942 2691 1998 cadat
2721 1958 2872 1998 unus
2895 1942 2957 1996 in
2973 1940 3023 1979 ⁸ο
3054 1945 3271 1996 terram
3286 1941 3411 1995 sine
3426 1938 3527 1993 Dei
3540 1937 3740 1993 volun-

2153 2032 2271 2085 tate
2292 2049 2311 2085 :
2346 2038 2477 2086 utet
2498 2045 2735 2097 carnem,
2758 2045 2878 2103 quae
2912 2029 3162 2086 ceciderit
3182 2030 3236 2081 in
3267 2036 3482 2091 terram,
3517 2024 3743 2098 proinde

2151 2120 2339 2174 credas
2368 2128 2423 2175 et
2446 2136 2732 2192 resurgere
2762 2135 2924 2192 posse
2963 2134 3055 2187 per
3084 2117 3328 2187 ejusdem
3370 2116 3465 2173 Dei
3494 2116 3739 2172 volunta-

2152 2215 2279 2267 tem.
2327 2210 2465 2265 Nam
2513 2210 2613 2265 etsi
2641 2208 2946 2280 passeribus
2999 2208 3103 2264 hoc
3149 2224 3252 2264 non
3313 2207 3455 2271 licet,
3489 2205 3585 2261 sed
3646 2222 3741 2261 nos

2152 2296 2333 2352 multis
2375 2298 2687 2369 passeribus
2742 2298 3079 2367 antistamus,
3137 2313 3201 2353 eo
3270 2295 3413 2367 quod
3490 2294 3741 2350 cadentes

2155 2400 2521 2457 resurgamus.
2558 2386 2798 2456 Quorum
2823 2386 3051 2457 denique
3090 2384 3313 2455 capillos
3337 2382 3525 2453 capitis
3554 2398 3741 2438 omnes

2154 2483 2459 2529 numeratos
2487 2476 2533 2513 δι
2594 2474 2873 2530 afﬁrmans
2901 2476 2969 2539 82,
3012 2475 3188 2529 salvos
3225 2473 3408 2541 utique
3447 2472 3740 2541 repromit-

2155 2560 2236 2614 tit.
2270 2561 2543 2618 Perituros
2579 2562 2723 2618 enim
2752 2578 2873 2633 quae
2919 2561 3053 2618 ratio
3081 2563 3132 2617 in
3165 2576 3451 2616 numerum
3505 2558 3743 2630 redegis-

2156 2658 2254 2715 set,
2288 2650 2391 2705 nisi
2421 2652 2549 2725 quia
2576 2653 2679 2709 hoc
2706 2662 2804 2716 est,
2846 2657 2910 2708 ut
2926 2670 3089 2710 omne
3120 2651 3262 2724 quod
3285 2652 3454 2705 Pater
3476 2649 3623 2705 mihi
3648 2649 3742 2705 de-

2156 2738 2261 2808 dit,
2294 2759 2407 2798 non
2438 2743 2669 2814 perdam
2698 2757 2770 2797 ex
2798 2758 2859 2799 eo
2888 2742 3195 2815 quidquam
3223 2740 3526 2810 (Joan.vr),
3560 2738 3615 2792 id
3639 2746 3741 2803 est,

2159 2845 2255 2883 nec
2284 2830 2553 2901 capillum,
2585 2829 2721 2886 sicut
2750 2847 2850 2886 nec
2894 2828 3131 2894 oculum,
3179 2845 3278 2883 nec
3314 2828 3531 2883 dentem
3562 2825 3592 2881 7
3619 2828 3741 2882 Cae-

2160 2927 2328 2971 terum
2360 2920 2504 2973 unde
2550 2920 2652 2974 erit
2709 2918 2886 2988 fletus,
2934 2926 2987 2974 et
3023 2917 3257 2973 dentium
3287 2915 3513 2971 frendor
3562 2915 3619 2969 in
3658 2932 3747 2987 ge-

2156 3004 2352 3073 henna,
2391 3006 2493 3063 nisi
2534 3023 2601 3061 ex
2632 3007 2805 3063 oculis
2853 3016 2904 3062 et
2932 3005 2982 3045 8³
3027 3006 3328 3062 dentibus?
3358 3004 3540 3061 occiso
3598 3006 3746 3060 scili-

2153 3102 2236 3149 cet
2288 3094 2445 3150 etiam
2503 3110 2736 3167 corpore
2791 3096 2843 3151 in
2902 3096 3202 3169 gehennam
3239 3138 3251 3160 ,
3302 3102 3353 3149 et
3404 3094 3633 3149 detruso
3692 3094 3745 3149 in

2164 3185 2416 3239 tenebras
2473 3184 2788 3250 exteriores,
2834 3201 2958 3256 quae
3016 3184 3293 3239 oculorum
3352 3184 3571 3255 prOpria
3623 3190 3748 3238 sunt

2151 3280 2432 3337 tormenta,
2466 3273 2508 3329 si
2540 3275 2663 3347 quis
2714 3273 2767 3327 in
2809 3273 3009 3344 nuptiis
3041 3272 3217 3328 minus
3251 3272 3447 3343 dignis
3490 3272 3747 3342 Operibus

2154 3359 2570 3431 fueritindutus,
2601 3361 3053 3433 constringendus
3081 3361 3257 3417 statim
3288 3360 3539 3415 manibus
3572 3358 3748 3417 816

2155 3459 2208 3505 et
2240 3437 2482 3523 pedibus,
2519 3461 2708 3522 utpote
2737 3451 2829 3521 qui
2889 3464 3013 3504 cum
3059 3464 3285 3520 corpore
3342 3449 3599 3504 surrexit.
3659 3449 3750 3505 Sic

2153 3554 2285 3611 ergo
2320 3546 2373 3593 et
2418 3539 2729 3595 recumbere
2777 3539 2955 3611 ipsum
3002 3538 3058 3593 in
3096 3537 3192 3592 Dei
3227 3552 3422 3609 regno,
3462 3546 3515 3593 et
3549 3537 3744 3593 sedere

2156 3627 2207 3681 in
2252 3628 2456 3683 thronis
2485 3629 2535 3668 84
2587 3628 2807 3696 Christi,
2848 3636 2900 3684 et
2955 3627 3205 3684 assistere
3249 3634 3375 3682 tunc
3419 3626 3487 3682 ad
3546 3626 3740 3683 dexte-

2153 3732 2265 3770 ram
2296 3718 2346 3754 35
2374 3718 2457 3772 vel
2497 3716 2783 3783 sinistram,
2816 3726 2871 3774 et
2897 3717 3059 3773 edere
3087 3716 3156 3771 de
3185 3715 3335 3789 ligno
3366 3714 3512 3784 vitae,
3556 3731 3747 3786 corpo-

2156 3805 2279 3859 ralis
2304 3803 2671 3875 dispositionis
2700 3803 3014 3860 tidelissima
3036 3802 3235 3858 indicia
3254 3811 3400 3858 sunt.

2668 4009 2892 4064 CAPUT
2956 4007 3213 4063 XXXVI.

2226 4161 2516 4217 Videamus
2574 4178 2718 4217 nunc
2764 4179 2831 4216 an
2885 4171 2938 4217 et
2980 4160 3396 4217 Sadducaeorum
3450 4161 3746 4215 versutiam

2152 4252 2377 4319 elidens,
2409 4263 2643 4308 nostram
2676 4252 2849 4324 magis
2887 4252 3208 4308 sententiam
3239 4248 3493 4305 erexerit.
3528 4250 3746 4314 Caussa,

2151 4340 2382 4412 Opinor,
2445 4342 2761 4414 quaestionis
2807 4342 2908 4397 fuit
2962 4342 3257 4398 destructio
3315 4340 3747 4397 resurrectionis.

2152 4432 2428 4503 Siquidem
2486 4432 2767 4489 Sadductet
2801 4473 2814 4499 ,
2883 4447 3061 4502 neque
3107 4431 3301 4485 animae
3352 4429 3515 4500 (62),
3575 4444 3750 4502 neque

1478 4584 1485 4589 ,
1816 4521 2007 4584 Variae
2043 4523 2351 4585 lectiones.

522 4594 571 4633 69
601 4594 715 4649 Hoc
732 4596 904 4653 Rhcn.
932 4598 1100 4655 Seml.
1132 4599 1181 4636 ⁷ο
1206 4598 1412 4665 Aspicit
1440 4600 1616 4654 Bhen.
1651 4601 1819 4657 Seml.
1845 4602 1889 4637 Ἠ
1911 4602 2094 4655 Priora
2124 4604 2256 4656 Par.
2290 4602 2339 4639 ⁷2
2369 4601 2610 4656 Hominis
2640 4603 2767 4657 add.
2792 4602 2965 4657 Rhen.
2998 4599 3048 4639 ’³³
3077 4599 3271 4655 Vident
3300 4600 3477 4657 Rhen.
3502 4598 3677 4655 Seml.
3705 4599 3751 4634 ⁷⁸

452 4666 711 4743 Yarietur
732 4670 915 4743 Venet.
956 4670 1317 4743 mendoseg"?
1342 4670 1497 4743 Quod
1527 4672 1738 4724 videtur
1762 4672 1972 4727 absunt
2001 4690 2034 4727 a
2075 4675 2198 4727 Ven.
2224 4673 2272 4709 τε
2301 4673 2537 4743 Opponit
2568 4676 2725 4729 Pam.
2752 4677 2918 4729 Fran.
2954 4673 3000 4711 Π
3021 4672 3295 4729 Occiditur
3320 4675 3435 4743 Rig.
3467 4672 3596 4727 Ven.
3634 4672 3683 4708 τε
3704 4669 3749 4743 Α

454 4738 563 4814 Deo
597 4741 787 4814 omitt.
821 4741 1187 4814 thcn._Seml.
1221 4742 1269 4779 79
1295 4741 1577 4814 Subiunxit
1609 4744 1732 4812 Rig.
1766 4744 1890 4800 Ven.
1922 4744 1973 4781 30
2002 4746 2149 4799 Alter
2166 4738 2361 4799 omnes
2385 4738 2593 4814 prwter
2621 4746 2752 4799 Jun.
2788 4746 2833 4781 δι
2868 4746 3225 4799 Enumeratos
3256 4738 3613 4813 Ringen.82
3635 4742 3752 4796 Ad-

453 4810 625 4863 ﬁrmat
654 4812 774 4882 Ilig.
818 4813 941 4868 Ven.
973 4812 1023 4849 ⁸³
1052 4814 1129 4867 Ex
1161 4814 1289 4868 add.
1316 4813 1491 4869 Rhcn.
1526 4810 1694 4871 Sami.
1716 4814 1765 4851 δ’·
1800 4815 2096 4871 Duodecim
2129 4816 2256 4869 add.
2283 4810 2455 4870 Fran.
2486 4815 2535 4851 ⁸³
2565 4817 2645 4870 Ad
2675 4818 2952 4872 dexteram
2984 4823 3113 4871 tunc
3142 4817 3261 4884 Rig.
3306 4810 3429 4870 lien.

1850 4885 2343 4951 Commentarius.

523 4962 637 5030 (59)
669 4964 1116 5038 Ηιεζο-ειςι-ΡαινξδΔ
1148 4964 1429 5038 uoluntas.
1462 4964 1573 5020 Hoc
1600 4972 1707 5038 gest
1744 4966 1995 5021 voluntas
2026 4984 2041 5038 ;

450 5035 718 5107 Joan._v1,
747 5035 813 5107 49
853 5051 865 5086 :
897 5034 1051 5085 Τοῦτο
1072 5033 1125 5086 δὲ
1148 5033 1249 5088 ἐστι
1276 5039 1329 5088 τὸ
1359 5036 1563 5107 Θέλημα.
1597 5037 1719 5094 RIG.

523 5105 633 5170 (60)
686 5104 794 5176 Qui
844 5119 1043 5176 corpus
1066 5111 1125 5161 et
1154 5108 1411 5163 animam
1450 5104 1688 5172 occidat,
1731 5116 1834 5165 etc.
1888 5108 2047 5165 Vocis

452 5176 657 5249 Graecae
704 5175 952 5249 ἀπολέσριιξ
984 5176 1144 5249 aliam
1186 5178 1634 5249 signiﬁcationem
1692 5180 1776 5236 hic
1833 5189 1884 5235 et
1944 5182 2047 5235 sub

454 5245 616 5300 ﬁnem
648 5261 768 5315 cap.
802 5247 1061 5321 reddidit,
1105 5245 1322 5303 vertens
1353 5250 1620 5315 occidere,
1654 5267 1751 5321 pro
1784 5267 1851 5307 eo
1898 5253 2049 5321 quod

452 5334 571 5387 cap.
622 5318 855 5403 praeced.
907 5317 1086 5403 aliam,
1147 5336 1341 5403 nempe
1374 5317 1821 5403 _perdere,‘ct_tm
1887 5317 2051 5403 inter-

453 5398 607 5467 prete
634 5389 874 5467 vulgato,
901 5389 1024 5444 dum
1047 5391 1122 5467 de
1150 5391 1328 5449 anima
1356 5389 1502 5457 dicit,
1523 5398 1589 5449 ut
1617 5394 1843 5467 perdita
1864 5395 2051 5450 crede-

458 5465 557 5516 tur
586 5463 649 5517 in
678 5464 1015 5519 aehcnnam.
1047 5462 1188 5519 Pu.
1617 5462 1627 5467 ⁷
1852 5498 1857 5507 η

529 5479 557 5516 ν
586 5479 649 5517 m
712 5479 1015 5519 encnnam.
1048 5479 1188 5519 ml.
1852 5498 1857 5507 η

526 5533 635 5614 (61)
667 5479 770 5614 gert
791 5535 1259 5614 quoniangethic
1272 5535 1339 5614 de
1368 5538 1841 5614 interpretatione
1871 5552 2054 5614 corpo-

457 5618 559 5667 ris,
585 5613 686 5659 etc.
720 5605 960 5679 Insinuat
996 5605 1259 5679 effugium
1307 5605 1705 5679 haereticorum,
1754 5615 1811 5661 ut
1865 5605 2049 5663 elude-

459 5684 579 5730 rent
614 5678 985 5734 auctoritatem
1016 5678 1164 5736 illam
1219 5678 1521 5751 Evangelii,
1566 5679 1661 5749 qui
1700 5694 1888 5737 vocem
1923 5696 2053 5738 cor-

2147 5110 2587 5165 mentationibus.
2657 5109 2715 5163 S.

2154 4984 2260 5039 pus
2306 4967 2356 5039 in
2406 4965 2635 5039 alienam
2683 4977 2734 5022 et
2791 4968 3079 5022 absurdam
3139 4963 3595 5039 significationem
3637 4963 3749 5017 dis-

2157 5035 2439 5093 trahebant
2481 5038 2639 5093 novis
2693 5039 3122 5093 cavillationibus
3167 5035 3219 5092 et
3249 5035 3753 5109 SOphiisticisicom-

2777 5110 3134 5179 Hieronymus
3188 5108 3325 5165 adv.
3368 5108 3525 5162 Joan.
3572 5108 3753 5179 lliero-

2157 5181 2412 5263 solymit:2
2464 5184 2527 5236 ad
2590 5178 3011 5263 Pammachium,
3058 5196 3245 5262 severe
3276 5179 3330 5234 in
3379 5178 3469 5262 illo
3511 5178 3751 5263 crimina

2159 5260 2247 5308 tur
2299 5252 2559 5307 ludicram
2610 5254 3015 5322 usurpationem
3060 5252 3209 5308 vocis
3247 5252 3518 5322 corporis,
3581 5259 3643 5304 ut
3672 5265 3755 5304 ne-

2158 5334 2311 5395 garet
2339 5332 2574 5379 nostram
2606 5340 2823 5379 carnem
2854 5332 3299 5381 resurrecturam.
3333 5332 3467 5378 Lac.

2232 5396 2347 5471 (62)
2380 5397 2671 5471 Siquidem
2693 5396 3014 5471 Sadductei,
3047 5412 3229 5471 neque
3274 5397 3504 5471 animat,
3540 5398 3653 5448 etc.
3684 5392 3752 5471 De

2160 5464 2266 5539 illis
2296 5464 2563 5522 haereticis
2585 5484 2688 5522 non
2723 5468 2886 5522 semel
2920 5470 3020 5523 hoc
3051 5469 3102 5522 in
3129 5464 3389 5539 'opere,et
3417 5465 3541 5519 aliis
3574 5464 3751 5519 monui

2160 5538 2354 5611 alicubi
2405 5538 2595 5595 animae
2638 5540 3117 5608 immortalitatem,
3160 5538 3214 5596 et
3254 5553 3548 5611 corporum
3580 5551 3751 5593 resur-

2161 5610 2449 5667 rectionem
2477 5627 2716 5682 negasse.
2749 5612 2822 5666 ιε
2850 5612 2953 5671 Pa.
