4030 6184
309 375 420 438 893

309 504 490 562 carnis
545 502 831 562 admittunt
893 503 1124 562 salutem
1171 521 1184 561 :

311 595 548 652 maxime
594 595 774 668 specie
811 597 1222 655 resurrectionis
1251 597 1384 654 ﬁdes
1411 596 1786 670 labefacattur,
1834 611 1908 652 ex

311 701 377 742 ea
421 685 472 724 35
517 695 896 757 argumentum
944 687 1268 757 problemati
1315 703 1413 742 suo
1457 687 1906 744 accommodave-

309 783 492 842 runt;
541 775 610 830 de
682 774 861 830 carnis
915 775 1119 833 scilicet
1149 778 1377 834 obtentu
1431 778 1578 850 (63),
1634 784 1906 848 nupturae,

309 878 502 932 necne,
535 871 658 936 post
687 864 1151 934 resurrectionem,
1192 867 1292 920 sub
1331 867 1454 936 ejus
1502 865 1740 921 mulieris
1779 879 1906 936 per-

309 967 463 1019 sona,
493 967 616 1024 quae
659 961 868 1024 septem
907 951 1160 1010 fratribus
1203 961 1394 1026 nupta,
1445 955 1500 1010 in
1538 954 1704 1010 dubio
1733 953 1904 1008 babe-

311 1049 481 1111 retur,
531 1041 617 1096 cui
664 1056 852 1096 eorum
899 1042 1294 1098 restitueretur.
1349 1044 1518 1100 Porro
1549 1085 1565 1110 ,
1623 1051 1908 1099 serventur

309 1146 504 1187 sensus
533 1137 642 1186 tam
672 1129 986 1200 quaestionis
1029 1147 1192 1202 quam
1241 1128 1638 1202 responsionis,
1667 1141 1722 1186 et
1766 1145 1906 1187 con-

309 1219 582 1274 troversiae
611 1233 896 1274 occursum
923 1225 1024 1276 est.
1071 1218 1130 1274 Si
1171 1219 1316 1276 enim
1363 1218 1645 1274 Sadductei
1687 1219 1906 1290 quidem

307 1309 638 1378 respuebant
689 1307 1142 1364 resurrectionem
1167 1349 1182 1375 ,
1237 1307 1501 1364 Dominus
1553 1315 1732 1364 autem
1786 1323 1907 1365 eam

307 1395 664 1453 conﬁrmabat
693 1397 812 1468 (64)
837 1395 906 1462 87,
939 1405 994 1452 et
1031 1396 1425 1468 Scripturarum
1467 1397 1686 1470 ignaros
1731 1397 1904 1454 incre-

201 1557 204 1560 t
307 1501 444 1557 pans
468 1528 482 1551 ,
533 1501 720 1540 earum
767 1483 976 1541 scilicet
1019 1501 1142 1557 quae
1197 1485 1642 1542 resurrectionem
1703 1486 1904 1559 praedi-

305 1579 540 1639 cassent,
583 1580 640 1627 et
681 1571 898 1628 virtutis
939 1574 1034 1628 Dei
1081 1573 1410 1638 incredulos,
1465 1573 1674 1630 itionem
1721 1575 1906 1646 utique

307 1661 542 1717 mortuis
584 1661 995 1729 resuscitandis,
1046 1672 1321 1732 postremo
1369 1662 1712 1733 subjiciens:
1759 1665 1906 1733 Quo-

311 1753 474 1808 niam
499 1753 552 1790 33
577 1755 772 1810 autem
801 1753 1022 1809 mortui
1041 1757 1344 1825 resurgant
1371 1755 1502 1822 (65),
1526 1752 1642 1808 sine
1663 1751 1832 1808 dubio
1853 1761 1908 1808 et

315 1842 682 1898 conﬁrmando
737 1857 860 1898 esse
885 1843 1030 1914 quod
1081 1843 1424 1912 negabatur;
1479 1842 1516 1897 il
1569 1850 1670 1914 est,
1725 1857 1907 1900 resur-

319 1931 608 1986 rectionem
667 1937 1000 1986 mortuorum
1073 1929 1218 2002 apud
1273 1931 1444 1985 Deum
1499 1931 1548 1970 39
1613 1934 1858 1988 vivorum
1886 1974 1903 1998 ,

317 2020 481 2076 talem
524 2034 729 2094 quoque
771 2033 890 2076 eam
941 2017 1294 2076 conﬁrmabat
1339 2035 1458 2076 esse
1513 2021 1688 2092 qualis
1733 2037 1904 2094 nega-

307 2107 492 2178 batur,
575 2109 852 2179 utriusque
929 2111 1134 2166 scilicet
1219 2110 1534 2167 substantiae
1624 2113 1903 2170 humanae.

307 2198 498 2269 Neque
545 2198 690 2253 enim
735 2198 782 2254 si
830 2207 1096 2271 nupturos
1141 2205 1274 2255 tunc
1319 2199 1572 2272 negavit,
1622 2199 1744 2257 ideo
1805 2217 1906 2259 nec

305 2295 708 2344 resurrecturos
753 2289 1140 2344 demonstravit
1184 2289 1254 2343 90.
1304 2289 1504 2362 Atquin
1548 2287 1690 2346 ﬁlios
1721 2305 1906 2346 resur-

307 2375 568 2432 rectionis
607 2376 899 2448 appellavit
941 2377 1014 2445 91,
1043 2393 1140 2448 per
1185 2393 1302 2433 eam
1331 2378 1732 2451 quodammodo
1757 2380 1908 2437 nasci

305 2465 595 2534 habentes,
636 2473 760 2536 post
812 2481 976 2538 quam
1017 2481 1124 2522 non
1155 2467 1380 2535 nubent,
1411 2467 1510 2523 sed
1561 2468 1860 2526 resuscitati
1887 2509 1902 2535 ,

306 2555 512 2610 similes
539 2555 684 2610 enim
719 2565 876 2611 erunt
919 2555 1170 2629 angelis;
1201 2573 1305 2628 qua
1353 2573 1460 2614 non
1511 2558 1752 2629 nupturi,
1784 2558 1908 2630 quia

307 2660 410 2700 nec
455 2643 698 2700 morituri
755 2646 906 2713 (66);
968 2647 1062 2700 sed
1117 2663 1223 2717 qua
1277 2647 1550 2703 transituri
1599 2647 1656 2702 in
1707 2654 1906 2702 statum

306 2733 632 2804 angelicum,
661 2748 758 2801 per
787 2733 1166 2791 indumentum
1196 2735 1330 2792 illud
1356 2735 1901 2808 incorruptibilitatis,

309 2837 405 2891 per
440 2821 770 2886 substantiae,
819 2823 1151 2878 resuscitatus
1199 2829 1398 2890 tamen,
1455 2824 1901 2881 demutationem.

309 2911 604 2976 Caeterum,
647 2925 748 2966 nec
791 2921 1142 2983 quaereretur,
1193 2913 1410 2983 nupturi
1466 2912 1580 2968 sive
1625 2912 1898 2980 morituri,

313 3015 502 3066 necne,
556 3014 746 3056 rursus
799 3015 1062 3067 essemus,
1122 3001 1168 3055 si
1215 3017 1324 3056 non
1367 3001 1489 3071 ejus
1543 3001 1626 3055 vel
1675 3003 1904 3056 maxime

1369 373 1567 438 LIBER
1608 373 1692 438 DE
1732 375 2272 444 RESURREGTIONE
2309 379 2567 446 CARNIS.

1245 513 1300 562 et
1349 503 1473 562 ideo
1527 521 1594 600 ex
1661 521 1766 578 qua
1819 503 1906 561 vel
1936 519 1984 600 Α
2014 507 2403 569 intolerabilem
2447 510 2881 570 existimaverunt
2907 525 3208 570 sermonem
3255 513 3395 584 eius,
3455 511 3615 586 quasi

2421 173 2456 198 κ

3509 383 3616 448 894

2011 617 2138 659 vere
2165 619 2384 660 carnem
2415 619 2568 660 suam
2595 601 2703 659 illis
2729 601 2999 658 edendam
3028 601 3436 659 determinasset
3467 602 3610 675 (68);

2013 701 2069 746 ut
2125 693 2178 748 in
2237 691 2488 764 Spiritum
2531 693 2586 734 95
2623 692 2936 764 disponeret
2980 699 3180 748 statum
3221 692 3425 758 salutis,
3467 708 3613 763 prae-

2015 781 2190 838 misit:
2218 783 2462 855 Spiritus
2481 787 2568 838 est
2586 785 2682 856 qui
2699 784 2980 852 vivi/teat,-
3009 791 3172 852 atque
3195 781 3272 836 ita
3301 781 3614 850 subiunxit:

2019 873 2158 930 Caro
2187 873 2335 929 nihil
2352 873 2578 945 prodest
2603 873 2717 945 (69)
2737 874 2786 912 95
2810 891 2823 938 ;
2849 873 2918 926 ad
2951 870 3339 927 viviﬁcandum
3387 871 3614 929 scilicet.

2013 959 2341 1032 Exsequitur
2387 962 2546 1018 etiam
2613 961 2742 1034 quid
2793 960 2920 1018 velit
2993 959 3222 1032 intelligi
3295 961 3546 1031 spiritum
3599 975 3614 1013 :

2023 1049 2190 1108 Verba
2229 1067 2356 1122 qua:
2397 1053 2616 1109 locutus
2662 1069 2786 1109 sum
2819 1052 2988 1118 vobis,
3021 1053 3260 1124 spiritus
3309 1055 3466 1115 sunt,
3500 1052 3621 1108 vita

2010 1145 2175 1207 sunt;
2207 1140 2348 1197 sicut
2377 1149 2430 1197 et
2457 1158 2625 1213 supra
2659 1159 2672 1199 :
2709 1141 2814 1209 Qui
2842 1141 3008 1198 audit
3038 1155 3326 1198 sermones
3363 1155 3535 1207 meos,
3565 1143 3622 1195 et

2011 1229 2186 1286 credit
2205 1231 2267 1285 in
2287 1245 2420 1286 eum
2439 1231 2538 1305 qui
2557 1245 2649 1286 me
2667 1231 2846 1295 misit,
2875 1230 3036 1288 habet
3049 1231 3230 1286 vitam
3254 1233 3552 1297 aeternam,
3565 1231 3621 1286 et

2011 1317 2076 1374 in
2091 1319 2384 1390 judicium
2412 1335 2526 1376 non
2541 1321 2744 1390 veniet,
2776 1320 2872 1378 sed
2888 1321 3137 1376 transiet
3157 1317 3206 1359 95
3237 1320 3304 1377 de
3328 1322 3514 1376 morte
3549 1317 3623 1374 ad

2010 1409 2186 1462 vitam
2224 1407 2412 1478 (Joan.
2459 1424 2517 1474 ν,
2547 1407 2646 1478 vr).
2697 1409 2888 1480 Itaque
2936 1422 3238 1465 sermonem
3287 1407 3626 1464 constituens

2009 1494 2424 1563 viviﬁcatorem,
2453 1497 2580 1568 quia
2609 1497 2832 1566 spiritus
2857 1505 2911 1552 et
2953 1496 3060 1552 vita
3089 1511 3270 1552 sermo
3299 1538 3311 1561 ,
3363 1495 3620 1552 eumdem

2006 1583 2172 1640 etiam
2197 1599 2412 1640 carnem
2434 1601 2586 1640 suam
2615 1585 2768 1652 dixit,
2801 1586 2932 1658 quia
2967 1597 3018 1642 et
3077 1587 3265 1642 Sermo
3312 1601 3442 1641 caro
3509 1591 3624 1639 erat

2014 1671 2208 1738 factus,
2266 1673 2493 1743 proinde
2547 1673 2603 1728 in
2673 1689 2890 1729 causam
2971 1675 3095 1730 vitae
3152 1673 3505 1746 appetentius,
3569 1679 3624 1729 et

2014 1758 2355 1815 devorandus
2399 1759 2588 1816 auditu
2637 1763 2772 1830 ('70),
2822 1767 2876 1816 et
2921 1762 3274 1817 ruminandus
3318 1761 3614 1825 intellectu,

1943 1807 1984 1886 Β
2015 1854 2068 1902 et
2097 1845 2203 1903 ﬁde
2229 1848 2560 1920 digerendus
2595 1807 2665 1905 εδ.
2711 1807 2852 1906 Diam
2899 1857 2954 1904 et
3001 1850 3166 1920 paulo
3203 1857 3349 1914 ante,
3399 1807 3618 1906 carnem

2015 1953 2170 1992 suam
2209 1953 2400 2008 panem
2426 1951 2644 2010 quoque
2680 1939 2954 1994 cmlestem
2991 1937 3390 2008 pronuntiaret,
3419 1953 3620 2010 urgens

2015 2041 2426 2099 usquequaque
2447 2043 2544 2098 per
2597 2027 2919 2102 allegoriam
2962 2026 3390 2083 necessariorum
3439 2027 3618 2098 pabu-

2014 2115 2184 2171 lorum
2224 2117 2271 2155 97
2301 2115 2620 2173 memoriam
2665 2125 2898 2187 patrum,
2957 2116 3048 2190 qui
3109 2130 3280 2189 panes
3319 2122 3374 2173 et
3427 2129 3622 2170 carnes

2013 2204 2388 2277 Egyptiorum
2446 2213 2831 2278 prreverterant
2871 2205 3068 2261 divinae
3107 2203 3402 2262 vocationi.
3455 2201 3622 2275 Igitur

2015 2307 2310 2351 conversus
2363 2294 2427 2349 ad
2477 2294 2806 2368 recogitatus
2869 2293 3118 2360 illorum,
3183 2292 3308 2366 quia
3381 2297 3623 2348 senserat

2014 2381 2406 2454 dispergendos
2435 2383 2486 2422 9⁸
2515 2399 2530 2437 :
2568 2384 2728 2448 Caro,
2755 2382 2846 2448 ait,
2877 2384 3029 2440 nihil
3055 2381 3302 2455 prodest.
3338 2380 3484 2449 Quid
3519 2381 3624 2436 hoc

2012 2471 2080 2525 ad
2111 2471 2490 2528 destruendam
2529 2472 2709 2528 carnis
2762 2471 3267 2528 resurrectionem?
3316 2470 3484 2540 Quasi
3515 2483 3624 2524 non

2014 2559 2174 2617 liceat
2215 2575 2334 2618 esse
2401 2561 2624 2634 aliquid,
2673 2559 2820 2634 quod
2869 2560 2974 2616 etsi
3041 2560 3174 2616 nihil
3225 2558 3415 2629 prosit,
3477 2556 3624 2613 aliud

2017 2656 2196 2704 tamen
2246 2649 2294 2706 ei
2333 2649 2596 2721 prodesse
2641 2651 2835 2721 possit.
2887 2649 3116 2720 Spiritus
3163 2649 3414 2720 prodest,
3481 2646 3622 2703 vivi-

2015 2737 2138 2794 ﬁcat
2183 2738 2490 2794 enim.Caro
2536 2739 2671 2792 nihil
2733 2737 2995 2810 prodest,
3043 2735 3398 2792 mortiﬁcatur
3455 2733 3620 2790 enim.

2013 2828 2214 2898 Itaque,
2246 2827 2540 2884 secundum
2572 2841 2673 2882 nos
2711 2827 2882 2896 magis
2920 2825 3209 2881 collocavit
3239 2825 3300 2883 .99
3346 2823 3624 2894 utriusque

2013 2916 2456 2986 propositionem.
2531 2915 2838 2972 Ostendens
2896 2914 3036 2970 enim
3097 2913 3228 2986 quid
3295 2913 3503 2985 prosit,
3569 2919 3623 2966 et

2013 3005 2140 3074 quid
2171 3019 2278 3059 non
2336 3003 2526 3075 prosit,
2568 3003 2768 3075 pariter
2815 3003 3165 3070 illuminavit,
3198 3001 3327 3074 quid
3369 3000 3457 3056 cui
3497 3013 3622 3069 pro-

308 3089 618 3142 substantim
684 3088 952 3144 restitutio
1008 3089 1064 3144 in
1131 3089 1358 3145 dubium
1415 3095 1728 3158 vocaretur,
1783 3105 1904 3161 quae
1935 3091 1978 3171 ε
2011 3092 2099 3162 sit,
2167 3091 2415 3162 spiritum
2471 3092 2680 3147 scilicet
2726 3092 2876 3147 carni
2934 3089 3268 3146 mortiﬁcata:
3319 3089 3620 3146 viviﬁcato-

309 3177 528 3246 proprie
559 3183 610 3232 et
649 3186 820 3232 morte
859 3185 916 3232 et
965 3178 1162 3247 nuptiis
1209 3178 1468 3248 fungitur,
1503 3177 1556 3231 id
1596 3187 1676 3232 est
1705 3178 1902 3232 carnis.

305 3267 483 3322 Habes
553 3267 724 3338 igitur
793 3265 1084 3322 Dominum
1158 3266 1564 3324 conﬁrmantem
1641 3267 1908 3324 adversus

305 3357 595 3414 haereticos
638 3357 970 3424 Iudaeorum,
1017 3358 1162 3428 quod
1210 3365 1260 3413 et
1305 3374 1448 3415 nunc
1489 3367 1718 3431 negatur
1763 3359 1906 3430 apud

305 3445 636 3502 Sadducreos
663 3445 1086 3501 Christianorum
1113 3445 1246 3518 (67),
1275 3444 1508 3502 solidam
1555 3445 1906 3502 resurrectio-

305 3551 430 3591 nem
439 3576 454 3588 .

737 3622 897 3681 817
935 3625 1164 3683 CAPUT
1193 3625 1476 3682 XXXVII.

389 3713 499 3780 Sic,
531 3715 632 3771 etsi
657 3715 706 3754 9‘
735 3731 956 3770 carnem
983 3716 1058 3770 ait
1093 3713 1227 3769 nihil
1278 3716 1550 3785 prodesse,
1577 3731 1642 3771 ex
1682 3713 1906 3770 materia

309 3803 446 3860 dicti
490 3802 810 3876 dirigendus
857 3811 942 3859 est
987 3818 1199 3860 sensus.
1237 3803 1376 3858 Nam
1429 3803 1556 3874 quia
1603 3802 1800 3888 durum
1850 3813 1906 3860 et

2015 3195 2148 3235 rem.
2191 3183 2380 3238 Veniet
2397 3181 2550 3236 enim
2573 3179 2731 3244 hora,
2757 3179 2946 3250 inquit,
2988 3195 3120 3246 cum
3139 3181 3358 3237 mortui
3391 3177 3624 3234 audient

2015 3285 2204 3326 vocem
2233 3271 2370 3326 Filii
2415 3271 2549 3337 Dei;
2588 3275 2642 3328 et
2679 3271 2778 3342 qui
2831 3269 3150 3334 audierint,
3183 3269 3374 3325 vivent
3407 3285 3420 3320 :
3453 3262 3622 3322 848

2016 3357 2159 3426 Quid
2213 3365 2508 3424 mortuum,
2547 3358 2652 3413 nisi
2698 3359 2868 3414 caro?
2899 3363 2952 3412 et
2997 3356 3128 3428 quid
3179 3371 3280 3410 vox
3338 3354 3459 3422 Dei,
3519 3352 3624 3406 nisi

2014 3447 2234 3503 sermo?
2277 3455 2332 3502 et
2376 3447 2506 3518 quid
2543 3461 2760 3513 sermo,
2811 3445 2914 3501 nisi
2963 3442 3224 3516 spiritus?
3264 3441 3458 3498 merito
3503 3455 3624 3496 car-

1967 3587 1974 3594 .
2016 3551 2138 3592 nem
2202 3535 2638 3600 resuscitaturus,
2695 3534 2840 3606 quod
2900 3533 3070 3589 factus
3125 3537 3209 3588 est
3251 3531 3397 3601 ipse;
3453 3539 3506 3584 et
3559 3543 3626 3584 ex

2017 3631 2211 3691 morte,
2241 3639 2402 3696 quam
2431 3637 2622 3692 passus
2670 3633 2753 3676 est
2799 3621 2946 3693 ipse;
2990 3629 3044 3676 et
3089 3635 3156 3676 ex
3203 3617 3466 3689 sepulcro,
3517 3632 3626 3687 quo

2013 3713 2190 3768 illatus
2229 3719 2310 3768 est
2343 3711 2479 3782 ipse.
2528 3710 2776 3780 Denique
2824 3726 2946 3766 cum
2975 3709 3105 3765 dicit
3137 3725 3154 3764 :
3183 3709 3260 3766 Ne
3311 3707 3624 3770 miremini,

2015 3801 2160 3875 quod
2181 3803 2366 3860 veniet
2394 3801 2554 3866 hora,
2573 3801 2636 3856 in
2664 3816 2772 3872 qua
2802 3813 2992 3858 omnes
3019 3800 3119 3871 qui
3143 3799 3208 3853 in
3239 3795 3625 3852 monumentis

1695 3909 1888 3973 Variae
1941 3913 2249 3974 lectiones.

387 4009 440 4046 εδ
466 4008 563 4082 (Ex,
580 4023 690 4082 quo
709 4009 794 4082 vel
824 4027 896 4067 m.
929 4025 1054 4080 spes
1083 4008 1496 4082 resurrectionis
1522 4007 1889 4082 labefactatur,
1923 4026 1988 4063 ex
2027 4023 2091 4082 eo
2123 4008 2306 4082 Raris.
2337 4007 2393 4082 δῖ
2419 4004 2712 4082 Conﬁrmat
2741 3999 3204 4082 then._.$eml._33
3241 4000 3426 4082 Quam
3450 4000 3624 4082 _Rhen=

316 4081 492 4138 Seml.
521 4081 572 4118 ⁸9
593 4073 880 4136 Dominum
910 4073 1084 4138 Bhen.
1119 4081 1288 4138 Seml.
1320 4081 1370 4120 9°
1389 4080 1690 4150 Negabit...
1716 4073 2113 4150 demOnstrahit
2147 4078 2332 4150 Pliten.
2359 4078 2527 4150 Seml.
2558 4077 2886 4150 91__Appellat
2915 4077 3087 4150 Enen.
3116 4073 3368 4150 Serui}?
3397 4073 3555 4150 licet
3581 4073 3628 4124 si

311 4153 488 4209 Rhen.
507 4153 558 4191 93
579 4151 780 4220 Spiritu
799 4155 958 4207 Pam.
981 4155 1150 4208 Fran.
1176 4153 1225 4190 94
1254 4152 1356 4206 Sed
1380 4144 1549 4206 insér.
1589 4150 1758 4206 Rhen.
1784 4151 1954 4206 Seml.
1977 4149 2026 4188 95
2040 4148 2254 4203 Transit
2281 4149 2413 4220 alii;
2446 4148 2653 4220 transiit
2674 4144 2779 4203 alii
2793 4165 2808 4214 ;
2823 4146 3199 4203 transibitalii.
3215 4144 3266 4183 9°
3286 4145 3556 4215 Derigend
3567 4159 3630 4198 us

313 4222 491 4280 Rhen.
513 4223 560 4262 97
590 4217 916 4294 Populorum
949 4225 1069 4296 Rig.
1121 4223 1254 4281 Ven.
1270 4223 1321 4262 93
1349 4221 1756 4292 DiSpargendos
1783 4221 1961 4277 Rheu.
1998 4221 2173 4278 Seml.
2196 4219 2246 4257 99
2267 4217 2561 4276 Collucavit
2577 4221 2702 4274 Lat.

1716 4317 2217 4381 Commentarios.

387 4421 498 4492 (63)
529 4423 604 4476 De
643 4421 834 4476 carnis
861 4421 1071 4476 scilicet
1101 4422 1346 4492 obtentu.
1380 4415 1648 4492 Quoniam
1686 4415 1911 4492 deerant

313 4486 406 4549 ad'
449 4486 757 4564 probanda,
782 4497 1085 4564 commenta
1141 4489 1374 4564 rationes
1430 4487 1711 4564 legitimis,
1764 4486 1910 4564 ﬁctas

316 4557 678 4621 obtendebant
724 4561 1022 4630 Sadduceei,
1074 4557 1550 4632 quterebantque'a
1589 4557 1801 4632 Christo
1853 4559 1920 4612 de

314 4650 487 4691 uxore
523 4635 838 4690 maritorum
867 4629 1274 4703 septem—cujus
1303 4639 1448 4686 esset
1479 4644 1613 4684 uxor
1640 4629 1707 4703 in
1729 4643 1918 4703 resur-

315 4706 598 4780 rectione;
632 4705 774 4780 quod
825 4699 1074 4762 frivolum
1124 4699 1232 4760 non
1270 4703 1452 4770 modo,
1485 4703 1575 4756 sed
1609 4699 1916 4762 ridiculum.

313 4777 394 4834 [ιε
423 4779 522 4832 Pa.

389 4850 503 4917 (64)
529 4851 662 4904 Eam
682 4847 1070 4918 conﬁrmabat.
1093 4847 1224 4918 Non
1258 4845 1608 4918 maleforsan
1642 4841 1920 4918 legeretur

313 4912 642 4988 conﬁrmat,
685 4912 794 4976 hoc
829 4919 1003 4990 magis
1051 4917 1321 4990 placeret;
1369 4916 1424 4969 id
1481 4915 1627 4970 enim
1675 4912 1918 4984 pressius

311 4987 558 5062 loquitur
587 5001 638 5044 et
662 4987 1062 5046 vehementius;
1083 4987 1284 5062 Ls_Pn.

390 5055 506 5132 (65)
541 5062 746 5120 Mortui
790 5065 1112 5133 resurgant.
1161 5057 1422 5132 Legerem
1467 5063 1786 5126 resurgunt,
1831 5055 1914 5110 vel

311 5138 633 5202 res-urgent.
667 5133 744 5187 Le
775 5133 874 5187 Pa.

389 5197 505 5274 (66)
537 5206 652 5277 Qua
685 5221 800 5260 non
829 5204 1089 5277 nupturi,
1123 5204 1252 5275 quia
1303 5217 1408 5256 nec
1455 5199 1745 5277 morituri.
1786 5197 1916 5253 Post

319 5269 764 5331 resurrectionem
805 5269 1144 5346 nuptiarum'
1173 5289 1302 5328 usus
1334 5287 1443 5346 non
1490 5269 1756 5346 exstabit;
1791 5285 1912 5325 cum

317 5346 458 5418 enim
511 5347 574 5402 ad
634 5345 853 5418 generis
886 5339 1117 5418 ftantum
1167 5343 1428 5418 humani
1467 5339 1912 5418 propagationem

319 5415 578 5473 institutae
629 5411 756 5484 s'int,
805 5417 899 5472 ubi
946 5415 1121 5473 cessat
1164 5415 1259 5468 illa
1295 5411 1911 5477 moriendi'necessitas,

317 5497 496 5543 cessat
519 5504 736 5560 quoque
763 5489 850 5544 illa
879 5487 1277 5558 propagationis
1309 5487 1605 5560 forma._l.u
1635 5485 1736 5560 Ea.

394 5561 510 5629 (67)
537 5553 898 5618 'Sadducceos
952 5553 1408 5618 Christianorum
1440 5597 1454 5610 .
1497 5557 1576 5629 _Ut
1639 5553 1917 5629 Sadducrei

315 5627 628 5686 Judamrum
679 5639 830 5686 erant
883 5631 1136 5698 hmretici,
1196 5631 1269 5685 ita
1324 5627 1605 5684 haereticos
1651 5627 1734 5681 sui
1777 5633 1917 5698 tem-

321 5703 468 5771 poris
523 5701 948 5759 Christianorum
1003 5703 1326 5760 Sadducaeos
1389 5699 1630 5758 nominat
1685 5698 1761 5755 Li:
1820 5697 1922 5755 Pu.

2088 4413 2208 4483 (68)
2241 4413 2378 4468 Nam
2407 4411 2536 4482 quia
2568 4411 2774 4483 durum
2809 4413 2864 4465 et
2894 4409 3302 4483 intolerabilem
3333 4411 3630 4468 existima-

2017 4481 2221 4540 verunt
2270 4481 2582 4539 sermonem
2612 4482 2752 4550 ejus,
2797 4481 2957 4552 quasi
2992 4495 3154 4552 fuere
3187 4495 3418 4535 carnem
3468 4499 3632 4537 suam

2027 4557 2146 4611 illis
2205 4552 2476 4612 edendam
2505 4547 2950 4608 determindsset.
2991 4547 3254 4604 Praeclare
3285 4567 3499 4605 omnem
3531 4553 3630 4606 hu-

2027 4628 2180 4696 jusce
2213 4625 2336 4696 dicti
2368 4621 2886 4696 duritiemgemollir
2910 4621 3230 4696 Theodorus
3267 4623 3580 4696 Heracleota
3615 4641 3626 4678 :

2028 4692 2238 4768 Σκληρὸς
2281 4692 2336 4764 ἧν
2387 4696 2576 4764 ἀληθῶς
2621 4694 2649 4747 ὁ
2684 4693 2828 4768 λόγος
2864 4693 2914 4768 ὁ(
2937 4693 3247 4768 νομιζόμξενος
3271 4695 3632 4768 -σᾳρκοφάγορς

2027 4762 2175 4829 τινὰξ
2195 4770 2277 4820 καὶ
2302 4762 2604 4839 -αἰμοϐὅρους
2648 4762 2772 4824 robe
2803 4762 3070 4839 exosong
3117 4762 3393 4839 ἀποτελεῖν,
3411 4762 3536 4839 fcit;—
3578 4765 3632 4816 δὲ

2027 4845 2358 4911 πνευματικῶς
2377 4829 2447 4892 ’τὰ
2477 4829 2776 4908 avertitur-uti:
2807 4831 3204 4911 ἐκλαμϐοἱνοξυσιν⁷
3234 4829 3384 4911 οὗᾶὲγν
3408 4833 3632 4911 ἔφςιζνετο

2027 4903 2251 4982 σκληρὸν,
2293 4911 2422 4964 ἀλλὰ
2461 4903 2659 4982 ῥήμαῆτσ.
2685 4903 2956 4982 Αεῢσίεβεζαξ-
2987 4903 3284 4982 ὑπάρχρῂτα,
3317 4903 3405 4982 “rip!
3435 4903 3632 4982 airbwov

2026 4977 2192 5054 orbi-oi”;
2214 4977 2562 5054 πρυτανεύόντὰ
2594 4979 2744 5046 ζωήν.
2781 4980 2899 5035 Vid.
2931 4979 3100 5052 Aug.,
3142 4978 3239 5032 lib.
3273 4991 3331 5032 1v
3371 4977 3435 5032 de
3473 4979 3630 5032 Doct.

2028 5053 2181 5117 Chr.,
2214 5070 2330 5122 cap.
2359 5057 2445 5108 15.
2481 5055 2604 5107 RIG.

2095 5125 2210 5194 (69)
2245 5121 2384 5180 Caro
2412 5123 2562 5178 nihil
2591 5121 2835 5195 prodest.
2865 5121 2953 5178 Sic
2985 5129 3058 5195 et
3113 5131 3390 5195 materna
3409 5121 3633 5195 pr0pin-

2021 5197 2201 5267 quitas
2239 5197 2370 5250 nihil
2401 5193 2913 5266 Marire'profuisset,
2945 5193 3047 5267 nisi
3099 5194 3316 5250 felicius
3364 5193 3634 5267 Christum

2023 5265 2184 5323 corde
2227 5283 2388 5340 quam
2433 5265 2616 5323 carne
2658 5273 2944 5340 gestasset.
3007 5265 3370 5340 Augustinus,
3422 5265 3519 5321 lib.
3571 5265 3636 5320 de

2019 5344 2223 5396 sancta
2262 5339 2618 5410 Virginitate.
2657 5339 2778 5394 Bm.

2097 5413 2210 5483 ('70)
2241 5414 2310 5468 Et
2337 5405 2686 5470 devorandas
2717 5409 2937 5474 auditu,
2969 5409 3284 5483 Mctaphora
3323 5409 3440 5483 haec
3486 5405 3636 5483 in‘so-_-

2021 5476 2140 5539 len's
2186 5476 2251 5539 ex
2297 5497 2362 5540 eo
2402 5483 2650 5549 ducitur,
2716 5483 2862 5553 quod
2917 5496 3042 5538 cum
3097 5476 3340 5553 Christus
3399 5477 3488 5553 sit_
3533 5476 3632 5553 Dei

2025 5555 2282 5620 Verbum,
2331 5563 2384 5610 et
2450 5569 2577 5610 caro
2619 5549 2748 5625 ejus
2792 5553 2970 5625 panis,
3007 5551 3195 5625 auditu
3242 5549 3490 5606 devOrari
3540 5549 3632 5602 di-

2315 5593 2594 5700 pani;“o;e
2613 5593 2916 5684 dmoritur.
2946 5593 3022 5684 tu
3055 5623 3152 5680 Pa.
