4028 6188
443 294 554 359 895

1151 296 1590 362 TERTULLIANI
1629 298 1897 363 OPERUM
1940 295 2101 358 PARS
2139 294 2204 356 II.
2244 325 2315 341 --
2352 292 2579 358 SERIES
2618 294 2661 369 Ι,
2703 290 3045 358 POLBMICA.

3646 276 3751 343 896

440 428 595 490 sunt,
618 422 853 483 audient
872 439 1057 485 vocem
1079 426 1213 484 Filii
1232 427 1334 483 Dei
1346 432 1435 497 ;et
1454 427 2040 501 procedent,quibona
2075 437 2121 518 Α
2154 430 2332 488 dinem
2381 424 2623 496 exempli
2661 423 2717 480 in
2754 421 2945 480 eadem
2978 410 3293 518 substantia
3338 406 3752 518 exhibere-non

441 516 723 585 fecerunt,
759 516 822 571 in
852 516 985 573 vitae
1023 518 1637 593 resurrectionem;qui
1671 519 1846 584 mala,
1863 518 1925 573 in
1956 533 2044 573 re-

441 606 851 664 surrectionem
871 605 1093 680 judici;
1112 622 1267 663 nemo
1283 609 1396 677 jam
1420 610 1614 679 poterit
1634 610 1780 666 aliud
1803 615 2044 664 mortuos

444 695 806 765 interpretari,
838 698 930 768 qui
960 696 1068 753 sint
1113 696 1169 752 in
1225 698 1607 769 monumentis,
1662 698 1765 754 nisi
1811 709 2047 767 corpora

443 791 499 837 et
526 798 781 849 carnem;
815 786 942 857 quia
972 802 1073 842 nec
1112 785 1233 858 ipsa
1283 796 1635 844 monumenta
1670 788 1842 853 aliud,
1884 801 2043 859 quam

446 872 770 929 cadaverum
819 876 1047 931 stabula.
1092 875 1371 947 Siquidem
1418 884 1471 933 et
1508 876 1612 948 ipsi
1660 878 1907 933 homines
1953 892 2045 932 ve-

448 970 608 1027 teres,
658 962 712 1017 id
762 972 862 1035 est,
911 964 1109 1021 mortui
1173 981 1268 1034 per
1322 965 1678 1036 ignorantiam
1728 966 1847 1031 Dei,
1907 979 2045 1035 quos

448 1061 789 1107 monumenta
838 1053 1216 1125 intelligendos
1269 1063 1715 1124 argumentantur
1760 1055 2041 1122 haeretici,

443 1138 511 1193 de
578 1142 945 1196 monumentis
1013 1140 1321 1211 processuri
1393 1142 1449 1198 in
1503 1144 1788 1213 judicium,
1861 1150 2047 1213 aperte

449 1228 825 1298 praedicantur.
874 1234 1161 1297 Caeterum,
1208 1233 1482 1301 quomodo
1548 1234 1615 1289 de
1685 1231 2046 1289 monumentis

448 1329 797 1377 monumenta
818 1322 1110 1391 precedent
1126 1325 1154 1378 ‘l

933 1411 1160 1467 CAPUT
1242 1412 1558 1467 XXXVIII.

518 1500 648 1554 Post
670 1498 814 1555 dicta
864 1500 1099 1565 Domini,
1133 1500 1274 1558 facta
1318 1503 1479 1557 etiam
1532 1501 1654 1569 ejus
1699 1498 1830 1569 quid
1861 1514 2047 1571 sapere

447 1591 750 1658 credamus,
798 1588 866 1644 de
908 1590 1132 1660 capulis,
1173 1589 1240 1644 de
1279 1589 1556 1659 sepulcris,
1602 1597 1841 1644 mortuos
1885 1605 2045 1644 resu-

448 1676 731 1736 scitantis?
777 1678 871 1733 Cui
910 1679 989 1735 rei
1030 1678 1219 1733 istud?
1250 1677 1309 1733 Si
1348 1677 1415 1733 ad
1465 1677 1762 1748 simplicem
1809 1686 2047 1734 ostenta-

449 1725 722 1736 --η---.η
782 1725 871 1733 ν..-
911 1725 989 1735 ---
1031 1725 1172 1733 ---η
1199 1725 1211 1733 .
1250 1725 1309 1733 --
1349 1725 1415 1733 __
1465 1725 1762 1748 --.-.,-.---.--
1812 1725 2017 1734 --η---

445 1765 644 1821 tionem
675 1766 976 1836 potestatis,
1017 1775 1108 1821 aut
1136 1766 1205 1820 ad
1248 1776 1567 1837 prmsentem
1607 1766 1842 1838 gratiam
1883 1769 2045 1823 reda-
2080 1725 2123 1802 Β

447 1853 775 1918 nimationis,
817 1869 925 1907 non
964 1854 1100 1909 adeo
1131 1869 1383 1927 magnum
1414 1853 1490 1908 illi
1529 1854 1706 1911 denuo
1752 1856 2046 1913 morituros

448 1942 707 1998 suscitare
740 1942 780 1995 ι.
828 1941 1146 2008 Enimvero,
1177 1943 1223 1999 si
1254 1943 1321 1997 ad
1378 1942 1538 1998 ﬁdem
1598 1944 1778 2014 potius
1824 1961 2046 2016 seques-

448 2031 692 2086 trandam
749 2030 946 2086 futurae
1002 2032 1410 2088 resurrectionis
1465 2033 1599 2105 (71),
1652 2050 1781 2106 ergo
1849 2044 1903 2090 et
1958 2036 2048 2091 illa.

447 2120 745 2189 corporalis
793 2121 1198 2191 praescribitur,
1248 2121 1315 2176 de
1361 2122 1667 2177 documenti
1722 2122 1805 2178 sui
1848 2123 2043 2183 forma.

447 2209 561 2264 Nec
589 2209 864 2264 sustinebo
919 2210 1193 2279 dicentes,
1253 2209 1451 2267 idcirco
1508 2218 1642 2267 tunc
1694 2213 2047 2269 resurrectio-

450 2313 569 2353 nem
646 2298 840 2353 animm
894 2300 995 2353 soli
1051 2299 1368 2355 destinatam
1426 2299 1499 2368 in:
1540 2315 1755 2355 carnem
1830 2316 2047 2372 quoque

450 2388 875 2458 praecucurrisse
915 2388 960 2456 2,
990 2387 1121 2459 quia
1167 2402 1274 2442 non
1322 2388 1583 2457 potuisset
1628 2389 1786 2446 aliter
1833 2390 2048 2445 ostendi

451 2474 780 2530 resurrectio
826 2474 1018 2530 animae
1090 2474 1398 2541 invisibilis,
1440 2475 1542 2529 nisi
1604 2491 1703 2546 per
1762 2477 1993 2532 visibilis
2024 2476 2048 2514 3

454 2562 770 2617 substantiae
839 2562 1317 2619 resuscitationem.
1392 2562 1530 2617 Male
1582 2563 1754 2617 Deum
1823 2574 2042 2629 norunt,

451 2652 545 2721 qui
598 2667 705 2705 non
734 2658 920 2722 putant
966 2651 1115 2706 illum
1164 2666 1345 2721 posse,
1394 2652 1535 2722 quod
1574 2666 1686 2707 non
1732 2660 1950 2724 putant;
1993 2660 2047 2708 et

454 2753 633 2796 tamen
681 2740 858 2796 sciunt
912 2740 1175 2812 potuisse,
1224 2740 1272 2795 si
1329 2741 1743 2797 instrumentum
1824 2744 2046 2798 Joannis

453 2840 647 2885 norunt
674 2832 815 2900 (’72).
848 2830 951 2900 Qui
997 2830 1139 2885 enim
1187 2830 1396 2885 animas
1442 2830 1621 2887 adhuc
1660 2831 1802 2887 solas
1846 2841 2050 2905 marty-

454 2935 591 2987 rum,
648 2919 748 2972 sub
807 2918 962 2974 altari
1043 2916 1400 2990 quiescentes,
1487 2920 1802 2991 conspectui
1874 2920 2049 2977 849

2153 521 2346 596 possit.
2375 517 2597 573 Nullum
2630 529 2757 573 vero
2786 510 3090 580 exemplum
3134 504 3436 596 majusest
3459 512 3562 596 eo,
3602 496 3752 566 cujus

2151 588 2459 680 exemplum
2514 613 2613 661 est.
2663 603 2840 673 Majus
2885 599 3018 656 est“
3046 602 3244 661 autem,
3294 592 3341 647 si
3385 588 3583 644 animae
3630 602 3751 685 cum

2153 713 2379 769 corpore
2450 693 2912 752 resuscitabuntur
2971 688 2996 725 5
3059 686 3115 741 in
3179 684 3571 773 documentum
3637 690 3754 773 sine

2152 764 2379 856 corpore
2426 780 2763 856 resurgendi,
2803 785 2862 835 ut
2910 782 3022 834 tota
3071 770 3309 830 hominis
3339 767 3485 856 salus
3513 764 3755 856 dimidias

2152 853 2619 948 patrocinareturv;
2649 869 2865 943 quando
2912 863 3280 934 exemplorum
3322 853 3564 914 conditio
3628 853 3756 953 illud

2155 966 2334 1037 potius
2390 968 2687 1033 expeteret,
2734 959 2879 1031 quod
2927 957 3107 1010 minus
3164 951 3499 1009 haberetur,
3562 951 3757 1041 animae

2152 1055 2273 1111 dico
2322 1054 2492 1109 solius
2550 1048 3039 1114 resurrectionem,
3093 1043 3244 1099 velut
3298 1044 3517 1109 gustum
3583 1048 3759 1088 carnis

2153 1144 2315 1198 etiam
2343 1143 2367 1181 6
2396 1148 2774 1197 resurrecturaa
2802 1153 2900 1193 suo
2939 1137 2994 1190 in
3040 1142 3304 1202 tempore.
3338 1126 3518 1194 Atque
3546 1122 3686 1177 adeo
3713 1120 3757 1186 ⁷,

2154 1233 2450 1289 secundum
2489 1239 2731 1286 nostram
2769 1227 2881 1284 veri
2908 1227 2933 1263 8
2963 1219 3402 1280 aestimationem,
3430 1213 3477 1279 9,
3511 1211 3761 1280 exempla

2154 1321 2243 1375 illa
2286 1327 2622 1376 mortuorum
2670 1334 2702 1373 a
2749 1316 2986 1372 Domino
3043 1307 3427 1366 suscitatorum
3479 1314 3759 1356 commen-

2155 1408 2353 1463 dabant
2380 1407 2608 1477 quidem
2634 1413 2689 1461 et
2725 1402 2903 1460 carnis
2947 1409 3000 1457 et
3040 1397 3235 1453 animae
3279 1387 3758 1454 resurrectionem,

2154 1513 2224 1552 ne
2253 1497 2341 1553 cui
2370 1494 2684 1552 substantim
2710 1499 2999 1564 negaretur
3029 1490 3132 1544 hoc
3159 1486 3359 1573 donum
3387 1496 3403 1550 ;
3432 1492 3554 1549 qum
3586 1482 3759 1573 tamen

2152 1586 2395 1657 exempla
2454 1601 2518 1642 eo
2566 1585 2743 1639 minus
2789 1580 2995 1653 aliquid
3053 1576 3285 1634 edebant
3336 1571 3467 1641 (non
3515 1571 3671 1660 enim.
3707 1571 3757 1617 in

2152 1652 2401 1749 gloriam,
2423 1690 2523 1730 nec
2542 1652 3129 1743 incorruptibilitatem,
3153 1662 3248 1721 sed
3271 1662 3327 1717 in
3349 1664 3579 1714 mortem
3602 1652 3758 1709 aliam

2155 1764 2597 1834 suscitabantur),
2618 1777 2779 1833 quam
2811 1758 3041 1817 ediderit
3065 1753 3329 1810 Christus.

2694 1850 2919 1905 CAPUT
2950 1843 3213 1903 XXXIX.

2223 1940 2694 1999 Resurrectionem
2764 1936 3063 2011 apostolica
3131 1943 3347 2004 quoque
3407 1925 3760 1980 instrumenta

2156 2040 2436 2088 testantur.
2466 2032 2606 2087 Nam
2653 2036 2707 2084 et
2749 2025 3010 2099 apostolis
3054 2022 3267 2079 nullum
3306 2014 3454 2073 aliud
3483 2011 3757 2085 negotium

2154 2122 2273 2189 fuit,
2319 2122 2599 2176 dumtaxat
2646 2117 2789 2189 apud
2835 2114 3110 2179 Israelem,
3148 2124 3313 2182 quam
3348 2101 3547 2163 veteris
3574 2100 3757 2196 Testa-

2153 2212 2322 2267 menti
2375 2208 2713 2281 resignandi,
2759 2214 2813 2262 et
2850 2205 2974 2263 novi
3017 2196 3370 2273 consignandi
3416 2196 3554 2262 (73),
3591 2197 3760 2261 potius

2150 2301 2265 2371 jam
2296 2298 2396 2353 Dei
2437 2297 2491 2352 ln
2540 2296 2748 2352 Christo
2796 2291 3174 2352 concionandi.
3208 2291 3286 2344 Ita
3315 2296 3369 2342 et
3398 2284 3465 2338 de
3511 2291 3759 2371 resurre-

2154 2369 2330 2446 ctione
2363 2387 2494 2442 nihil
2536 2387 2661 2442 novi
2700 2385 2997 2441 intulerunt
3037 2384 3105 2450 10,
3151 2380 3252 2435 nisi
3304 2374 3451 2449 quod
3498 2378 3553 2427 et
3594 2369 3761 2465 ipsam

2153 2479 2206 2533 in
2247 2478 2471 2549 gloriam
2518 2475 2717 2531 Christi
2766 2472 3192 2539 annuntiabant;
3241 2467 3310 2523 de
3354 2470 3576 2527 caetero,
3627 2471 3761 2549 sun-

2153 2546 2280 2638 plici
2310 2575 2363 2620 et
2391 2574 2514 2620 nota
2557 2565 2667 2633 jam
2715 2562 2818 2618 ﬁde
2870 2569 3160 2633 receptam,
3206 2557 3321 2612 sine
3348 2554 3456 2609 ulla
3493 2546 3759 2622 qualitatis

2153 2655 2451 2726 quaestione
2479 2655 2620 2723 (74),
2653 2652 2783 2708 solis
2813 2649 3204 2721 refragantibus
3242 2642 3581 2703 Sadducmis.
3614 2638 3761 2693 Adeo

2154 2741 2360 2797 facilius
2408 2742 2509 2798 fuit
2562 2740 2750 2813 negari
2802 2740 2856 2794 in
2924 2746 3093 2795 totum
3150 2743 3484 2791 mortuorum
3529 2742 3762 2813 resurre-

2152 2832 2407 2897 ctionem,
2441 2847 2601 2901 quam
2640 2812 2799 2884 aliter
2842 2827 3088 2899 intelligi.
3122 2824 3300 2881 Habes
3330 2820 3582 2886 Paulum,
3615 2812 3762 2885 apud

2166 2937 2405 2977 summos
2449 2920 2761 2977 sacerdotes
2814 2919 2914 2975 sub
2972 2917 3187 2972 tribuno
3243 2913 3385 2968 inter
3432 2908 3761 2965 Sadducaaos

451 3005 710 3073 subdidit,
744 3014 948 3075 posset,
976 3006 1165 3078 utique
1201 3016 1254 3062 et
1294 3016 1639 3078 resurgentes
1684 3008 1858 3064 oculis
1904 3011 2059 3065 exhi-
2093 3009 2137 3088 θ
2166 3018 2217 3067 et
2260 3010 2563 3066 Pharismos
2608 3008 2730 3064 fidei
2777 3024 2891 3064 sum
2936 3004 3333 3079 professorem:
3393 3002 3525 3065 Viri,
3556 2996 3756 3088 inquit,

452 3095 583 3149 bere
612 3095 729 3150 sine
774 3110 956 3153 carne.
990 3097 1060 3151 At
1089 3110 1193 3170 ego
1240 3095 1409 3150 Deum
1457 3097 1596 3151 malo
1641 3096 1897 3169 decipere
1943 3114 2053 3154 non

455 3198 635 3254 posse,
686 3184 756 3240 de
804 3183 1013 3241 fallacia
1060 3185 1400 3241 solummodo
1448 3184 1739 3252 infirmum,
1784 3201 1849 3242 ne
1904 3187 2055 3242 aliter

454 3271 777 3326 documenta
858 3271 1210 3343 praemissise,
1293 3288 1453 3343 quam
1527 3289 1641 3328 rem
1713 3274 2051 3345 disposuisse

452 3361 696 3417 videatur
728 3379 740 3418 :
774 3361 905 3427 imo,
937 3378 1006 3418 ne
1051 3362 1099 3416 si
1130 3362 1439 3434 exemplum
1485 3363 1897 3420 resurrectionis
1928 3364 2047 3421 sine

450 3465 611 3509 carne
640 3467 751 3508 non
804 3450 972 3509 valuit
1024 3450 1297 3517 inducere,
1355 3450 1525 3507 multo
1580 3451 1753 3526 magis
1808 3452 2046 3524 plenitu-

2160 3103 2393 3171 [ταῖνδε.
2416 3117 2508 3172 ego
2536 3098 2857 3155 Pharisqu
2877 3114 3023 3165 sum,
3044 3095 3201 3166 ﬁlius
3222 3092 3679 3155 Pharisaeorum;
3697 3087 3759 3142 de

2159 3207 2253 3263 spe
2279 3205 2435 3245 nunc
2456 3189 2587 3245 etde
2598 3187 3013 3244 resurrectione
3034 3183 3253 3254 judieor
3268 3179 3420 3252 apud
3439 3194 3550 3243 vos,
3578 3176 3761 3247 utique

2158 3276 2433 3335 communi
2457 3297 2471 3347 ;
2504 3292 2573 3332 ne
2602 3276 2731 3348 quia
2753 3277 2865 3346 jam
2896 3283 3265 3345 transgressor
3294 3268 3433 3340 legis
3460 3266 3759 3328 videbatur,

2157 3367 2228 3423 de
2274 3367 2552 3439 praecipuo
2600 3364 2726 3419 ﬁdei
2765 3363 2932 3419 totius
2976 3360 3224 3427 articulo,
3248 3358 3305 3413 id
3346 3365 3427 3414 est
3471 3356 3541 3412 de
3573 3370 3757 3410 resur-

2155 3456 2412 3521 rectione,
2462 3456 2529 3511 ad
2573 3454 2897 3511 Sadducaaos
2938 3466 3135 3524 sapere
3181 3446 3604 3505 existimaretur.
3652 3444 3747 3505 Ita.

1786 3595 1977 3659 Variae
2038 3602 2352 3663 lectiones.

452 3772 453 3775 η
528 3744 546 3781 ι
578 3743 904 3819 Resuscitari
936 3744 1367 3819 Rheanemls2
1394 3744 1745 3801 Praecurrisse
1774 3748 1894 3819 Rig.
1937 3750 2062 3804 Ven.
2095 3748 2423 3806 3Invisibilis
2446 3750 2563 3819 Rig.
2595 3750 2722 3807 Ven.
2746 3748 2770 3786 ἰ
2796 3747 2955 3805 Esset
2980 3747 3135 3805 codd.
3178 3748 3379 3804 Wouw.
3402 3744 3427 3819 ξ
3449 3742 3752 3819 Resuscita-

454 3824 636 3869 rentur
663 3816 780 3872 cod.
816 3818 1015 3873 Wouw.
1043 3817 1068 3855 6
1087 3816 1261 3871 Etiam
1279 3816 1430 3875 abest
1447 3835 1483 3873 ιι
1506 3819 1674 3874 Fran.
1705 3819 1726 3856 ⁷
1744 3814 1870 3874 Ideo
1891 3819 2009 3875 cod.
2060 3822 2255 3880 Wouw.
2285 3823 2310 3859 ⁸
2338 3822 2476 3878 Vero
2493 3814 2629 3877 Ven.
2658 3822 2683 3860 9
2708 3818 3176 3877 Existimationem
3196 3822 3370 3875 Fran.
3401 3818 3563 3872 Pam.
3592 3815 3642 3852 ιο
3666 3814 3752 3868 ln-

457 3884 685 3959 tulerant
711 3887 889 3943 Rhen.

1839 4021 2337 4089 Commentarius.

521 4174 634 4257 (7.9.)
663 4173 730 4268 Si:
751 4172 822 4228 ad
840 4171 1010 4268 ﬁdem
1035 4171 1225 4268 potius
1272 4174 1733 4268 sequestrandpm
1764 4191 2049 4268 resurrec-
2082 4191 2126 4268 η

452 4243 645 4304 tionis.
698 4245 1046 4315 Sequestrare
1101 4254 1184 4298 est
1238 4243 1444 4314 aliquid
1515 4246 1656 4314 apud
1705 4256 2044 4315 sequestrum

453 4319 739 4385 deponere,
792 4314 871 4370 ut
931 4314 985 4368 in
1016 4322 1129 4369 tuto
1196 4315 1282 4371 sit.
1352 4316 1504 4370 Unde
1566 4332 1653 4370 res
1709 4314 2046 4386 sequestrata

444 4386 850 4458 jureconsultis.
894 4388 1113 4456 Expone
1143 4386 1312 4457 igitur
1338 4387 1406 4441 ad
1448 4386 1606 4458 fidem
1635 4388 1826 4441 futura:
1858 4404 2043 4443 resur-

456 4456 707 4515 rectionis
737 4456 1204 4528 sequestrandam,
1244 4458 1311 4528 id
1352 4466 1450 4521 est,
1484 4466 1541 4511 ut
1568 4456 1641 4510 ita
1693 4457 1890 4526 dicam,
1930 4475 2047 4515 cer-

451 4530 776 4599 tiﬁcandam,
806 4527 860 4584 et
886 4530 1157 4584 securitati
1201 4527 1599 4599 vindicandam.
1639 4528 1798 4598 Quod
1827 4530 2046 4586 verbum

450 4603 609 4657 etiam
656 4617 821 4671 supra
858 4600 1075 4673 legitur,
1125 4600 1181 4673 _ni
1218 4598 1396 4654 fallor.
1447 4601 1612 4654 Porro
1651 4615 1804 4673 cum
1881 4603 2045 4671 paulo

451 4682 571 4743 post
620 4670 767 4737 dicit,
800 4688 866 4726 ne
909 4670 1062 4743 aliter
1110 4671 1437 4743 documenta
1478 4670 1826 4743 praemisisse,
1884 4670 2045 4743 quam

450 4741 563 4800 rem
610 4744 931 4814 deposuisse
985 4742 1246 4814 videatur,
1296 4741 1533 4813 explicat
1592 4742 1719 4810 quid
1770 4741 1915 4799 ante
1953 4761 2047 4813 per

448 4816 610 4871 fidem
684 4812 1132 4886 sequestrandam
1206 4812 1545 4886 intellexerit.
1589 4814 1797 4886 _RHEN.
1829 4845 1901 4856 —
1927 4812 2044 4869 Non

447 4883 864 4943 abeundum—ab
894 4883 1335 4954 interpretatione
1356 4884 1602 4939 Rhenani
1628 4902 1643 4952 ;
1676 4888 1740 4939 ad
1753 4886 1823 4940 do
1844 4886 2044 4951 solum,

450 4967 793 5028 sequestrum
839 4970 958 5010 esse
1003 4955 1148 5028 apud
1189 4970 1351 5028 quem
1398 4958 1578 5025 plures
1616 4957 1860 5028 eamdem
1908 4972 2043 5021 rem,

449 5026 658 5097 de'qua
685 5026 1050 5081 controversia
1074 5034 1187 5097 est,
1218 5027 1597 5097 deposuerunt,
1635 5027 1669 5079 I.
1721 5030 1846 5096 209,
1884 5028 1946 5083 D.
1980 5029 2047 5082 de

450 5096 605 5155 vcrb.
667 5096 888 5163 signif.;
942 5096 1115 5169 inanis
1162 5096 1337 5150 tamen
1402 5098 1501 5151 hac
1546 5096 1601 5150 in
1669 5098 1787 5169 lege
1835 5099 2050 5155 videtur

452 5169 923 5243 grammaticorum
970 5168 1418 5243 observatio,__qui
1449 5184 1479 5221 a
1522 5168 1793 5243 sequendo
1840 5172 2048 5243 dictum

452 5237 660 5296 volunt.
726 5242 1019 5313 Sequester
1076 5237 1130 5313 in
1187 5237 1359 5313 Bgasil.’
1406 5237 1728 5313 μεσογεῦήτης
1810 5242 2044 5311 dicitur,

454 5320 689 5383 suntque
711 5319 819 5366 tres
848 5310 1079 5380 species.
1108 5309 1187 5383 L1;
1208 5310 1303 5366 Pa.

525 5381 642 5461 (72)
674 5384 1123 5461 Insirumentum
1154 5381 1382 5461 Joannis
1432 5387 1671 5461 nomint.
1710 5382 1877 5461 Apud
1907 5382 2049 5461 juris

454 5453 721 5511 antistites
782 5455 1159 5525 instrumenta
1200 5453 1452 5509 dicuntur
1520 5456 1716 5511 tabulae
1762 5453 2044 5525 publicae,

457 5528 653 5651 quibus
702 5523 1648 5606 propter-absentiampersonarum
1694 5526 1751 5580 fit
1780 5523 2044 5606 probatio.

500 5605 667 5651 artter
695 5596 1050 5651 Evangeltum
1097 5595 1320 5651 Joannis
1364 5604 1783 5651 instrumentum
1829 5604 2044 5651 dicitur.

500 5598 667 5652 ariter
695 5595 1050 5668 Evangelium
1097 5595 1320 5653 Joannis
1364 5595 1794 5654 instrumentum
1829 5597 2049 5665 dicitur,

2157 4176 2416 4251 quoniam
2472 4175 2747 4251 religionis
2811 4174 3007 4251 tradit_
3042 4171 3296 4251 mysteria
3335 4214 3349 4242 ,
3410 4170 3662 4251 probat,
3710 4177 3761 4223 et

2156 4241 2406 4316 instruit;
2452 4241 2600 4300 nam'
2618 4249 2685 4300 ab
2737 4246 3046 4301 instruendo
3092 4241 3532 4316 instrumentum
3559 4241 3757 4296 dicitur

2152 4320 2193 4374 Ι.
2254 4311 2593 4388 argentarius
2624 4361 2638 4384 ,
2695 4317 2721 4388 §
2781 4317 2888 4374 edi.
2949 4316 3016 4371 de
3061 4316 3312 4371 edendo:
3362 4311 3633 4388 familiare
3681 4324 3757 4365 est

2154 4385 2480 4446 Tertulliano
2525 4385 2729 4444 sacram
2777 4388 3111 4459 Scripturam
3177 4401 3367 4442 vocare
3425 4385 3756 4459 instrumen-

2156 4470 2285 4528 tum,
2319 4472 2375 4516 ut
2415 4476 2535 4530 cap.
2582 4465 2613 4515 2
2660 4460 2728 4514 de
2769 4456 2947 4516 Carne
3007 4458 3238 4523 Christi,
3297 4459 3389 4513 Tot
3446 4456 3758 4530 originalis

2156 4525 2567 4598 instrumen'ta,
2597 4540 2651 4587 et
2688 4532 2789 4587 hoc
2816 4531 2953 4585 libro
2985 4530 3207 4601 pluries,
3241 4527 3489 4600 sequenti
3519 4525 3575 4582 et
3606 4525 3753 4582 alibi.

2155 4606 2231 4661 LE
2264 4606 2356 4659 Pa.

2225 4675 2342 4748 ('73),
2378 4676 2583 4748 Veteris
2606 4673 2937 4748 testamenti
2965 4669 3291 4743 reSignandi
3328 4673 3385 4727 et
3416 4669 3548 4748 novi
3576 4668 3755 4748 consi-

2152 4740 2632 4819 gnnndi.0ptinla
2679 4745 2994 4814 metaphora
3049 4740 3196 4798 notat
3253 4742 3535 4819 apostolos
3592 4740 3757 4810 expli-

2154 4810 2331 4873 cuisse
2371 4810 2520 4869 vetus
2568 4810 2991 4879 Testamentum,
3042 4822 3094 4868 et
3139 4828 3337 4869 novum
3384 4810 3751 4868 confirmasse.

2155 4885 2489 4942 Tcstamenti
2518 4887 2657 4939 enim
2699 4894 2781 4940 est
2826 4885 3021 4955 aperiri
3068 4884 3433 4955 resignatione
3472 4894 3527 4937 et
3575 4881 3753 4937 consi-

2156 4959 2424 5031 gnationeg
2450 4956 2713 5031 s_tabi|iri._
2749 4954 2937 5031 Labor
2969 4956 3132 5031 igitur
3175 4954 3577 5031 praedicationis
3624 4968 3756 5031 apof

2154 5024 2353 5085 s'tolicm
2403 5028 2504 5083 fuit
2549 5028 2749 5083 veteris
2798 5024 3103 5099 explicatio,
3162 5024 3217 5082 et
3268 5025 3392 5080 novi
3426 5024 3754 5080 Testamenti

2158 5100 2516 5157 conﬁrmatio.
2550 5100 2678 5153 LAC.

2225 5174 2338 5243 (74)
2365 5176 2494 5228 Sine
2520 5173 2643 5246 ulla
2671 5172 2965 5246 qualitatis
2990 5171 3315 5246 quastione.
3337 5167 3394 5221 Id
3426 5176 3529 5231 est,
3553 5169 3755 5246 absque

2157 5244 2267 5300 ulla
2318 5242 2682 5299 Controversia
2712 5242 2888 5311 qualis
2928 5242 3135 5310 fuisset,
3175 5256 3371 5311 nempe
3401 5255 3469 5292 an
3513 5242 3755 5311 corporis

2157 5317 2238 5371 vel
2268 5315 2497 5384 animae;
2531 5330 2652 5368 nam
2682 5310 2807 5368 cum
2838 5312 3149 5369 Sadducaais
3180 5328 3286 5384 non
3312 5310 3434 5367 erat
3468 5310 3751 5384 dissi‘dium

2153 5394 2273 5443 utra
2320 5380 2643 5458 resurrectio
2691 5384 2869 5458 futura
2921 5394 3068 5439 esset
3124 5382 3316 5458 animm
3363 5398 3430 5458 an
3464 5380 3666 5458 carnis,
3700 5388 3751 5458 ut

2158 5467 2344 5513 contra
2375 5457 2659 5513 haereticos
2688 5457 2927 5526 disputat
2957 5458 3185 5517 Auctor,
3217 5456 3309 5526 sed
3348 5455 3413 5507 de
3453 5454 3748 5526 substantia

2160 5528 2584 5597 resurrectionis,
2634 5524 2796 5600 quam
2844 5527 3086 5583 absolute
3134 5536 3189 5582 et
3229 5524 3437 5598 integre
3484 5524 3745 5596 negabant

2158 5600 2457 5659 Sadducaei.
2488 5600 2623 5656 LAC.
