4030 6184
400 298 506 357 899

1093 292 1538 355 TERTULLIANI
1578 291 1844 354 OPERUM
1881 291 2049 353 PARS
2086 291 2154 350 ll.
2198 319 2268 333 --
2304 288 2532 351 SBRIES
2568 292 2611 360 Ι,
2655 291 2996 352 POLEMICA.

3597 299 3706 360 900

400 439 562 494 quam
619 423 683 475 in
730 425 1053 490 perpetuum
1101 421 1281 477 carnis
1329 421 1603 477 interitum
1660 418 1727 474 ad
1758 434 1998 475 resurre-
2030 446 2077 527 Α
2108 417 2511 488 comparatione
2565 417 2826 475 vocabulo
2888 420 3084 475 domus
3156 420 3232 476 uti
3263 437 3277 490 ;
3310 421 3416 494 ipsi
3498 423 3701 487 domui,

703 507 1061 527 ___--..-_.__-
1196 519 1208 527 .
1279 510 1315 527 .,
1363 510 1375 520 .
1417 506 1615 527 μωρῷ,
2116 522 2228 527 ____
2258 506 2695 527 ..__-.A__.______
3499 512 3541 527 .,

400 511 637 566 ctionem
693 507 1071 579 expellendam
1126 510 1377 566 exteriori
1417 506 1617 563 homini
1663 508 1993 564 adscribunt.

399 596 488 651 Sic
516 602 569 652 et
586 594 716 650 alibi
746 595 1070 669 :Siquidem,
1095 596 1169 651 ait
1207 599 1385 666 (Rom.
1414 599 1562 668 VIII),
1589 598 1994 668 compatimur,

399 684 487 740 uti
515 687 570 739 et
600 683 1091 755 congloriﬁcemur
1122 686 1237 755 (81)
1260 705 1274 753 ;
1302 682 1471 740 852
1491 688 1691 756 reputo
1708 685 1863 741 enim
1883 700 1997 741 non

399 773 597 845 dignas
625 787 742 830 esse
792 775 1075 846 passiones
1105 774 1278 845 hujus
1317 774 1584 847 temporis
1615 774 1688 829 ad
1735 776 1996 845 futuram

398 865 658 935 gloriam,
705 879 830 935 qua:
859 864 922 918 in
959 880 1061 920 nos
1093 863 1259 922 habet
1288 865 1545 922 revelari.
1578 864 1644 919 Et
1672 863 1759 920 hic
1785 865 1995 920 minora

397 953 634 1009 ostendit
678 952 1030 1009 incommoda
1100 953 1342 1025 praemiis
1386 955 1527 1013 suis.
1552 954 1738 1019 Porro,
1795 955 1841 1009 si
1896 968 1995 1025 per

394 1055 611 1097 carnem
667 1043 1045 1114 compatimur,
1076 1044 1230 1114 cujus
1278 1050 1359 1099 est
1405 1042 1625 1116 preprie
1654 1042 1995 1113 passionibus

394 1133 689 1201 corrumpi,
745 1132 989 1200 ejusdem
1047 1134 1149 1187 erit
1205 1140 1259 1188 et
1313 1131 1456 1203 quod
1485 1147 1584 1203 pro
1613 1132 1994 1202 compassione

396 1219 801 1291 repromittitur.
859 1222 1035 1291 Atque
1088 1222 1226 1276 adeo
1278 1220 1424 1277 carni
1475 1218 1728 1275 adscribit
1768 1236 1991 1291 pressu-

390 1325 572 1364 rarum
600 1308 1004 1381 preprietatem,
1036 1318 1094 1364 ut
1122 1316 1175 1365 et
1211 1325 1375 1379 supra
1403 1308 1544 1363 dicat
1572 1306 1616 1343 ’3
1644 1308 1760 1379 (82)
1792 1326 1806 1362 :
1854 1310 1992 1365 Cum

395 1400 739 1455 venissemus
759 1403 956 1455 autem
976 1401 1037 1453 in
1060 1397 1453 1464 Macedoniam,
1469 1398 1695 1454 nullam
1716 1397 1991 1455 remissio-

393 1503 526 1544 nem
571 1486 767 1541 habuit
798 1502 928 1544 caro
960 1492 1174 1543 nostra.
1206 1486 1429 1554 Dehinc,
1461 1482 1582 1540 ut“
1612 1486 1804 1540 animm
1841 1486 1992 1541 daret

393 1576 863 1646 compassiouem:
908 1577 973 1631 In
1028 1574 1309 1643 omnibus,
1368 1573 1542 1645 inquit
1597 1574 1666 1645 (ll
1719 1575 1842 1630 Cor.
1873 1576 1986 1642 vn),

394 1667 697 1736 compressi
725 1664 842 1736 (83)
867 1683 880 1721 :
904 1666 1262 1722 extrinsecus
1274 1679 1502 1736 pugnos,
1527 1661 1867 1717 debellantes
1893 1662 1992 1719 sci-

2109 522 2235 578 qure
2252 506 2579 565 dissolvetur
2601 522 2697 577 per
2748 509 3080 578 passionem,
3146 509 3430 566 meliorem
3482 512 3704 568 domum

2104 594 2463 666 repromitens
2505 610 2601 665 per
2646 596 3130 663 resurrectionem;
3160 612 3284 651 nam
3343 607 3397 653 et
3442 600 3708 655 Dominus

2103 684 2318 739 multas
2346 684 2689 747 mansiones,
2719 682 2877 755 quasi
2914 685 3132 751 domus,
3164 685 3310 756 apud
3348 687 3560 742 Patrem
3619 705 3705 743 re-

2104 770 2367 841 promittit
2395 772 2579 841 (Joan.
2638 772 2782 841 xw):
2816 787 3143 844 quamquam
3171 781 3226 830 et
3254 774 3301 813 31
3356 774 3427 830 de
3478 776 3707 832 domici-

2104 862 2180 919 lio
2208 861 2399 918 mundi
2436 861 2550 932 (84)
2582 868 2761 932 potest
2788 860 3037 934 intelligi,
3068 876 3177 933 quo
3208 862 3498 931 dissoluto,
3534 864 3709 923 853

2102 957 2305 1007 aeterna
2333 950 2496 1006 sedes
2544 952 2946 1021 repromittatur
2987 950 3043 1007 in
3074 951 3259 1023 caelis;
3293 953 3423 1023 quia
3476 964 3533 1010 et
3586 972 3711 1026 quae

2102 1048 2432 1112 sequuntur,
2480 1038 2547 1093 ad
2605 1054 2821 1095 carnem
2876 1039 3166 1096 manifeste
3224 1042 3567 1112 pertinentia,
3614 1059 3710 1099 os-

2101 1130 2326 1184 tendunt
2388 1127 2573 1199 priora
2628 1128 2849 1185 omnino
2893 1128 2944 1167 ³2
2980 1130 3047 1184 ad
3133 1145 3343 1186 carnem
3414 1132 3710 1202 pertinere-

2101 1215 2433 1271 Divisionem
2463 1214 2607 1271 enim
2632 1214 3094 1287 facitApostolus,
3116 1231 3243 1293 cum
3274 1217 3530 1286 subiicit:
3562 1222 3707 1276 Nam

2101 1305 2269 1362 ethoc
2287 1302 3005 1376 gemimus33,domicilium
3025 1307 3461 1378 nostrum,quod
3484 1308 3554 1367 de
3572 1310 3707 1367 creto

2100 1399 2202 1461 est,
2220 1394 2555 1467 superindui
2573 1392 3261 1468 desiderantes,siquidem
3282 1397 3479 1455 induti
3496 1398 3563 1464 5",
3589 1415 3707 1455 non

2097 1485 2242 1539 nudi
2270 1484 2640 1540 inveniamur
2669 1504 2689 1552 ,-
2723 1482 2782 1537 id
2826 1492 2926 1553 est,
2984 1491 3109 1541 ante
3144 1485 3392 1542 volumus
3449 1487 3702 1558 superin-

2099 1573 2267 1628 duere
2312 1573 2562 1628 virtutem
2618 1572 2895 1630 caelestem
2952 1573 3291 1641 mternitatis,
3330 1590 3495 1646 quam
3540 1591 3703 1632 carne

2099 1677 2378 1718 exuamur.
2410 1662 2586 1731 Hujus
2612 1662 2757 1718 enim
2786 1662 2977 1735 gratiae
3018 1663 3362 1739 privilegium
3411 1665 3535 1722 illos
3579 1683 3699 1723 ma-

389 1752 769 1819 licetcarnem,
793 1754 1135 1808 intrinsecus
1157 1754 1351 1822 timor,
1371 1750 1633 1805 aftlictans
1660 1750 1865 1807 scilicet
1882 1751 1994 1805 ani-
2025 1738 2071 1816 Β
2102 1759 2210 1821 net,
2267 1751 2363 1822 qui
2408 1753 2477 1806 ab
2533 1751 2771 1808 adventu
2827 1753 3046 1809 Domini
3112 1738 3582 1825 deprehendentur
3643 1757 3699 1813 in

390 1857 553 1899 mam.
584 1842 732 1895 Adeo
769 1840 870 1894 etsi
898 1843 1255 1910 corrumpitur
1296 1841 1459 1895 homo
1491 1839 1745 1905 exterior,
1776 1855 1886 1895 non
1925 1847 1986 1895 ut

388 1934 641 1988 amittens
702 1932 1169 2000 resurrectionem,
1236 1930 1334 1985 sed
1392 1937 1449 1984 ut
1506 1927 1775 1985 sustinens
1819 1944 1987 1986 vexa-

388 2022 611 2090 tionem,
660 2019 935 2090 corrumpi
993 2020 1322 2091 intelligetur
1340 2016 1404 2078 ²⁵.
1470 2020 1541 2075 Et
1586 2022 1690 2075 hoc
1729 2035 1838 2077 non
1868 2020 1987 2077 sine

389 2110 665 2167 interiore.
724 2110 803 2166 Ita
842 2110 1118 2164 amborum
1189 2109 1290 2164 erit
1362 2109 1523 2164 etiam
1569 2108 1981 2181 conglorificari,

388 2200 527 2256 sicut
553 2209 607 2255 et
634 2198 888 2271 compati.
921 2196 1228 2253 Secundum
1270 2197 1498 2271 collegia
1540 2197 1803 2268 laborum,
1851 2208 1984 2255 cen-

389 2289 555 2345 sortia
582 2287 741 2345 etiam
787 2286 838 2326 ²⁶
884 2286 1175 2343 decurrant
1220 2301 1450 2344 necesse
1493 2296 1576 2343 est
1613 2287 1983 2358 praemiorum.

990 2426 1215 2487 CAPUT
1245 2428 1389 2487 XLI.

457 2557 716 2614 Eamdem
759 2555 935 2611 adhuc
988 2555 1312 2610 sententiam
1340 2555 1674 2626 exsequitur,
1726 2571 1981 2613 remune-

386 2650 620 2704 rationes
664 2644 1039 2705 vexationibus
1087 2644 1401 2716 prmferens.
1443 2645 1663 2702 Scimus
1693 2646 1867 2717 enim,
1900 2648 1980 2701 in-

382 2738 496 2810 quit
523 2738 592 2807 (II
626 2737 751 2794 Cor.
774 2737 856 2804 v),
882 2736 1167 2807 quoniam,
1195 2736 1302 2790 etsi
1314 2738 1539 2793 terrena
1565 2735 1765 2792 domus
1784 2740 1981 2794 nostra

382 2826 553 2899 hujus
583 2824 1005 2883 “tabernaculi
1044 2823 1400 2895 dissolvetur,
1450 2823 1717 2883 habemus
1754 2824 1982 2884 domum

378 2933 494 2975 non
521 2916 945 2985 manufactam,
1002 2916 1280 2968 aeternam
1317 2912 1383 2966 in
1428 2914 1615 2981 cretis;
1648 2912 1706 2967 id
1752 2922 1849 2979 est,
1887 2931 1982 2986 per

377 3007 482 3059 hoc
509 3006 659 3073 quod
688 3000 1009 3056 dissolvetur
1029 3016 1153 3057 caro
1172 3009 1356 3056 nostra
1374 3016 1471 3072 per
1497 3002 1783 3073 passiones
1804 3003 1876 3069 2⁸,
1893 3006 1983 3062 do-

377 3091 636 3148 micilium
692 3090 1034 3146 consecuturi
1090 3078 1278 3146 sumus
1341 3090 1397 3144 in
1453 3089 1624 3146 cmlis.
1665 3091 1981 3148 Meminerat

376 3180 703 3254 evangelicae
756 3177 1082 3234 definitionis
1136 3178 1186 3218 ²9
1252 3178 1479 3248 (Matth.
1537 3180 1590 3250 ν)
1626 3196 1641 3234 :
1684 3182 1844 3237 Beati
1895 3193 1992 3253 qui

370 3272 823 3345 persecutionem
866 3270 1183 3343 patiuntur
1216 3275 1454 3342 propter
1478 3272 1779 3343 justitiam
1804 3313 1817 3337 ,
1854 3273 1989 3343 quia

380 3365 616 3419 illorum
674 3364 757 3419 est
807 3375 1046 3432 regnum
1092 3361 1378 3418 oratorum.
1413 3362 1531 3415 Non
1572 3369 1750 3416 tamen
1806 3360 1985 3416 carnis

380 3451 775 3510 restitutionem
824 3449 1069 3522 negavit,
1111 3449 1159 3503 si
1191 3449 1689 3519 compensationem
1717 3449 1985 3504 mercedis

385 3540 637 3613 opposuit
667 3557 681 3607 ;
715 3554 840 3596 eum
873 3539 973 3608 ipsi
1023 3535 1391 3607 compensatio
1428 3536 1703 3603 debeatur,
1736 3536 1821 3593 cui
1864 3535 1980 3590 dis-

384 3630 582 3685 solutio
608 3629 899 3701 deputatur
927 3628 995 3691 3°,
1028 3626 1228 3682 scilicet
1257 3627 1423 3683 carni.
1455 3626 1560 3681 Sed
1592 3627 1719 3698 quia
1753 3632 1977 3682 domum

382 3717 592 3773 dixerat
642 3731 883 3783 carnem,
930 3716 1204 3785 eleganter
1268 3714 1436 3772 voluit
1490 3725 1544 3770 et
1597 3713 1653 3768 in
1704 3714 1969 3770 mercedis

2094 1854 2253 1896 carne
2282 1840 2413 1909 (85),
2443 1846 2495 1894 et
2525 1847 2740 1910 propter
2796 1840 3027 1895 duritias
3073 1848 3379 1911 temporum
3424 1843 3697 1899 Antichri-

2097 1928 2165 1983 sti
2194 1929 2566 1999 merebuutur,
2628 1930 2950 1999 compendio
2994 1930 3184 1988 mortis
3232 1947 3330 2003 per
3383 1932 3701 1990 demutatio-

2092 2033 2215 2073 nem
2264 2026 2545 2090 expunctus
2569 2060 2584 2084 ,
2644 2032 2965 2073 concurrere
3038 2034 3163 2075 cum
3244 2022 3692 2095 resurgentibus;

2092 2107 2231 2163 sicut
2275 2106 2850 2164 Thessalonicensibus
2898 2106 3082 2163 scribit
3128 2108 3174 2180 (I
3213 2108 3391 2167 Thess.
3445 2109 3527 2179 iv)
3552 2128 3565 2163 :
3590 2113 3697 2168 Hoc

2092 2198 2251 2263 enim
2266 2195 2510 2253 dicimus
2527 2196 2675 2254 vobis
2694 2198 2761 2253 in
2777 2212 3032 2254 sermone
3051 2198 3299 2264 Domini,
3322 2198 3463 2271 quod
3483 2215 3584 2257 nos
3602 2205 3698 2273 qui

2091 2286 2352 2351 vivimus,
2402 2287 2501 2358 qui
2527 2302 2892 2343 remanemus
2911 2288 2976 2343 in
3005 2286 3255 2344 adventu
3302 2289 3551 2354 Domini,
3580 2304 3694 2346 non

2088 2375 2497 2448 praeveniemus
2510 2390 2597 2432 eos
2610 2377 2706 2447 qui
2725 2375 3103 2433 dormierunt.
3132 2376 3408 2446 Quoniam
3435 2377 3555 2447 ipse
3584 2380 3693 2437 Do-

2090 2467 2287 2520 minus
2315 2466 2378 2520 in
2395 2467 2571 2536 jussu
2593 2468 2650 2520 et
2670 2481 2797 2523 voce
2809 2465 3222 2545 archangeli”,
3238 2471 3294 2524 et
3309 2468 3374 2523 in
3404 2469 3541 2525 tuba
3568 2471 3688 2537 Dei,

2091 2554 2382 2611 descendet
2402 2555 2467 2611 de
2497 2555 2664 2620 eazlo;
2713 2558 2770 2611 et
2798 2557 3013 2612 mortui
3042 2558 3105 2611 in
3148 2555 3368 2613 Christo
3397 2563 3693 2629 resurgent

2090 2644 2305 2715 primi:
2339 2642 2543 2699 dehinc
2564 2658 2664 2697 nos
2703 2658 2835 2699 eum
2864 2646 3006 2717 ipsis
3034 2646 3211 2701 simul
3231 2644 3280 2683 ³6
3316 2649 3609 2719 rapiemur
3636 2648 3699 2701 in

2090 2731 2332 2787 nubibus
2375 2732 2591 2787 obviam
2636 2733 2872 2790 Domino
2906 2731 2952 2770 3"
3001 2736 3061 2790 in
3092 2749 3249 2800 aera,
3282 2739 3339 2793 et
3366 2737 3453 2792 ita
3472 2751 3694 2809 semper

2090 2837 2221 2878 cum
2247 2820 2483 2880 Domino
2511 2820 2745 2905 erimus.

2682 2964 2910 3021 CAPUT
2938 2964 3109 3025 XLII.

2161 3091 2360 3146 Horum
2407 3090 2833 3147 demutationem
2873 3092 2941 3145 ad
2982 3090 3289 3148 Corinthios
3328 3091 3371 3161 (1
3421 3094 3544 3152 Cor.
3590 3098 3695 3165 xv)

2102 3179 2280 3233 reddit
2306 3176 2356 3216 33
2394 3178 2581 3234 dicens
2614 3195 2628 3233 :
2665 3178 2866 3233 Omnes
2906 3178 3130 3251 quidem
3162 3194 3541 3251 resurgemus,
3576 3199 3692 3240 non

2098 3272 2294 3323 autem
2311 3282 2504 3325 omnes
2521 3267 2963 3333 demutabimur,
2979 3268 3264 3340 inptomo,
3287 3269 3349 3324 in
3382 3276 3698 3327 momenta-

2093 3371 2195 3413 neo
2236 3360 2398 3413 metu
2434 3358 2605 3427 oculi,
2654 3359 2717 3413 in
2759 3359 3068 3415 novissima
3098 3358 3268 3430 tuba;
3301 3359 3397 3415 sed
3423 3359 3500 3415 illi
3538 3359 3690 3417 scili-

2091 3452 2173 3500 cet
2200 3444 2322 3514 soli,
2389 3446 2484 3516 qui
2536 3445 2875 3502 invenientur
2902 3446 2959 3501 in
2989 3462 3171 3504 carne.
3203 3451 3274 3504 Et
3309 3450 3543 3517 mortui,
3603 3449 3692 3505 in-

2090 3534 2224 3605 quit,
2256 3540 2554 3607 resurgent
2572 3537 2772 3608 primi,
2795 3542 2848 3595 et
2875 3534 2925 3574 3°
2951 3553 3054 3594 nos
3098 3537 3541 3596 demutabimur.
3570 3540 3689 3596 Hac

2085 3640 2219 3696 ergo
2257 3624 2404 3696 prius
2447 3625 2799 3698 diapositione
2832 3627 2885 3666 ἰο
2910 3637 3217 3700 prospecta,
3260 3628 3470 3701 reliqua
3524 3645 3691 3686 revo-

2076 3713 2222 3769 cabis
2266 3716 2337 3771 ad
2383 3715 2720 3786 superiorem
2772 3733 3015 3775 sensum.
3074 3720 3208 3777 Nam
3262 3736 3384 3777 cum
3431 3721 3623 3791 adjicit
3671 3738 3688 3776 :

1764 3849 1953 3914 Variae
1993 3854 2306 3935 lectiones.

447 3975 495 4013 33
510 3972 649 4050 Dicit
672 3973 848 4050 Rhegi.
866 3972 1036 4050 Semt.
1069 3973 1124 4050 33
1148 3973 1211 4050 Et
1232 3974 1365 4050 add.
1391 3974 1569 4050 Rhen.
1584 3975 1760 4050 Semt.
1786 3976 1836 4050 2?
1860 3975 2258 4050 intelligeretur
2279 3976 2641 4050 Rhen.Semt.
2676 3980 2726 4019 26

2755 3980 2980 4053 Quoque
3008 3981 3184 4040 Rhen.
3219 3983 3385 4040 Seml.
3418 3981 3466 4021 τι
3496 3982 3683 4039 Nostri

379 4045 773 4127 lihenLSemt.“
787 4046 837 4082 2⁸
874 4046 1032 4127 Quod
1052 4046 1196 4127 add“;
1223 4047 1399 4127 Bhen.
1429 4046 1479 4127 2?
1507 4045 1853 4127 Difﬂuitionis
1891 4045 2067 4127 Ithen'.
2097 4048 2267 4127 ._S_e-ml.
2297 4049 2346 4127 ξιξ
2374 4050 2676 4127 ljeputatur
2694 4045 2868 4127 Bhen.
2891 4045 3135 4127 -Semi.3l
3170 4055 3440 4127 NecRig.
3489 4055 3683 4127 Veia?

376 4120 497 4199 Non
518 4119 693 4199 Rhea.
736 4117 908 4199 sentt.
946 4118 1128 4199 Pam._
1149 4117 1296 4199 311111
1307 4119 1426 4199 hoc
1447 4119 1859 4199 ingemiscimus
1902 4122 2062 4199 Pam.
2094 4124 2264 4199 fray.
2299 4121 2347 4159 3"
2375 4117 2532 4199 E_xuti
2563 4123 2733 4199 segni.
2765 4122 2815 4199 _35
2842 4126 3035 4199 Angeli
3062 4126 3239 4199 Rheni.
3281 4117 3453 4199 Semt.
3497 4125 3547 4199 3§
3594 4126 3683 4181 Si-

375 4191 491 4279 rnu'l
506 4191 677 4279 abest
705 4206 740 4279 a
754 4190 1149 4279 ﬁhen.nSemt.
1181 4190 1227 4229 37
1258 4190 1470 4247 Christo
1498 4190 1674 4249 Rhen.
1708 4192 1878 4249 Semt.
1910 4192 1959 4230 ³⁸
1995 4191 2159 4249 Dedit
2187 4194 2350 4251 Pam.
2390 4195 2565 4250 Fran.
2600 4194 2650 4233 39
2691 4196 2876 4266 Primi,
2909 4190 2963 4253 et
2992 4213 3109 4279 non
3135 4198 3259 4257 hab.
3292 4197 3469 4256 Rhen.
3502 4198 3679 4256 Semt.

373 4262 424 4299 ¹ιο
452 4264 726 4318 Positione
746 4262 922 4318 Rhen.
945 4261 1115 4318 Semt.

1773 4381 2272 4445 Commentarius.

443 4505 1018 4599 ςψέοῖνξριξίίητυντ
1074 4507 1167 4599 τιτὲ
1222 4509 1293 4599 εξ,
1335 4505 1971 4599 saliuae/inmitis
2006 4522 2051 4599 υ

371 4577 528 4632 etiam
560 4575 812 4649 transfert
844 4582 1053 4649 proprie
1073 4595 1236 4635 voces
1254 4575 1469 4633 Graecas
1497 4575 1651 4645 εἴπερ,
1672 4579 1969 4649 siquidem,

369 4663 432 4703 ac
477 4644 903 4723 σ’δνδοξασθῶμεῆ,
935 4644 1445 4723 congiariﬁcemur.
1508 4644 1642 4723 Item
1694 4644 1971 4723 λᾶγίζομας

365 4724 585 4792 reputo.
610 4720 868 4793 Compati
894 4720 1077 4777 autem
1105 4722 1384 4792 accipitur,
1416 4736 1515 4790 pro
1553 4721 1711 4775 simul
1740 4733 1850 4792 pati
1872 4762 1885 4787 ,
1918 4720 1972 4777 et

366 4792 594 4861 proinde
654 4792 819 4849 etiam
850 4793 930 4849 sic
986 4793 1354 4866 intelligenda,
1413 4808 1575 4865 quam
1633 4807 1758 4848 mox
1806 4794 1971 4849 habet

363 4865 567 4937 Auctor
599 4879 723 4933 vox,
755 4869 1084 4937 compassio.
1116 4865 1253 4920 ΡᾹΜ.

434 4936 548 5006 (82)
585 4938 647 4993 Ut
666 4938 723 4990 et
767 4935 946 5018 supra
977 4937 1130 4991 dicat
1150 4938 1367 5018 (nempe
1396 4935 1616 5018 Paulus)
1656 4953 1671 5018 _:
1701 4936 1838 5018 Cum
1865 4952 1965 5017 “ve-

359 5008 657 5081 nissemus,
690 5017 801 5081 etc.
824 5008 1026 5081 Auctor
1053 5024 1165 5081 per,
1200 5008 1333 5081 illud
1380 5024 1556 5081 supra
1593 5008 1963 5081 intelligitite-

359 5092 480 5150 rum
525 5078 708 5150 Epist.
756 5080 805 5133 ll
855 5080 921 5133 ad
967 5078 1212 5136 Corinth.
1280 5080 1346 5134 de
1398 5078 1553 5149 cuius
1619 5078 1962 5150 potissimum

355 5148 493 5222 locis
521 5149 625 5222 hoc
652 5164 772 5220 cap.
816 5157 1041 5220 tractat;
1083 5167 1210 5207 nam
1258 5148 1524 5222 reperitur
1552 5148 1667 5207 haec
1696 5154 1963 5221 scriptura

353 5218 401 5295 Il
429 5220 673 5295 Corinth.
718 5218 834 5276 Nisi
892 5218 1035 5278 forte
1062 5224 1210 5279 malit
1228 5218 1350 5294 quis
1380 5240 1500 5277 eum
1535 5222 1691 5295 sequi
1715 5218 1960 5295 ordinem

354 5292 647 5349 Marcionis
678 5295 730 5348 in
755 5295 908 5350 libris
937 5296 1058 5353 adv.
1089 5292 1341 5351 eumdem
1370 5292 1736 5359 observatum,
1759 5294 1961 5364 quippe

356 5366 449 5435 qui
479 5365 780 5436 Epistolam
838 5367 904 5422 ad
945 5368 1242 5432 Romanos,
1275 5382 1341 5420 ex
1367 5383 1470 5436 qua
1494 5366 1804 5421 immediate
1833 5372 1957 5420 ante

358 5436 719 5510 testimonium
771 5443 1115 5510 produxerat,
1196 5445 1484 5510 postponat
1554 5436 1814 5506 Epistolis
1886 5439 1955 5492 ad

353 5506 681 5568 Corinthios.
712 5506 851 5571 Pin.

2156 4506 2272 4578 (84)
2311 4506 2666 4582 Quamquam
2686 4510 2741 4566 et
2777 4508 2843 4565 de
2870 4509 3155 4569 domicilio
3184 4511 3407 4580 mundi,
3425 4522 3532 4568 etc.
3555 4512 3674 4568 llu-

2082 4593 2520 4658 manumcorpus
2549 4582 2758 4658 duabus
2788 4583 3117 4658 metaphoris
3175 4585 3465 4658 signiﬁcat,
3498 4586 3677 4658 domi-

2082 4649 2190 4704 cilii
2229 4661 2281 4723 et
2310 4649 2629 4723 indumenti,
2665 4649 3017 4708 domicilii'in
3065 4658 3163 4709 hac
3218 4649 3347 4723 v'ita,
3396 4664 3449 4711 et
3510 4656 3676 4709 indu-

2079 4722 2244 4775 menti
2265 4721 2459 4793 glorias
2480 4722 2533 4776 in
2561 4726 2747 4796 altera.
2780 4726 2985 4781 Seneca
3013 4726 3130 4796 ipse
3156 4721 3413 4794 profanus
3469 4735 3675 4781 utram-

2077 4809 2185 4863 que
2239 4808 2537 4863 agnoscere
2565 4794 2798 4862 videtur,
2830 4794 3061 4868 primam
3092 4796 3249 4868 epist.
3284 4800 3408 4865 120,
3449 4798 3677 4853 alterum

2077 4864 2236 4917 euist.
2280 4867 2367 4917 92.
2396 4865 2471 4917 ιε
2507 4867 2598 4917 Pn.

2076 4870 2236 4935 epist.
2280 4870 2367 4920 92.
2396 4870 2471 4918 LE
2507 4870 2598 4919 Pn.

2149 4937 2261 5006 (85)
2281 4936 2781 5011 Deprehendentur
2809 4940 2872 4994 in
2901 4939 3205 4998 carne.Hic
3230 4940 3467 5011 loquitur
3498 4940 3565 4995 de
3583 4940 3677 4994 ad-

2072 5018 2235 5061 ventu
2258 5008 2751 5085 secundoDomini,
2770 5012 2823 5085 in
2838 5027 2944 5082 quo
2958 5015 3122 5085 judex
3144 5008 3386 5085 omnium
3399 5012 3675 5085 expendet

2072 5087 2127 5133 et
2153 5078 2386 5153 excutiet
2414 5077 2612 5135 dilicta.
2644 5081 2750 5150 Qui
2787 5077 3257 5153 deprchendemur
3278 5084 3328 5137 in
3351 5077 3536 5148 carne,
3570 5083 3675 5139 hoc

2068 5158 2153 5203 est
2183 5150 2427 5206 viventes
2451 5153 2639 5207 eadem
2659 5170 2783 5209 cum
2806 5150 2969 5210 carne
2997 5170 3182 5211 coram
3214 5155 3446 5211 Domino
3476 5155 3677 5211 sistent

2071 5235 2167 5291 se;
2200 5222 2293 5292 qui
2330 5222 2385 5276 in
2417 5238 2579 5299 carne
2607 5240 2717 5299 non
2739 5226 3227 5299 deprchendemur,
3259 5242 3674 5299 carnemassu-

2068 5300 2367 5349 mentzerit
2384 5294 2525 5349 enim
2548 5297 2716 5365 judex
2743 5294 2984 5353 viv‘orum
3016 5304 3071 5354 et
3094 5310 3452 5354 mortuorum.
3486 5298 3545 5353 ld
3576 5313 3675 5352 ex-

2068 5366 2217 5439 ponit
2245 5370 2607 5439 quaestLlOQ,
2668 5370 2728 5423 Β.
2773 5369 3021 5439 Justinus
3051 5388 3063 5424 :
3094 5373 3165 5424 Οὐ
3206 5371 3376 5430 πάντες
3413 5371 3677 5439 nundinae-

2061 5433 2399 5513 iisba._l§pivsi'
2418 5433 2505 5513 oi'iv
2534 5441 2715 5513 ζῴντας
2755 5438 2843 5513 μὲν
2874 5443 2979 5503 τοὺς
3007 5444 3113 5495 τότε
3147 5445 3367 5512 ζῶντας,
3399 5433 3591 5513 ναροὓς
3621 5442 3677 5494 δὲ

2061 5507 2534 5587 τοὺ-ςμάνξᾴταμένους
2555 5510 2608 5565 ἐκ
2626 5519 2719 5587 τῶν
2740 5507 2930 5587 ὖεκρῶν.
2943 5516 3065 5571 Non
3084 5528 3277 5569 omnes
3298 5507 3673 5583 damnemus,

426 5584 516 5660 8_3)
560 5584 625 5639 In
644 5584 927 5660 omnibus,
957 5580 1519 5660 in_quit,_compressi.
1549 5578 1725 5660 Etiam
1754 5580 1857 5660 ho_c
1884 5581 1950 5640 ad
2050 5579 2332 5660 judicabit
2366 5578 2855 5660 itaquevivente's
2893 5586 2989 5660 qui
3016 5590 3158 5660 tunc
3185 5587 3381 5660 erunt,
3414 5578 3676 5646 mortuos

360 5656 582 5712 verbum
615 5672 680 5711 ex
730 5654 923 5713 Graeco
956 5673 968 5714 :
1004 5652 1109 5707 ex
1171 5652 1219 5708 ἐν
1278 5653 1421 5709 παντὶ
1475 5653 1766 5726 θλιϐόμενοι.
1804 5654 1947 5714 PAX.

2058 5667 2187 5715 vero
2214 5657 2347 5729 quia
2374 5656 2618 5717 mortuis
2639 5656 3105 5717 resurreaierunt.
3135 5657 3212 5714 Ls
3242 5657 3338 5715 Pa.
