4030 6184
315 284 414 344 901

1383 281 1576 344 LIBER
1608 275 1704 342 'DE
1745 284 2270 348 RESURRECTIONE
2307 286 2559 346 CARNIS.

3509 296 3618 356 902

317 415 546 486 Oportet
575 427 728 467 enim
757 413 1144 484 corruptivum
1167 411 1322 467 istud
1355 411 1592 468 induere
1613 413 1914 486 incorrup-
1944 427 1991 506 Α
2025 413 2236 468 olentes
2267 414 2383 484 (89)
2415 411 2646 485 populus
2675 413 2966 471 exhorruit.
3017 415 3190 486 855
3237 418 3475 490 Constat,
3507 437 3616 478 non

317 503 525 559 telam:
554 505 609 557 et
645 502 891 557 mortale
918 502 1074 558 istud
1101 502 1340 558 ind-uere
1375 502 1869 559 immortalitatem
1895 523 1914 571 ,-

316 591 421 645 erit
448 589 593 644 istud
615 588 944 646 domicilium
975 591 1042 646 de
1061 591 1222 657 caelo,
1248 591 1390 663 quod
1417 597 1700 664 gementes
1726 596 1779 647 in
1810 592 1912 648 hac

320 695 483 735 carne
530 678 923 750 superinduere
967 678 1014 716 ἰι
1070 679 1469 744 desideramus;
1510 677 1694 750 utique
1750 693 1914 748 super

318 783 559 832 carnem,
591 765 644 820 in
675 783 782 838 qua
811 764 982 823 854
1012 767 1511 838 deprehendemur;
1545 767 1671 838 quia
1698 766 1912 840 gravari

319 874 423 914 nos
459 857 554 923 ait,
588 857 678 929 qui
717 872 902 910 sumus
928 857 978 893 42
1005 859 1060 911 in
1101 857 1481 923 tabernaculo;
1513 861 1656 928 quod
1686 856 1914 912 nolimus

319 945 464 1014 exui,
494 945 589 1000 sed
621 944 798 1015 potius
825 943 1143 1016 superindui
1169 962 1185 1012 ;
1208 945 1287 1001 uti
1317 945 1603 1002 devoretur
1632 946 1855 1001 mortale
1881 961 1913 1000 a

316 1036 448 1101 vita,
467 1033 669 1090 scilicet
699 1032 826 1086 dum
861 1034 1164 1088 demutalur
1188 1034 1265 1104 43,
1293 1033 1734 1106 superinduendo
1765 1033 1910 1104 quod

315 1133 405 1178 est
434 1126 503 1177 de
548 1120 721 1176 caelis.
768 1119 901 1189 Quis
941 1120 1080 1176 enim
1121 1135 1229 1174 non
1275 1121 1617 1189 desiderabit,
1678 1121 1807 1176 dum
1859 1120 1910 1175 in

315 1227 477 1270 carne
506 1218 607 1276 est,
647 1209 1042 1280 superinduere
1091 1209 1569 1275 immortalitatem,
1626 1218 1680 1264 et
1733 1209 1910 1264 conti-

316 1317 487 1358 nuare
512 1303 694 1366 vitam,
745 1298 1021 1355 lucrifacta
1051 1309 1222 1356 morte
1266 1316 1360 1372 per
1408 1299 1668 1357 vicariam
1723 1301 1912 1356 demu-

317 1389 597 1456 tationem,
630 1405 697 1445 ne
727 1385 931 1443 inferos
956 1387 1284 1459 experiatur,
1326 1405 1497 1462 usque
1554 1389 1909 1445 novissimum

316 1479 670 1552 quadrantem
737 1477 1072 1531 exacturos?
1141 1477 1426 1543 Caeterum,
1483 1475 1908 1534 demutationem

314 1568 480 1624 etiam
526 1573 645 1639 post
688 1564 1142 1621 resurrectionem
1198 1574 1582 1621 consecuturus
1629 1572 1730 1630 est,
1766 1563 1908 1619 infe-

316 1674 408 1716 ros
433 1660 546 1729 jam
595 1661 866 1727 expertus.
906 1653 1125 1711 Abhinc
1173 1655 1312 1710 enim
1343 1652 1650 1720 deﬁnimus,
1691 1668 1908 1709 carnem

318 1746 542 1822 quidem
574 1743 720 1801 omni
755 1744 915 1798 modo
946 1744 994 1781 ἰθ
1043 1753 1491 1808 resurrecturum,
1541 1750 1702 1815 atque
1748 1741 1837 1797 illa
1866 1743 1916 1780 "5

2026 510 2230 559 tantum
2261 518 2388 558 ossa
2415 504 2628 573 durare,
2661 519 2850 558 verum
2880 515 2934 562 et
2961 505 3148 562 dentes
3185 511 3294 580 (90)
3325 509 3614 584 incorrup-

2028 600 2109 646 tos
2137 606 2430 662 perennare
2455 608 2468 660 ;
2499 606 2617 662 quae
2647 598 2706 646 ut
2732 591 2939 646 semina
2979 595 3279 651 retinentur
3320 597 3612 655 fructiﬁca-

2026 678 2129 734 turi
2160 679 2404 752 corporis
2452 679 2504 733 in
2552 678 2960 736 resurrectione.
3015 683 3311 749 Postremo,
3344 687 3443 741 etsi
3488 698 3615 745 tunc

2023 768 2336 825 devoratum
2367 769 2664 823 invenietur
2693 770 2924 824 mortale
2959 770 3016 826 in
3062 772 3317 828 omnibus
3361 778 3612 846 mortuis,

2023 863 2162 910 certe
2207 870 2238 909 a
2286 863 2478 921 morte,
2518 864 2662 912 certe
2706 857 2774 911 ab
2820 873 2957 923 aevo,
3007 867 3152 916 certe
3187 875 3284 930 per
3335 870 3548 919 aetatem
3587 881 3604 934 ;

2021 944 2286 1016 numquid
2340 960 2372 999 a
2424 945 2474 983 ’⁸⁸
2528 944 2658 1011 vita,
2700 947 2963 1019 numquid
3021 964 3052 1003 a
3103 949 3611 1025 superindumento,

2021 1034 2283 1105 numquid
2313 1035 2381 1088 ab
2409 1033 2821 1092 immortalitatis
2861 1037 3078 1110 ingestu
3099 1039 3127 1094 ?
3175 1039 3367 1112 Porro,
3416 1043 3511 1112 qui
3543 1044 3611 1099 ab

2021 1122 2106 1178 his
2131 1122 2180 1160 ’³9
2209 1121 2282 1176 ait
2325 1123 2639 1180 devoratum
2677 1124 2741 1179 iri
2787 1127 3032 1194 mortale,
3080 1129 3148 1182 ab
3192 1128 3311 1186 aliis
3365 1132 3602 1204 negavit.

2021 1213 2086 1268 Et
2115 1213 2296 1285 utique
2325 1215 2428 1269 hoc
2471 1231 2502 1269 a
2540 1214 2734 1271 divinis
2771 1216 2992 1285 viribus,
3044 1234 3151 1274 non
3195 1235 3227 1274 a
3272 1221 3610 1279 naturalibus

2021 1303 2235 1376 legibus
2281 1303 2468 1374 perfici
2514 1305 2864 1377 praestarique
2903 1307 3216 1366 convenietl
3247 1311 3392 1384 Ergo
3429 1328 3552 1367 cum
3585 1329 3616 1369 a

2019 1393 2125 1448 vita
2171 1392 2367 1447 habeat
2395 1393 2638 1448 devvrari
2675 1395 2819 1466 quod
2867 1398 3089 1452 mortale
3136 1404 3240 1465 est,
3274 1399 3322 1454 id
3372 1401 3615 1458 exhiberi

2021 1481 2356 1538 omnifariam
2401 1498 2625 1538 necesse
2664 1491 2764 1550 est,
2796 1493 2854 1541 ut
2893 1486 3288 1556 devoretur,'et
3337 1489 3612 1560 devorari,

2022 1577 2079 1622 ut
2105 1567 2424 1626 demutetur.
2454 1569 2510 1624 Si
2541 1570 2721 1642 ignem
2762 1573 2908 1629 dicas
2935 1575 3156 1631 accendi
3196 1585 3468 1648 oportere,
3503 1593 3612 1634 non

2023 1662 2182 1727 potes
2236 1656 2289 1710 id
2347 1672 2438 1728 per
2475 1659 2622 1728 quod
2676 1661 2998 1727 accenditur,
3059 1662 3185 1718 alibi
3241 1665 3608 1722 necessarium

2024 1743 2325 1810 adﬁrmare,
2357 1744 2486 1800 alibi
2516 1761 2643 1801 non.
2678 1747 2768 1802 Sic
2795 1760 2847 1802 et
2876 1765 2999 1804 cum
3039 1750 3245 1808 infulcit
3278 1772 3291 1807 :
3327 1756 3613 1827 Siquidem

321 1817 391 1893 ex
447 1833 802 1890 demutatione
862 1841 1273 1902 superventura,
1313 1832 1555 1888 habitum
1611 1831 1914 1905 angelicum
1949 1817 1992 1896 Β
2022 1837 2207 1903 exuti,
2233 1852 2351 1892 non
2399 1834 2544 1891 nudi
2574 1837 2942 1893 inveniamur
2969 1840 3038 1905 ⁵ο,
3071 1839 3138 1895 de
3169 1841 3248 1896 eis
3275 1817 3479 1899 scilicet
3523 1844 3614 1915 qui

327 1932 715 1996 suscepturam.
748 1926 856 1978 Aut
897 1921 941 1977 si
971 1922 1026 1976 in
1055 1921 1140 1977 his
1168 1921 1301 1977 solis
1336 1922 1428 1994 qui
1469 1920 1811 1977 invenientur
1859 1921 1912 1975 in

321 2031 506 2082 carne,
537 2011 800 2069 demutari
829 2027 954 2068 eum
1003 2011 1294 2084 oportebit,
1327 2011 1404 2068 uti
1436 2012 1727 2067 devoretur
1757 2027 1908 2066 mor-

317 2103 428 2159 tale
457 2119 488 2158 a
527 2101 653 2171 vita,
687 2101 740 2156 id
769 2109 851 2157 est
881 2115 1005 2158 caro
1034 2101 1102 2155 ab
1142 2099 1233 2156 illo
1275 2098 1760 2170 superindumento
1795 2115 1912 2155 coe-

315 2191 444 2248 lesti
473 2199 528 2247 et
573 2201 815 2256 aeterno;
858 2205 992 2264 ergo
1031 2187 1125 2261 qui
1167 2187 1369 2244 mortui
1415 2187 1911 2261 deprehendentur,

318 2282 484 2340 vitam
536 2295 646 2336 non
690 2286 1106 2351 consequentur,
1158 2276 1349 2348 privati
1402 2277 1517 2347 jam
1554 2278 1795 2347 materia,
1836 2285 1910 2349 et,

313 2383 375 2428 ut
403 2370 478 2428 ita
506 2367 757 2440 dixerim,
788 2383 910 2425 esca
942 2367 1089 2438 vitae,
1122 2367 1176 2422 id
1208 2374 1290 2423 est
1335 2381 1518 2424 carne.
1549 2367 1662 2422 Aut
1688 2382 1911 2424 necesse

310 2469 394 2518 est
427 2459 686 2532 recipiant
713 2474 830 2513 eam
878 2466 932 2514 et
969 2455 1068 2523 illi,
1104 2463 1161 2512 ut
1189 2464 1241 2513 et
1280 2456 1334 2513 in
1381 2455 1512 2527 ipsis
1541 2457 1765 2512 mortale
1813 2457 1911 2512 de-

310 2549 496 2609 vorari
525 2547 700 2620 possit
726 2563 758 2603 a
785 2546 916 2616 vita,
948 2546 995 2602 si
1023 2546 1192 2604 vitam
1242 2555 1365 2602 sunt
1410 2545 1770 2602 consecuturi.
1804 2546 1912 2602 Sed

310 2644 369 2697 in
426 2637 677 2706 mortuis,
740 2636 938 2709 inquis,
978 2636 1087 2708 jam
1154 2635 1468 2692 devoratum
1525 2634 1628 2690 erit
1683 2637 1911 2692 mortale

311 2731 478 2787 istud.
506 2728 629 2784 Non
665 2727 850 2798 utique
879 2725 934 2780 in
971 2725 1243 2783 omnibus.
1284 2723 1526 2793 Quantos
1555 2723 1700 2780 enim
1730 2723 1913 2782 licebit

311 2821 400 2878 vel
460 2819 737 2891 pridianos
780 2815 1026 2885 inveniri,
1083 2827 1185 2871 tam
1233 2813 1470 2872 recentia
1515 2812 1804 2878 cadavera,
1850 2823 1911 2872 ut

317 2909 455 2965 nihil
501 2908 555 2961 in
610 2906 661 2943 ¹ι⁶
714 2903 818 2958 illis
867 2905 1180 2961 devoratum
1237 2902 1409 2959 videri
1468 2901 1663 2972 possit!
1712 2901 1911 2974 Utique

322 2999 466 3054 enim
511 2997 825 3053 devoratum
868 3009 979 3050 non
1033 2993 1178 3050 aliud
1226 2991 1516 3060 existimas,
1550 3007 1710 3062 quam
1737 2990 1905 3047 inter-

2022 1938 2129 1978 non
2181 1923 2234 1978 in
2281 1923 2411 1992 vita,
2473 1938 2573 1979 nec
2622 1923 2674 1978 in
2713 1940 2874 1980 carne
2924 1926 3389 1996 deprehendentur
3443 1947 3474 1986 a
3529 1932 3616 1988 die

2021 2011 2268 2085 Domini;
2309 2029 2418 2069 non
2471 2012 2603 2068 alias
2656 2013 2870 2088 negavit
2920 2015 3112 2081 nudos,
3170 2032 3306 2088 quos
3359 2019 3612 2090 praedixit

2023 2109 2235 2168 exutos,
2275 2103 2376 2156 nisi
2425 2100 2551 2172 quia
2601 2101 2878 2158 revestitos
2927 2101 3098 2159 voluit
3150 2104 3375 2176 intelligi
3421 2108 3608 2163 eadem

2023 2189 2341 2256 substantia,
2399 2205 2506 2262 qua
2579 2189 2790 2246 fuerant
2843 2190 3076 2264 spoliati.
3137 2194 3206 2250 Ut
3281 2195 3412 2250 nudi
3468 2196 3610 2251 enim

2021 2279 2376 2348 invenientur,
2408 2294 2570 2334 carne
2616 2279 2881 2351 deposita,
2915 2281 3000 2336 vel
3045 2298 3112 2338 ex
3163 2291 3314 2355 parte
3343 2285 3590 2352 discissa,

2019 2367 2130 2424 sive
2180 2368 2372 2424 detrita
2439 2378 2546 2424 :et
2613 2369 2716 2423 hoc
2783 2369 2926 2423 enim
2984 2371 3202 2428 auditas
3241 2379 3425 2444 potest
3479 2373 3609 2429 dici.

2020 2455 2226 2513 Dehinc
2251 2449 2295 2493 51
2325 2457 2589 2529 recipient
2615 2472 2757 2525 eam,
2797 2463 2880 2528 ut,
2916 2459 3183 2517 redinduti
3231 2477 3472 2530 carnem,
3503 2462 3605 2518 ﬁe-

2020 2546 2064 2600 ri
2148 2545 2357 2616 possint
2435 2545 2601 2602 etiam
2689 2547 3028 2618 superinduti
3102 2550 3561 2609 immortalitatem

2020 2634 2346 2705 Superindui
2393 2634 2558 2702 enim,
2601 2635 2704 2691 nisi
2750 2637 2946 2695 vestito
2985 2641 3119 2711 jam,
3171 2641 3459 2698 convenire
3504 2657 3613 2697 non

2022 2725 2240 2786 poterit.

2585 2865 2812 2922 CAPUT
2856 2867 3051 2922 XLIII.

2086 2989 2319 3045 Proinde
2349 3004 2470 3044 cum
2501 2989 2632 3054 dicit,
2660 3009 2674 3044 :
2699 2992 2896 3064 Itaque
2926 2992 3128 3062 conﬁsi
3153 3009 3375 3066 semper
3392 2994 3530 3065 (9H,
3554 3000 3612 3052 et

313 3093 556 3157 ceptum,
588 3099 749 3157 quam
776 3082 1058 3149 abolitum,
1088 3097 1250 3154 quam
1283 3081 1428 3136 omni
1451 3095 1614 3135 sensu
1635 3088 1905 3152 ereptum,
1939 3108 1984 3186 c
2017 3081 2254 3136 scientes
2283 3078 2425 3150 quod
2453 3095 2579 3135 cum
2603 3081 2981 3137 immoramur
2999 3083 3062 3137 in
3089 3099 3338 3156 corpore,
3357 3100 3615 3156 peregri-

443 3173 457 3186 .
902 3185 907 3186 κ
1021 3169 1032 3180 .
1791 3169 1840 3186 ιτ
2224 3165 2739 3186 νιοηηηημωω
2886 3170 2990 3186 γι..
3191 3175 3200 3184 .
3292 3175 3300 3184 .
3427 3175 3464 3186 ς.

307 3173 461 3246 quod
525 3186 838 3244 comparere
891 3169 1038 3226 omni
1113 3183 1312 3243 genere
1384 3169 1726 3223 cessaverit.
1790 3169 1907 3229 Nec

309 3265 597 3338 gigantum
654 3269 835 3317 autem
892 3257 1266 3332 antiquissima
1319 3257 1580 3314 cadavera
1645 3256 1914 3313 devorata

313 3351 606 3421 constabit,
654 3366 883 3423 quorum
947 3355 1124 3406 crates
1173 3347 1354 3404 adhuc
1398 3346 1606 3404 vivunt.
1660 3345 1914 3405 Diximus

308 3443 429 3513 jam
474 3442 543 3497 de
589 3441 693 3496 isto
725 3439 874 3495 alibi.
904 3437 1011 3495 Sed
1040 3446 1094 3494 et
1124 3435 1366 3510 proxime
1419 3435 1476 3489 in
1529 3436 1632 3491 ista
1678 3436 1910 3504 civitate,

311 3547 443 3588 cum
472 3528 609 3588 Odei
637 3529 684 3567 ἠ
715 3528 1064 3584 fundamenta
1095 3525 1230 3598 (86),
1265 3530 1346 3581 tot
1389 3534 1630 3581 veterum
1658 3525 1912 3597 sepultu-

313 3636 498 3677 rarum
537 3619 806 3692 sacrilega
850 3618 987 3688 (87),
1036 3614 1450 3684 collocarentur,
1494 3613 1910 3686 quingentorum

315 3710 434 3767 fere
476 3725 740 3768 annorum
779 3708 892 3780 (88)
927 3721 1069 3773 ossa,
1103 3705 1280 3762 adhuc
1326 3701 1562 3772 succida,
1597 3712 1650 3759 et
1681 3701 1914 3780 capillos

2021 3185 2233 3224 namur
2251 3165 2296 3204 5’
2316 3185 2351 3223 a
2371 3170 2605 3224 Domino
2628 3169 2772 3240 (92);
2793 3185 2892 3240 per
2911 3170 3080 3238 ﬁdem
3105 3175 3258 3228 enim
3278 3175 3610 3241 incedimus,

2020 3272 2134 3314 non
2153 3272 2253 3328 per
2279 3257 2554 3327 speciem;
2587 3255 2986 3314 manifestatum
3016 3267 3099 3314 est
3125 3261 3227 3316 hoc
3254 3277 3472 3334 quoque
3501 3279 3610 3320 non

2018 3345 2286 3417 pertinere
2314 3345 2386 3400 ad
2422 3343 2832 3402 oﬁ‘uscationem
2874 3347 3073 3417 carnis,
3115 3350 3268 3420 quasi
3313 3353 3613 3420 separantis

2020 3450 2120 3492 nos
2157 3450 2188 3488 a
2212 3433 2464 3490 Domino.
2497 3433 2566 3489 Et
2610 3433 2696 3491 hic
2749 3433 2892 3490 enim
2931 3436 3235 3494 exhortatio
3273 3439 3612 3497 fastidienda:

2019 3523 2142 3580 vitae
2197 3523 2358 3593 hujus
2403 3523 2735 3593 obvertitur;
2795 3523 3065 3597 siquidem
3110 3526 3528 3600 peregrinamur
3576 3546 3608 3585 a

2018 3613 2250 3668 Domino
2306 3613 2558 3684 quamdiu
2605 3613 2855 3680 vivimus,
2911 3629 3007 3685 per
3064 3614 3224 3672 ﬁdem
3277 3617 3612 3686 incedentes,

2021 3716 2129 3756 non
2169 3718 2261 3774 per
2287 3700 2546 3773 speciem,
2589 3702 2640 3758 id
2668 3709 2750 3758 est
2778 3717 2897 3773 spe,
2934 3718 3044 3760 non
3073 3720 3132 3760 re
3173 3720 3186 3759 :
3231 3712 3286 3761 et
3314 3705 3439 3762 ideo
3467 3709 3608 3764 sub-

1681 3774 1874 3838 Varize
1928 3774 2238 3836 lectiones.

393 3862 441 3899 ⁸η
468 3858 795 3932 Superindui
840 3861 998 3914 Pam.
1036 3856 1301 3932 From}?
1328 3855 1506 3932 Simus
1551 3855 1724 3932 Rhen.
1777 3854 2434 3932 Seml._’*3__l)_em_utamus
2487 3855 2610 3932 alii.
2653 3855 2719 3932 {if
2741 3853 2903 3932 omni
2949 3855 3110 3932 modo

3164 3855 3384 3928 quidem
3435 3859 3610 3916 Rhen.

323 3931 498 3989 Seml.
535 3925 584 3970 δῖε
614 3934 765 3987 Illam
794 3932 956 3986 Pam.
996 3931 1169 3985 Fran.
1202 3928 1253 3966 ἰδ
1281 3929 1340 3983 In
1380 3929 1535 3985 abest
1564 3944 1599 3982 a
1630 3925 1806 3984 Rhen.
1833 3925 2004 3985 Seml.
2035 3925 2083 3964 ἰτ
2110 3925 2282 3982 Hodie
2311 3926 2486 3984 Rhea.
2509 3925 3024 3983 deialiieodiecod.
3055 3925 3256 3986 Wouio.
3288 3930 3339 3967 4⁸
3367 3930 3414 3984 Ε
3434 3933 3611 3990 Rhen.

315 4005 494 4062 Seml.
523 4004 573 4042 "9
598 4003 741 4070 Quia
769 4001 855 4058 his
883 4001 1059 4060 Rhea.
1091 4000 1264 4058 Seml.
1295 3999 1345 4038 ⁵ο
1372 3997 1706 4056 lnveniemur
1741 3999 1873 4054 nudi
1918 3997 2097 4054 Rhen.
2157 3999 2282 4056 Ven.
2328 3997 2374 4036 δι
2413 3997 2481 4053 Et
2526 3998 2656 4055 add.
2695 4000 2854 4055 Pam.
2890 4002 3061 4056 Fran.
3109 3997 3160 4038 ⁵2
3206 3999 3616 4075 Peregrinemur

309 4075 493 4134 Rhen.
535 4075 706 4133 Seml.

1713 4140 2210 4204 Commentarius.

387 4227 506 4314 S86)
551 4228 703 4314 Cum,
733 4225 864 4314 04.8?
886 4223 1319 4314 ,,feedse€cfs:
1334 4219 1513 4314 Pii:
1525 4221 1903 4314 99113332???
1937 4235 1984 4314 ι)

310 4291 496 4365 Odea,
519 4297 634 4354 sive
663 4297 857 4372 loca_in
875 4291 1074 4372 quibus
1110 4292 1401 4372 aliquando
1432 4307 1551 4348 sese
1577 4291 1906 4372 recipiebant

309 4378 650 4440 spectatores
694 4386 724 4425 e
765 4365 996 4432 theatro,
1029 4366 1088 4440 si
1120 4365 1299 4440 pluvia
1336 4365 1754 4440 supervenisset,
1787 4379 1912 4440 nam

309 4434 387 4497 ibi
415 4441 659 4514 porticus
703 4447 891 4514 erant_._
930 4440 1044 4514 Hoc
1075 4434 1136 4492 iri
1185 4438 1301 4492 loco
1348 4434 1712 4514 recitabantur
1752 4435 1908 4514 etiam

310 4505 584 4584 poemata,
616 4525 680 4567 ac
719 4509 930 4584 venalia
974 4509 1244 4584 frumenta
1289 4505 1486 4584 exponi
1533 4505 1811 4584 solebant;
1848 4506 1906 4584 I_n

311 4577 382 4639 ἑο
420 4577 582 4640 etiam
612 4597 790 4638 causa:
828 4579 1192 4636 frumentariae
1239 4577 1606 4640 agitabantur.
1643 4577 1733 4634 Sic
1778 4577 1905 4633 Pol-

309 4655 424 4723 lux,
467 4655 560 4709 lib.
602 4670 706 4710 VIII
737 4672 750 4708 :
778 4653 877 4712 Τὰς
898 4650 973 4723 -δὲ
1004 4649 1095 4723 ἐπὶ-
1123 4657 1192 4721 τῷ
1237 4644 1361 4722 ortu.)
1389 4645 1526 4711 δίκας
1555 4647 1603 4701 ἐν
1631 4644 1904 4723 ςῷ-ᾠδείῳ

308 4721 535 4788 ἐδίκαζον
579 4748 590 4760 ο
623 4728 757 4785 σῖτος
792 4724 846 4778 δὲ
894 4721 1020 4775 ἔστιν
1051 4721 1434 4795 αἱ-ὁφειλόμὲναι
1459 4721 1659 4793 τροφαί.
1685 4721 1906 4795 Causas

307 4799 558 4856 cibarius
578 4800 639 4854 in
669 4797 822 4855 odeio
850 4791 1267 4866 disceptaba'nt;
1295 4791 1449 4852 cibus
1470 4791 1595 4851 vero
1627 4796 1710 4850 est
1739 4791 1908 4865 quod-

311 4869 448 4924 libet
481 4869 846 4924 alimentum.
878 4866 956 4920 La
985 4867 1082 4920 Pa.

389 4941 504 5010 (87)
551 4941 795 5012 Veterum
832 4939 1274 5012 sepulturarum
1299 4938 1592 5012 sacrilega,
1625 4944 1731 5012 etc:
1762 4935 1904 5012 _Cum

305 5007 619 5083 jacerentur
655 5007 794 5068 Odei
825 5007 1174 5083 fundamenta
1203 5011 1424 5083 (novum
1451 5007 1656 5083 quippe
1695 5007 1901 5083 Odeum

306 5077 637 5157 Carthagine
668 5089 970 5139 extructum
999 5080 1192 5157 fuerat,
1215 5077 1290 5138 de
1319 5095 1428 5154 quo
1456 5077 1709 5157 hic’t‘orte
1738 5077 1905 5149 loqui-

307 5154 444 5226 tur),
491 5150 645 5210 e'ruta
699 5166 824 5210 sunt
859 5167 986 5226 ossa
1039 5150 1608 5226 innumera'nondum
1654 5157 1904 5218 corrupta

307 5224 408 5282 aut
453 5226 763 5298 absumpta,
821 5224 1001 5298 etiam,
1041 5225 1347 5298 gigantum,
1405 5236 1526 5294 quae
1583 5228 1901 5298 portentosa

309 5305 483 5356 erant.
516 5291 668 5370 Illud’
682 5291 812 5353 vero
849 5291 1131 5370 sacrilegio
1162 5295 1323 5352 afﬁne
1354 5291 1468 5370 erat
1486 5311 1504 5370 _;
1548 5307 1686 5370 nam
1717 5291 1897 5349 violati

307 5371 548 5442 sepulcri
588 5369 800 5426 facinus
842 5364 1204 5442 sacrilegium,
1240 5374 1294 5423 et
1321 5366 1455 5442 actio
1480 5365 1537 5442 _in
1591 5364 1898 5442 violatorem

305 5436 864 5524 irrogat_infai_niam.
915 5436 1291 5524 Necimirum,
1339 5438 1498 5522 εἰ,ἱᾲ
1544 5451 1654 5493 non
1704 5436 1906 5524 pblitus

303 5508 480 5571 fuerit
522 5514 889 5572 Tertullianus
936 5509 989 5567 in
1046 5513 1172 5586 jure
1225 5510 1639 5581 versatissimus,
1687 5508 1753 5567 de
1799 5526 1907 5583 quo

304 5587 629 5646 monuimus
654 5587 804 5645 alibi.
846 5588 924 5643 La
959 5589 1057 5643 Pa.

2087 4223 2200 4292 (88)
2227 4221 2671 4292 Quingentorum
2694 4221 2812 4291 fere
2839 4235 2977 4278 ann.
3009 4219 3144 4290 Quis
3175 4221 3322 4280 Hier.
3357 4224 3606 4282 Cardano

2021 4291 2195 4372 ﬁdem
2212 4291 2389 4372 dabit,
2407 4293 2500 4360 qui
2533 4291 2706 4372 patris
2734 4307 2930 4372 cor-pus
2957 4293 3027 4348 ob
3046 4294 3229 4372 _varias
3267 4296 3606 4372 exercitatio-

2018 4377 2116 4417 nes
2145 4368 2202 4437 et_
2229 4371 2470 4437 exactam
2496 4362 2707 4437 vivendi
2737 4362 2994 4437 rationem
3043 4364 3312 4437 integrum
3343 4369 3607 4426 mansisse

2019 4448 2116 4508 per
2152 4432 2340 4508 viginti
2371 4446 2541 4508 annos
2571 4431 2785 4508 refert?
2813 4434 3018 4508 Ls_Pa.

2092 4503 2316 4582 (8_9):E_t
2346 4503 2580 4582 capillos
2607 4503 2846 4582 .olentes.
2895 4503 3043 4582 Idem
3088 4505 3368 4582 gardanus
3398 4511 3608 4582 scripto

2019 4573 2263 4650 prddidit
2287 4575 2343 4630 in
2373 4573 2466 4631 lib.
2499 4573 2708 4650 Variar.
2733 4590 2953 4650 vlui}.
3002 4577 3057 4644 4,
3089 4578 3335 4650 Tulliola:
3381 4573 3607 4638 Cicero-

2015 4646 2100 4703 nis
2129 4664 2323 4720 corpus
2353 4657 2629 4720 repertum
2657 4646 2792 4701 Sixti
2821 4646 2890 4702 IV
2908 4648 3273 4720 temporibus,
3321 4651 3443 4708 sine
3492 4654 3608 4709 ulla

2016 4719 2100 4775 sui
2126 4718 2358 4789 iactura.
2389 4718 2541 4790 Quin,
2569 4720 2676 4790 imo
2707 4719 2757 4774 in
2790 4731 2855 4774 eo
2903 4718 3126 4790 implexi
3166 4720 3491 4779 videbantur
3514 4741 3606 4779 ca-

2015 4791 2139 4864 pilli
2163 4806 2326 4847 aureo
2356 4789 2606 4856 reticulo,
2635 4789 2691 4864 in
2718 4803 2859 4862 quos
2886 4799 2944 4846 ut
2972 4789 3026 4846 et
3058 4791 3113 4845 in
3157 4799 3330 4848 totum
3377 4808 3603 4864 corpus,

2014 4862 2147 4989 gihil
2200 4871 2448 4934 potuerat
2499 4877 2586 4916 an.
2645 4862 2929 4934 plusquam
2996 4865 3134 4919 1500
3205 4862 3491 4935 spatium.‘
3527 4862 3606 4922 La

2059 4949 2115 4989 ιι.

2059 4949 2115 4989 Β.

2084 5005 2200 5076 (90)
2236 5005 2467 5062 Constat
2496 5020 2611 5061 non
2643 5008 2872 5062 tantum
2899 5022 3022 5064 ossa
3065 5007 3293 5072 durare,
3323 5023 3524 5065 verum
3553 5011 3608 5064 et

2017 5076 2230 5153 dentes.
2253 5079 2412 5153 _Plato
2440 5077 2496 5153 in
2533 5077 2816 5153 Phaedone
2838 5097 2856 5134 :
2885 5078 3036 5133 ’Ένια
3071 5079 3125 5133 δὲ
3158 5081 3284 5153 μέρη
3323 5085 3411 5135 τοῦ
3441 5081 3612 5153 σώμα-

2014 5167 2118 5222 τος,
2140 5147 2222 5222 κᾳὶ
2249 5146 2332 5222 ἐόξγ
2353 5152 2507 5222 σαπῇ,
2536 5148 2661 5222 ὀστᾷ
2678 5168 2729 5202 τε
2748 5149 2828 5201 καὶ
2855 5155 2997 5222 νεῦρα
3014 5153 3096 5206 καὶ
3121 5146 3186 5208 τὰ
3205 5146 3432 5216 έοὶαῦτα,
3451 5146 3609 5208 πάντα

2008 5203 2250 5294 spites;
2296 5219 2412 5281 ἔπος
2441 5203 2606 5290 alam,
2640 5220 2856 5294 ἀθανᾳτά

2077 5295 2433 5420 ξὲὶὶὲοἷξξδί
2479 5308 2718 5367 semper.
2751 5293 2827 5350 Ex
2856 5296 3046 5352 Graeco
3078 5296 3369 5370 θαῤῥοῦντες
3421 5305 3604 5353 trans-

2014 5372 2148 5420 tulit.
2180 5372 2260 5420 L8
2303 5372 2399 5424 PR.

2092 5439 2206 5517 (92)
2254 5438 2632 5517 lmgnoramur
2675 5443 2740 5500 in
2787 5457 3042 5517 corpore,
3085 5442 3524 5517 peregrinamur
3572 5454 3607 5495 a

2016 5512 2270 5639 Ιιίἓηὲἱηο.
2338 5512 2475 5570 Illud
2526 5515 2685 5574 etiam
2741 5509 2932 5573 Graece
2978 5509 3296 5585 ἕτέδῆμοῠνέις
3349 5509 3603 5580 explicat.

2169 5598 2222 5639 ιι.

2059 5597 2222 5641 ενιι.
