4030 6184
387 278 494 337 903

1114 268 1555 334 TBRTULLIANI
1594 268 1859 332 OPERUM
1897 269 2062 330 PARS
2100 266 2165 328 ll.
2208 300 2275 311 ——
2314 268 2544 328 SERIES
2581 266 2622 336 Ι,
2666 266 3012 329 POLEMICA.

3574 267 3678 326 904

383 405 562 476 jungit
594 421 607 456 :
638 402 901 460 Fidentes
921 407 1136 467 autem,
1169 405 1225 457 et
1254 399 1459 457 bonum
1489 398 1755 454 ducentes
1774 412 1823 457 εδ
1853 414 1979 454 ma-
2012 409 2059 487 Α
2090 394 2275 465 gloriae
2315 411 2447 461 suae,
2502 395 2557 449 in
2607 409 2839 465 persona
2884 393 3103 465 Christi,
3161 392 3289 449 dicit
3326 393 3527 449 habere
3582 408 3682 449 nos

388 497 472 564 gis
485 494 839 564 peregrinari
854 508 888 547 a
908 507 1155 565 corpore,
1171 495 1227 545 et
1246 489 1546 546 immorari
1564 488 1635 543 ad
1656 489 1981 543 Dominum:

388 580 589 636 scilicet
640 588 700 635 ut
750 596 849 651 per
898 580 1135 651 speciem
1200 576 1374 633 856
1422 576 1597 650 magis
1648 576 1981 643 incedamus,

388 686 548 741 quam
586 686 689 740 per
718 669 916 737 ﬁdem;
952 685 1047 740 per
1078 684 1188 723 rem
1240 669 1439 738 potius,
1471 681 1635 737 quam
1666 680 1764 735 per
1802 680 1977 734 spem.

394 759 553 813 Vides
598 774 760 829 quam
806 765 859 813 et
896 758 983 812 hic
1037 756 1083 816 si
1129 771 1416 826 corporum
1482 760 1854 823 contemptum
1912 752 1980 807 ad

389 847 767 918 martyriorum
838 845 1207 917 prmstantiam
1280 846 1524 901 referat.
1582 844 1756 898 Nemo
1828 842 1973 897 enim

394 936 777 1009 peregrinatus
821 952 852 990 a
906 949 1153 1005 corpore,
1207 936 1387 989 statim
1448 932 1762 987 immoratur
1816 945 1984 1000 penes

391 1026 701 1090 Dominum,
744 1024 848 1079 nisi
894 1040 957 1079 ex
1005 1024 1246 1094 martyrii
1290 1021 1681 1094 prmrogativa;
1735 1018 1983 1090 paradiso

393 1113 596 1170 scilicet
638 1112 702 1179 ⁵⁵,
764 1128 869 1169 non
927 1112 1136 1179 inferis,
1186 1113 1511 1167 deversurus
1556 1105 1622 1162 ⁵6.
1664 1108 1985 1163 Defecerant

394 1211 573 1258 autem
626 1202 885 1272 Apostolo
943 1203 1104 1258 verba
1161 1202 1277 1271 (93)
1333 1200 1400 1255 ad
1456 1197 1859 1269 signiﬁcandum
1918 1197 1985 1250 de

395 1306 622 1360 corpore
651 1292 977 1345 excessum?
1006 1289 1091 1344 An
1119 1290 1326 1343 ratione
1355 1287 1516 1343 etiam
1547 1303 1683 1342 nove
1714 1285 1984 1357 loquitur?

399 1380 772 1451 Temporalem
849 1381 991 1435 enim
1047 1379 1345 1434 absentiam
1409 1394 1440 1432 a
1496 1391 1724 1446 corpore
1797 1374 1985 1428 volens

399 1467 722 1537 signiﬁcare,
780 1466 1113 1539 peregrinari
1170 1483 1270 1522 nos
1308 1466 1372 1519 ab
1414 1480 1481 1520 eo
1530 1464 1681 1529 dixit,
1733 1461 1982 1534 quoniam

399 1556 489 1628 qui
536 1557 931 1629 peregrinatur,
978 1556 1136 1610 etiam
1186 1560 1479 1608 revertetur
1532 1554 1584 1606 in
1631 1549 1981 1605 domicilium.

398 1644 604 1700 Exinde
632 1645 790 1699 etiam
820 1644 887 1698 ad
916 1659 1101 1699 omnes
1125 1660 1138 1696 :
1166 1645 1233 1698 Et
1264 1642 1386 1697 ideo
1406 1632 1451 1679 57
1482 1642 1779 1711 gestimus,
1815 1638 1989 1709 inquit

398 1734 469 1806 (II
528 1736 649 1791 Cor.
678 1736 755 1804 v),
786 1737 899 1790 sive
950 1733 1402 1805 peregrinantes,
1434 1732 1546 1786 sive
1596 1731 1984 1793 immorantes,

400 1822 685 1893 placibiles
714 1823 823 1877 Deo
854 1837 969 1876 esse
997 1821 1062 1872 53.
1092 1820 1291 1875 Omnes
1321 1820 1473 1874 enim
1500 1816 1867 1887 manifestari
1892 1832 1991 1874 nos

401 1912 622 1981 oportet
656 1924 759 1979 pro
791 1906 1069 1963 tribunali
1096 1900 1143 1944 ⁵9
1175 1906 1385 1961 Christi
1431 1905 1583 1961 Jesu.
1615 1903 1669 1958 Si
1698 1917 1908 1975 omnes,
1941 1913 1993 1959 et

403 2006 589 2052 totos:
634 1997 678 2050 si
710 2003 873 2065 totos,
906 2002 959 2048 et
1010 1994 1289 2050 interiores
1328 2002 1380 2049 et
1429 1992 1749 2061 exteriores,
1791 1991 1843 2045 id
1889 2001 1989 2062 est,

404 2096 509 2141 tam
538 2083 744 2137 animas
768 2098 928 2153 quam
953 2090 1010 2138 et
1036 2099 1265 2155 corpora
1298 2100 1312 2137 :
1354 2084 1441 2141 Uti
1470 2082 1872 2153 unusquisque,
1903 2081 1992 2136 in-

404 2173 537 2245 quit,
568 2177 817 2246 reportet
844 2172 960 2245 (94)
976 2190 1078 2245 per
1107 2168 1308 2245 corpus
1329 2170 1638 2230 secundum
1660 2187 1787 2242 qua:
1805 2173 1990 2241 gessit,

406 2264 610 2320 bonum
629 2279 727 2319 seu
755 2263 994 2319 malum.
1018 2264 1130 2320 Hoc
1144 2266 1255 2335 jam
1284 2260 1561 2334 quomodo
1585 2261 1755 2331 legas,
1776 2274 1989 2330 quam;

405 2350 557 2423 quasi
585 2350 635 2389 δο
663 2352 872 2407 turbate
900 2352 1040 2406 enim
1066 2367 1161 2421 per
1183 2352 1521 2422 hyperbaton
1548 2350 1742 2404 struxit
1769 2347 1810 2385 δ¹
1842 2350 1990 2419 (9ὃ);

410 2447 661 2494 utrumne
684 2456 806 2512 qua:
836 2456 933 2510 per
969 2454 1169 2510 corpus
1196 2440 1520 2511 reportanda
1557 2445 1735 2505 erunt,
1776 2453 1843 2492 an
1875 2453 1995 2508 quae

408 2544 504 2598 per
530 2543 732 2599 corpus
759 2540 909 2601 gesta
927 2529 1094 2583 sunt?
1124 2528 1231 2583 Sed
1259 2537 1313 2583 et
1343 2529 1387 2581 si
1419 2542 1542 2600 quae
1572 2541 1669 2597 per
1697 2541 1893 2597 corpus
1914 2542 1999 2581 re-

410 2617 672 2689 portanda
698 2625 844 2682 sunt,
874 2617 1173 2688 corporalis
1191 2616 1494 2673 indubitate
1524 2615 1847 2672 resurrectio
1877 2623 1989 2670 est:

410 2711 466 2759 et
500 2705 546 2760 si
581 2720 703 2776 quae
734 2720 827 2775 per
856 2720 1053 2775 corpus
1090 2713 1242 2776 gesta
1283 2715 1426 2775 sunt,
1460 2720 1557 2775 per
1584 2718 1783 2775 corpus
1810 2702 1996 2775 utique

410 2794 682 2864 pensanda
728 2801 854 2848 sunt
900 2794 1033 2864 (96),
1088 2808 1185 2865 per
1230 2794 1377 2865 quod
1423 2801 1478 2849 et
1525 2800 1678 2866 gesta
1722 2804 1868 2848 sunt.
1919 2794 1997 2847 Ita

410 2892 463 2938 et
493 2891 634 2939 totus
663 2882 749 2937 hic
777 2899 808 2936 a
840 2883 1015 2953 capite
1047 2889 1301 2937 tractatus
1329 2882 1599 2953 Apostoli,
1643 2880 1733 2935 tali
1763 2883 2003 2937 clausula

2087 485 2400 540 thesaurum
2432 486 2593 539 istum
2623 483 2678 539 in
2722 485 2970 539 testaceis
2997 483 3157 549 vasis,
3189 482 3399 538 scilicet
3448 482 3500 536 in
3550 496 3675 536 car-

2088 590 2191 641 ne;
2228 581 2477 628 utrumne
2504 572 2627 643 quia
2657 579 2888 627 testacea
2916 579 3017 640 est,
3068 569 3367 627 secundum
3413 572 3679 645 originem

2089 662 2143 715 in
2171 662 2224 698 6³
2252 661 2403 732 limo,
2453 662 2793 728 destruetur;
2844 676 2911 715 an
2962 657 3129 716 857
3172 661 3299 730 quia
3347 660 3463 729 (97)
3509 659 3680 716 divini

2090 752 2325 807 thesauri
2389 749 2750 806 conditorium
2806 758 2907 817 est,
2966 749 3297 806 extolletur?
3355 749 3579 821 Atquin,
3637 749 3682 803 si

2090 839 2275 895 lumen
2319 838 2498 910 ipsum
2543 838 2593 877 64
2641 837 2771 893 illud
2814 855 3026 908 verum,
3073 838 3220 910 quod
3259 844 3310 893 et
3367 838 3423 893 in
3455 853 3684 908 persona

2091 926 2308 995 Christi,
2340 929 2501 984 vitam
2533 927 2588 981 in
2616 942 2678 983 se
2704 927 2968 995 continet,
3016 942 3185 999 eaque
3222 926 3331 983 vita
3357 942 3485 982 cum
3519 926 3686 981 lumi-

2090 1032 2159 1071 ne
2189 1016 2546 1071 committitur
2581 1015 2637 1070 in
2674 1031 2931 1083 carnem;
2983 1017 3220 1088 peritura
3262 1024 3361 1081 cst,
3416 1015 3470 1069 in
3524 1031 3684 1086 quam

2090 1106 2199 1161 vita
2224 1105 2586 1162 committetur
2631 1105 2659 1160 ‘I
2690 1104 2869 1171 Plane,
2903 1105 2947 1159 si
2979 1105 3251 1176 periturus
3297 1113 3351 1160 et
3400 1106 3515 1176 ipse
3562 1106 3689 1158 the-

2091 1211 2284 1250 saurus
2331 1212 2345 1253 :
2396 1194 2647 1267 perituris
2703 1194 2850 1249 enim
2907 1195 3147 1265 peritura
3193 1195 3507 1261 creduntur,
3550 1192 3693 1249 sicut

2090 1284 2363 1341 veteribus
2392 1284 2599 1338 utribus
2647 1298 2850 1338 novum
2896 1282 3102 1340 vinum.
3152 1282 3287 1338 Cum
3333 1283 3462 1338 item
3510 1283 3690 1350 subii-

2092 1372 2197 1427 cit:
2224 1373 2451 1444 Semper
2479 1372 2982 1441 mortificationem
3008 1372 3221 1428 Christi
3242 1373 3371 1429 Jesu
3390 1374 3693 1442 circumfe-

2092 1465 2279 1518 rentes
2309 1462 2373 1517 in
2400 1477 2631 1533 corpore
2674 1465 2909 1529 nostro;
2941 1461 3112 1533 qualis
3142 1460 3245 1516 ista
3276 1477 3362 1516 res
3411 1468 3513 1530 est,
3563 1476 3689 1533 quae

2097 1561 2220 1623 post
2249 1550 2346 1607 Dei
2376 1553 2653 1621 templum,
2700 1552 2811 1621 jam
2841 1560 2895 1607 et
2924 1551 3237 1621 sepulcrum
3266 1550 3464 1607 Christi
3510 1558 3691 1621 potest

2097 1640 2250 1696 dici?
2278 1639 2386 1695 Cur
2413 1647 2589 1694 autem
2640 1637 3110 1696 mortiﬁcationem
3138 1638 3355 1694 Domini
3402 1637 3689 1695 circumfe-

2100 1730 2266 1786 rimus
2291 1728 2346 1783 in
2375 1743 2605 1800 corpore
2626 1729 2653 1783 ‘i
2689 1730 2776 1787 Uti
2804 1734 2860 1785 et
2888 1730 3007 1785 vita
3035 1728 3101 1797 ‘35,
3126 1728 3317 1801 inquit,
3348 1729 3688 1800 manifeste-

2100 1823 2215 1875 tur.
2247 1816 2394 1873 Ubi?
2423 1818 2489 1872 In
2518 1833 2747 1889 corpore
2773 1818 2843 1872 δδ.
2882 1818 2942 1871 In
2972 1832 3082 1889 quo
3101 1818 3128 1873 ‘P
3158 1819 3225 1873 In
3253 1818 3508 1876 mortali.
3544 1816 3690 1888 Ergo

2097 1908 2154 1963 in
2190 1923 2349 1964 carne
2378 1905 2533 1977 plane
2561 1906 2775 1963 mortali
2813 1908 3109 1961 secundum
3137 1905 3375 1977 culpam,
3409 1904 3504 1961 sed
3534 1914 3586 1960 et
3613 1905 3697 1961 vi-

2102 1998 2193 2052 tali
2239 1995 2535 2052 secundum
2568 1994 2819 2069 gratiam.
2870 1994 3008 2051 Vide
3046 2003 3299 2067 quantam
3332 2012 3346 2048 :
3388 1996 3453 2052 Ut
3495 1996 3557 2049 in
3588 1993 3693 2049 illa

2098 2089 2219 2143 vita
2252 2085 2463 2141 Christi
2482 2086 2913 2155 manifestetur.
2934 2085 2993 2139 In
3023 2100 3082 2139 re
3111 2098 3246 2151 ergo
3276 2083 3452 2140 aliena
3480 2083 3691 2145 salutis,

2102 2175 2157 2229 in
2185 2174 2231 2213 6⁷
2264 2174 2563 2230 substantia
2594 2184 2867 2245 perpetua:
2896 2173 3290 2242 dissolutionis,
3321 2172 3693 2229 manifestabi-

2104 2273 2189 2318 tur
2214 2263 2322 2319 vita
2350 2262 2549 2319 Christi
2598 2271 2817 2330 aeterna,
2862 2262 3034 2337 jugis,
3086 2262 3415 2334 incorrupta,
3470 2265 3579 2333 jam
3641 2272 3695 2317 et

2102 2350 2202 2407 Dei
2229 2350 2383 2407 vita?
2418 2358 2508 2405 aut
2536 2350 2693 2420 cujus
2742 2350 3004 2422 temporis
3060 2349 3168 2407 vita
3207 2350 3423 2405 Domini
3467 2350 3695 2404 manife-

2101 2438 2329 2495 stabitur
2374 2439 2429 2493 in
2469 2454 2698 2511 corpore
2735 2440 2969 2496 nostro?
3014 2438 3115 2495 Illa
3164 2438 3384 2510 quidem
3436 2455 3599 2511 quam
3645 2440 3697 2478 53

2099 2528 2238 2585 vixit
2282 2542 2457 2600 usque
2501 2528 2557 2583 in
2602 2528 2946 2599 passionem;
2998 2543 3119 2602 quae
3176 2542 3284 2583 non
3323 2529 3483 2583 modo
3549 2528 3695 2599 apud

2101 2617 2320 2672 Judteos
2366 2616 2423 2670 in
2474 2616 2762 2673 manifesto
2811 2617 2933 2683 fuit,
2986 2634 3174 2673 verum
3230 2616 3396 2672 etiam
3445 2618 3697 2672 omnibus

2102 2721 2246 2761 nunc
2274 2704 2526 2777 gentibus
2555 2705 2772 2777 prodita
2798 2714 2901 2762 est.
2930 2707 3082 2763 Adeo
3112 2722 3233 2763 eam
3261 2704 3545 2777 signiﬁcat,
3576 2723 3701 2779 quae

2111 2805 2293 2867 portas
2347 2794 2715 2851 adamantinas
2762 2794 2973 2865 mortis,
3006 2802 3060 2850 et
3088 2810 3266 2850 aeneas
3308 2812 3456 2852 seras
3496 2795 3702 2853 infero-

2115 2899 2235 2938 rum
2263 2881 2502 2952 infregit,
2546 2898 2669 2954 que:
2698 2882 2900 2937 exinde
2941 2885 3054 2954 jam
3084 2890 3266 2938 nostra
3296 2890 3396 2943 est.
3438 2884 3705 2955 Denique,

411 2971 655 3026 detextus
675 2987 783 3042 qua
803 2973 980 3026 carnis
1000 2970 1330 3027 resurrectio
1358 2971 1681 3035 ostenditur,
1697 2970 1997 3027 secundum
2029 2978 2073 3058 ε
2104 2970 2530 3027 manifestabitur
2576 2970 2629 3024 in
2676 2985 2927 3042 corpore.
2976 2969 3207 3038 Quando
3226 2970 3255 3025 ‘P
3285 2971 3411 3026 Post
3441 2983 3700 3027 mortem.

415 3062 529 3116 haec
559 3060 663 3117 erit
690 3060 1071 3134 intelligendus
1100 3076 1224 3133 quae
1252 3077 1376 3117 cum
1412 3061 1651 3119 clausula
1680 3070 1998 3118 consonant.

982 3202 1207 3262 CAPUT
1244 3203 1433 3263 XLIV.

486 3327 544 3383 Si
610 3328 755 3383 enim
825 3326 1004 3384 adhuc
1062 3329 1131 3383 ad
1186 3328 1465 3398 superiora
1520 3333 1808 3398 respectas,
1866 3326 2009 3385 unde

422 3416 625 3475 mentio
658 3416 889 3474 hominis
916 3416 1196 3473 exterioris
1237 3424 1288 3471 et
1335 3414 1606 3472 interioris
1649 3416 1865 3471 inducta
1905 3424 2006 3482 est,

421 3522 601 3563 nonne
627 3516 681 3562 et
706 3506 1015 3578 dignitatem
1045 3514 1099 3561 et
1139 3520 1291 3576 spem
1323 3504 1502 3560 carnis
1536 3504 1805 3575 integram
1852 3504 2006 3562 inve-

420 3597 587 3652 nies‘?
617 3597 757 3652 Dum
787 3596 838 3634 62
874 3594 1020 3651 enim
1046 3596 1114 3649 de
1146 3595 1364 3661 lumine,
1413 3594 1557 3665 quod
1590 3594 1824 3649 illuxerit
1866 3595 2012 3650 Deus
2040 3645 2049 3652 .

421 3685 477 3742 in
532 3685 789 3743 cordibus
844 3683 1061 3749 nostris,
1112 3682 1181 3738 ad
1228 3681 1663 3739 illuminationem
1721 3681 2012 3755 agnitionis

2114 3058 2451 3128 Quomodo?
2509 3059 2646 3114 Dum
2698 3060 3034 3131 resurgimus
3081 3059 3136 3113 in
3185 3073 3435 3130 corpore,
3469 3059 3607 3115 sicut
3660 3071 3715 3116 et

2115 3150 2381 3205 Christus.
2407 3150 2487 3206 Ne
2526 3149 2669 3205 enim
2696 3150 2817 3220 quis
2864 3154 3290 3220 argumentatur,
3324 3163 3462 3202 nunc
3514 3147 3715 3202 habere

2116 3239 2449 3295 manifestari
2482 3239 2643 3295 vitam
2674 3238 2801 3293 Jesu
2829 3238 2884 3292 in
2915 3252 3141 3307 corpore
3173 3246 3360 3292 nostro
3395 3252 3494 3307 per
3540 3236 3712 3292 disci-

2118 3330 2316 3402 plinam
2354 3328 2671 3396 sanctitatis,
2727 3336 2779 3383 et
2827 3325 3118 3399 patientiae,
3152 3332 3207 3380 et
3248 3325 3491 3397 justitiae,
3524 3333 3578 3382 et
3626 3343 3714 3382 sa-

2119 3419 2351 3492 pientia,
2384 3418 2581 3491 quibus
2619 3416 2837 3473 Domini
2864 3416 2972 3474 vita
3015 3415 3280 3486 ﬂoruerit,
3312 3415 3717 3487 providentissi-

2118 3524 2206 3563 ma
2243 3507 2491 3579 Apostoli
2521 3506 2743 3561 intentio
2776 3504 3009 3578 ingerit:
3054 3505 3114 3562 Si
3140 3507 3294 3561 enim
3325 3521 3425 3562 nos
3455 3507 3555 3577 qui
3580 3506 3716 3562 vivi-

2118 3612 2264 3662 mus,
2296 3598 2359 3651 in
2397 3600 2639 3653 mortem
2671 3593 2961 3650 tradimur
2986 3598 3219 3666 propter
3249 3594 3460 3663 Iesum,
3501 3596 3570 3650 ut
3598 3595 3715 3651 vita

2121 3688 2245 3758 ejus
2272 3686 2678 3756 manifestetur
2704 3685 2770 3740 in
2795 3698 3028 3756 corpore
3065 3688 3257 3741 nostra
3288 3683 3565 3755 mortali;
3593 3683 3717 3741 ideo

1816 3829 2007 3896 Varia}
2047 3831 2354 3898 lectiones.

428 4014 476 4024 η
496 3942 546 3981 ⁵³
573 3939 827 4024 Dicm-tes
858 3938 1033 4024 Rhen.
1058 3940 1316 4024 Seml._§4
1344 3940 1441 3998 Hic
1470 3944 1710 4024 etPam.
1744 3946 1913 4024 ξναη.
1946 3946 1997 4024 ἓξ
2024 3944 2517 4024 Scilicetparadiso
2556 3943 2730 4024 Rhgn.
2765 3944 2935 4024 sentt:
2967 3943 3017 3983 55
3044 3944 3367 4024 Diversurus
3410 3945 3540 4024 alii.
3574 3945 3637 4024 δῖ’
3653 3944 3723 4002 Et

426 4014 548 4094 ideo
575 4013 681 4069 del.
716 4011 890 4094 Phan.
926 4013 1094 4094 Seﬁml.
1114 4014 1443 4094 _53MP_lacere
1468 4014 1548 4094 illi
1575 4018 1708 4094 Par.
1741 4019 1913 4094 Kron:
1944 4018 1996 4094 ﬁ?
2023 4022 2161 4075 Ante
2183 4011 2797 4094 tribunal_Pam._F131n.
2820 4015 3030 4094 δορυξέ
3059 4017 3411 4094 addLFran;
3434 4018 3553 4094 Big.
3597 4019 3724 4094 l-’e_n_.

424 4086 472 4123 δι
497 4084 753 4141 Instruxit
776 4083 952 4140 Rhen.
978 4085 1147 4141 Seml.
1178 4085 1227 4122 62
1251 4088 1384 4142 Cum
1413 4088 1586 4144 Rhen.
1612 4089 1780 4144 Seml.
1799 4088 1849 4126 6³
1872 4091 2085 4148 Scilicet
2112 4108 2179 4147 ex
2208 4094 2368 4146 Pam.
2398 4092 2571 4145 Fran.
2604 4088 2653 4125 64
2682 4088 2776 4142 Dei
2809 4083 2940 4143 add.
2971 4090 3131 4148 Pam.
3162 4090 3334 4145 Fran.
3366 4088 3416 4126 55
3446 4083 3573 4144 Jesu
3593 4088 3723 4145 add.

426 4157 584 4214 Pam.
616 4158 787 4212 Fran.
822 4155 873 4193 5°
894 4156 1095 4213 Nostro
1132 4156 1263 4217 add.
1294 4161 1454 4218 Pam.
1486 4161 1658 4217 Fran.
1692 4160 1741 4198 δτ
1770 4160 1939 4217 Saluti
1960 4164 2137 4221 Rhen.
2180 4163 2350 4221 Seml.
2384 4161 2434 4199 δε
2461 4159 2582 4229 Qua
2618 4158 2796 4218 Rhen.
2830 4159 3001 4217 Seml.

1827 4285 2326 4351 Commentarius.

500 4415 981 4511 (93)LDIe/‘ecerant
1007 4421 1200 4511 aJutem
1232 4418 1488 4511 Apostolo
1515 4418 1702 4511 verba.
1727 4419 2022 4502 Admonuit
2054 4434 2099 4511 ο
2130 4434 2501 4511 corpyf,ncum
2530 4417 2699 4474 verbo
2727 4422 2896 4511 gessit
2926 4424 3301 4511 connectatqr.
3332 4418 3465 4511 qu.

431 4488 866 4558 TheOphylactus
922 4490 1214 4559 prudenter
1272 4488 1459 4544 mortis
1514 4498 1567 4545 et
1620 4491 1744 4545 vitm
1800 4492 2022 4546 nomina

431 4558 1035 4642 taqusseﬁpostolhm,
1061 4568 1115 4615 et
1143 4571 1371 4641 mortem
1415 4576 1635 4642 vocasse
1678 4563 2021 4633 praesentiam

431 4635 498 4685 ad
532 4632 837 4706 Dominum,
870 4634 983 4690 sive
1022 4631 1478 4706 immorationem,
1510 4631 1693 4688 vitam
1719 4649 1844 4691 vero
1892 4651 2022 4706 per-

430 4703 825 4775 egrinationem
856 4713 908 4758 et
936 4702 1252 4758 absentiam.
1284 4703 1416 4757 Lac.

502 4774 617 4844 (94)
653 4776 741 4832 Uti
772 4776 1178 4846 unusquisque,
1202 4777 1413 4845 inquit,
1439 4780 1706 4847 reportet.
1734 4777 2021 4848 Vulgatus,

430 4849 647 4918 referat
666 4848 1047 4916 unusquisque
1072 4849 1310 4918 propria
1349 4848 1617 4918 corporis.
1651 4849 2025 4905 DiverSttatem

433 4916 682 4991 lectionis
710 4918 884 4991 unicae
916 4922 1120 4970 tantum
1148 4916 1341 4991 litterae
1372 4916 1616 4991 detectus
1643 4920 1787 4975 fecit.
1826 4921 2027 4991 Vulga-

434 4994 524 5041 tus
579 4988 708 5059 legit
774 4984 898 5040 εἴδια.
957 4992 1047 5041 τοῦ
1094 4990 1365 5059 σώματος;
1425 5002 1479 5044 at
1533 4984 2027 5057 Tertullianusfoia

435 5062 525 5111 acii
553 5058 886 5136 adpareret
935 5058 1249 5136 in_Gra3Cis
1286 5061 1416 5136 99d.
1468 5060 1543 5115 ita
1564 5061 1792 5136 legitur,
1833 5074 2028 5136 et_se-

435 5140 673 5205 quugntur
699 5129 981 5205 Syriacus,
1001 5131 1243 5205 TheOph.
1277 5129 1664 5205 (Ecumenius.
1706 5135 1869 5205 Apud
1894 5134 2028 5187 Ter-

438 5199 755 5327 Eﬂianum,
779 5201 914 5258 Cod.
954 5202 1120 5275 Angl.
1149 5199 1396 5273 habebat,
1424 5210 1723 5277 praeterita
1754 5199 2025 5279 corporis.

517 5288 570 5327 (ἶ.

508 5346 645 5420 (95)-
682 5345 919 5420 Τανὸαιθ
954 5349 1107 5403 enim
1130 5362 1235 5420 per
1267 5346 1608 5418 hyperbaton
1637 5350 1875 5420 struxit.
1918 5347 2032 5420 Hyf

438 5416 854 5492 perbati‘ﬁgura
901 5416 1273 5492 grammatica,
1304 5416 1447 5492 'cum
1478 5419 1830 5492 transgressio
1876 5416 2029 5492 verbi

440 5489 499 5542 tit
527 5489 680 5563 quasi
708 5488 931 5563 turbata
953 5500 1016 5563 et
1030 5490 1287 5563 impedita
1315 5488 1555 5563 oratione
1587 5506 1599 5547 :
1626 5488 2030 5563 longiusenim

442 5558 665 5619 verbum
712 5562 949 5634 pasitum
992 5558 1125 5617 facit
1153 5558 1512 5633 hyperbaton,
1554 5568 1613 5619 ut
1651 5560 1700 5619 si
1730 5558 1901 5631 'illud,
1929 5578 2032 5638 per

2201 4488 2315 4564 ('76)
2350 4494 2456 4546 Per
2496 4505 2700 4564 corpus
2729 4488 2943 4564 'utique
2986 4490 3285 4564 pensanda,
3307 4494 3467 4564 sunt.
3500 4488 3725 4564 Luenda

2131 4561 2227 4619 seu
2250 4561 2642 4617 remuneranda
2671 4569 2814 4615 sunt.
2847 4561 3216 4616 Theodoretus
3245 4561 3447 4617 similer
3476 4562 3723 4632 eXponit,

2130 4634 2393 4691 colligens
2424 4648 2549 4687 cum
2578 4632 2905 4687 Tertulliano
2937 4632 3404 4690 resurrectionem.
3438 4633 3571 4688 Lac.

2203 4651 2255 4688 ΙΙΙ
2298 4651 2393 4688 ens
2424 4651 2549 4687 cum
2586 4651 2905 4687 xertuutano
2937 4651 3404 4690 resurrecuonem.
3438 4651 3571 4688 LAC.

2203 4651 2320 4777 (9%)
2347 4705 2541 4777 Divini
2558 4704 2823 4777 thesauri
2850 4704 3250 4777 conditorium.
3304 4705 3727 4777 Vocat‘carneut

2132 4773 2492 4831 conditorium
2538 4773 2704 4827 divini
2751 4776 3006 4843 thesauri,
3041 4791 3146 4830 non
3180 4779 3294 4830 sine
3339 4774 3608 4829 allusione
3662 4773 3761 4829 ad'

2136 4850 2269 4902 ritus
2300 4844 2572 4918 antiquos,
2602 4855 2656 4900 et
2693 4845 2967 4918 vulgatum
3016 4860 3321 4918 sermonem
3370 4847 3730 4916 philosopho-

2134 4934 2274 4973 rum.
2337 4916 2611 4972 Vocabant
2654 4914 2815 4987 enim—
2862 4933 3077 4973 carnem
3145 4914 3448 4987 sepulcrum
3483 4958 3496 4985 ,
3558 4914 3617 4971 ut
3665 4933 3733 4972 ex

2133 4990 2354 5044 Platone
2380 4989 2493 5059 jam
2541 4986 2686 5056 dedi,
2721 4998 2773 5043 et
2814 4991 2929 5059 ipse
2980 4986 3341 5045 Tertullianus
3378 4990 3634 5059 capulum
3683 4999 3735 5042 et

2134 5060 2717 5141 sepulcrumvocavit;
2750 5060 2979 5141 atquinin
3037 5061 3301 5141 sepulcris
3340 5059 3735 5141 olim__th.es.au-

2135 5148 2227 5189 ros
2272 5133 2592 5200 condebant,
2638 5146 2745 5202 quo
2794 5131 2923 5186 nihil
2974 5135 3173 5187 notius.
3224 5131 3508 5201 Ejusmodi
3566 5132 3738 5202 igitur

2136 5203 2445 5274 sepulcrum
2488 5211 2571 5258 est
2615 5216 2761 5269 caro,
2796 5212 2855 5258 ut
2903 5205 3217 5259 thesaurum
3268 5202 3512 5257 divinum
3554 5202 3739 5257 inclu-

2136 5276 2227 5331 dat
2255 5274 2413 5329 simul
2441 5290 2565 5330 cum
2595 5274 2796 5329 anima.
2830 5275 2994 5330 Porro
3017 5274 3395 5331 conditorium
3427 5276 3739 5346 sepulcrum

2136 5356 2239 5402 est.
2290 5346 2570 5402 Petronius
2626 5346 2824 5401 arbiter
2874 5364 2888 5401 :
2944 5367 2967 5397 ε
3019 5346 3079 5400 In
3150 5346 3511 5402 conditorium
3573 5347 3739 5403 etiam

2177 5426 2424 5475 resecuta
2454 5427 2536 5474 est
2580 5417 2916 5492 defunctum,
2945 5418 3291 5492 positumque
3340 5418 3396 5473 in
3438 5418 3738 5492 hypogaeo,

2191 5505 2333 5549 risco
2362 5506 2531 5558 more,
2562 5489 2830 5548 custodire
2858 5490 3042 5562 coepit.
3089 5510 3112 5540 ι
3146 5490 3276 5549 Lxc.
