4028 6188
246 358 353 427 905

1284 339 1479 400 LIBER
1517 338 1604 398 DE
1647 332 2182 397 RESURRECTIONE
2226 333 2482 394 CARNIS.

3418 337 3525 397 906

238 479 517 540 defunctis
538 479 591 518 69
622 476 780 532 nobis
809 475 913 530 hoc
937 472 1014 528 ait
1038 471 1274 527 futurum
1306 468 1361 523 in
1379 480 1609 537 corpore
1626 470 1833 520 nostro.
1863 533 1867 555 Α

1977 478 2037 534 ed
2063 495 2183 552 qua:
2209 486 2263 536 et
2287 478 2412 535 alibi
2445 477 2684 535 carnalia
2720 478 2986 549 ostendit;
3025 495 3208 551 opera,
3256 497 3366 538 nou
3394 497 3525 540 cor-

238 569 404 642 Quod
423 571 469 624 si
496 578 644 633 tunc,
667 562 964 638 quomodo,
983 560 1092 617 nisi
1111 559 1424 616 resuscitato
1443 571 1510 612 eo
1539 556 1568 610 ?
1597 553 1832 610 Proinde

237 672 295 718 et
323 661 380 715 in
407 655 574 716 858
603 654 852 713 clausula
880 671 895 711 :
938 653 1211 714 Scientes,
1232 647 1329 718 ait,
1350 647 1496 720 quod
1529 647 1623 718 qui
1653 645 1832 702 susci-

1941 582 2077 640 pora
2113 583 2391 634 accusans,
2435 566 2504 622 de
2531 566 2726 638 quibus
2754 579 2808 624 et
2832 567 2920 623 hic
2948 568 3206 638 subiicit:
3246 572 3530 644 Deponenp

1945 659 2026 713 tes
2045 657 2426 722 mendacium,
2445 657 2742 728 loquimini
2749 657 3044 712 veritatem
3064 660 3531 732 unusquisquead

241 753 395 808 tavit
446 750 664 810 Iesum,
697 747 756 802 et
783 759 884 800 nos
905 739 1200 798 suscitabit
1229 755 1358 794 cum
1382 737 1520 808 ipso,
1552 737 1688 807 quia
1707 735 1836 805 jam

1977 751 2274 806 iroximum
2293 763 2485 813 suum,
2502 750 2770 822 quoniam
2791 751 3039 806 membra
3067 750 3418 807 alterutrum
3435 769 3534 807 su-

236 839 568 899 resurrexit
593 835 644 873 7°
668 851 705 889 α
730 832 970 888 mortuis?
999 847 1018 884 -'
1074 827 1184 882 Πίδί
1214 826 1340 898 quia
1385 825 1526 894 cum:
1553 827 1670 896 ίΡδο
1698 822 1838 878 Sicut
1942 853 2091 894 mus.
2109 837 2434 893 Irascimini
2447 842 2664 903 autem,
2683 842 2736 894 et
2752 839 2932 895 nolite
2949 837 3398 909 delinquere.Sol
3417 857 3536 898 non

236 928 424 1000 ipsum
454 924 595 994 sapit
628 921 656 975 ‘I
685 920 743 976 Si
770 933 900 977 vero
951 917 1093 973 sicut
1136 916 1336 986 ipsum,
1366 928 1477 969 non
1504 911 1689 983 utique
1717 909 1836 965 sine

237 1030 428 1072 carne.

823 1096 1047 1153 CAPUT
1080 1093 1246 1151 XLV.

316 1191 427 1248 Sed
471 1198 526 1247 et
570 1202 759 1244 rursus
802 1185 906 1242 alia
956 1185 1193 1242 caecitate
1219 1181 1438 1239 induos
1463 1179 1711 1236 homines
1731 1177 1840 1232 im-

241 1281 503 1353 pingunt,
535 1279 590 1333 in
625 1282 862 1334 veterem
883 1274 1021 1331 etin
1048 1278 1542 1341 novum,monente
1578 1265 1844 1338 Apostolo

239 1370 473 1442 (Ephes.
521 1367 622 1435 ιν),
662 1365 934 1436 deponere
985 1379 1090 1420 nos
1133 1367 1376 1419 veterem
1425 1359 1709 1417 hominem
1746 1354 1845 1430 qui

242 1458 644 1530 corrumpitur
663 1470 768 1527 per
787 1454 1306 1525 concupiscentiam
1333 1449 1678 1507 seductionis
1708 1447 1844 1517 (98);

245 1546 516 1606 renovari
567 1546 766 1601 autem
818 1543 1035 1614 spiritu
1076 1555 1295 1609 sensus,
1353 1541 1411 1597 et
1464 1537 1702 1595 induere
1747 1551 1849 1592 no-

247 1654 387 1695 vum
435 1634 740 1703 hominem,
789 1633 885 1704 qui
931 1630 1244 1688 secundum
1276 1631 1450 1686 Deum
1477 1627 1737 1685 conditus
1767 1630 1852 1683 est

249 1728 320 1782 in
339 1722 580 1794 justitia
609 1725 665 1776 et
694 1721 962 1792 religione
990 1718 1255 1776 veritatis
1284 1736 1304 1786 ;
1329 1724 1388 1772 ut
1414 1723 1470 1772 et
1496 1715 1586 1772 hic
1619 1715 1690 1770 ad
1714 1714 1852 1770 duas

249 1809 590 1869 substantias
617 1807 1017 1879 distinguendo,
1039 1812 1360 1862 vetustatem
1387 1802 1457 1861 ad
1471 1818 1712 1870 carnem,
1753 1819 1855 1861 no-

254 1901 481 1958 vitatem
505 1899 568 1954 ad
603 1897 860 1966 animam,
887 1896 1291 1967 corruptionem
1336 1904 1649 1968 perpetuam
1674 1896 1848 1954 veteri

257 1987 538 2054 defendat,
567 1985 620 2041 id
647 1994 732 2042 est
758 1985 926 2042 carni.
959 1987 1147 2054 Porro,
1183 1984 1230 2039 si
1275 1983 1572 2040 secundum
1609 1987 1854 2041 substan-

257 2075 371 2131 tias
395 2118 409 2144 ,
458 2091 558 2131 nec
599 2074 777 2129 anima
809 2089 982 2128 novus
1028 2073 1215 2139 homo,
1245 2073 1375 2143 quia
1409 2073 1682 2144 posterior
1713 2093 1728 2142 ;
1761 2089 1863 2130 nec

250 2180 386 2222 caro
412 2164 534 2221 ideo
554 2171 729 2228 vetus,
752 2161 880 2234 quia
907 2161 1075 2233 prior.
1107 2159 1437 2230 Quantulum
1469 2161 1611 2217 enim
1640 2170 1861 2234 tempo-

252 2255 335 2310 ris
363 2253 503 2308 inter
519 2268 738 2308 manum
750 2251 847 2307 Dei
857 2259 910 2306 et
929 2249 1214 2321 adﬂatum;
1237 2249 1411 2305 ausim
1440 2249 1639 2318 dicere,
1650 2251 1863 2307 etiamsi

253 2341 432 2398 multo
454 2340 606 2413 prior
641 2339 822 2395 anima
853 2354 1016 2411 quam
1061 2352 1210 2403 caro,
1241 2353 1308 2394 eo
1345 2337 1466 2408 ipso
1511 2338 1654 2411 quod
1685 2340 1865 2394 anima

251 2430 480 2502 impleri
521 2445 583 2485 se
633 2428 985 2500 exspectavit,
1033 2426 1263 2498 priorem
1315 2442 1434 2481 eam
1481 2425 1625 2482 fecit.
1675 2425 1866 2484 Omnis

253 2522 411 2579 enim
493 2516 887 2576 consummatio
952 2523 1112 2588 atque
1177 2514 1460 2587 perfectio,
1513 2515 1616 2571 etsi
1679 2515 1866 2572 ordine

259 2616 548 2683 postumat
586 2609 727 2680 (99),
783 2606 979 2662 effectu
1033 2614 1213 2661 tamen
1259 2603 1305 2643 ἠ
1361 2603 1639 2675 anticipat.
1696 2605 1868 2678 Magis

259 2698 410 2756 illud
438 2697 594 2769 prius
624 2703 724 2764 est,
775 2693 893 2750 sine
938 2708 1045 2766 quo
1095 2692 1279 2764 priora
1335 2707 1444 2748 non
1502 2701 1749 2762 possunt.
1808 2691 1868 2748 Si

262 2801 399 2844 caro
428 2793 590 2842 vetus
619 2784 804 2847 homo,
833 2781 1048 2853 quando
1075 2779 1221 2836 istud
1247 2780 1277 2836 ?
1317 2781 1365 2835 Α
1405 2779 1704 2852 primordio
1732 2778 1759 2835 ‘l
1789 2789 1870 2837 at-

261 2877 406 2949 quin
454 2873 631 2928 Adam
674 2887 844 2928 novus
893 2878 1056 2941 totus,
1101 2878 1158 2925 et
1192 2886 1258 2925 ex
1302 2883 1442 2926 novo
1492 2876 1651 2926 vetus
1685 2884 1866 2926 nemo.

261 2966 410 3021 Nam
435 2971 490 3018 et
509 2961 702 3018 exinde
730 2976 764 3015 a
787 2958 1164 3015 benedictione
1202 2957 1486 3030 geniturae,
1537 2972 1662 3013 caro
1709 2967 1871 3029 atque

259 3054 456 3109 anima
485 3051 645 3108 simul
675 3049 831 3118 fiunt,
870 3048 986 3105 sine
1024 3046 1230 3102 calculo
1260 3044 1554 3117 temporis;
1593 3053 1648 3100 ot
1673 3043 1722 3082 ⁷2
1750 3060 1872 3116 qua:

1945 926 2161 981 occidat
2172 940 2340 998 super
2349 926 2710 982 iracundiam
2721 931 2986 982 vestram.
2994 927 3175 997 Neque
3185 925 3450 984 dederitis
3465 927 3538 984 lo-

1947 1031 2074 1069 cum
2095 1012 2312 1069 diabolo
2332 1013 2402 1069 78.
2440 1015 2544 1082 Qui
2571 1013 2962 1083 iurabatur”,
2983 1015 3111 1084 jam
3141 1029 3256 1070 non
3284 1016 3536 1084 furetur,

1948 1103 2061 1159 imo
2088 1103 2281 1173 potius
2322 1102 2555 1173 laboret,
2598 1103 2878 1175 aperando
2906 1102 3191 1170 manibus,
3223 1103 3313 1157 uti
3337 1102 3540 1158 habeat

1950 1191 2250 1262 impertire
2271 1189 2572 1261 indigenti.
2593 1190 2791 1246 Omnis
2813 1206 2994 1248 sermo
3019 1191 3207 1263 turpis
3223 1206 3338 1248 non
3349 1206 3543 1262 proce-

1951 1281 2050 1336 dat
2074 1296 2146 1335 επ
2161 1295 2255 1336 ore
2275 1282 2478 1349 vestro,
2497 1281 2594 1336 sed
2618 1281 2720 1352 qui
2742 1281 2820 1335 sit
2843 1280 3090 1352 optimus
3109 1279 3182 1335 ad
3207 1278 3540 1348 testiﬁcatio-

1952 1385 2085 1426 nem
2103 1369 2257 1437 ﬁdei,
2281 1373 2348 1424 ut
2367 1370 2617 1440 gratiam
2633 1367 2992 1425 audientibus
3012 1371 3265 1440 praestet.
3279 1370 3349 1425 Et
3368 1369 3548 1426 nolite

1956 1458 2298 1514 contristare
2344 1457 2628 1529 Spiritum
2657 1458 2756 1513 Dei
2787 1462 3074 1524 sanctum,
3107 1459 3169 1513 in
3193 1473 3300 1530 quo
3335 1458 3551 1530 signati

1957 1548 2113 1608 estis,
2138 1548 2202 1601 in
2222 1545 2626 1618 redemptionis
2646 1546 2753 1604 die.
2777 1546 2970 1603 Omnis
2989 1545 3338 1609 amaritudo,
3361 1550 3416 1604 et
3436 1547 3548 1611 ira,

1961 1640 2016 1692 et
2043 1636 2278 1702 clamor,
2299 1639 2356 1690 et
2374 1636 2740 1708 blasphemia,
2771 1639 2828 1690 et
2847 1635 3228 1708 indignatio80
3247 1639 3554 1707 auferatur

1961 1741 1996 1779 a
2023 1723 2192 1787 vobis,
2225 1738 2358 1778 cum
2385 1724 2545 1781 omni
2575 1723 2825 1778 malitia.
2858 1727 3050 1780 Estote
3073 1729 3266 1780 autem
3295 1726 3360 1780 in
3379 1728 3555 1781 alter-

1963 1816 2167 1870 utrum
2177 1810 3118 1883 benigni,misericordes,donantes
3130 1812 3392 1879 invicem,
3404 1816 3558 1870 sicut

1958 1906 2014 1960 et
2050 1904 2194 1958 Deus
2219 1899 2366 1957 vobis
2387 1898 2619 1956 donavit
2642 1900 2706 1954 in
2740 1898 2984 1958 Christo.
3014 1899 3188 1971 Igitur
3213 1899 3306 1973 qui
3337 1916 3558 1958 carnem

1965 1999 2198 2047 veterem
2227 1989 2502 2044 hominem
2541 1987 2870 2054 existimant,
2910 2003 3010 2043 cur
3037 2002 3148 2043 non
3195 1996 3421 2043 mortem
3458 1989 3562 2045 sibi

1968 2083 2278 2150 praperant,
2329 2084 2406 2142 ut,
2468 2083 2652 2136 vetere
2699 2075 2918 2132 homine
2962 2075 3230 2148 deposito,
3284 2075 3564 2146 praeceptis

1967 2164 2216 2238 Apostoli
2262 2164 2582 2220 occurrant?
2628 2162 2740 2220 Nos
2785 2164 2930 2219 enim
2967 2165 3060 2235 qui
3105 2171 3274 2220 totam
3314 2162 3478 2220 fidem
3510 2164 3566 2219 in

1970 2270 2129 2311 carne
2173 2251 2653 2308 administrandam
2700 2251 3046 2317 credidimus,
3091 2250 3203 2306 imo
3241 2259 3298 2308 et
3327 2266 3423 2322 per
3449 2267 3568 2307 car-

1972 2355 2114 2405 nem,
2174 2341 2332 2410 cujus
2387 2349 2471 2396 est
2515 2347 2569 2395 et
2617 2354 2681 2395 os
2735 2339 2804 2394 ad
2859 2339 3247 2410 proferendum
3302 2340 3569 2414 Optimum

1973 2443 2246 2500 quemque
2291 2442 2619 2496 sermonem,
2671 2434 2727 2483 et
2780 2427 2967 2500 lingua
3020 2427 3089 2482 ad
3145 2443 3254 2485 non
3305 2428 3569 2498 blasphe-

1974 2517 2256 2584 mandum,
2298 2525 2354 2572 et
2382 2531 2480 2572 cor
2523 2516 2592 2570 ad
2622 2531 2730 2573 non
2761 2515 3168 2588 indignandum,
3203 2519 3258 2574 et
3286 2532 3478 2574 manus
3504 2518 3572 2573 ad

1976 2605 2305 2674 cperandum
2353 2612 2407 2659 et
2451 2603 2820 2674 largiendum;
2873 2611 2980 2660 tam
3029 2613 3348 2662 vetustatem
3387 2605 3571 2661 homi-

1978 2693 2079 2758 nis,
2110 2709 2274 2765 quam
2315 2692 2627 2761 novitatem,
2659 2695 2727 2746 ad
2756 2692 3040 2759 moralem,
3072 2707 3185 2748 non
3221 2693 3289 2748 ad
3314 2695 3573 2750 substan-

1979 2781 2158 2836 tialem
2188 2780 2558 2836 differentiam
2589 2780 2859 2851 pertinere
2877 2781 3242 2838 defendimus.
3283 2783 3458 2854 Atque
3477 2783 3572 2848 ita,

1981 2867 2180 2939 pariter
2206 2871 2570 2940 agnoscimus,
2603 2867 2877 2923 hominem
2922 2867 3013 2940 qui
3060 2868 3352 2923 secundum
3381 2868 3572 2941 pristi-

1982 2972 2106 3011 nam
2117 2957 2580 3014 conversationem
2600 2964 2752 3012 vetus
2765 2956 2947 3024 fuerit,
2961 2956 3211 3012 eumdem
3233 2959 3580 3029 etcorrumpi

1981 3045 2054 3100 ita
2101 3045 2303 3100 dictum
2345 3047 2644 3101 secundum
2689 3044 3178 3116 concupiscentiam
3218 3046 3576 3113 seductionis,

259 3141 436 3200 simul
466 3141 516 3180 ’³³
546 3139 600 3194 in
630 3147 782 3193 utero
828 3136 987 3192 etiam
1049 3135 1385 3190 seminantur
1414 3133 1482 3200 Ἧι,
1515 3133 1662 3205 quod
1689 3133 1874 3190 docui-
1905 3099 1948 3174 θ
1985 3134 2437 3206 quemadmodum
2467 3143 2518 3189 et
2551 3142 2784 3190 veterem
2806 3133 3104 3190 secundum
3137 3136 3420 3206 pristinam
3449 3153 3580 3193 con-

264 3248 406 3286 mus
462 3229 516 3282 in
551 3227 960 3285 Commentario
1010 3225 1242 3292 animce,
1275 3229 1688 3292 contemporant
1716 3220 1872 3288 foetu,‘

265 3324 517 3376 coaetant
561 3316 608 3353 ’³⁵
641 3327 769 3370 natu
815 3315 895 3385 (1)
942 3313 1078 3367 duos
1112 3310 1250 3366 istos
1309 3309 1576 3375 homines,
1616 3325 1744 3363 sane
1803 3326 1872 3365 ex

267 3405 589 3464 substantia
615 3403 836 3476 duplici,
872 3411 1192 3457 nontamen
1241 3405 1297 3453 et
1341 3405 1519 3464 aetate.
1563 3397 1655 3452 Sic
1700 3412 1870 3453 unum

269 3497 492 3560 edunt,
541 3494 668 3548 dum
727 3491 873 3564 prior
919 3498 1114 3545 neuter
1161 3495 1264 3543 est.
1316 3486 1488 3542 Citius
1544 3497 1668 3557 est,
1731 3495 1872 3542 totos

272 3601 385 3644 nos
412 3584 465 3623 ’³6
490 3591 584 3638 aut
609 3588 816 3638 veteres
854 3590 949 3636 aut
983 3593 1156 3634 novos
1201 3592 1364 3632 esse:
1400 3591 1510 3647 qua
1553 3575 1701 3630 enim
1739 3576 1872 3630 alte-

271 3690 401 3730 rum
430 3671 706 3746 possimus
742 3685 884 3736 esse,
914 3667 1211 3724 nescimus.
1239 3665 1346 3720 Sed
1382 3664 1680 3735 Apostolus
1718 3672 1869 3720 vete-

272 3779 394 3820 rem
440 3761 718 3817 hominem
763 3757 1045 3814 manifeste
1093 3763 1280 3811 notat:
1323 3756 1552 3826 Expone
1597 3751 1645 3790 ’Π
1699 3752 1868 3821 enim,

272 3850 479 3924 inquit,
496 3849 807 3908 secundum
839 3847 1150 3920 pristinam
1177 3844 1659 3901 conversationem
1702 3839 1872 3898 859

276 3945 532 3996 veterem
551 3939 968 4007 hominem,non
991 3933 1284 3990 secundum
1305 3931 1536 4001 alicujus
1555 3931 1870 3987 substantiae

274 4029 518 4085 senium.
552 4029 739 4100 Neque
795 4025 940 4081 enim
986 4038 1204 4081 carnem
1240 4020 1484 4094 praecipit
1512 4020 1869 4092 deponamus,

1984 3221 2361 3292 versationem,
2412 3237 2522 3278 non
2575 3223 2872 3278 secundum
2917 3239 3134 3279 carnem
3181 3240 3276 3294 per
3305 3225 3576 3280 interitum

1982 3319 2327 3382 perpetuum;
2358 3319 2634 3376 caeterum,
2669 3326 2829 3367 carne
2859 3321 2967 3366 tam
3005 3311 3215 3367 salvum
3245 3329 3408 3384 quam
3430 3329 3582 3370 eum-

1978 3400 2121 3468 dem,
2162 3409 2350 3471 utpote
2377 3399 2626 3459 vitiosam
2655 3399 3014 3471 disciplinam,
3057 3415 3165 3457 non
3193 3402 3581 3473 corpulentiam

1979 3497 2218 3546 exutum.

2553 3576 2776 3632 CAPUT
2803 3575 2999 3632 XLVI.

2051 3665 2237 3722 Talem
2277 3665 2476 3735 ubique
2504 3663 2830 3736 Apostolum
2859 3678 3243 3736 recognoscas,
3281 3667 3351 3722 ita
3397 3665 3582 3722 carnis

1980 3770 2150 3828 Opera
2204 3753 2568 3820 damnantem,
2624 3761 2684 3809 ut
2736 3768 2957 3809 carnem
3003 3752 3260 3810 damnare
3310 3753 3580 3825 videatur;

1980 3844 2074 3899 sed
2104 3858 2174 3898 ne
2223 3841 2296 3898 ita
2341 3842 2464 3913 quis
2493 3840 2786 3907 existimet,
2827 3856 2894 3896 ex
2923 3839 3154 3897 aliorum
3182 3841 3269 3899 vel
3299 3833 3582 3899 coheren-

1980 3930 2117 3987 tium
2144 3945 2399 3985 sensuum
2430 3937 2692 4002 suggestu
2724 3936 3128 4000 procurantem.
3159 3931 3293 3986 Nam
3323 3938 3378 3987 et
3398 3930 3586 3986 dicens

1981 4019 2158 4090 (Rom.
2194 4017 2352 4089 vm),
2381 4033 2471 4074 eos
2519 4019 2615 4089 qui
2651 4018 2713 4072 in
2750 4032 2924 4074 carne
2965 4017 3182 4086 sunt“,
3213 4022 3320 4078 Deo
3355 4021 3586 4092 placere

1663 4117 1853 4180 Variae
1897 4119 2210 4180 lectiones.

354 4232 409 4272 59
454 4231 612 4288 Adeo
668 4233 830 4287 Pam.
895 4231 1066 4286 Fran.
1122 4225 1173 4263 7°
1217 4221 1592 4280 Resurrexerit
1648 4222 1824 4278 Rhen.
1890 4221 2060 4280 Seml.
2111 4220 2159 4258 ’τι
2209 4219 2409 4290 Tamen
2436 4219 2682 4290 Lneglig.
2753 4217 2926 4274 Rhen.
2987 4220 3157 4275 Seml.
3215 4219 3264 4257 ⁷²
3312 4221 3379 4276 Ut
3421 4223 3579 4276 Pam.

280 4306 469 4363 Rhen.
518 4304 689 4360 Seml.
737 4300 788 4340 ’³³
836 4299 1005 4355 Simul

1053 4313 1172 4369 quae
1216 4299 1377 4352 Pam.
1428 4294 1478 4332 ’³⁸⁵
1523 4291 1846 4366 Figurantur
1894 4295 2054 4369 Pam.
2109 4288 2379 4369 Ρζρηᾷςιξ
2423 4287 2769 4369 (_Joaetaneant
2803 4291 2976 4369 Pam.
3025 4291 3176 4369 Par._
3207 4292 3332 4369 Rig.
3359 4291 3426 4369 _76
3464 4291 3584 4347 Non

285 4359 469 4453 ξὲῇἐη,
515 4359 656 4453 _i’en,
704 4374 752 4453 ξ]
782 4359 1143 4453 Εχροῃθηίεξ
1186 4370 1372 4453 Ρατη.¹
1417 4359 1617 4453 If'ra'n'.w
1651 4365 2121 4453 θιιρποιιθρειωέτιέξ.Δ
2159 4361 2232 4453 ζει
2252 4359 2518 4453 Philam.
2547 4360 2727 4413 locum
2794 4359 2971 4414 Ithen.
3024 4360 3195 4415 Seml.
3255 4359 3306 4399 79
3357 4361 3588 4420 Furatur

286 4429 469 4505 Ithen.
505 4446 674 4503 Seml.
703 4444 754 4483 ⁸ο
780 4443 846 4498 Et
881 4429 1182 4513 indignatio
1210 4455 1326 4497 non
1353 4435 1482 4492 hab.
1513 4435 1692 4492 Rhen.
1723 4429 1894 4492 Seml.
1925 4434 1971 4474 ⁸1
2007 4433 2126 4490 Sint
2154 4431 2334 4488 Rhen.
2365 4429 2538 4486 Seml.

1685 4533 2181 4597 Commentarius.

360 4643 478 4714 (98)
505 4643 612 4710 Qui
622 4639 1009 4714 corrumpitur
1025 4631 1877 4714 perconcupiscentiamseduct.
1914 4636 1960 4713 ο
1989 4645 2108 4699 cap.
2129 4631 2218 4694 55,
2247 4625 2704 4714 et.iancorpia_co
2723 4624 3235 4714 adv.:§nost.Apatet
3260 4641 3325 4714 ex.
3347 4626 3586 4714 antiquis

287 4703 470 4785 Quod
505 4703 595 4768 hic
640 4729 752 4785 per,
807 4703 1136 4785 vertitinfra
1163 4703 1498 4785 secundum,
1526 4703 1669 4785 quod
1708 4703 1882 4785 magis

287 4774 453 4843 s‘onat
479 4801 587 4841 vox
630 4774 821 4839 Graeca
855 4781 999 4854 κᾳεᾴ.
1041 4776 1398 4854 ΔΕενιι-ῇμιῐκεινίηι
1445 4774 1710 4854 peculiare
1755 4774 1880 4854 Au:

287 4842 457 4926 etori,
489 4864 544 4910 et
569 4863 692 4926 post
719 4869 841 4909 eum
891 4849 1112 4926 Hilario,
1150 4849 1268 4926 _lib._
1304 4863 1405 4926 xu_
1435 4842 1502 4926 de
1545 4847 1721 4911 Trin.,
1753 4842 1884 4898 illud

288 4917 815 4998 concupiscentiam
845 4922 1206 4998 seductionis,
1228 4917 1492 4998 singulari
1510 4930 1770 4998 numero,
1786 4929 1886 4998 pro

291 4987 360 5056 eo
386 4987 544 5069 quod
573 4999 688 5051 alia:
715 5011 908 5051 omnes
936 4987 1200 5069 editiones
1229 4987 1424 5069 plurali
1453 5002 1679 5042 numero
1722 4987 1883 5069 id'le-

293 5057 430 5143 gant
463 5069 666 5143 Ephes._
699 5083 779 5143 ιγ,
830 5073 936 5120 tam
983 5064 1201 5143 Syriaca
1229 5057 1300 5118 'et
1333 5062 1541 5143 Graeca,
1576 5073 1734 5143 quam
1781 5057 1888 5143 La.-

294 5128 429 5196 fina.
461 5128 626 5211 Atqui
657 5128 885 5212 legimus
905 5128 1123 5212 omnino
1153 5134 1446 5189 secundum
1479 5128 1734 5193 tres’Vat.
1765 5128 1886 5210 cod.

301 5229 408 5267 ms.
440 5207 924 5268 renovari'autem
952 5207 1163 5278 spiritu
1182 5220 1400 5280 sensus,
1442 5217 1548 5280 pro
1579 5215 1746 5280 sensu
1776 5207 1892 5280 spi-

347 5285 488 5340 itus:
525 5292 639 5337 tum
678 5280 802 5352 quia
849 5282 928 5334 sic
970 5270 1135 5352 etiam,
1159 5278 1287 5347 legit
1323 5275 1383 5330 Β.
1435 5270 1891 5352 σξριήδηυεηιιὶιξ.

301 5410 662 5506 avidam-vros
697 5410 797 5486 v7.6;
830 5442 843 5454 ο
867 5410 1042 5506 _quod'
1071 5410 1310 5492 spiritus
1369 5410 1581 5471 mentis
1627 5410 1900 5468 transtulit

305 5494 530 5552 Latinus
545 5496 834 5566 interpres.
867 5494 1008 5549 Pan.

377 5570 499 5638 (99)
515 5569 632 5642 Etsi
659 5566 854 5626 ordine
879 5565 1193 5642 postumat.
1211 5556 1569 5642 Scribendum
1586 5559 1895 5642 postumat,

309 5629 415 5696 non
456 5629 808 5712 posthumat,
858 5629 914 5693 et
947 5650 1116 5707 supra
1140 5632 1238 5688 lib.
1285 5631 1411 5688 adv.
1456 5629 1896 5687 Valentinianus,

528 5747 768 5802 Parnon.
808 5745 873 5801 ll.

1990 4693 2466 4756 monumentorum
2533 4693 2980 4766 inscriptionibus
3059 4693 3202 4766 apud
3262 4693 3498 4753 Aldum'
3533 4700 3586 4753 in

1992 4768 2408 4843 Orthographia.
2458 4765 2718 4843 Idipsum:
2741 4765 2905 4822 etiam
2950 4765 3222 4843 adnotavit
3265 4767 3587 4843 G_ullielm_us

1993 4837 2466 4898 Canter‘us‘novar.
2496 4837 2620 4894 lect.
2659 4837 2752 4893 lib.
2809 4853 2871 4904 ιι,
2930 4852 3052 4910 cap.
3109 4841 3195 4905 10,
3243 4837 3451 4893 addens
3489 4839 3588 4903 _de-

1995 4914 2114 4970 duci
2135 4917 2463 4982 pasta-mum
2482 4925 2591 4982 non
2613 4917 2862 4980 tanquam
2871 4908 3012 4982 post:
3022 4908 3325 4982 humatum
3341 4913 3588 4982 patrem,

1998 4931 2114 4970 auc:
2177 4931 2463 4970 oszumum
2482 4931 2591 4965 non
2614 4931 2999 4980 tanquampost
3022 4931 3324 4966 nummum
3341 4931 3588 4982 patrem,

1998 4984 2077 5040 uti
2102 4931 2272 5038 Rieu.
2301 4990 2354 5038 et
2382 4981 2621 5051 plerique
2649 4989 2890 5045 censent,
2922 4979 3016 5054 sed
3055 4980 3122 5034 ab
3152 4981 3408 5054 adverbio
3443 4984 3590 5054 post,

1995 5056 2142 5111 velut
2171 5055 2237 5108 ab
2266 5056 2437 5109 extra
2465 5056 2757 5115 extumus,
2782 5059 2838 5105 et
2851 5066 2896 5124 _a
2927 5052 3077 5106 citra
3116 5053 3400 5124 _citumus,
3432 5052 3596 5124 atque

2001 5126 2136 5180 adeo
2166 5123 2480 5179 indifferens
2499 5139 2637 5191 esse,
2663 5133 2770 5177 tam
2800 5121 2868 5175 ad
2888 5137 3009 5176 eum
3039 5121 3131 5192 qui
3159 5131 3430 5192 postremo
3450 5121 3596 5192 loco,

2002 5213 2161 5268 quam
2193 5195 2285 5265 qui
2317 5203 2453 5268 post
2478 5193 2640 5268 patris
2669 5193 2876 5268 obitum
2919 5199 3079 5248 natus
3117 5193 3210 5259 sit,
3243 5195 3389 5264 quod
3418 5195 3599 5266 ipsum

2003 5265 2194 5322 alicubi
2228 5265 2388 5321 habet
2417 5265 2689 5334 Cujacius.
2723 5265 2860 5320 Plut.

2073 5337 2153 5410 (1)
2205 5339 2633 5410 contemporant
2662 5337 2824 5406 fretu,
2863 5339 3121 5410 _cowtant
3147 5341 3312 5392 natu.
3350 5336 3608 5391 Inusitata

2005 5406 2140 5464 haec
2179 5409 2340 5464 verba
2388 5406 2652 5470 formavit,
2707 5406 2966 5478 quoniam
2996 5414 3502 5478 Leontemporaneus
3538 5415 3614 5478 get

2007 5489 2313 5537 coaetaneus
2362 5493 2521 5535 voces
2558 5484 2686 5534 sunt
2721 5474 2944 5534 Latinas.
2988 5475 3093 5532 Sed
3141 5474 3262 5548 plus
3307 5491 3466 5547 aequo
3505 5474 3610 5530 sibi

2007 5558 2243 5626 arrogat.
2278 5551 2352 5605 LE
2383 5551 2480 5606 Pa.

3339 5724 3406 5776 29
