4030 6184
446 391 548 450 911

997 502 1222 559 CAPUT
1258 500 1492 556 XLVIII.

518 596 623 655 Sed
645 609 796 661 caro,
826 593 1025 666 inquis,
1055 596 1111 648 et
1130 594 1361 661 sanguis
1396 605 1636 660 regnum
1664 589 1764 645 Dei
1793 586 2034 645 haeredi-

447 692 563 743 tate
580 685 858 757 possidere
877 700 991 739 non
1010 683 1267 754 possunt.
1290 679 1504 734 Scimus
1523 678 1626 731 hoc
1654 691 1867 748 quoque
1896 676 2036 731 scri-

447 782 623 844 ptum;
643 772 738 828 sed
759 771 826 826 de
848 768 1113 823 industria
1141 766 1449 822 distulimus
1467 765 1765 834 hucusque,
1791 772 1871 833 ut,
1891 765 2036 833 quod

446 860 738 919 adversarii
782 860 837 913 in
866 858 1034 928 prima
1063 855 1241 910 statim
1270 854 1384 909 acie
1426 854 1730 916 obstruunt,
1762 853 1815 907 in
1848 851 2036 908 ultima

446 947 831 1023 congressione
881 954 1370 1017 prosterneremus,
1419 941 1675 996 omnibus
1720 941 2034 1011 quaestioni-

448 1040 568 1103 bus,
599 1035 756 1107 quasi
801 1033 1012 1089 auxiliis
1042 1035 1181 1103 ejus,
1221 1039 1345 1085 ante
1373 1030 1617 1101 dejectis.
1660 1029 1766 1084 Sed
1811 1038 1865 1084 et
1892 1045 2037 1087 nunc

447 1132 758 1196 exspectent
809 1121 854 1161 1"
911 1119 1269 1192 praecedentia
1322 1117 1659 1190 recognosci,
1691 1128 1751 1172 ut
1803 1126 1855 1173 et
1909 1116 2036 1175 huic

445 1211 629 1268 sensui
658 1226 755 1265 sua
792 1209 952 1280 origo
982 1206 1319 1277 praejudicet.
1361 1203 1569 1274 Opinor
1616 1204 1684 1270 18,
1715 1202 2031 1273 Apostolus,

445 1298 709 1372 disposita
745 1299 815 1353 ad
853 1295 1163 1353 Corinthios
1192 1294 1339 1349 omni
1381 1291 1722 1349 distinctione
1772 1292 2031 1349 ecclesia-

445 1390 595 1446 sticae
632 1386 931 1458 disciplinae
979 1383 1114 1455 (11),
1155 1400 1420 1439 summam
1449 1388 1504 1437 et
1531 1382 1614 1438 sui
1658 1381 1939 1454 Evangelii
1983 1391 2037 1437 et

446 1477 572 1533 ﬁdei
599 1477 817 1533 illorum
857 1474 912 1529 in
939 1472 1236 1529 Dominica:
1286 1470 1477 1527 mortis
1520 1480 1574 1527 et
1621 1470 2035 1527 resurrectionis

444 1564 853 1622 demandatione
873 1562 1238 1626 concluserat;
1262 1568 1320 1615 ut
1346 1565 1399 1613 et
1426 1567 1623 1614 nostrae
1648 1559 1762 1629 spei
1792 1560 2035 1631 regulam

442 1656 566 1711 inde
596 1654 912 1716 deduceret,
948 1650 1094 1707 unde
1123 1654 1394 1705 constaret
1420 1647 1555 1718 (12).
1603 1647 1785 1717 Itaque
1813 1647 2033 1717 subjicit

441 1743 494 1813 (Ι
520 1745 643 1801 Cor.
681 1743 778 1810 xv)
811 1757 826 1794 :
857 1737 1026 1793 861
1060 1738 1118 1793 Si
1144 1735 1345 1793 autem
1370 1734 1628 1790 Christus
1657 1736 2030 1805 praedicatur,

1213 370 1650 433 TERTULLIANI
1688 368 1954 431 OPERUM
2004 372 2170 431 PARS
2219 372 2284 430 ll.
2334 401 2405 415 —
2452 369 2681 429 SERIES
2722 369 2761 434 I,
2805 368 3148 428 POLEMICA.

3631 362 3750 424 912

2069 518 2116 596 Α
2148 499 2392 568 ejusdem
2419 506 2597 553 autem
2638 495 2986 552 constitueret
3026 492 3343 550 substantia;
3390 493 3755 549 resurrectio-

2145 603 2290 655 nem,
2346 588 2504 656 cujus
2540 592 2594 641 et
2639 594 2889 649 mortem,
2931 599 3026 653 per
3068 582 3313 652 ipsorum
3361 588 3642 636 auctorum
3694 581 3759 636 in

2146 676 2360 733 nomine
2394 674 2626 732 hominis
2667 672 3145 744 comparationem.
3195 671 3253 726 Si
3300 670 3463 734 enim,
3507 669 3648 725 sicut
3696 669 3760 723 in

2143 766 2315 821 Adam
2346 780 2537 821 omnes
2564 762 2891 825 moriuntur,
2921 762 2995 815 ita
3023 770 3077 816 et
3104 760 3158 814 in
3188 760 3402 815 Christo
3441 773 3633 812 omnes
3662 758 3761 813 vi—

2140 854 2537 921 viﬁcabuntur;
2578 867 2740 907 carne
2776 848 3191 906 viviﬁcabuntur
3237 849 3293 901 in
3334 847 3572 915 Christo,
3613 847 3766 902 sicut

2145 944 2200 998 in
2231 942 2404 998 Adam
2432 957 2591 997 carne
2619 941 2664 977 2⁷
2697 938 3017 994 moriuntur.
3064 936 3445 1006 Unusquisque
3473 942 3655 990 autem
3700 935 3765 989 in

2144 1047 2243 1087 suo
2270 1030 2478 1098 ordine,
2501 1029 2702 1086 scilicet
2719 1026 2848 1099 quia
2869 1034 2923 1082 et
2943 1025 2997 1079 in
3017 1040 3115 1079 suo
3145 1039 3396 1095 corpore.
3421 1022 3573 1079 Ordo
3602 1022 3763 1076 enim

2141 1135 2250 1175 non
2299 1117 2468 1186 aliud,
2514 1132 2675 1189 quam
2718 1114 3030 1169 meritorum
3075 1112 3369 1181 dispositor
3436 1112 3507 1165 28.
3560 1111 3765 1166 Merita

2142 1221 2317 1263 autem
2347 1223 2472 1263 cum
2508 1203 2722 1275 corpori
2761 1219 2978 1274 quoque
3017 1200 3377 1267 ascribantur,
3422 1199 3559 1257 ordo
3600 1215 3759 1269 quo-

2142 1313 2245 1369 que
2271 1310 2563 1366 corporum
2589 1294 2908 1362 disponatur
2934 1305 3153 1345 necesse
3184 1296 3282 1355 est,
3316 1298 3377 1345 ut
3418 1287 3594 1359 possit
3622 1302 3761 1344 esse

2140 1385 2475 1441 meritorum.
2521 1383 2581 1439 Si
2609 1390 2789 1437 autem
2820 1388 2874 1435 et
2914 1380 3253 1451 baptizantur
3296 1376 3520 1448 quidam
3571 1376 3621 1414 29
3652 1392 3765 1442 pro

2140 1476 2387 1543 mortuis,
2428 1471 2729 1528 videbimus
2767 1486 2835 1524 an
2876 1467 3117 1534 ratione;
3150 1474 3295 1523 certe
3334 1466 3429 1520 illa
3466 1481 3752 1536 praesum-

2139 1565 2322 1634 ptione
2350 1564 2454 1619 hoc
2482 1576 2575 1617 eos
2595 1559 2889 1616 instituisse
2918 1556 3196 1613 contendit
3224 1556 3294 1621 3°,
3324 1570 3433 1626 qua
3460 1555 3549 1609 alii
3581 1554 3755 1609 etiam

2143 1652 2311 1717 carni,
2338 1649 2509 1707 865
2531 1656 2591 1705 ut
2617 1647 2662 1687 ³1
2689 1646 2947 1705 vicarium
2966 1644 3231 1715 baptisma
3250 1643 3366 1715 (13)
3407 1643 3755 1715 profuturum

2142 1740 2504 1795 existimarent
2539 1738 2608 1792 ad
2644 1753 2795 1808 spem
2834 1733 3271 1800 resurrectionis;
3313 1748 3437 1805 quae
3467 1732 3571 1787 nisi
3612 1746 3751 1788 cor-

439 1801 881 1904 quodamor'tuis
899 1822 1568 1894 resurrexit19,quomodo
1583 1801 1813 1893 quidam
1832 1801 2033 1880 dicunt
2065 1801 2108 1878 Β
2139 1828 2362 1900 poralis,
2393 1844 2500 1883 non
2530 1801 2780 1882 alias-hic
2809 1826 2857 1864 ³2
2885 1824 3203 1896 baptismate
3230 1801 3499 1893 corporali
3524 1820 3755 1894 obliga-

439 1920 502 1973 in
523 1916 670 1975 vobis
699 1913 1176 1971 resurrectionem
1201 1914 1561 1965 mortuorum
1590 1926 1705 1967 non
1733 1911 1885 1967 esse?
1905 1928 2030 1982 qua?

436 2008 490 2066 si
507 2020 623 2060 non
637 2006 741 2070 est,
753 2016 858 2055 nec
883 1999 1138 2056 Christus
1157 2001 1495 2056 resurrexit.
1514 2001 1574 2056 Si
1592 2006 1787 2057 autem
1804 2000 1853 2039 ²ο
1879 2001 2031 2057 Chri-

434 2098 560 2148 stus
588 2107 702 2147 non
723 2089 1043 2146 resurrexit
1065 2086 1134 2153 21,
1154 2088 1349 2142 inanis
1370 2092 1454 2143 est
1471 2088 1808 2159 praedicatio
1830 2094 2028 2146 nostra

435 2182 483 2218 ²²
506 2198 518 2234 :
540 2180 898 2235 inveniemur
918 2179 1071 2233 enim
1091 2175 1141 2213 2³
1159 2178 1296 2246 falsi
1329 2180 1494 2231 testes
1517 2179 1631 2241 Dei,
1656 2179 1750 2248 qui
1772 2180 2026 2235 testimo-

435 2270 603 2325 nium
616 2268 869 2322 diximus
880 2267 928 2303 3"
947 2265 1089 2337 quod
1102 2267 1528 2321 resuscitaverit
1552 2267 2027 2338 Christum,quem

432 2374 549 2414 non
570 2357 952 2412 resuscitavit.
972 2354 1114 2408 Nam
1134 2355 1184 2408 si
1203 2356 1421 2409 mortui
1439 2370 1551 2410 non
1575 2361 1900 2427 resurgunt,
1922 2374 2025 2414 nec

437 2446 691 2503 Christus
707 2442 1045 2500 resurrexit.
1062 2442 1121 2497 Si
1136 2440 1390 2496 Christus
1402 2458 1516 2497 non
1532 2444 2025 2511 resurrexit,vana

430 2536 512 2589 est
532 2532 669 2602 ﬁdes
688 2534 912 2596 vestra;
943 2532 1076 2601 quia
1096 2528 1279 2584 adhuc
1299 2533 1361 2585 in
1381 2530 1605 2585 delictis
1626 2533 1827 2587 vestris
1848 2535 1981 2588 estis
2008 2554 2027 2589 :

431 2626 488 2678 et
527 2623 621 2693 qui
648 2623 712 2677 in
752 2619 971 2677 Christo
1001 2618 1377 2685 dormierunt,
1410 2620 1728 2689 perierunt.
1773 2621 1875 2674 Per
1909 2621 2023 2676 haec

432 2708 523 2764 cui
563 2724 662 2765 nos
690 2706 769 2762 rei
808 2705 1094 2762 credenda;
1139 2704 1346 2762 videtur
1395 2706 1716 2761 exstruere?
1760 2707 2023 2764 Resurre-

430 2796 614 2861 ctioni,
645 2795 849 2866 inquis,
882 2803 1237 2860 mortuorum,
1255 2809 1379 2864 quae
1399 2794 1719 2866 negabatur.
1746 2797 1901 2853 Certe
1919 2799 2021 2852 sub

430 2885 684 2955 exemplo
708 2882 1002 2939 Dominicae
1032 2883 1438 2938 resurrectionis
1464 2883 1652 2938 volens
1681 2901 1797 2939 eam
1826 2886 2022 2942 credi?

430 2975 608 3042 Certe,
640 2972 844 3044 inquis.
873 2972 1191 3041 Exemplum
1220 2986 1383 3040 porro
1416 2986 1482 3026 ex
1513 2972 1838 3042 diversitate,
1862 2991 1928 3029 an
1955 2989 2020 3028 ex

2138 1925 2309 1973 retur.
2355 1916 2494 1985 Quid
2521 1921 2577 1972 et
2618 1915 2668 1954 ³⁸
2712 1917 2861 1986 ipsos
2904 1913 3205 1985 baptizari,
3251 1910 3347 1977 ait,
3378 1911 3428 1966 si
3458 1926 3574 1967 non
3614 1927 3755 1983 qua

2136 2007 2508 2079 baptizantur
2543 2020 2778 2076 corpora
2813 2001 3175 2073 resurgunt?
3213 2000 3404 2056 Anima
3441 2000 3585 2056 enim
3632 2016 3756 2056 non

2134 2095 2424 2163 lavatione,
2472 2094 2568 2148 sed
2615 2091 2970 2163 responsione
3018 2090 3271 2145 sancitur.
3330 2088 3470 2157 Quid
3517 2093 3574 2144 et
3615 2106 3748 2158 nos,

2136 2183 2330 2254 inquit,
2348 2185 2506 2239 omni
2526 2182 2662 2239 hora
2687 2180 3093 2253 periclitamur
3108 2178 3135 2231 ?
3156 2177 3354 2248 Utique
3377 2192 3473 2246 per
3499 2176 3754 2238 carnem

2142 2274 2398 2340 Quotidie
2435 2274 2667 2336 morior,
2706 2270 2895 2340 utique
2928 2267 3189 2340 periculis
3215 2265 3410 2331 carnis,
3446 2282 3541 2335 per
3579 2281 3747 2336 quam

2135 2367 2187 2414 et
2208 2358 2534 2431 depugnavit
2567 2359 2633 2411 ad
2654 2357 2855 2411 bestias
2879 2355 3113 2425 Ephesi;
3147 2354 3266 2408 illas
3297 2352 3508 2407 scilicet
3542 2353 3751 2407 bestias

2132 2448 2383 2504 Asiaticae
2405 2461 2673 2518 pressura:
2688 2447 2824 2514 (14),
2839 2445 2907 2500 de
2925 2460 3034 2515 qua
3056 2443 3111 2497 in
3132 2442 3369 2498 secunda
3389 2442 3455 2496 ad
3480 2440 3737 2497 eosdem:

2132 2538 2404 2593 Nolumus
2426 2537 2578 2592 enim
2596 2551 2687 2591 vos
2700 2534 2983 2604 ignorare,
2997 2534 3235 2604 fratres,
3251 2531 3319 2586 de
3325 2546 3602 2603 pressura
3612 2547 3751 2586 nos-

2133 2628 2227 2679 tra
2247 2624 2397 2697 apud
2416 2626 2628 2692 Asiam,
2652 2622 2797 2695 quod
2810 2638 3156 2694 superquam
3173 2621 3570 2692 supragravati
3585 2620 3633 2657 3"
3655 2637 3751 2675 su-

2130 2730 2257 2769 mus
2276 2716 2423 2770 citra
2440 2714 2606 2777 vires,
2628 2714 2720 2767 uti
2733 2709 2802 2767 de
2814 2712 2931 2766 vita
2949 2711 3368 2766 hwsitaremus.
3396 2707 3741 2773 Omniahaec,

2132 2802 2236 2856 nisi
2260 2802 2436 2867 fallor,
2457 2816 2522 2856 eo
2542 2806 2841 2865 enumerat,
2864 2809 2942 2865 ut,
2966 2798 3157 2854 nolens
3177 2812 3367 2855 vanam
3395 2796 3543 2852 credi
3562 2795 3748 2852 carnis

2131 2887 2609 2953 conﬂictationem,
2651 2887 2951 2942 indubitate
2990 2886 3118 2942 velit
3156 2886 3305 2940 credi
3336 2885 3514 2940 carnis
3555 2900 3747 2939 resur-

2128 2978 2444 3032 rectionem.
2477 2978 2626 3031 Vana
2652 2976 2799 3031 enim
2832 2974 3076 3029 habenda
3103 2981 3186 3029 est
3230 2972 3556 3029 conﬂictatio
3596 2972 3744 3040 ejus,

433 3057 703 3131 parilitate
734 3058 1075 3130 componitur
1093 3059 1122 3113 Ἰ
1152 3057 1370 3130 Utique,
1403 3057 1598 3131 inquis,
1638 3077 1703 3117 ex
1731 3062 2016 3133 parilitate.
2052 3045 2094 3121 θ
2122 3065 2282 3133 cujus
2302 3064 2445 3118 nulla
2464 3065 2567 3119 erit
2594 3063 2936 3118 resurrectio.
2964 3063 3068 3119 Sed
3088 3062 3238 3118 dicet
3256 3064 3415 3133 quis:
3461 3061 3746 3129 Quomodo

430 3148 718 3219 Quomodo
782 3156 962 3203 autem
1014 3146 1257 3202 Christus
1309 3149 1659 3205 resurrexit?
1716 3152 1773 3205 in
1834 3166 2017 3221 carne,

428 3251 607 3292 annon
627 3237 656 3292 ‘I
684 3234 803 3292 sine
830 3235 1016 3301 dubio,
1060 3236 1105 3290 si
1136 3241 1427 3303 mortuum,
1457 3237 1502 3293 si
1552 3239 1827 3308 sepultum
1863 3239 2023 3295 audis

429 3324 727 3382 secundum
779 3324 1110 3396 Scripturas,
1170 3340 1279 3381 non
1333 3324 1467 3381 alias
1515 3342 1675 3397 quam
1730 3327 1785 3382 iu
1841 3344 2020 3391 carne,

427 3431 583 3486 teque
626 3412 1006 3469 resuscitatum
1052 3411 1108 3466 in
1137 3426 1298 3469 carne
1338 3414 1616 3470 concedis.
1645 3415 1829 3485 Ipsum
1878 3416 2023 3469 enim

425 3505 574 3578 quod
600 3502 801 3562 cecidit
844 3504 900 3558 in
947 3511 1118 3559 morte
1144 3503 1215 3573 2⁵,
1248 3503 1396 3574 quod
1440 3504 1606 3573 jacuit
1650 3503 1706 3558 in
1750 3505 2026 3575 sepultura

426 3595 534 3650 hoc
570 3602 624 3649 et
653 3593 970 3661 resurrexit,
1001 3609 1109 3649 non
1144 3602 1248 3648 tam
1286 3590 1531 3647 Christus
1558 3591 1614 3647 in
1642 3608 1830 3661 carne,
1861 3608 2025 3664 quam

426 3695 553 3738 caro
593 3680 648 3735 in
699 3679 937 3736 Christo.
987 3679 1180 3750 Igitur,
1235 3679 1281 3733 si
1338 3679 1406 3734 ad
1463 3680 1765 3748 exemplum
1828 3680 2025 3736 Christi

427 3781 795 3841 resurgemus,
847 3766 942 3836 qui
986 3764 1283 3821 resurrexit
1328 3766 1383 3819 in
1430 3781 1607 3833 carne,
1656 3767 1771 3836 jam
1809 3783 1919 3826 non
1958 3770 2026 3824 ad

430 3855 741 3924 exemplum
791 3852 992 3908 Christi
1040 3868 1407 3921 resurgemus,
1441 3852 1488 3909 si
1534 3856 1728 3911 nonin
1774 3872 1935 3913 carne
1971 3867 2028 3914 et

423 3942 527 4014 ipsi
558 3957 950 4012 resurgemus;
974 3943 1105 4011 quia
1119 3958 1224 4013 per
1245 3941 1545 4011 hominem,
1569 3942 1762 4014 inquit,
1782 3963 1949 4014 mors,
1971 3952 2027 4004 et

424 4046 524 4104 per
555 4029 841 4087 hominem
891 4032 1229 4085 resurrectio
1261 4047 1279 4083 :
1312 4036 1368 4082 ut
1405 4038 1681 4100 separaret
1717 4032 1768 4071 26
1808 4034 2027 4104 quidem

423 4126 689 4184 auctores,
737 4116 928 4172 mortis
983 4117 1178 4186 Adam,
1236 4116 1508 4173 Christum
1569 4123 2025 4197 resurrectionis;

2129 3156 2425 3224 resurgent
2451 3150 2711 3208 mortui?
2728 3167 2833 3224 quo
2855 3154 3053 3205 autem
3073 3163 3302 3221 corpore
3321 3151 3548 3205 venient
3563 3146 3594 3201 ?
3621 3148 3749 3201 Jam

2128 3240 2218 3294 hic
2238 3241 2305 3295 de
2326 3238 2669 3311 qualitatibus
2690 3253 2979 3308 corporum
3001 3237 3242 3301 disserit;
3276 3252 3343 3290 an
3377 3237 3566 3291 eadem
3596 3236 3746 3305 ipsa,

2128 3344 2195 3383 an
2219 3327 2323 3382 alia
2361 3322 2727 3383 resumantur.
2747 3326 2854 3381 Sed
2873 3342 2993 3382 cum
3014 3324 3284 3395 ejusmodi
3301 3324 3531 3396 quaestio
3548 3332 3746 3395 poste-

2129 3416 2239 3471 rior
2304 3415 2580 3483 habeatur,
2654 3412 2889 3470 sufﬁciet
2947 3413 3163 3469 interim
3235 3429 3303 3469 ex
3357 3413 3460 3468 hoc
3518 3428 3742 3484 quoque

2132 3503 2463 3573 corporalem
2484 3502 2695 3559 deﬁniri
2716 3502 3188 3569 resurrectionem,
3216 3518 3340 3559 cum
3352 3501 3420 3556 de
3449 3503 3743 3574 qualitate

2132 3608 2431 3664 corporum
2461 3597 2765 3665 quceritur.

2695 3734 2921 3791 CAPUT
2959 3735 3163 3792 XLIX.

2204 3857 2434 3914 Ventum
2477 3868 2558 3915 est
2595 3874 2744 3915 nunc
2778 3859 2846 3914 ad
2912 3876 3125 3915 carnem
3169 3866 3223 3915 et
3274 3859 3596 3931 sanguinem
3645 3876 3743 3914 re-

2134 3963 2265 4003 vera
2314 3947 2479 4002 totius
2524 3947 2858 4020 quaestionis,
2910 3964 3043 4019 quas
3090 3948 3141 3986 ³⁵
3174 3948 3546 4029 substantias,
3595 3948 3749 4018 quali

2136 4036 2450 4093 conditione
2494 4037 2927 4093 exhaaredaverit
2981 4037 3274 4107 Apostolus
3316 4053 3348 4090 a
3397 4037 3497 4092 Dei
3541 4052 3746 4110 regno;

2141 4140 2297 4198 aeque
2364 4126 2431 4182 de
2483 4125 2925 4183 antecedentibus
2974 4125 3179 4181 discere
3226 4133 3325 4181 est.
3376 4127 3630 4190 Primus,
3665 4124 3752 4178 in-

1824 4238 2013 4301 Variaa
2055 4245 2363 4305 lectiones.

499 4358 544 4396 Π
573 4355 1049 4438 Εξ-ρθιθηιΜΒ-Ιρεπ.
1084 4357 1257 4438 δωηιτ
1300 4356 1353 4438 1‘:
1372 4360 1449 4438 _Ut
1475 4360 1858 4438 inser._Rhen_.
1890 4364 2061 4421 Seml.
2097 4365 2145 4404 19
2195 4367 2569 4438 Resurrexerit
2600 4367 2777 4424 Rhen.
2811 4368 2982 4425 Sami.
3015 4368 3066 4405 2ο
3091 4368 3293 4422 Autem
3322 4367 3477 4422 abest
3504 4381 3537 4418 a
3571 4364 3750 4438 Rhea.

428 4431 589 4509 Pam.
615 4426 797 4509 Fran.
832 4426 1285 4509 2Litesurtlexerit
1314 4430 1491 4509 iihe-n.
1529 4432 1699 4509 Sem_l.
1725 4433 1773 4469 ²²
1806 4434 1988 4509 Vacua
2018 4446 2100 4490 est
2131 4444 2185 4493 et
2210 4436 2343 4493 ﬁdes
2370 4442 2549 4494 vestra
2572 4439 2700 4495 add.
2730 4442 2890 4493 Pam.
2923 4438 2974 4475 23
3002 4439 3329 4509 Invenimur
3351 4446 3531 4492 autem
3570 4436 3751 4509 Serui.

426 4500 495 4578 21
514 4499 823 4578 Dixerimus
842 4500 1035 4578 “illum.
1087 4499 1259 4578 Santi.
1307 4499 1588 4578 Adversus
1634 4503 1806 4578 Deum
1850 4506 1979 4561 add.
2031 4509 2189 4564 Pam.
2240 4510 2414 4565 Fran.
2446 4510 2495 4547 2⁵
2535 4511 2759 4565 Mortem
2808 4512 2971 4565 Pam.
3022 4512 3194 4564 Fran.
3229 4508 3277 4545 26
3310 4508 3540 4578 Separct
3580 4508 3752 4559 Pam.

430 4570 809 4650 {t_hen..Seml.
842 4570 887 4650 ²ῖ
920 4569 1129 4650 Omnes
1180 4572 1353 4650 Fran.
1388 4570 1439 4650 ξε
1466 4570 1612 4650 Ordo
1659 4573 1803 4629 enim
1850 4579 2165 4633 meritorum
2205 4579 2585 4649 dispositorum
2635 4579 2858 4635 nomine
2898 4580 3218 4650 disponetur
3257 4579 3359 4634 cod
3382 4569 3397 4578 “
3436 4577 3753 4650 Ρὶιὶιχ-ρᾷζο

430 4640 812 4713 dispositorum
864 4640 1161 4713 tegendum
1202 4639 1492 4713 dispositor
1536 4644 1732 4699 horum
1769 4654 1961 4703 censet
2008 4651 2127 4713 Bia.
2161 4651 2209 4688 29

2094 4723 2228 4777 emi.
2269 4715 2377 4776 non
2414 4722 2546 4775 alias
2582 4722 2660 4777 sic
2698 4724 2865 4779 Pam.
2917 4722 3105 4777 Paris.
3146 4724 3317 4777 Fran.
3362 4734 3476 4774 non
3514 4715 3652 4773 alias
3694 4716 3749 4769 in

429 4712 599 4768 abest.
627 4729 663 4767 a
702 4715 864 4767 Pam.
919 4711 1061 4768 'Par.
1122 4713 1293 4766 Fran.
1324 4711 1375 4749 33
1403 4712 1629 4769 Nonnisi
1668 4715 1800 4771 alias
1838 4720 2012 4775 Rhen.

2247 4648 2482 4718 Quidem
2521 4652 2695 4709 Rhen.
2729 4651 2781 4689 3°
2818 4648 3106 4706 Porteiidit
3150 4650 3325 4705 Rhen.
3379 4648 3636 4718 Semia"l
3675 4648 3751 4718 Ut

432 4783 555 4840 cod.
599 4783 799 4840 Wouw.
831 4782 882 4821 33
909 4781 1015 4851 Qui
1042 4780 1221 4837 Rhen.
1252 4782 1424 4838 Seml.
1456 4783 1506 4823 3"
1532 4785 1921 4859 Supergravati
1963 4791 2089 4847 alii.
2122 4792 2173 4831 35
2201 4792 2366 4862 Quasi
2392 4794 2551 4848 Pam.
2582 4792 2755 4849 Fran.

1845 4914 2345 4981 Commentarius.

512 5011 942 5092 (ii).D_isposit‘a
989 5011 1071 5092 ad.
1103 5013 1416 5092 corinthios
1462 5017 2025 5092 omnidistinctione

438 5081 805 5161 ecclesiaticag
870 5081 1297 5161 discipl._Feci_t_
1359 5088 1683 5161 iducapitib.
1754 5094 2019 5157 anteced.,

436 5166 558 5230 cap.
592 5155 679 5221 15,
707 5154 806 5230 cui
842 5155 1002 5230 modo
1033 5154 1648 5230 insistitTertulliatius;
1689 5162 1844 5230 plura
1875 5154 2019 5218 enim

429 5221 753 5302 documenta
805 5221 873 5276 ad
950 5224 1369 5285 ecclesiasticam
1423 5221 1764 5302 disciplinam
1824 5234 2023 5290 Paulus

427 5293 669 5350 dederat.
701 5294 832 5348 Lac.

501 5364 617 5442 (12)
652 5364 717 5422 Ut
746 5370 802 5442 et
836 5369 1048 5442 nostra:
1091 5371 1210 5442 spei
1248 5370 1503 5442 regulam
1532 5373 1664 5429 inde
1699 5373 2019 5442 deduceret,

427 5434 575 5512 unde
600 5436 970 5512 constaret}.
991 5434 1384 5512 resurrectione
1413 5442 1607 5496 Christi
1636 5445 1880 5512 deduxit,
1899 5434 2020 5500 cum

428 5506 553 5561 inde
578 5508 1160 5590 cgnstaret.|l)edirnus
1181 5510 1248 5563 ad
1279 5526 1399 5590 cap.
1434 5513 1583 5590 1,_d_e
1598 5531 1780 5590 parua
1815 5506 2021 5575 Christi

429 5576 794 5656 nonnullauut
811 5577 985 5656 robur
1018 5576 1418 5656 consequentiae
1447 5576 1558 5642 divi
1596 5586 1747 5641 Pauli
1775 5603 1807 5643 a
1836 5604 2019 5645 resur-

429 5645 668 5701 rcctione
688 5644 899 5703 Christi
935 5644 1327 5708 ostenderetur.
1358 5652 1493 5711 Lac.

2234 5024 2329 5095 13)
2367 5021 2683 5095 _Yicarium
2729 5023 3037 5095 baptisma.
3076 5022 3165 5077 Sic
3195 5020 3447 5077 vicariam
3512 5024 3750 5073 mortem

2055 5044 2099 5120 ο
2171 5021 2317 5103 ,(13)
2394 5021 2683 5102 Yicarium
2729 5023 3035 5095 baptisma.

2130 5092 2263 5147 dmt
2291 5093 2487 5149 Fabius
2514 5096 2760 5151 Declam.
2796 5098 2880 5149 19.
2910 5095 3035 5149 Βία.

2193 5164 2314 5237 (14)
2346 5166 2558 5237 Bestius
2579 5167 2866 5222 Asiasticee
2904 5181 3243 5237 pressurae:
3259 5166 3340 5216 An
3372 5177 3473 5237 per
3504 5161 3615 5214 has
3644 5160 3744 5213 he-

2130 5235 2260 5307 stias
2287 5234 2551 5307 intelligat
2580 5232 3129 5307 seditionem'Ephesi
3156 5252 3187 5289 a
3216 5232 3509 5288 Demetrio
3548 5245 3747 5302 argen—

2131 5306 2267 5360 tario
2312 5306 2648 5372 concitatam,
2698 5323 2807 5361 non
2852 5307 3008 5363 facile
3059 5306 3328 5369 dicerem;
3380 5318 3523 5375 pace
3550 5309 3747 5375 tamen

2129 5376 2480 5435 eruditiorum
2530 5370 2810 5434 hominum
2867 5378 3131 5442 dixerim;
3178 5393 3305 5430 nam
3370 5370 3498 5429 cum
3550 5370 3746 5442 bestiis

2131 5464 2401 5530 pugnasse
2429 5458 2636 5530 certum
2687 5460 2813 5529 est;.
2845 5451 2936 5530 sed
2969 5440 3150 5530 pugna
3180 5447 3270 5502 illa
3318 5444 3529 5515 Ephesi
3577 5440 3749 5530 conti:

2170 5512 2241 5592 it"
2257 5520 2677 5592 postiscriptam
2727 5512 3013 5592 epistolam
3046 5512 3228 5585 "hanc,
3292 5512 3456 5589 quam
3527 5512 3750 5583 scripsit

2178 5591 2347 5662 phesi.
2386 5591 2464 5647 LE
2495 5591 2591 5646 Pii.
