4028 6188
241 318 352 378 913

1306 316 1498 380 LIBER
1543 320 1622 378 DE
1663 322 2206 385 RESURRECTIONE
2253 325 2505 384 CARNIS.

3453 333 3556 393 914

235 443 385 515 quit,
421 442 583 499 homo
615 444 682 499 de
719 448 874 501 terra
905 448 1154 516 choicus,
1187 449 1240 504 id
1269 455 1352 505 est
1384 447 1653 515 limacius,
1684 449 1738 503 id
1769 460 1848 506 est
1881 466 1926 544 Α
1960 467 2120 524 quam
2159 467 2286 508 caro
2328 459 2383 508 et
2429 451 2634 520 anima;
2667 459 2758 506 aut
2785 451 2831 508 si
2859 453 2910 490 43
2955 467 3120 524 quam
3145 456 3331 522 aliam,
3365 457 3418 512 id
3451 468 3555 531 est,

237 534 452 598 Adam;
482 534 768 590 secundus
808 535 966 594 homo
1005 539 1070 594 de
1117 540 1270 609 creto,
1304 539 1355 596 id
1403 547 1486 594 est
1522 555 1699 596 sermo
1727 541 1850 610 Dei,

231 621 296 678 id
342 631 424 678 est
469 621 741 692 Christus;
791 640 898 678 non
945 627 1082 681 alias
1134 635 1313 683 tamen
1377 628 1561 696 homo,
1613 628 1738 684 licet
1781 630 1850 684 de

230 710 406 779 calo,
455 709 555 765 nisi
604 710 730 780 quia
779 718 830 766 et
896 712 1014 783 ipse
1062 730 1189 772 caro
1247 724 1407 786 atque
1455 715 1649 782 anima,
1701 717 1841 787 quod

229 800 430 864 homo,
463 799 611 869 quod
657 799 863 864 Adam;
911 818 1034 857 nam
1092 811 1148 858 et
1196 804 1248 842 36
1296 820 1462 875 supra
1516 805 1844 860 novissimus

233 887 420 944 Adam
465 887 642 942 dictus
681 888 751 953 37,
783 888 852 944 de
895 892 1174 948 consortio
1215 891 1524 948 substantiae
1571 907 1843 948 commer-

226 974 384 1031 cium
429 975 669 1030 nominis
712 977 901 1042 traxit;
953 979 1083 1050 quia
1153 996 1253 1036 nec
1295 981 1469 1035 Adam
1525 997 1588 1036 ex
1637 981 1842 1036 semine

225 1079 386 1130 caro,
419 1064 562 1136 quod
612 1071 667 1119 et
714 1064 981 1122 Christus.
1019 1069 1216 1136 Qualis
1253 1086 1379 1139 ergo
1420 1069 1665 1134 choicus,
1700 1072 1840 1127 tales

229 1157 289 1210 et
312 1152 528 1219 choici;
551 1154 739 1224 qualis
759 1154 1019 1221 ctelestis,
1043 1158 1184 1214 tales
1214 1161 1272 1214 et
1298 1159 1566 1216 caelestes.
1587 1157 1840 1214 Substan-

229 1241 307 1298 tia
340 1240 520 1296 tales?
548 1256 618 1294 an
659 1241 834 1310 primo
883 1243 1192 1314 disciplina,
1223 1245 1422 1302 dehinc
1463 1255 1516 1302 et
1561 1246 1835 1319 dignitate,

226 1345 404 1401 quam
435 1338 488 1386 et
516 1329 797 1401 disciplina
819 1333 1095 1401 captavit?
1114 1333 1332 1404 Atquin,
1357 1335 1660 1390 substantia
1687 1337 1835 1392 nullo

226 1419 404 1475 modo
457 1419 850 1490 separabuntur
888 1421 1066 1476 choici
1133 1431 1293 1494 atque
1346 1425 1614 1491 caelestes,
1663 1427 1830 1480 semel

227 1508 304 1562 ab
352 1507 617 1578 Apostolo
673 1509 920 1565 homines
971 1509 1118 1567 dicti.
1165 1511 1222 1566 Si
1280 1512 1424 1567 enim
1482 1521 1536 1568 et
1586 1511 1836 1568 Christus

227 1595 391 1649 solus
442 1611 570 1651 vere
624 1596 885 1664 caelestis,
931 1598 1041 1654 imo
1096 1608 1153 1655 et
1209 1601 1626 1672 supercaelestis,
1667 1603 1829 1657 homo

230 1692 444 1749 tamen,
482 1701 588 1756 qua
645 1685 696 1722 ³⁸
747 1701 873 1742 caro
931 1695 1094 1759 atque
1151 1688 1349 1759 anima,
1381 1689 1550 1745 nihilo
1606 1705 1672 1746 ex
1727 1689 1830 1745 ista

230 1771 660 1828 substantiarum
698 1775 1006 1832 conditione
1038 1791 1072 1831 a
1109 1778 1298 1835 choica
1328 1779 1584 1848 qualitate
1612 1779 1827 1834 discer-

236 1857 392 1911 nitur
434 1874 450 1915 :
489 1855 657 1915 866
713 1860 939 1930 proinde
985 1870 1041 1917 et
1086 1864 1180 1934 qui
1231 1864 1483 1920 caelestes
1527 1864 1828 1920 secundum

233 1946 420 2015 illum,
449 1962 555 2001 non
608 1947 673 2002 de
727 1950 1025 2005 substantia
1080 1953 1357 2022 praesenti,
1387 1953 1480 2008 sed
1527 1953 1598 2008 de
1653 1952 1828 2007 futura

224 2034 496 2091 charitate
543 2036 786 2092 caelestes
833 2039 1106 2108 praedicati
1163 2039 1572 2112 intelliguntur;
1605 2041 1728 2112 quia
1775 2050 1830 2096 et

221 2135 400 2189 retro,
434 2124 576 2180 unde
613 2124 884 2182 distinctio
912 2128 1014 2182 ista
1043 2129 1276 2182 manavit
1305 2130 1371 2185 de
1410 2130 1691 2201 dignitatis
1717 2129 1826 2184 dif-

221 2211 476 2278 ferentia,
527 2221 745 2270 ostensa
819 2224 902 2272 est
955 2217 1058 2271 alia
1113 2219 1583 2288 supercaalestium
1633 2217 1822 2291 gloria,

217 2301 329 2355 alia
378 2311 908 2374 superterrenorum,
935 2314 990 2360 et
1036 2305 1142 2360 alia
1188 2306 1337 2372 solis,
1370 2307 1472 2362 alia
1521 2307 1683 2372 lunae,
1718 2308 1826 2362 alia

215 2389 532 2456 stellarum;
566 2391 690 2462 quia
738 2400 792 2446 et
839 2393 996 2448 stella
1034 2410 1066 2448 a
1114 2395 1269 2449 stella
1305 2393 1490 2450 differt
1535 2395 1588 2449 in
1627 2395 1822 2465 gloria,

215 2492 333 2533 non
375 2485 554 2532 tamen
601 2478 656 2534 in
696 2481 1017 2537 substantia.
1050 2482 1316 2555 Denique,
1349 2483 1632 2553 praemissa
1661 2482 1826 2538 diffe-

217 2564 400 2620 rentia
441 2565 724 2638 dignitatis
763 2568 818 2621 in
861 2569 1046 2624 eadem
1096 2571 1394 2626 substantia
1434 2579 1485 2626 et
1522 2586 1667 2626 nunc
1703 2587 1825 2626 sec-

219 2653 410 2708 tandae
452 2665 505 2709 et
544 2664 675 2710 tunc
713 2659 1077 2726 capessendae,
1111 2659 1392 2730 subjungit
1430 2660 1593 2715 etiam
1623 2661 1825 2716 exhor-

221 2743 510 2806 tationem,
550 2751 609 2796 ut
664 2753 717 2798 et
755 2744 843 2798 hic
899 2745 1143 2801 habitum
1199 2746 1394 2801 Christi
1451 2750 1718 2802 sectemur
1761 2762 1826 2800 ex

221 2828 532 2899 disciplina,
567 2840 621 2885 et
649 2832 754 2886 illic
784 2831 1059 2906 fastigium
1088 2849 1482 2906 consequamur
1510 2851 1576 2890 ex
1605 2835 1776 2907 gloria
1811 2853 1822 2892 :

223 2918 391 2973 Sicut
411 2921 764 2990 portavimus
787 2923 1094 2992 imaginem
1113 2922 1313 2988 choici,
1334 2927 1625 2995 portemus
1653 2926 1830 2980 etiam

1960 542 2234 598 caelestem
2281 540 2632 596 substantiam
2677 541 2794 596 haec
2839 539 2975 596 ﬁdes
3020 553 3248 612 spectat,
3296 546 3420 603 huic
3467 559 3550 604 ta-

1955 646 2080 685 men
2126 630 2449 701 repromissa
2498 629 2585 696 sit,
2630 631 2714 685 cui
2765 630 2828 683 ad
2879 630 3026 684 illam
3071 633 3348 690 elaborare
3393 652 3549 692 man-

1953 719 2131 775 datur.
2182 719 2316 774 Cum
2362 718 2531 790 igitur
2572 717 2866 791 imaginem
2906 729 2958 773 et
3001 719 3174 775 choici
3220 730 3275 776 et
3319 723 3553 780 ctelestis

1950 808 2004 862 in
2059 807 2476 864 conversatione
2533 807 2859 871 constituat,
2915 805 3057 861 illam
3113 808 3420 877 ejera‘ndam
3468 812 3550 881 44,

1950 897 2087 952 hanc
2137 911 2264 954 vero
2318 894 2668 960 sectandam;
2719 895 2915 950 dehinc
2973 895 3232 969 adiungat
3275 897 3325 935 4⁵
3375 915 3389 952 :
3441 902 3548 957 Hoc

1948 987 2104 1043 enim
2149 985 2292 1050 dico,
2344 984 2397 1038 id
2440 990 2542 1052 est,
2589 990 2811 1053 propter
2856 999 2921 1038 ea
2967 999 3090 1055 qua!
3131 984 3182 1022 4⁵
3223 1000 3388 1056 supra
3435 987 3547 1046 dixi

1947 1072 2278 1144 (conjunctio
2325 1080 2410 1127 est
2454 1073 2596 1126 enim
2639 1087 2834 1127 sensus
2861 1071 3300 1142 supplementum
3326 1081 3545 1129 antece-

1945 1160 2200 1218 dentibus
2228 1160 2506 1228 reddens),
2553 1159 2698 1231 quod
2743 1175 2874 1215 caro
2923 1163 2981 1215 et
3024 1162 3257 1230 sanguis
3304 1178 3545 1233 regnum

1945 1253 2044 1307 Dei
2075 1249 2407 1305 haereditate
2446 1248 2728 1321 possidere
2775 1263 2892 1302 non
2936 1253 3211 1319 possunt;
3239 1248 3369 1304 nihil
3397 1251 3542 1306 aliud

1944 1337 2172 1409 intelligi
2224 1336 2440 1391 mandat
2480 1337 2528 1374 ἠ
2577 1351 2798 1390 carnem
2861 1343 2913 1390 et
2969 1336 3331 1406 sanguinem,
3377 1354 3542 1410 quam

1941 1425 2303 1496 supradictam
2351 1424 2640 1496 imaginem
2685 1424 2905 1480 choici:
2956 1439 3077 1496 quae
3117 1424 3165 1479 si
3213 1425 3267 1480 in
3312 1441 3539 1483 conver-

1941 1515 2150 1570 satione
2199 1521 2451 1569 censetur
2496 1511 2803 1579 vetustatis,
2833 1513 3174 1570 conversatio
3219 1522 3398 1570 autem
3435 1532 3539 1572 ve-

1939 1601 2154 1658 tustatis
2198 1615 2308 1656 non
2353 1601 2497 1671 capit
2523 1601 2574 1637 ¹ι⁸
2601 1599 2704 1654 Dei
2745 1615 2995 1671 regnum,
3039 1600 3267 1672 proinde
3314 1617 3442 1658 caro
3488 1619 3520 1658 e

1937 1691 2180 1764 sanguis,
2210 1705 2318 1746 non
2345 1689 2606 1761 capiendo
2644 1687 2748 1743 Dei
2776 1704 3026 1758 regnum,
3059 1689 3129 1743 ad
3159 1691 3536 1748 conversatio-

1937 1796 2060 1836 nem
2107 1778 2434 1850 rediguntur
2483 1775 2762 1832 vetustatis
2803 1776 2874 1830 “9.
2927 1777 3118 1845 Plane,
3167 1778 3216 1831 si
3261 1796 3535 1852 nunquam

1937 1869 2231 1942 Apostolus
2281 1882 2379 1937 pro
2428 1863 2682 1935 operibus
2709 1863 3060 1919 substantiam
3091 1866 3288 1933 posuit,
3321 1883 3421 1924 nec
3451 1869 3537 1924 hic

1936 1956 2010 2012 ita
2036 1965 2234 2012 utatur.
2268 1955 2326 2010 Si
2355 1970 2488 2010 vero
2538 1951 2596 2008 in
2640 1965 2802 2006 carne
2849 1949 3025 2006 adhuc
3062 1952 3406 2020 constitutos,
3436 1970 3534 2010 ne-

1935 2044 2083 2117 gavit
2113 2042 2281 2100 867
2313 2057 2434 2098 esse
2482 2041 2536 2096 in
2583 2055 2763 2110 carne,
2813 2038 2869 2092 in
2899 2037 3158 2108 operibus
3204 2043 3381 2096 carnis
3426 2057 3531 2097 ne-

1933 2148 2070 2206 gans
2117 2148 2260 2197 esse,
2301 2129 2530 2186 formam
2575 2129 2694 2198 ejus
2741 2127 3002 2182 subruere
3047 2143 3156 2184 non
3204 2128 3395 2198 debes,
3425 2144 3533 2184 non

1933 2220 2306 2283 substantiam,
2358 2217 2458 2273 sed
2506 2231 2670 2288 opera
2710 2215 3025 2271 substantiae
3053 2215 3332 2272 alienantis
3367 2233 3400 2270 a
3436 2216 3536 2272 Dei

1932 2324 2125 2380 regno.
2158 2306 2370 2376 Quibus
2413 2307 2572 2361 etiam
2621 2304 2690 2358 ad
2736 2303 2955 2359 Galatas
2983 2303 3356 2376 manifestatis,
3391 2320 3535 2376 prae-

1933 2397 2110 2453 dicere
2156 2411 2215 2450 se
2262 2402 2316 2449 et
2363 2392 2678 2466 praedixisse
2723 2389 3008 2461 proﬁtetur
3037 2393 3247 2461 (Galat.
3279 2393 3357 2463 v),
3387 2394 3533 2464 quod

1931 2485 2033 2556 qui
2066 2484 2211 2540 talia
2239 2486 2417 2555 agunt
2432 2482 2501 2546 ⁵ο,
2533 2496 2773 2552 regnum
2802 2482 2900 2536 Dei
2929 2495 3046 2535 non
3072 2485 3210 2535 sunt
3227 2480 3272 2518 ⁵¹
3307 2481 3537 2539 haeredi-

1935 2578 2048 2628 tate
2078 2571 2460 2634 consecuturi,
2511 2583 2624 2624 non
2674 2574 2948 2637 portantes
2996 2567 3196 2623 scilicet
3234 2567 3533 2640 imaginem

1933 2661 2198 2724 caelestis,
2245 2659 2389 2714 sicut
2437 2662 2792 2728 portaverunt
2839 2655 2888 2693 ⁵2
2934 2654 3136 2720 choici,
3189 2656 3416 2728 ideoque
3466 2673 3533 2713 ex

1934 2757 2116 2805 vetere
2170 2746 2612 2808 conversatione,
2669 2743 2806 2798 nihil
2870 2743 3016 2797 aliud
3083 2743 3381 2814 deputandi
3439 2745 3490 2784 53

1938 2852 2097 2905 quam
2145 2849 2271 2891 caro
2314 2844 2368 2890 et
2413 2831 2656 2904 sanguis.
2687 2832 2823 2885 Nam
2872 2839 2925 2885 et
2967 2832 3011 2884 si
3059 2831 3244 2886 subito
3290 2831 3347 2887 in
3395 2833 3535 2888 hanc

1937 2922 2304 2980 deﬁnitionem
2386 2921 2657 2990 erupisset
2741 2917 3035 2987 Apostolus
3065 2959 3081 2988 ,
3156 2917 3534 2975 eliminandam

221 3007 540 3076 imaginem
586 2990 1012 3079 supercazlestis.
1048 3011 1384 3064 Portavimus
1430 3011 1576 3065 enim
1632 3011 1830 3082 imagi-
1862 3016 1905 3093 ε
1935 3027 2151 3068 carnem
2182 3019 2235 3064 et
2263 3008 2578 3080 sanguinem
2622 3023 2648 3060 a
2700 3005 2795 3061 Dei
2845 3021 3034 3080 regno,
3083 3005 3200 3062 sine
3247 3006 3407 3061 ullius
3435 2990 3532 3063 su-

222 3108 356 3147 nem
388 3094 561 3150 choici
600 3111 701 3164 per
736 3096 1020 3167 collegium
1069 3098 1536 3169 transgressionis,
1568 3115 1665 3170 per
1693 3115 1825 3155 con-

223 3181 465 3236 sortium
511 3183 715 3249 mortis,
749 3201 848 3255 per
887 3186 1133 3241 exsilium
1179 3186 1440 3256 paradisi.
1473 3188 1611 3241 Nam
1648 3187 1749 3243 etsi
1779 3187 1828 3224 39

224 3269 280 3322 in
312 3283 486 3323 carne
524 3270 604 3323 hic
653 3281 896 3340 portatur
932 3274 984 3311 ¹ιο
1020 3275 1199 3344 imago
1237 3275 1393 3340 Adae,
1425 3275 1521 3329 sed
1563 3291 1668 3331 non
1711 3291 1828 3330 car-

222 3373 373 3425 nem.
419 3371 702 3414 monemur
751 3377 1020 3432 exponere
1065 3364 1137 3417 ιιι.
1169 3363 1227 3418 Si
1275 3379 1382 3418 non
1429 3378 1666 3434 carnem,
1697 3380 1828 3438 ergo

225 3447 716 3514 conversationem,
753 3458 811 3504 ut
867 3451 1093 3521 proinde
1149 3460 1202 3508 et
1249 3452 1486 3508 caelestis
1534 3453 1828 3524 imaginem

225 3543 508 3605 gestemus
552 3536 608 3592 in
666 3538 854 3607 nobis;
887 3556 999 3595 non
1049 3541 1161 3610 jam
1217 3541 1304 3596 dei
1359 3542 1426 3608 42,
1469 3557 1570 3597 nec
1620 3544 1732 3610 jam
1774 3543 1830 3599 in

227 3625 370 3678 coelo
428 3625 735 3696 constituti;
779 3629 871 3683 sed
928 3630 1230 3684 secundum
1283 3629 1597 3687 liniamenta
1636 3631 1832 3688 Christi

230 3710 546 3769 incedentes
592 3717 708 3787 (15)
765 3717 819 3771 in
874 3720 1178 3784 sanctitate,
1210 3727 1263 3774 et
1311 3719 1541 3790 justitia,
1575 3727 1630 3775 et
1684 3721 1828 3778 veri-

231 3806 363 3854 tate.
399 3802 570 3871 Atque
611 3803 752 3858 adeo
798 3804 868 3858 ad
907 3805 1246 3876 disciplinam
1283 3813 1460 3861 totum
1501 3807 1605 3861 hoc
1641 3805 1836 3878 dirigit

235 3895 295 3940 ut
342 3886 435 3942 hic
479 3888 616 3944 dicat
669 3892 984 3960 portandam
1040 3893 1329 3964 imaginem
1379 3894 1578 3949 Christi
1624 3893 1680 3950 in
1731 3894 1834 3948 ista

232 3991 424 4040 carne,
475 3986 526 4032 et
580 3979 636 4034 in
693 3979 797 4037 isto
871 3991 1116 4054 tempore
1172 3982 1488 4053 disciplinis.
1537 3985 1832 4040 Portemus

233 4064 386 4119 enim
438 4069 758 4139 praeceptiva
814 4072 978 4126 modo
1034 4072 1239 4138 dicens,
1289 4073 1412 4127 huic
1469 4073 1696 4143 tempori
1753 4073 1834 4127 lo-

233 4153 444 4224 quitur,
502 4155 558 4210 in
614 4174 721 4230 quo
789 4158 954 4216 homo
1009 4160 1158 4215 nulla
1229 4159 1334 4215 alia
1390 4159 1691 4215 substantia
1745 4167 1830 4214 est

1937 3115 2033 3172 pra
2081 3113 2277 3154 sensus
2323 3094 2761 3166 praestructione,
2811 3109 2994 3148 nonne
3040 3095 3175 3150 duas
3221 3096 3351 3150 istas
3397 3097 3530 3152 sub-

1935 3187 2157 3244 stantias
2222 3184 2447 3256 proinde
2501 3184 2770 3238 hominem
2837 3191 3079 3238 veterem
3142 3182 3531 3254 interpretare-

1937 3293 2056 3332 mur
2084 3276 2132 3314 ⁵4
2165 3273 2314 3329 carni
2360 3281 2414 3327 et
2460 3271 2708 3345 sanguini
2757 3269 3017 3335 deditum,
3067 3270 3121 3324 id
3167 3279 3269 3336 est,
3320 3273 3436 3328 esui
3478 3282 3531 3327 et

1937 3366 2120 3436 potui;
2151 3364 2308 3434 cujus
2357 3362 2427 3418 sit
2474 3362 2656 3417 dicere
2703 3361 2962 3416 adversus
2991 3358 3150 3414 ﬁdem
3183 3365 3528 3418 resurrectio-

1937 3457 2048 3510 nis:
2073 3453 2467 3510 Manducemus
2489 3454 2545 3505 et
2565 3449 2840 3514 bibamus,
2863 3465 2989 3502 cras
3019 3451 3173 3506 enim
3192 3451 3533 3506 moriemur?

1938 3545 2005 3601 Et
2048 3544 2151 3599 hoc
2198 3541 2341 3597 enim
2389 3538 2675 3594 infulciens
2702 3536 3016 3607 Apostolus,
3047 3553 3262 3592 carnem
3305 3546 3359 3594 et
3403 3553 3527 3592 san-

1939 3633 2160 3710 guinem
2206 3630 2275 3684 de
2324 3627 2584 3682 fructibus
2630 3627 2892 3696 ipsorum,
2935 3624 3298 3681 manducandi
3346 3633 3401 3680 et
3445 3624 3532 3680 bi-

1937 3719 2123 3790 bendi,
2153 3716 2447 3790 sugillavit.

2567 3852 2791 3924 CAPUT
2834 3852 2896 3907 L.

2013 3983 2122 4038 Sed
2169 3993 2220 4038 et
2267 3981 2316 4018 55
2364 3977 2585 4035 omissis
2629 3975 2937 4046 huiusmodi
3001 3975 3538 4047 interpretationibus

1940 4072 2117 4126 carnis
2165 4078 2220 4124 et
2266 4066 2548 4140 sanguinis
2597 4080 2762 4136 Opera
2793 4063 3119 4130 taxantibus,
3152 4067 3296 4136 ipsas
3325 4083 3541 4139 quoque

1938 4157 2280 4220 substantias,
2327 4171 2435 4210 non
2483 4153 2638 4208 aliter
2684 4167 2851 4222 quam
2895 4157 3022 4205 sunt
3068 4151 3363 4208 intellectas
3399 4155 3536 4226 (16),

1604 4337 1796 4400 Variae
1847 4341 2152 4399 lectiones.

303 4471 358 4508 35
400 4471 514 4526 Etsi
563 4473 736 4528 Rhea.
798 4474 973 4529 Seml.
1021 4472 1068 4511 37
1110 4473 1264 4528 Dicet
1310 4472 1486 4528 Rhen.
1529 4472 1698 4542 Seml.
1732 4470 1781 4509 ³⁸
1807 4469 1980 4537 Quam
2007 4467 2217 4542 iBhen._
2241 4463 2420 4542 _S_en_t_l.
2449 4460 2693 4542 _39-Si‘et
2730 4461 2890 4542 fam.
2933 4457 3277 4542 [ἐξανηάίξιδὶε
3321 4465 3544 4542 putatur

241 4541 418 4613 Rhen.
451 4543 624 4597 Seml.
654 4544 701 4581 ἰι
729 4545 937 4600 Ponere
966 4547 1126 4599 Pam.
1158 4546 1288 4598 Par.
1323 4546 1494 4601 Fran.
1533 4543 1582 4580 42
1613 4541 1697 4597 Dii
1725 4529 1876 4613 forte
1905 4541 2133 4613 melius.
2157 4536 2310 4613 _l_£dd_.
2342 4536 2393 4573 4³
2422 4536 2539 4613 Αμι
2565 4535 2622 4587 et
2650 4530 2696 4613 si
2726 4530 2902 4613 Rhegi.
2936 4530 3107 4613 Seml.
3137 4529 3186 4613 ξιξ
3235 4529 3546 4613 gerendam

242 4612 422 4685 Bhen.
463 4614 630 4685 Seml.
663 4614 712 4651 4⁵
739 4599 999 4685 Adiungit
1026 4615 1203 4672 Rhen.
1229 4615 1397 4671 Seml.
1427 4599 1642 4682 46Quae
1662 4614 1689 4667 ?
1716 4599 1837 4684 quae
1868 4613 2040 4685 Rhegi.
2062 4607 2120 4685 ᾖ
2151 4607 2407 4685 Mapdant
2443 4607 2605 4685 liam:
2646 4603 2787 4685 fam:1
2828 4604 3002 4685 Eran.
3033 4600 3087 4685 ηεξ
3133 4599 3322 4685 Capiet
3360 4599 3540 4685 Irt‘hen'.

243 4683 420 4756 Seml.
462 4682 512 4756 ἰβ
545 4685 792 4740 Veritatis
821 4669 1308 4742 ’Βιιὲηίζςέηιιέο
1335 4669 1750 4756 Αςᾶηΐηήεηί
1779 4683 1946 4740 Seml.
1977 4682 2023 4719 ⁵¹
2055 4679 2173 4756 Sint
2227 4678 2402 4756 Πήρη.
2423 4677 2624 4756 _S_e_m_t._
2653 4673 2703 4710 ⁵²
2750 4673 3094 4756 ﬁfty/erant
3143 4669 3318 4726 Rheﬂ-
3371 4669 3542 4726 Seml-

243 4753 292 4791 53
320 4754 676 4811 Existimandi
703 4757 829 4814 alii.
858 4757 908 4796 54
936 4757 1362 4828 lnterpretamur
1387 4745 1568 4813 Tran.
1599 4755 2046 4826 interpretaretur
2075 4752 2253 4808 Rhen.
2287 4748 2457 4806 Seml.
2489 4747 2540 4784 ⁵⁵
2564 4747 2632 4801 Et
2659 4745 2845 4800 omitt.
2874 4745 3046 4798 Fran.

1649 4924 2145 4988 Commentarius.

316 5057 432 5140 (15)
479 5059 803 5118 Secundum
854 5061 1200 5140 liniamenta
1233 5061 1455 5140 Christi;
1490 5059 1821 5140 incedentes

254 5128 530 5210 Imitantes
566 5133 1050 5210 conversationem,
1084 5129 1758 5210 (ιιιξιῐῐι,(ἰιιιῆεεξιε-εθεεᾴ-ι,⁸
1788 5129 1843 5210 in

257 5214 437 5255 carne.
478 5201 785 5258 Bernardus
825 5204 1004 5260 Serm.
1028 5200 1288 5260 in'Psal.
1319 5217 1414 5255 xc.
1449 5200 1598 5255 Unde
1645 5200 1849 5254 scilicet

262 5275 630 5345 agnoscendus
704 5291 817 5345 pm
874 5276 1089 5330 caeteris
1157 5274 1423 5345 Christus,
1490 5271 1773 5345 sanctitate
1831 5290 1844 5326 :

259 5339 484 5407 jtistitia,
520 5339 764 5400 veritate.
797 5345 903 5409 Sic,
938 5346 1075 5400 libro
1118 5344 1190 5399 ad
1230 5345 1561 5399 Marcionem
1591 5358 1649 5411 11,
1682 5343 1851 5395 lineas

262 5412 364 5486 Dei
418 5415 616 5470 habere
669 5417 848 5471 anima
919 5417 1134 5486 dicitur,
1184 5430 1291 5484 qua
1343 5413 1682 5486 immortalis,
1730 5427 1850 5482 qua:

265 5479 434 5536 libera
467 5493 541 5557 _et
579 5486 698 5557 sui
772 5486 1000 5552 arbitrii,
1061 5479 1215 5557 quee'
1256 5483 1481 5555 praescia
1536 5479 1851 5555 plerumque

267 5565 440 5622 capax
465 5554 775 5614 intellectus
804 5567 858 5615 et
885 5554 1145 5614 scientiae.
1176 5554 1301 5612 nm.

343 5624 455 5693 (16)
493 5628 646 5706 Ipsus
687 5645 898 5703 quoque
934 5629 1298 5689 substantias,
1328 5642 1444 5683 non
1487 5625 1657 5680 aliter
1687 5639 1854 5695 quam

1940 5059 2079 5111 sunt
2109 5052 2456 5113 intellectas,
2498 5055 2601 5122 etc.
2647 5045 2770 5101 Alio
2820 5041 3294 5122 tramite__occurrit
3321 5040 3550 5122 haereti-

1956 5129 2049 5189 cis,
2082 5133 2140 5178 ut
2171 5123 2362 5195 probet
2389 5136 2452 5175 ex
2481 5135 2546 5174 eo
2576 5120 2713 5185 loco,
2746 5117 2945 5195 qui_ab
2991 5114 3200 5195 illisuin
3249 5114 3417 5195 pretio
3447 5119 3550 5179 est,

1957 5185 2045 5250 ad'
2080 5185 2429 5249 refellendum
2489 5185 2895 5265 resurrectionis
2951 5185 3191 5264 carnalis.
3235 5191 3550 5265 assertores,

1959 5265 2090 5320 nihil
2120 5264 2589 5335 evinci;_nam_et
2635 5259 2682 5313 si
2731 5273 2854 5315 caro
2904 5267 2957 5312 et
3001 5259 3223 5327 sanguis
3271 5259 3456 5335 stricte
3500 5263 3556 5308 et

1960 5337 2130 5408 rigide
2159 5351 2202 5408 a7
2221 5333 2382 5408 Paulo
2412 5331 2798 5408 acciperentur,
2849 5344 2986 5408 non_
3006 5326 3121 5408 pro;
3147 5326 3408 5408 Operibus
3435 5337 3559 5377 car-

1960 5399 2162 5462 nalium
2193 5403 2492 5468 hominum,
2519 5399 2874 5474 nihilominus
2903 5399 3126 5474 infringi
3156 5399 3342 5464 nequit
3368 5408 3557 5474 resur:

1961 5476 2211 5534 rectionis
2268 5462 2560 5544 corporalis
2611 5471 2764 5527 ﬁdes.
2819 5471 3013 5544 Sic‘et
3065 5462 3304 5544 fremens
3349 5462 3554 5544 duplici

1957 5564 2191 5620 quoque
2231 5537 2587 5620 responsione
2649 5544 2716 5598 ad
2789 5541 3037 5598 eumdem
3091 5537 3266 5590 locum
3321 5537 3559 5588 occurrit

1961 5618 2246 5676 haereticis.
2278 5618 2409 5672 Lac.
