4030 6184
3593 288 3705 349 916

1464 438 1574 483 non
1620 428 1766 483 enim
1812 440 2000 483 resur-
2035 440 2081 520 Α
2112 427 2278 481 velint
2308 424 2476 495 accipi
2506 429 2728 494 propter
2754 419 3237 491 circumcisionem,
3267 416 3511 476 alienum
3538 426 3594 475 et
3618 418 3703 491 ip-

2111 533 2229 571 sum
2262 533 2292 569 a
2320 514 2421 569 Dei
2470 526 2670 582 regno;
2701 512 2832 583 quia
2873 520 2929 565 et
2966 510 3057 566 ille
3089 510 3343 566 vetustati
3392 510 3713 578 deputetur,

2112 614 2164 659 et
2194 606 2297 659 hoc
2324 603 2481 657 titulo
2507 604 2619 671 jam
2647 609 2697 656 et
2726 600 2854 655 alibi
2890 600 2959 654 ab
2989 598 3253 669 Apostolo
3281 598 3593 663 denotatur,
3617 597 3708 669 qui

2113 701 2234 765 post
2262 693 2557 748 revelatum
2590 691 2645 744 in
2664 705 2724 747 se
2750 690 2943 745 Filium
2973 688 3091 755 Dei,
3120 689 3188 742 ad
3219 687 3707 759 evangeiizandum

2114 798 2237 838 eum
2263 782 2319 836 in
2339 781 2666 845 nationibus,
2688 782 2889 835 statim
2919 794 3032 835 non
3060 779 3332 835 retulerit
3373 778 3445 832 ad
3474 792 3708 833 carnem

2116 877 2173 927 et
2201 872 2541 943 sanguinem
2569 870 2682 941 (21)
2707 869 2923 940 (Calai.
2954 868 3013 939 ι),
3042 868 3097 922 id
3124 876 3207 922 est
3239 868 3303 922 ad
3335 866 3713 923 circumcisio-

2118 975 2264 1027 nem,
2296 959 2353 1014 id
2382 967 2469 1015 est
2494 958 2563 1014 ad
2593 957 2952 1023 Judaismum,
2985 957 3126 1012 sicut
3161 958 3227 1012 ad
3256 956 3476 1012 Galatas
3503 956 3711 1013 scribit.

408 300 517 364 915
1095 298 1534 361 TERTULLIANI
1572 296 1840 361 OPERUM
1898 296 2019 359 PAR

2136 298 2173 357 ι.
2218 331 2283 343 -
2322 276 2589 357 sumas
2627 296 2672 368 ι,
2714 293 3059 354 POLEMICA.

408 426 594 485 licebit
647 423 1029 482 resurrectioni
1074 426 1349 484 vindicare
1396 446 1411 485 :

407 517 569 571 rectio
618 514 767 570 carni
814 522 870 569 et
914 514 1158 588 sanguini
1188 516 1386 571 directo
1416 523 1647 589 negatur
1676 518 1743 580 ⁵6,
1778 516 1871 570 sed
1901 515 2002 572 Dei

410 619 656 677 regnum,
688 603 829 675 quod
862 604 1080 658 obvenit
1126 605 1515 659 resurrectioni
1565 607 1670 675 (est
1718 616 1895 660 autem
1952 607 2006 658 et

408 696 460 748 in
503 693 767 763 judicium
814 693 1131 747 resurrectio
1189 694 1329 761 (l7);
1378 693 1491 749 imo
1548 700 1603 747 et
1659 691 2007 747 confirmatur

407 784 587 837 carnis
639 781 969 837 resurrectio
1014 782 1305 853 generalis,
1344 798 1467 837 cum
1512 781 1760 853 specialis
1809 781 2009 851 excipi-

414 879 521 926 tur.
554 871 693 923 Dum
725 868 869 925 enim
921 868 975 925 in
1021 882 1182 940 quem
1214 878 1406 925 statum
1458 885 1565 926 non
1612 879 1856 943 resurgat
1887 871 2007 926 edi-

409 957 568 1025 citur,
619 956 676 1011 in
719 972 885 1029 quem
922 964 1166 1029 resurgat
1197 958 1533 1013 subauditur.
1568 956 1748 1029 Atque
1780 960 1850 1014 ita
1878 960 2011 1013 dum

414 1058 513 1117 pro
558 1044 761 1099 meritis
808 1045 1206 1101 distinctionem
1238 1047 1647 1102 resurrectionis
1691 1061 1833 1118 cpus
1873 1048 2010 1101 sub-

413 1134 645 1204 stantite,
691 1144 800 1189 non
847 1148 1039 1205 genus,
1095 1136 1312 1205 patitur,
1356 1143 1581 1207 apparet
1626 1136 1752 1191 hinc
1798 1149 2014 1207 quoque

414 1234 631 1279 carnem
676 1228 729 1278 et
775 1221 1124 1293 sanguinem,
1156 1224 1377 1278 nomine
1405 1224 1597 1294 culpis,
1628 1236 1737 1279 non
1767 1224 2020 1279 substan-

417 1311 524 1377 tiis,
558 1310 729 1368 arceri
778 1326 808 1365 ιι
853 1310 951 1366 Dei
999 1326 1197 1383 regno;
1233 1313 1447 1367 nomine
1477 1319 1656 1366 tamen
1688 1312 1874 1368 formas
1899 1311 2016 1383 (18)

415 1412 703 1472 resurgere
747 1398 803 1455 in
846 1400 1131 1469 judicium,
1182 1400 1309 1471 quia
1356 1412 1465 1456 non
1512 1409 1801 1473 resurgant
1838 1400 1889 1454 in
1930 1415 2015 1457 re-

410 1502 595 1563 gnum.
630 1488 824 1545 Adhuc
853 1489 1024 1543 dicam
1058 1490 1171 1558 (19)
1207 1503 1220 1543 :
1256 1489 1396 1546 Caro
1425 1494 1482 1545 et
1510 1493 1747 1563 sanguis
1782 1506 2017 1562 regnum

418 1579 517 1633 Dei
544 1576 877 1633 haereditate
920 1577 1199 1649 possidere
1223 1592 1337 1633 non
1365 1582 1599 1648 possunt
1626 1576 1794 1633 808
1826 1577 2017 1632 Merito

420 1665 556 1735 sola,
606 1674 660 1719 et
707 1680 803 1735 per
839 1666 1157 1737 semetipsa;
1208 1674 1266 1719 ut
1312 1666 1620 1719 ostenderet
1651 1667 1825 1719 adhuc
1855 1666 2017 1736 spiri-

419 1761 530 1808 tum
562 1753 666 1809 iliis
693 1752 1050 1807 necessarium
1086 1769 1097 1808 :
1134 1752 1383 1823 Spiritus
1413 1751 1555 1805 enim
1586 1756 1668 1807 est
1701 1753 1797 1822 qui
1829 1754 2015 1822 viviﬁ-

419 1846 514 1899 σαί
541 1843 596 1895 in
627 1854 855 1910 regnum
888 1840 1005 1903 Dei,
1040 1855 1171 1894 caro
1200 1840 1347 1894 nihil
1374 1840 1615 1912 prodest.
1648 1841 1912 1897 Prodesse
1937 1850 2019 1895 ta-

426 1946 551 1985 men
579 1929 655 1983 illi
683 1927 732 1967 57
761 1928 899 1981 aliud
929 1934 1127 1997 potest,
1170 1928 1222 1981 id
1264 1939 1344 1984 est
1389 1930 1629 1999 spiritus,
1682 1937 1735 1983 et
1785 1945 1879 2000 per
1906 1932 2017 2001 spi-

424 2020 582 2073 ritum
631 2027 794 2087 Opera
842 2030 1058 2088 quoque
1106 2016 1343 2087 spiritus.
1378 2019 1690 2090 Resurgunt
1720 2017 1899 2089 itaque
1951 2033 2018 2074 ex

425 2120 584 2177 aequo
610 2104 661 2144 ⁵⁸
688 2104 864 2159 omnis
892 2120 1017 2161 caro
1047 2112 1102 2160 et
1132 2107 1357 2176 sanguis
1386 2107 1439 2161 in
1470 2108 1727 2177 qualitate
1758 2123 1880 2165 sua.
1914 2108 2019 2163 Sed

425 2209 655 2265 quorum
697 2199 779 2249 est
808 2195 859 2233 5°
887 2194 1033 2249 adire
1076 2209 1302 2267 regnum
1350 2196 1470 2265 Dei,
1521 2194 1744 2251 induere
1772 2196 1823 2234 6°
1851 2210 2015 2266 Opor-

426 2281 553 2336 tebit
598 2284 705 2338 vim
754 2282 1277 2351 incorruptibilitatis
1325 2291 1379 2338 et
1428 2284 1859 2349 immortalitatis,
1904 2284 2023 2341 sine

427 2384 534 2442 qua
561 2384 789 2442 regnum
838 2370 932 2426 Dei
980 2370 1129 2426 adire
1158 2385 1263 2426 non
1296 2382 1538 2442 possunt,
1569 2384 1854 2442 antequam
1883 2388 2022 2429 con-

426 2458 579 2530 sequi
610 2473 727 2513 eam
761 2457 986 2528 possint.
1019 2458 1208 2513 Merito
1245 2472 1376 2530 ergo
1422 2475 1547 2515 caro
1594 2470 1647 2515 et
1693 2464 1931 2533 sanguis,
1963 2468 2023 2517 ut

427 2547 701 2615 diximus,
749 2546 864 2601 sola
911 2560 1139 2617 regnum
1186 2547 1287 2602 Dei
1338 2560 1532 2617 capere
1575 2548 1846 2605 deficiunt.
1903 2552 2021 2607 Jam

426 2648 557 2692 vero
604 2650 727 2691 cum
776 2634 1025 2691 devorari
1080 2635 1281 2692 habeat
1340 2638 1705 2709 corruptivum
1764 2639 1908 2694 istud
1954 2642 2022 2695 ab

424 2722 940 2794 inccrruptibilitate,
988 2722 1046 2777 id
1093 2730 1176 2778 est
1220 2739 1365 2789 caro,
1409 2732 1463 2780 et
1506 2728 1731 2782 mortale
1761 2728 1926 2795 istud,
1956 2730 2023 2783 ab

425 2813 841 2881 immortalitate,
892 2812 947 2868 id
989 2818 1089 2882 est,
1143 2814 1363 2887 sanguis
1410 2826 1531 2885 post
1579 2821 2022 2873 resurrectionem

2737 1078 2964 1136 CAPUT
3002 1078 3088 1134 LI.

2192 1207 2302 1265 Sed
2339 1220 2438 1278 pro
2474 1203 2731 1263 omnibus
2766 1205 2877 1274 jam
2914 1202 3095 1269 stabit,
3126 1203 3273 1276 quod
3316 1202 3376 1259 in
3410 1203 3465 1242 6⁵
3502 1202 3720 1259 clausu-

2119 1297 2230 1353 lam
2272 1293 2687 1359 reservavimus,
2718 1291 2878 1349 etiam
2917 1306 3020 1363 pro
3066 1290 3333 1362 Apostolo
3373 1292 3497 1361 ipso
3531 1305 3721 1351 revera

2121 1383 2371 1441 maximae
2400 1380 2866 1439 inconsiderantise
2893 1379 3243 1446 revincendo,
3266 1379 3313 1435 si
3332 1387 3439 1435 tam
3467 1379 3721 1449 abrupte,

2120 1482 2179 1529 ut
2224 1472 2445 1544 quidam
2481 1470 2686 1535 volunt,
2716 1468 2928 1536 clausis,
2975 1468 3123 1539 quod
3168 1468 3564 1553 aiuntuoculis,
3597 1469 3729 1523 sine

2124 1559 2481 1623 distinctione,
2532 1558 2653 1613 sine
2697 1556 3030 1622 conditione,
3080 1570 3298 1613 omnem
3345 1555 3548 1626 passim
3596 1569 3729 1610 car-

2048 1620 2090 1695 Β
2122 1660 2247 1706 nem
2290 1655 2344 1703 et
2388 1647 2703 1716 sanguinem
2740 1661 2771 1699 a
2810 1660 2980 1717 regno
3022 1644 3123 1700 Dei
3166 1645 3397 1701 extrusit
3430 1644 3497 1712 σδ,
3532 1643 3731 1715 utique

2123 1745 2175 1793 et
2209 1737 2279 1791 ab
2315 1735 2433 1807 ipsa
2472 1734 2623 1807 regia
2669 1735 2959 1799 cmlorum;
2992 1749 3112 1789 cum
3162 1733 3275 1789 illic
3320 1734 3493 1791 adhuc
3532 1732 3736 1789 sedeat

2121 1827 2280 1881 Jesus
2313 1826 2380 1880 ad
2426 1824 2699 1880 dexteram
2742 1822 2936 1887 Patris,
2968 1824 3154 1891 homo,
3184 1821 3280 1877 etsi
3324 1823 3497 1888 Deus;
3538 1821 3737 1875 Adam

2123 1914 2468 1983 novissimus,
2499 1912 2599 1969 etsi
2638 1912 2827 1967 Sermo
2867 1912 3183 1981 primarius;
3217 1926 3344 1968 caro
3385 1919 3440 1966 et
3468 1911 3733 1981 sanguis,

2128 2003 2227 2057 etsi
2258 2002 2459 2058 nostris
2489 1998 2662 2058 869
2695 2001 2910 2071 puriora
2944 2001 3086 2071 (2i);
3119 2001 3265 2056 idem
3296 2008 3470 2055 tamen
3498 2009 3552 2055 et
3579 2000 3738 2056 sub-

2127 2091 2324 2149 stantia
2350 2098 2405 2146 et
2434 2090 2625 2155 forma,
2658 2104 2763 2160 qua
2798 2089 3073 2158 ascendit;
3109 2089 3228 2147 talis
3255 2089 3409 2145 etiam
3438 2088 3745 2145 descensu-

2127 2196 2239 2245 rus,
2271 2186 2330 2234 ut
2368 2178 2549 2249 angeli
2587 2178 2883 2243 afﬁrmant;
2914 2178 3290 2251 agnoscendus
3318 2176 3365 2215 6⁷
3396 2176 3588 2232 scilicet
3638 2175 3743 2231 eis

2128 2269 2219 2341 qui
2249 2268 2400 2322 illum
2443 2265 2962 2323 convulneraveruut
3002 2269 3138 2337 (23).
3170 2266 3268 2321 Hic
3305 2270 3583 2337 sequester
3609 2266 3745 2320 Dei

2132 2361 2304 2430 atque
2334 2355 2636 2410 hominum
2666 2355 2718 2423 (Ι
2751 2356 2887 2412 Tim.
2912 2358 2971 2424 ιι)
3002 2355 3319 2425 appellatus.
3341 2370 3407 2409 ex
3437 2352 3743 2421 utriusque

2130 2443 2297 2516 partis
2333 2441 2579 2510 deposito
2608 2443 2896 2498 commisso
2935 2444 3060 2509 sibi,
3093 2442 3268 2498 carnis
3294 2457 3509 2513 quoque
3550 2441 3745 2510 depo-

2129 2534 2289 2589 situm
2346 2538 2525 2587 servat
2571 2531 2624 2589 in
2693 2534 3009 2605 semetipso,
3072 2533 3433 2587 arrhabonem
3485 2545 3743 2585 summa:

2128 2621 2314 2676 totius.
2344 2619 2811 2687 Quemadmodum
2847 2621 2993 2676 enim
3022 2621 3177 2677 nobis
3204 2622 3575 2677 arrhabonem
3600 2622 3743 2691 spi-

2130 2711 2280 2764 ritus
2306 2709 2383 2777 (II
2411 2708 2534 2763 Cor.
2567 2708 2628 2777 γ)
2652 2707 2886 2779 reliquit,
2919 2710 2990 2765 ita
3020 2718 3073 2765 et
3098 2726 3131 2763 a
3158 2708 3333 2773 nobis,
3360 2707 3743 2764 arrhabonem

2132 2796 2312 2851 carnis
2352 2796 2558 2865 accepit
2586 2797 2723 2865 (24),
2756 2805 2810 2852 et
2841 2798 2985 2854 vexit
3011 2798 3067 2852 in
3096 2798 3290 2853 coelum
3327 2797 3523 2868 pignus
3550 2796 3747 2851 totius

425 2919 489 2960 ex
521 2902 915 2971 demutatione;
949 2900 1160 2971 merito,
1200 2883 1308 2956 non
1337 2883 1705 2959 61vdemutala
1744 2920 1805 2960 ac
1854 2909 2027 2962 devo-
2059 2906 2101 2983 ο
2132 2901 2357 2942 summa“
2401 2883 2529 2983 illuc
2566 2886 2891 2983 (ἶυεξΠάοίῐιιθ
2938 2886 3246 2983 ΥΘῙῘΒθυάεθ·
3272 2885 3460 2983 βθουτί
3500 2886 3549 2921 ⁸³
3576 2892 3750 2939 θείω

425 2996 540 3045 rata
584 3003 713 3045 caro
741 2995 793 3044 et
822 2989 1061 3061 sanguis,
1094 3005 1321 3063 regnum
1353 2991 1452 3045 Dei
1482 2993 1790 3049 haereditate
1818 2996 1866 3033 ⁶²
1893 3012 2024 3066 pos-

428 3076 605 3133 s‘idere
650 3093 759 3133 non
802 3077 854 3116 ⁸³
903 3086 1147 3149 possunt,
1200 3094 1307 3135 non
1352 3088 1532 3136 tamen
1574 3082 1624 3121 6⁵⁵
1670 3084 2009 3140 resuscitata.

431 3166 566 3221 Sunt
614 3164 705 3239 qui
753 3180 971 3222 carnem
1030 3172 1087 3222 et
1143 3168 1463 3239 sanguinem
1506 3169 1843 3225 Judaismum
1900 3172 2016 3241 (20)

2133 2983 2207 3040 te,
2238 2990 2361 3030 caro
2393 2979 2447 3029 et
2483 2974 2732 3047 sanguis;
2765 2976 3066 3047 usurpastis
3096 2984 3149 3031 et
3184 2976 3380 3031 ccelum
3411 2982 3463 3028 et
3487 2989 3749 3043 regnum

2132 3064 2232 3119 Dei
2260 3064 2317 3118 in
2362 3062 2571 3118 Christo
2602 3065 2745 3131 (25).
2776 3065 2883 3119 Aut
2930 3065 2975 3118 si
3019 3071 3217 3136 negent
3254 3078 3352 3118 vos
3388 3063 3443 3117 in
3478 3061 3751 3127 Christo,

2126 3158 2325 3222 negent
2350 3154 2406 3207 et
2433 3151 2491 3205 in
2543 3150 2682 3206 coelo
2736 3151 3029 3217 Christum,
3087 3152 3181 3224 qui
3210 3152 3366 3209 vobis
3401 3152 3595 3207 coelum
3624 3165 3762 3206 ne-

1808 3270 1997 3330 Variaa
2044 3271 2352 3331 lectiones.

499 3362 551 3443 ξε
580 3367 895 3443 Denegatur
924 3369 1078 3443 Pam.
1112 3368 1364 3443 Frau.__57
1393 3368 1504 3443 Illis
1530 3370 1671 3427 Pam
1698 3374 1864 3428 Fran.
1898 3373 1949 3409 ⁵8
1976 3373 2056 3427 Ex
2085 3388 2149 3428 eo
2188 3388 2296 3443 quo
2338 3373 2514 3429 Rhen.
2558 3373 2728 3430 Seml.
2770 3371 2820 3409 59
2860 3371 2953 3425 Est
2982 3388 3099 3427 non
3137 3371 3298 3427 habet
3329 3370 3501 3443 Rhen.
3542 3369 3743 3443 Sena].

427 3436 477 3478 σο
499 3436 767 3496 Induceré
790 3439 965 3495 Rhea.
998 3439 1165 3495 Seml.
1198 3440 1244 3477 δι
1277 3440 1395 3494 Non
1426 3442 1579 3496 abest
1608 3459 1641 3495 α
1672 3443 1845 3499 Rhen.
1878 3444 2047 3499 Seml.
2080 3444 2129 3481 62
2158 3436 2462 3499 Ηὲηιοθίὶίιτιῑὶ
2492 3444 2666 3499 Βήθη.
2702 3444 2869 3499 Seml.
2914 3444 3037 3499 Ven.
3068 3443 3117 3480 63
3147 3444 3264 3497 Non
3284 3442 3491 3497 abesto
3528 3440 3734 3495 Paris.

425 3513 474 3549 6⁵
503 3514 625 3567 Non
652 3512 871 3585 abesto
901 3510 1076 3567 Rhen.
1129 3510 1295 3567 Seml.
1327 3511 1378 3549 6⁵
1405 3512 1463 3566 In
1492 3515 1680 3570 omitt.
1717 3516 1885 3571 Seml.
1927 3516 1977 3561 56.
2004 3516 2244 3570 Extruxit
2285 3517 2459 3572 Rhen.
2493 3515 2539 3553 57
2571 3514 2922 3585 Agnoscendi
2970 3514 3144 3570 Itium.
3185 3514 3237 3552 6⁸
3288 3516 3501 3569 Securae
3556 3514 3747 3567 Pam.

436 3586 604 3641 Iv‘ran.
634 3584 769 3639 Par.
812 3583 942 3640 Ven.

1835 3706 2331 3770 Commentarius.

432 3834 619 3904 $07)
642 3835 739 3889 Est
765 3835 961 3887 autem
981 3837 1038 3904 et
1060 3834 1123 3885 in
1135 3831 1424 3903 judicium
1456 3838 1806 3892 resurrectio.
1833 3837 2029 3891 Paren-

437 3903 577 3959 thesi
622 3904 726 3957 hoc
772 3916 981 3977 comma
1029 3903 1360 3977 inclusimus,
1409 3905 1476 3957 ad
1522 3921 1742 3960 sensum
1790 3908 2026 3977 apertio-

436 3988 580 4048 rem;
632 3968 985 4048 quogalludit
1013 3981 1066 4048 et
1110 3969 1241 4025 illud
1276 3973 1436 4029 Joan.
1469 3989 1527 4028 vt
1563 3990 1575 4026 :
1630 3979 1695 4031 Et
1729 3968 2029 4048 precedent

435 4044 703 4119 qui_bona
730 4046 989 4119 fecer-urit
1005 4043 1069 4097 in
1090 4048 1565 4119 resurrectionem
1578 4043 1749 4119 ρίίαεξ
1776 4052 1876 4119 qui
1904 4064 2029 4107 vero

434 4115 589 4171 mula
617 4118 873 4187 egerunt.
903 4115 965 4169 in
992 4116 1462 4171 resurrectionem
1483 4117 1710 4187 judicii.
1743 4115 1886 4177 Ρλιι.

510 4189 621 4256 (18)
654 4186 887 4259 Nomine
919 4190 1110 4241 tamen
1153 4188 1373 4259 fornae.
1421 4186 1667 4243 FOrmam
1720 4190 1940 4259 perinde
1969 4207 2031 4245 ac

437 4256 784 4333 substantiam
832 4271 1003 4324 nuper
1045 4257 1269 4328 accepit.
1324 4258 1523 4333 Sensus
1570 4272 1671 4333 est,
1720 4256 1766 4313 si
1812 4262 2031 4333 quidem

438 4338 657 4400 propter
684 4328 1045 4400 culpamnon
1092 4331 1485 4400 resurgantqad
1534 4328 2033 4400 gloriosam'resur-

438 4399 733 4453 rectionem
780 4408 835 4452 et
878 4398 1063 4464 vitam,
1098 4398 1275 4454 tamen
1307 4398 1512 4461 ratione
1540 4398 1668 4456 suae
1718 4404 2031 4457 substantia:

438 4467 939 4542 resurgentsaltem
969 4466 1035 4523 ad
1059 4468 1346 4542 judicium.
1379 4468 1509 4524 Lac.

506 4537 625 4619 (19)
652 4537 844 4619 Adhuc
873 4537 1081 4619 dicam.
1120 4538 1579 4619 Liberaliusagit,
1604 4548 1699 4619 _et_
1723 4540 1813 4597 dat
1845 4545 2030 4619 haere-

437 4606 578 4681 ticis,
601 4606 716 4681 non
744 4609 917 4663 solum
946 4610 1262 4679 Apostolum
1293 4609 1441 4681 loqui
1485 4606 1559 4665 de
1601 4610 1731 4679 ipsis
1778 4615 2029 4669 substan-

440 4679 525 4752 tiis
556 4679 737 4752 stricte
783 4688 999 4747 accepta
1030 4695 1160 4735 voce
1190 4679 1383 4737 carnis
1412 4686 1469 4739 et
1493 4684 1821 4752 sanguinis;
1856 4689 1951 4737 sed
1981 4694 2033 4741 et

436 4750 763 4819 impossibile
819 4766 970 4823 esse,
1025 4767 1253 4823 regnum
1301 4752 1401 4807 Dei
1450 4750 1768 4810 haereditare
1804 4750 2031 4810 'carnem

436 4828 489 4875 et
518 4824 856 4893 sanguinem.
887 4822 1018 4893 Lac.

504 4891 801 4968 (2())“ᾆιιηι⁸
819 4892 917 4960 qui
945 4907 1175 4968 carnem
1193 4895 1262 4968 et
1288 4895 1624 4968 sanguinem
1655 4895 2028 4968 Judaismum,

433 4969 538 5037 etc.
590 4960 749 5037 Prior_
791 4962 1157 5037 interpretatio
1189 4961 1310 5032 fuit,
1341 4960 1487 5034 quod
1515 4980 1640 5019 caro
1687 4976 1741 5020 et
1785 4960 2026 5037 sanguis,

432 5030 536 5085 etsi
582 5045 690 5084 non
736 5028 790 5083 in
822 5028 1448 5106 resurrectionem'v'itte
1494 5044 1798 5106 resurgant,
1854 5028 2030 5093 reusur;

434 5106 566 5179 gent
593 5110 769 5154 tamen
819 5099 875 5179 in
910 5102 1201 5179 judicium.
1234 5104 1524 5179 Posterior,
1556 5099 1688 5171 hinc,
1726 5099 1873 5179 quod
1902 5126 2027 5165 car-

432 5170 517 5224 nis
566 5170 953 5248 et_sanguinis
1009 5175 1240 5248 nomine
1287 5170 1597 5231 Judaisnius
1652 5170 2023 5248 intelligatur,

430 5241 883 5315 quemadmodum
912 5244 1169 5315 accipitur
1197 5246 1263 5300 ab
1292 5248 1486 5315 Apost.
1524 5249 1707 5303 Galat.
1742 5264 1781 5303 ι.
1814 5241 1949 5305 Fam.

504 5312 618 5382 (21)
652 5314 1003 5389 Νοῃᾼτεειιίἱι
1030 5312 1107 5371 ad
1134 5312 1381 5389 carnem;
1394 5322 1448 5372 et
1475 5320 1829 5387 sanguinem.
1858 5321 2025 5389 Magis

428 5384 691 5453 expressit
741 5386 839 5456 hic
874 5386 1112 5451 Auctor,
1163 5387 1307 5456 quod
1353 5387 1544 5442 Griece
1582 5384 1669 5441 est
1716 5407 1871 5456 προσα
1918 5384 2024 5442 itit-

420 5473 537 5525 μην,
571 5472 731 5527 quam
775 5454 863 5509 alii
911 5454 1194 5525 vertendo,
1244 5459 1686 5527 nonncquievi.
1716 5454 1881 5513 Recte
1929 5476 2027 5515 au-

426 5530 538 5578 tem
589 5525 985 5595 interpretatur
1036 5528 1237 5581 Auctor
1291 5525 1625 5581 Judaismum
1695 5543 1913 5585 carnem
1970 5538 2025 5587 et

428 5595 766 5666 sanguinem,
816 5611 878 5651 ac
928 5595 973 5649 si
1018 5596 1162 5652 dicat
1193 5614 1207 5651 :
1257 5613 1433 5668 neque
1462 5614 1521 5653 se
1552 5596 1798 5657 retulisse
1825 5604 1890 5656 ad
1921 5603 2022 5659 Ju-

2066 4466 2110 4544 υ
2140 4468 2504 4544 con/inerunt
2531 4466 2711 4544 liabet.

2135 3831 2316 3902 daeos,
2347 3845 2524 3902 neque
2579 3831 2650 3902 ad
2703 3838 3249 3902 antecessoresusuos
3302 3831 3601 3902 apostolos;
3661 3842 3740 3887 ut.

2136 3916 2244 3955 non
2275 3899 2344 3954 sit
2383 3899 2603 3957 necesse
2641 3901 2890 3957 laborare
2922 3902 2991 3955 ad
3034 3899 3350 3957 diluendam
3377 3899 3735 3969 calumniam,

2136 3987 2239 4043 qua
2271 3974 2546 4041 apostolos
2584 3974 2853 4028 vocaverit
2882 3988 3101 4027 carnem
3128 3982 3180 4027 et
3208 3974 3545 4043 sanguinem.
3582 3973 3733 4043 Pass.

2207 4044 2323 4115 (22)
2360 4046 2497 4100 Caro
2538 4048 2595 4098 et
2638 4047 2892 4113 sanguis,
2922 4046 3023 4100 etsi
3060 4047 3273 4100 nostris
3312 4042 3576 4115 puriora.
3614 4042 3743 4099 Huc

2140 4114 2371 4184 pertinet
2428 4115 2569 4184 quod
2626 4114 2934 4169 scholastici
2988 4115 3239 4170 doctores
3297 4114 3534 4181 tradunt,
3563 4116 3741 4169 Chri-

2140 4188 2281 4237 stum
2330 4194 2645 4253 conceptum
2697 4202 2763 4239 ex
2821 4186 3117 4255 purissimis
3153 4185 3211 4239 B.
3257 4185 3497 4255 Virginis
3544 4187 3737 4239 Maria!

2139 4255 2513 4321 sanguinibus.
2553 4258 2686 4309 ΡΑΜ.

2212 4328 2322 4394 (23)
2354 4328 2745 4399 Agnoscendus
2769 4328 2986 4383 scilicet
3008 4329 3085 4384 eis
3111 4330 3205 4399 qui
3234 4327 3405 4381 illum
3432 4329 3743 4399 convulne-

2143 4402 2435 4452 raverunt.
2469 4397 2645 4467 Supra
2692 4414 2812 4467 cap.
2857 4402 2944 4463 26,
2976 4406 3027 4451 et
3074 4397 3138 4454 de
3190 4400 3367 4454 Carne
3418 4397 3517 4453 Ch.
3547 4414 3597 4452 c.
3638 4401 3736 4465 44,

2796 4468 3136 4539 gnoscendus
3165 4468 3330 4540 igitur
3371 4476 3455 4523 est
3488 4469 3739 4523 Christus

2141 4540 2223 4610 ab_
2260 4540 2344 4606 iis,
2394 4541 2483 4610 qui
2538 4537 2685 4593 illum
2740 4537 3238 4610 vulneraverunt?
3297 4538 3354 4593 in
3411 4540 3735 4594 eorumdem

2138 4608 2424 4665 vulnerum
2472 4610 2812 4682 stigmatibus
2864 4618 3036 4682 servat
3094 4608 3269 4682 adhuc
3317 4610 3560 4665 Christus
3611 4613 3733 4665 vul-

2139 4694 2270 4802 Bera
2300 4697 2426 4751 sua;
2456 4679 2711 4751 explicuit
2758 4680 2835 4734 sic
2882 4680 2939 4735 S.
2971 4679 3168 4754 Epiph.
3203 4697 3369 4737 scrm.
3407 4682 3473 4737 de
3504 4684 3735 4737 Ascens.

2181 4762 2270 4802 AC.

2181 4762 2270 4805 AC.

2210 4822 2325 4891 (24)
2372 4823 2455 4895 Ita
2486 4826 2540 4876 et
2579 4839 2613 4875 a
2651 4823 2806 4877 nobis
2843 4821 3214 4877 arrhabonem
3252 4825 3443 4877 carnis
3491 4824 3730 4895 accepit.

2140 4892 2621 4963 Commutationem
2677 4895 2961 4963 quamdam
3021 4904 3073 4946 et
3130 4896 3516 4947 commercium
3578 4892 3735 4947 notat

2138 4961 2277 5015 inter
2317 4977 2414 5016 nos
2464 4970 2516 5016 et
2546 4961 2738 5033 Deum,
2773 4964 2913 5018 inter
2939 4964 3128 5018 coelum
3170 4974 3224 5016 et
3271 4973 3485 5028 terram,
3522 4973 3579 5017 ut
3608 4980 3734 5019 caro

2137 5041 2338 5099 nostra,
2362 5048 2480 5103 quae
2512 5034 2562 5086 in
2594 5038 2730 5088 caelo
2757 5050 2862 5088 non
2895 5043 3028 5097 erat,
3052 5043 3476 5089 committeretur
3504 5052 3604 5103 pro
3630 5037 3737 5102 spi-

2137 5103 2241 5156 ritu
2272 5104 2389 5169 Dci,
2414 5104 2505 5173 qui
2527 5106 2578 5157 in
2604 5113 2738 5159 terra
2762 5122 2867 5159 non
2887 5110 3016 5169 erat,
3040 5117 3093 5159 ut
3124 5106 3201 5159 sic
3222 5113 3277 5157 et
3302 5120 3426 5160 caro
3458 5107 3512 5159 in
3561 5106 3732 5165 caelis,

2133 5182 2186 5227 et
2216 5174 2437 5243 spiritus
2476 5174 2529 5228 in
2579 5178 2736 5230 terris
2774 5185 2932 5231 esset.
2968 5178 3076 5231 Hoc
3105 5178 3485 5230 commercium
3527 5178 3734 5244 obliga-

2134 5244 2203 5297 tis
2257 5245 2743 5318 arrhisutrinque,
2796 5247 3038 5302 Christus
3079 5250 3221 5301 vu-lut
3268 5248 3476 5301 divinus
3532 5263 3731 5318 proxe-

2135 5321 2254 5368 neta
2284 5316 2589 5373 sollicitavit
2616 5330 2669 5371 et
2700 5318 3125 5372 consummatit:
3160 5336 3277 5372 cum
3310 5319 3506 5371 coelum
3534 5316 3730 5373 ascen-

2133 5386 2233 5449 dit,
2268 5394 2395 5441 tunc
2442 5398 2495 5442 et
2551 5388 2799 5457 Spiritum
2848 5391 2911 5442 ad
2973 5406 3073 5442 nos
3124 5389 3363 5453 demisit,
3397 5399 3448 5443 et
3506 5404 3729 5443 carnem

2133 5464 2373 5511 nostram
2404 5457 2455 5511 in
2486 5459 2691 5513 emittm
2730 5460 3044 5515 introduxit.
3080 5459 3211 5514 Lac.

2199 5528 2315 5598 (25)
2354 5532 2675 5601 Usurpastis
2703 5535 2759 5588 et
2785 5532 2991 5586 caelum
3030 5536 3085 5586 et
3117 5547 3355 5601 regnum
3383 5532 3445 5584 in
3481 5530 3729 5586 Christo.

2128 5595 2357 5654 Carnem
2402 5595 2539 5655 dixit
2574 5615 2836 5673 usurpare
2863 5603 2920 5657 in
2963 5605 3065 5660 hoc
3104 5595 3551 5660 commutationis
3578 5614 3732 5659 com-
