4030 6184
331 264 442 326 91-7

1395 260 1582 328 LIBER
1625 259 1710 320 DE
1745 257 2284 328 RESURRBCTIONE
2319 257 2580 322 (lAPtNlS.

3519 263 3628 326 918

331 397 618 464 gaverunt.
649 389 730 442 Ita
775 399 878 444 nec
923 391 1267 460 corruptela,
1315 387 1512 460 inquit,
1560 387 1612 426 69
1655 389 1928 444 incorru-
1955 400 2004 480 λ
2037 385 2301 456 ruptelam
2330 393 2382 441 et
2429 384 2830 452 mortalitatem,
2881 397 3008 450 caro
3051 383 3252 446 scilicet
3297 395 3350 446 et
3381 390 3626 464 sanguis,

329 477 551 554 ptelam
581 478 914 536 hcereditati
943 477 1166 534 habebit
1191 497 1212 546 ;
1243 489 1348 534 non
1377 484 1437 532 ut
1465 489 1686 532 carnem
1715 483 1770 530 et
1797 492 1927 530 saur-

331 570 554 642 guinem
599 567 878 623 existimes
913 566 1282 637 corruptelam
1313 609 1326 632 ,
1377 566 1598 638 quando
1645 567 1764 637 ipsa
1821 563 1930 620 sint

329 659 518 731 potius
571 655 800 713 obnoxia
873 655 1194 725 corruptelae
1249 667 1346 725 per
1415 662 1647 712 mortem
1723 652 1928 710 scilicet

329 747 624 818 (siquidem
677 755 828 799 more
889 753 991 810 est,
1051 757 1172 815 qum
1226 755 1441 798 carnem
1495 749 1550 797 et
1603 742 1926 814 sanguinem

331 849 442 891 non
471 835 636 890 modo
672 832 992 903 corrumpit,
1023 847 1208 888 verum
1257 833 1418 887 etiam
1445 832 1772 900 consumit);
1805 831 1925 896 sed,

329 923 592 996 quoniam
617 935 788 994 Opera
833 921 1010 976 carnis
1040 929 1091 975 et
1123 920 1406 994 sanguinis
1451 935 1560 976 non
1589 935 1752 991 posse
1781 934 1922 975 con-

328 1013 480 1086 sequi
518 1025 746 1086 regnum
775 1010 874 1064 Dei
904 1010 1166 1078 edixerat,
1199 1023 1306 1080 quo
1352 1008 1528 1080 magis
1553 1009 1656 1064 hoc
1684 1023 1924 1083 exagge-

325 1107 495 1165 raret,
553 1099 658 1170 ipsi
709 1111 932 1170 quoque
987 1097 1327 1168 corruptela,
1387 1098 1442 1152 id
1489 1107 1574 1154 est
1627 1097 1805 1164 morti,
1839 1097 1928 1153 cui

325 1189 510 1247 carnis
534 1193 591 1244 et
637 1185 922 1260 sanguinis
972 1197 1140 1258 opera
1187 1183 1500 1256 proﬁciunt,
1553 1185 1927 1242 haereditatem

325 1275 712 1348 incorruptelse
769 1274 993 1332 ademit.
1048 1276 1188 1330 Nam
1235 1281 1290 1331 et
1335 1276 1500 1347 paulo
1553 1281 1698 1346 post,
1757 1274 1928 1346 ipsius

327 1365 532 1422 mortis
562 1365 796 1438 quodam
827 1363 994 1420 modo
1021 1370 1246 1420 mortem
1291 1365 1555 1434 expressit
1595 1379 1612 1418 :
1655 1368 1928 1422 Deoorata

323 1461 408 1514 est
433 1471 606 1520 mors,
629 1454 817 1510 dicens
837 1454 891 1524 (Ι
917 1455 1039 1511 Cor.
1061 1455 1182 1526 xv),
1201 1454 1264 1510 in
1285 1456 1712 1510 contentionem
1731 1455 1804 1510 το.
1831 1455 1928 1512 Ubi

335 1550 444 1614 est,
473 1561 646 1610 mors,
680 1544 915 1600 aculeus
939 1543 1118 1614 tuus?
1136 1543 1232 1598 ubi
1249 1547 1352 1610 est,
1376 1558 1547 1614 mors,
1573 1543 1856 1599 contentio
1876 1543 1924 1580 71

327 1641 432 1690 tua
455 1633 736 1689 ?Aculeu.s
757 1635 951 1688 autem
979 1633 1183 1688 mortis
1213 1629 1646 1704 delinquentia;
1677 1632 1794 1687 haec
1822 1631 1924 1686 erit

327 1721 634 1792 corruptela
664 1737 678 1774 :
707 1722 902 1778 virtus
947 1724 1142 1776 autem
1183 1719 1626 1793 delinquentice,
1661 1722 1755 1777 lea:
1788 1718 1922 1777 :illa

333 1809 444 1864 alia
471 1809 588 1865 sine
615 1809 795 1875 dubio,
827 1823 986 1879 quam
1009 1808 1288 1864 constituit
1312 1809 1368 1863 in
1388 1810 1646 1864 membris
1673 1809 1782 1864 suis
1809 1809 1925 1880 (26)

335 1898 656 1953 militantem
701 1899 956 1953 adversus
992 1897 1164 1968 legem
1211 1898 1374 1951 animi
1420 1897 1525 1967 sui,
1563 1898 1738 1968 ipsam
1767 1897 1922 1952 scilia

327 1993 418 2042 cet
461 1987 566 2043 vim
611 1981 956 2056 delinquendi
1003 1993 1190 2040 contra
1235 1987 1587 2042 voluntatem.
1629 1987 1768 2040 Nam
1795 1993 1850 2041 et
1875 1985 1925 2026 72

323 2089 490 2145 supra
527 2076 896 2132 novissimum
933 2072 1115 2130 επ)
1141 2075 1466 2140 inimicum,
1506 2079 1769 2140 mortem,
1795 2089 1923 2132 eva-

321 2165 490 2222 cuari
509 2163 600 2220 ait.
616 2165 730 2219 Hoc
741 2163 1040 2230 modo,nec
1060 2163 1366 2234 corruptela
1387 2159 1758 2219 haereditatem
1777 2165 1828 2205 73
1843 2165 1924 2218 in-

323 2252 649 2322 corruptelse
678 2259 1037 2324 consequetur
1063 2252 1131 2316 ⁷4,
1171 2251 1228 2306 id
1259 2259 1360 2320 est,
1395 2267 1499 2309 nec
1535 2265 1684 2306 mors
1728 2267 1920 2324 perse-

327 2342 537 2399 verabit
562 2343 632 2399 ⁷⁵.
663 2341 914 2412 Quando,
943 2349 997 2398 et
1025 2342 1300 2413 quomodo
1343 2342 1660 2397 defectura?
1693 2345 1833 2400 Cum
1857 2343 1921 2398 in

323 2435 535 2498 atomo,
564 2434 629 2488 in
658 2434 1053 2487 momentaneo
1096 2431 1250 2486 oculi
1298 2435 1480 2496 motu,
1521 2432 1586 2486 in
1614 2431 1923 2489 novissima

328 2521 462 2575 tuba
499 2525 554 2576 et
589 2521 808 2578 mortui
839 2523 1138 2590 resurgant
1171 2520 1514 2591 incorrupti.
1564 2517 1670 2589 Qui
1709 2521 1782 2587 hi,
1817 2521 1920 2576 nisi

321 2607 416 2680 qui
463 2615 590 2662 ante
652 2607 920 2678 corrupti,
973 2606 1026 2661 id
1083 2613 1183 2672 est,
1235 2622 1485 2678 corpora,
1526 2607 1582 2661 id
1639 2615 1741 2674 est,
1794 2621 1920 2664 caro
1955 2637 1998 2715 ε

322 2705 376 2752 et
403 2697 626 2769 sanguis
647 2697 676 2752 ‘l
705 2695 778 2753 Et
807 2707 914 2754 nos
942 2696 1372 2753 demutabimur
1405 2697 1474 2751 ⁷1.
1517 2697 1594 2751 De
1619 2707 1728 2768 qua
1761 2697 1916 2752 habi-

325 2783 535 2848 tudine,
565 2785 670 2840 nisi
723 2786 776 2839 in
805 2799 913 2856 qua
961 2785 1470 2856 deprchendemur?
1513 2787 1738 2859 Oportet
1766 2788 1920 2843 enim

329 2875 714 2946 corruptivum
743 2874 895 2931 istud
913 2874 1152 2930 induere
1169 2875 1672 2947 incorruptionem,
1697 2877 1754 2929 et
1771 2891 1922 2931 mor-

333 2964 451 3021 tale
475 2963 634 3019 istud
679 2963 919 3018 induere
944 2965 1469 3019 immortalitatem.
1500 2963 1642 3031 Quid
1675 2963 1916 3031 mortale,

323 3052 430 3106 nisi
451 3065 574 3106 caro
593 3052 622 3106 τ
642 3051 770 3122 quid
800 3049 1302 3122 corruptivummisi
1323 3051 1542 3121 sanguis
1565 3051 1594 3106 't
1621 3051 1700 3106 Ac
1719 3067 1792 3106 ne
1813 3067 1921 3124 pu-

321 3149 406 3196 tes
455 3139 504 3178 7"
553 3139 696 3194 aliud
735 3139 936 3194 sentire
997 3139 1321 3209 Apostolum
1375 3138 1746 3209 providentem
1803 3139 1918 3204 tibi,

320 3235 400 3298 et,
429 3233 488 3284 ut
517 3223 586 3283 de
635 3239 798 3284 carne
827 3227 1034 3284 dictum
1079 3225 1377 3302 intelligas,
1410 3226 1760 3292 laborantem,
1799 3241 1918 3284 cum

320 3319 481 3384 dicit,
509 3319 666 3375 istud
698 3320 1113 3390 corruptivum,
1148 3323 1220 3382 et,
1256 3317 1410 3374 istud
1446 3319 1708 3384 mortale,
1739 3325 1916 3374 cutem

317 3407 496 3478 ipsam
529 3413 740 3473 tenens,
784 3403 910 3462 dicit
956 3407 1092 3478 (2'7).
1137 3405 1296 3462 Certe
1325 3405 1484 3462 istud
1525 3407 1628 3460 nisi
1673 3407 1742 3462 de
1791 3407 1920 3462 sub-

312 3498 484 3565 jecto,
539 3494 641 3550 nisi
695 3497 760 3550 de
809 3495 1142 3567 competenti
1209 3497 1588 3565 pronuntiasse
1648 3509 1756 3550 non
1813 3511 1916 3566 po-

319 3583 441 3640 tuit.
479 3583 965 3639 Demonstrationis
1011 3583 1314 3656 corporalis
1351 3591 1433 3639 est
1478 3582 1724 3641 verbum.
1753 3583 1918 3639 Aliud

318 3679 499 3727 autem
545 3671 596 3710 ’τε
633 3671 1033 3742 corruptivum,
1084 3671 1226 3726 aliud
1273 3671 1623 3745 corruptela;
1673 3678 1728 3727 et
1771 3671 1917 3728 aliud

321 3759 568 3824 mortale,
602 3765 655 3814 et
693 3760 835 3816 aliud
867 3759 1184 3816 mortalitas.
1217 3760 1384 3816 Aliud
1424 3760 1566 3814 enim
1597 3761 1745 3832 quod
1771 3761 1916 3833 pati-

325 3849 436 3913 tur,
469 3847 610 3903 aliud
636 3849 780 3920 quod
823 3849 938 3919 pati
970 3847 1154 3904 efﬁcit.
1189 3850 1285 3915 Ita,
1325 3863 1450 3920 quae
1475 3848 1751 3920 patiuntur
1788 3865 1915 3906 cor-

2037 491 2100 530 ea
2128 489 2350 531 necesse
2379 481 2464 530 est
2497 475 2768 546 patiantur
2793 481 2847 530 et
2885 476 3294 548 incorruptelam
3323 485 3379 537 et
3406 479 3629 537 immor-

2035 563 2299 620 talitatem
2328 564 2396 618 τε).

2637 651 2860 708 CAPUT
2915 653 3024 709 LII.

2103 740 2396 798 Videamus
2419 739 2470 780 ⁸ο
2495 740 2606 811 jam
2635 749 2780 798 nunc
2808 757 2914 816 quo
2955 757 3184 814 corpore
3221 749 3484 802 venturos
3514 745 3626 819 (28)

2032 837 2278 885 mortuos
2338 829 2574 901 diSputet
2599 871 2613 885 .
2663 831 2732 886 Et
2787 832 2924 887 bene
2945 872 2960 901 ,
3019 829 3162 904 quod
3219 833 3398 906 erupit
3453 835 3630 891 statim

2033 919 2356 987 ostendere,
2405 919 2557 992 quasi
2610 920 2733 992 quis
2789 921 3060 990 ejusmodi
3116 929 3360 994 quierat.
3418 925 3628 992 Stulte,

2033 1008 2232 1078 inquit,
2266 1013 2332 1063 tu
2361 1009 2506 1082 quod
2532 1009 2798 1077 seminas,
2830 1021 2946 1064 non
2985 1007 3034 1047 18
3068 1011 3394 1080 viviﬁcatur
3421 1011 3493 1078 82,
3519 1015 3634 1070 nisi

2031 1101 2330 1156 mortuum
2357 1099 2559 1170 fuerit.
2593 1097 2705 1154 Hoc
2731 1111 2863 1168 ergo
2890 1099 3004 1168 jam
3035 1099 3100 1153 de
3127 1099 3382 1171 exemplo
3409 1099 3632 1174 seminis

2033 1193 2260 1254 constet,
2291 1197 2406 1243 non
2453 1187 2618 1243 aliam
2663 1186 2922 1245 viviﬁcari
2961 1191 3200 1262 carnem,
3253 1189 3414 1262 quam
3457 1189 3628 1261 ipsam

2033 1291 2156 1348 quas
2211 1275 2315 1331 erit
2383 1283 2596 1332 mortua
2620 1315 2635 1346 ,
2689 1283 2744 1331 et
2793 1279 2872 1332 ita
2927 1278 3206 1347 sequentia
3275 1278 3628 1336 relucebunt:

2033 1363 2167 1419 nihil
2213 1364 2360 1420 enim
2404 1365 2660 1423 adversus
2706 1364 2957 1438 regulam
2989 1364 3150 1423 87]
3188 1367 3420 1440 exempli
3449 1365 3633 1424 licebit

2033 1453 2274 1524 intelligi.
2326 1453 2455 1523 Nec,
2504 1453 2629 1524 quia
2663 1453 2716 1492 ⁸³
2759 1454 3026 1527 sequitur,
3073 1457 3144 1510 Et
3180 1455 3324 1528 quod
3353 1455 3630 1529 ‘seminas,

2031 1557 2150 1598 non
2177 1557 2382 1614 corpus
2399 1542 2544 1614 quod
2558 1545 2832 1614 futurum
2847 1547 2950 1608 est,
2974 1545 3243 1612 seminus,
3267 1543 3468 1600 idcirco
3485 1543 3630 1600 aliud

2035 1638 2464 1686 resurrecturum
2508 1646 2724 1701 corpus,
2755 1639 2917 1701 quam
2957 1631 3102 1702 quod
3148 1631 3428 1690 moriendo
3463 1631 3632 1688 semi-

2034 1729 2210 1784 natur,
2262 1713 2580 1784 existimes;
2628 1725 2903 1782 caeterum,
2951 1718 3192 1775 excidisti
3241 1719 3308 1776 ab
3353 1721 3626 1794 exemplo.

2033 1809 2320 1879 Nunquam
2377 1809 2549 1874 enim,
2601 1806 2876 1863 frumento
2931 1807 3212 1874 seminata,
3274 1815 3328 1864 et
3381 1810 3436 1864 in
3485 1817 3630 1867 terra

2032 1895 2313 1960 dissoluto,
2363 1891 2628 1952 hordeum
2674 1896 2927 1969 erumpit,
2961 1903 3015 1952 et
3049 1911 3157 1952 non
3187 1895 3424 1966 idipsum
3453 1913 3629 1972 genus

2031 1985 2188 2056 grani
2234 1985 2534 2056 eademque
2577 1993 2790 2051 natura,
2842 1991 2894 2042 et
2938 1983 3168 2056 qualitas
3213 1985 3286 2054 84,
3338 1997 3392 2041 et
3429 1983 3625 2042 forma.

2031 2075 2311 2146 Denique,
2367 2076 2546 2143 unde,
2605 2076 2650 2130 si
2701 2089 2810 2130 non
2845 2073 3080 2146 idipsum
3120 2073 3149 2129 ?
3199 2071 3270 2130 Et
3318 2073 3627 2146 corruptela

2031 2163 2176 2219 enim
2205 2163 2386 2234 ipsum
2416 2169 2514 2230 est,
2545 2163 2676 2218 dum
2702 2161 2876 2234 ipsius
2904 2169 3006 2219 est.
3033 2163 3156 2218 Non
3189 2161 3332 2219 enim
3361 2171 3415 2220 et
3434 2179 3630 2239 sugge-

2031 2253 2121 2320 rit,
2151 2252 2428 2323 quomodo
2455 2267 2566 2308 non
2597 2253 2744 2324 quod
2773 2252 3009 2308 futurum
3056 2257 3140 2307 est
3167 2267 3364 2324 corpus
3397 2253 3628 2310 semine-

2029 2347 2117 2397 tur
2143 2341 2216 2408 85,
2245 2341 2466 2398 dicens:
2502 2342 2607 2398 Sed
2636 2341 2857 2397 nudum
2893 2359 3161 2414 granum,
3203 2343 3256 2398 si
3298 2345 3448 2416 forte
3485 2345 3625 2415 fru-

2027 2431 2232 2498 menti,
2262 2435 2362 2488 aut
2391 2429 2636 2502 alicujus
2667 2429 2973 2502 ejusmodi;
3007 2431 3150 2486 Deus
3177 2435 3372 2488 autem
3407 2429 3508 2487 dat
3535 2431 3630 2489 illi

2029 2535 2246 2591 corpus,
2292 2521 2468 2591 prout
2509 2517 2686 2574 vult?
2715 2519 2868 2574 Certe
2915 2515 2966 2572 ei
3013 2533 3200 2590 grano,
3233 2520 3375 2590 quod
3417 2519 3626 2576 nudum

2028 2607 2281 2664 seminari
2327 2607 2421 2662 ait.
2477 2607 2650 2676 Certe,
2699 2603 2898 2677 inquis.
2947 2607 3096 2678 Ergo
3134 2608 3338 2664 salvum
3387 2615 3486 2674 est,
3537 2607 3623 2664 cui

2033 2697 2162 2750 dare
2227 2695 2395 2749 habet
2449 2696 2599 2750 Deus
2654 2709 2891 2766 corpus.
2945 2691 3230 2762 Quomodo
3285 2703 3463 2750 autem
3514 2695 3624 2750 sal-

2027 2799 2154 2840 vum
2184 2790 2280 2854 est,
2330 2783 2375 2837 si
2423 2797 2686 2853 nusquam
2730 2789 2832 2846 est,
2881 2779 2926 2835 si
2971 2795 3079 2835 non
3128 2781 3380 2855 resurgit,
3434 2781 3480 2837 si
3517 2797 3624 2838 non

2026 2873 2262 2942 idipsum
2323 2871 2614 2944 resurgit?
2661 2869 2878 2926 Salvum
2934 2885 3044 2925 non
3099 2875 3201 2926 est.
3261 2871 3318 2926 Si
3375 2885 3486 2928 non
3544 2879 3626 2926 est

2026 2967 2078 3016 et
2139 2960 2382 3027 salvum,
2437 2961 2682 3031 accipere
2737 2975 2933 3030 corpus
2987 2975 3022 3014 a
3075 2961 3192 3016 Deo
3257 2973 3367 3014 non
3423 2965 3622 3032 potest.

2027 3049 2133 3104 Sed
2177 3047 2320 3104 enim
2375 3049 2604 3113 salvum,
2663 3047 2810 3103 omni
2865 3049 3030 3104 modo
3096 3054 3323 3107 constat.
3372 3048 3457 3103 Ad
3490 3045 3622 3119 quid

2028 3151 2160 3208 ergo
2207 3135 2356 3193 dabit
2398 3137 2475 3192 illi
2529 3137 2694 3204 Deus,
2745 3145 2909 3206 prout
2953 3137 3089 3204 vult,
3134 3149 3350 3207 corpus,
3399 3135 3622 3192 habenti

2023 3226 2208 3298 utique
2282 3226 2558 3296 proprium
2623 3239 2822 3295 corpus
2885 3223 3020 3281 illud
3083 3225 3284 3281 nudum
3315 3267 3328 3292 ,
3397 3225 3502 3280 nisi
3563 3235 3622 3280 ut

2020 3313 2134 3384 jam
2183 3329 2292 3369 non
2339 3315 2542 3368 nudum
2587 3314 2887 3386 resurgat?
2933 3311 3077 3384 Ergo
3122 3311 3360 3370 additum
3397 3311 3450 3352 8"
3497 3314 3618 3379 erit,

2020 3403 2170 3476 quod
2217 3401 2433 3473 corpori
2487 3400 2912 3471 seper-struitur;
2963 3417 3066 3457 nec
3113 3399 3524 3456 exterminatum
3569 3401 3622 3438 83

2021 3487 2154 3547 illud
2185 3532 2198 3558 ,
2265 3489 2353 3544 cui
2420 3487 2844 3560 supersit-uitur;
2901 3485 3001 3543 sed
3059 3495 3288 3562 augetur
3320 3528 3334 3542 .
3401 3489 3618 3545 Salvum

2023 3589 2105 3637 est
2166 3587 2342 3638 autem
2414 3578 2558 3650 quod
2632 3584 2860 3650 augetur
2891 3617 2906 3632 .
2965 3573 3172 3632 Seritur
3245 3574 3388 3632 enim
3443 3577 3618 3634 solum

2025 3671 2184 3728 modo
2240 3679 2469 3743 granum
2527 3666 2646 3722 sine
2713 3661 2939 3723 folliculi
2999 3673 3186 3736 veste,
3246 3663 3366 3722 sine
3419 3665 3617 3721 funda-

2026 3767 2210 3817 mento
2268 3759 2452 3830 spicae,
2508 3755 2626 3812 sine
2667 3755 3001 3811 munimento
3056 3755 3240 3810 arista:
3270 3797 3283 3822 ,
3340 3755 3455 3810 sine
3511 3769 3612 3810 su-

2023 3849 2205 3921 perbia
2253 3845 2470 3914 culmi;
2527 3843 2766 3918 exsurgit
2817 3847 2999 3901 autem
3055 3843 3214 3917 capia
3273 3841 3612 3914 foeneratum,

393 4027 446 4066 59
499 4027 560 4082 In
617 4028 791 4084 inser.
855 4029 1028 4085 Rhea.
1091 4027 1259 4085 Seml.
1319 4025 1372 4067 το
1427 3947 1918 4084 ϐοηιθηῑίἔιὲωῗῗὴ

2030 3961 2236 4085 [ιὲἓτῗιῗ
2286 4025 2334 4066 τι
2389 4023 2634 4081 Potentia
2691 4023 2870 4081 Rhen.
2932 4021 3104 4081 Seml.
3160 4019 3214 4060 ¹²²
3263 4017 3379 4077 Etsi
3437 4021 3611 4078 Semt.

317 4097 372 4136 73
428 4099 808 4154 Haereditatem
863 4101 1016 4156 abest
1071 4115 1106 4155 a
1164 4098 1334 4155 Seml.
1393 4097 1444 4135 Ἷίι
1501 4097 1860 4168 Consequitur
1917 4099 2088 4156 Seml.
2147 4098 2198 4168 ’ξε
2251 4096 2631 4168 Perseveravit
2675 4097 2860 4168 libent
2912 4095 3088 4168 Seml.
3148 4092 3199 4131 ’⁷6
3248 4094 3613 4168 Demutamur

317 4171 714 4240 Bhen.ASe-ml.
773 4168 820 4240 7⁷
878 4169 1096 4240 Aliquid
1154 4169 1298 4240 add,
1340 4171 1508 4240 Pam.
1541 4164 1736 4240 _Fran.
1793 4167 1844 4206 ⁷⁸
1896 4169 2008 4240 Erit
2059 4167 2190 4240 add.
2246 4167 2664 4240 Rhenqﬁeml.‘
2693 4165 2754 4240 _79
2811 4166 3194 4240 Mgrtalitatem
3239 4165 3412 4240 Plan:
3485 4164 3608 4240 Ven.

317 4239 374 4314 ίξο
417 4237 675 4314 Videmus
715 4239 898 4314 Rhen.
926 4235 1110 4314 ﬁse-mli.
1154 4235 1675 4314 °1_1_‘IonncA’Rhen_._
1716 4255 1866 4314 nutu
1893 4239 2010 4294 cod.
2043 4235 2282 4314 jVouw;
2333 4236 2384 4273 ⁸²
2427 4235 2798 4314 Yjviﬁcabitur
2857 4237 3028 4314 lii-an.
3084 4235 3218 4314 fon.
3267 4235 3380 4314 εἷς

1105 4309 1379 4382 ιιᾳᾼῌὴθη.
1412 4309 1608 4382 iSeml.
1633 4308 1683 4346 8"
1713 4307 1986 4382 Qualitate
2033 4311 2195 4382 Pam.
2236 4309 2407 4382 Fran.
2439 4305 2488 4342 ³⁵
2506 4303 2826 4382 _S_eminatur
2867 4303 3024 4382 Pani.
3073 4307 3244 4362 Fran.
3295 4303 3420 4374 Βία,
3479 4303 3612 4374 Ven,

317 4313 488 4368 Pam.
535 4313 661 4368 Ven.
705 4313 875 4367 Fran.
917 4313 960 4367 R

2077 4235 2278 4296 Wouw.
2333 4236 2384 4273 ⁸2
2427 4233 2798 4291 Viviﬁcabitur
2857 4231 3028 4292 Frdn.
3093 4235 3218 4289 Ven.
3267 4231 3317 4269 83
3359 4231 3437 4302 Ne
3488 4233 3614 4302 quia

317 4327 488 4368 ram.
539 4327 661 4368 Ven.
705 4327 875 4367 rran.
917 4327 1033 4420 mg.
1068 4327 1379 4392 quartam.
1433 4327 1600 4366 semi.
1634 4327 1683 4346 0--
1713 4327 1986 4376 Quantate
2033 4327 2195 4390 Fam.
2236 4327 2407 4380 Man.
2439 4327 2488 4342 συ
2517 4327 2673 4364 animi

315 4382 374 4420 ⁸6
411 4379 508 4440 Vel
547 4379 728 4452 Rhen,
761 4381 932 4440 Seml.
999 4383 1022 4422 ⁷
1050 4381 1374 4437 Addituium
1402 4381 1564 4436 Pam.
1591 4381 1766 4436 Fran.
1798 4381 1850 4417 ⁸⁸
1876 4381 2273 4436 Extermmatur
2304 4379 2464 4433 Pam.
2499 4377 2673 4450 Rhea.

1719 4451 2211 4518 Commentarios.

315 4534 564 4630 rnercio
598 4531 726 4630 quia
751 4548 874 4615 non_
901 4539 1140 4614 servetur
1165 4529 1303 4630 juris
1349 4533 1402 4584 et
1448 4527 1675 4630 ‘justitiae
1719 4547 1906 4614 aequa-
1941 4551 1985 4630 Β

315 4607 468 4661 litas.
518 4603 749 4659 Excedit
793 4605 1012 4674 spiritus
1049 4605 1195 4659 carni
1248 4609 1306 4674 et
1361 4603 1602 4658 ccelestia
1645 4603 1914 4674 terrestri-

313 4679 444 4750 bus,
469 4684 528 4750 et
576 4673 837 4750 quoniam
859 4691 960 4750 pro
1013 4673 1262 4750 inaequali
1308 4682 1368 4750 et_
1407 4674 1605 4750 exigua
1659 4673 1914 4732 reddetur

316 4746 578 4801 eximium
621 4744 878 4822 donum,
925 4745 1204 4816 usurpatio
1263 4744 1438 4815 potius
1485 4744 1693 4812 videtur
1725 4761 1912 4822 quam

317 4819 690 4874 commutatio.
711 4819 848 4871 Lac.
1145 4879 1148 4882 ἠ

398 4887 516 4960 (26)
549 4889 952 4960 Constituitqin
979 4883 1244 4960 membris
1272 4887 1406 4946 suis.
1424 4887 1553 4960 ilco
1582 4885 1912 4960 est,consti-

317 4957 503 5018 tutam
521 4959 593 5014 ait
640 4967 696 5016 et
741 4958 1049 5024 stabilitam,
1075 4959 1210 5014 adeo
1242 4967 1300 5014 ut
1347 4957 1600 5014 radicitus
1631 4959 1907 5022 inhaereat,

317 5030 425 5098 nisi
458 5029 604 5100 illam
635 5031 898 5100 exstirpet
925 5029 1098 5100 gratia
1137 5027 1357 5100 Christi.
1391 5027 1464 5084 LE
1495 5030 1590 5088 Pu.

395 5099 511 5173 (27)
533 5105 604 5156 Et
625 5103 778 5157 istud
805 5099 1064 5171 inortale,
1090 5105 1276 5155 cutem
1303 5099 1484 5170 ipsam
1513 5103 1734 5173 tenens,
1750 5099 1908 5154 dicit.

319 5169 594 5246 Nunquid
611 5187 722 5246 non
750 5186 942 5246 corpus
979 5169 1133 5246 suum
1164 5169 1912 5246 quodammo_do_cou_tingen-

325 5245 420 5308 tis,
461 5239 516 5300 ét
543 5243 711 5314 digito
759 5239 1146 5314 palpantisest
1174 5239 1328 5314 vox?
1355 5239 1819 5314 inquitRufﬁnus
1861 5242 1913 5314 in

325 5305 696 5388 Expositione
721 5305 996 5388 simiai,
1025 5305 1450 5388 Nomadumun
1467 5309 1640 5366 obiter
1671 5311 1819 5388 quod
1845 5311 1914 5388 ab

321 5379 516 5454 eodem
559 5379 811 5440 traditur.
873 5379 1202 5448 Ecclesiamj
1240 5379 1642 5454 Aquileiensem
1687 5379 1910 5454 articulo

319 5453 568 5539 Symbpli
593 5495 608 5522 ,
658 5471 774 5539 qup
831 5451 1548 5539 resurrectionemicarnis
1590 5451 1913 5536 conﬁtemur

317 5525 600 5582 addidisse
651 5525 848 5598 Hujus,
903 5531 963 5581 ut
1017 5527 1436 5596 pronuntiantes,
1492 5525 1668 5595 Hujus
1721 5525 1911 5578 carnis

2015 4515 2503 4593 resurrectionem,
2517 4523 2771 4582 certiores
2787 4515 3147 4580 fierentetiam
3166 4537 3382 4579 carnem
3411 4521 3604 4595 ipsam,

2017 4619 2127 4673 qua
2155 4618 2276 4658 sese
2307 4603 2410 4671 ipsi
2434 4607 2728 4673 portarent,
2759 4603 3199 4673 resu_rrecturam.
3229 4595 3355 4650 th.

2089 4673 2204 4745 (28)
2236 4667 2525 4732 Videamus
2535 4671 2664 4745 jam
2681 4667 2931 4745 nuncin
2951 4682 3052 4745 quo
3073 4681 3300 4745 corpore
3319 4670 3604 4745 ven-turos.

2019 4737 2110 4808 ΛΗ
2135 4737 2238 4802 hoc
2284 4745 2462 4815 capite
2503 4737 2778 4815 praecipue
2823 4737 3484 4815 Valentinianosrunsit.
3511 4737 3606 4805 qui

2018 4832 2126 4870 non
2155 4809 2468 4883 hujusfsed
2503 4809 3428 4886 alteriuscarnisresurrectionem
3469 4821 3604 4862 COD-.-

2017 4876 2294 4952 cedebant,
2325 4876 2384 4940 ut
2413 4900 2476 4942 ex
2503 4883 2598 4938 lib.
2621 4883 2687 4952 de
2715 4879 3038 4952 Prwscript.
3067 4883 3290 4934 constat.
3323 4876 3432 4930 Alii
3461 4892 3604 4946 quo-

2014 4975 2122 5028 que
2177 4957 2230 5010 in
2279 4955 2523 5028 eamdem
2577 4951 3028 5028 existimationem
3073 4956 3605 5028 venerant‘pmpter

2016 5015 2364 5098 Argumenta
2390 5015 2564 5097 posita
2607 5041 2655 5080 c.
2681 5028 2785 5098 _l3_
2819 5023 2886 5098 de
2929 5019 3274 5098 Cadaveribus
3330 5015 3605 5098 devoratis

2017 5116 2048 5154 a
2077 5089 2234 5153 “feris
2259 5139 2272 5162 ,
2320 5089 2406 5152 ρι’
2429 5095 2726 5171 absumptis
2774 5093 2926 5164 igni,
2985 5091 3248 5171 qui__sibi_
3273 5089 3606 5171 .videbantut‘

2017 5185 2212 5242 corpus
2260 5161 2409 5242 tam“
2435 5161 2960 5242 varie_'dispersum,
3003 5161 3212 5242 redire"
3236 5161 3606 5242 idemipsum

2017 5233 2129 5297 non
2158 5257 2336 5312 posse.
2372 5239 2472 5296 Cui
2517 5233 2912 5312 ohjﬁectioniuin
2947 5233 3305 5312 sequentibus
3339 5233 3468 5312 satis
3497 5245 3604 5312 χθ-

2017 5299 2267 5384 spondet,
2325 5325 2549 5384 eamque
2586 5299 2764 5384 diluit.
2810 5299 3090 5384 Nysaeujs
3114 5299 3605 5384 _ex_similitudine

2019 5374 2290 5448 sementis,
2318 5374 2482 5453 quam
2512 5381 2568 5453 in
2597 5381 2701 5436 hoc
2742 5374 2880 5450 cap:
2912 5395 2978 5446 ex
3003 5377 3072 5436 D.
3114 5374 3282 5440 Paulo
3339 5374 3608 5436 examinat

2018 5463 2074 5522 et
2099 5455 2248 5512 fulcit
2276 5452 2498 5520 Αάβιπ.
2527 5452 2658 5516 Lac.
