4028 6188
445 268 555 330 919

1142 266 1581 327 TERTULLIANI
1623 268 1890 329 OPERUM
1928 271 2095 331 PARS
2134 271 2199 330 ll.
2240 299 2311 315 —
2339 265 2565 329 SERIES
2607 267 2650 333 Ι,
2692 262 3034 324 POLEMICA.

3626 254 3741 313 V20

447 365 772 439 compagine
841 364 1161 424 aediﬁcatum
1192 408 1208 438 ,
1265 352 1455 423 ordine
1517 376 1782 424 structum
1813 413 1828 435 ,
1894 374 2039 429 cultu
2072 389 2119 468 Α
2153 378 2248 429 tur
2272 388 2475 445 corpus
2512 369 2782 435 animale,
2824 365 3071 435 resurgit
3112 359 3396 433 spiritale.
3447 355 3743 468 Celrtelnon

448 454 758 519 munitum,
814 461 871 507 et
934 469 1323 527 usquequaque
1387 457 1673 514 vestitum.
1730 460 1857 514 Haec
1918 469 2044 515 sunt

448 542 497 597 ei
547 558 745 614 corpus
788 557 822 596 a
862 544 976 598 Deo
1019 542 1203 598 aliud:
1253 543 1309 599 in
1349 545 1516 616 quod,
1568 562 1676 600 non
1723 546 2042 619 abolitione,

449 631 546 686 sed
591 631 938 703 ampliatione
986 639 1249 688 mutatur.
1300 634 1368 688 Et
1414 633 1708 706 unicuique
1777 636 2044 692 seminum

447 737 604 775 suum
652 736 851 791 corpus
905 720 1019 789 (29)
1078 721 1389 792 deputavit;
1449 737 1559 779 non
1613 740 1789 790 suum,
1849 725 1903 781 id
1962 734 2047 782 est

450 808 757 878 pristinum,
818 814 877 862 ut
918 816 1046 863 tunc
1087 816 1138 863 et
1186 809 1319 864 illud
1357 827 1510 866 suum
1558 812 1629 867 sit
1671 813 1817 885 quod
1845 815 2047 869 extrin-

449 912 607 952 secus
644 915 677 952 a
740 897 849 951 Deo
901 896 1149 968 acquirit.
1212 899 1368 953 Servi
1434 900 1599 971 igitur
1651 903 1937 975 exemplo,
1993 912 2047 959 et

449 1000 710 1042 conserva
766 985 1047 1057 Speculum
1103 988 1222 1057 ejus
1284 988 1469 1057 carni,
1524 990 1768 1046 eamdem
1822 990 2046 1045 credens

449 1074 922 1145 fructiﬁcaturam,
951 1091 1074 1148 qure
1121 1076 1191 1132 sit
1233 1076 1532 1148 seminata;
1581 1078 1775 1151 ipsam,
1806 1081 1904 1135 etsi
1931 1078 2046 1150 ple-

448 1163 657 1220 niorem
692 1162 784 1232 89;
824 1179 934 1220 non
979 1164 1160 1227 aliam.
1207 1166 1309 1221 etsi
1357 1166 1511 1222 aliter
1566 1176 1927 1224 revertentem
1971 1167 2045 1223 90.

448 1251 699 1322 Accipiet
734 1251 879 1309 enim
922 1260 978 1309 et
1023 1253 1144 1325 ipsa
1188 1263 1509 1328 suggestum
1556 1264 1609 1310 et
1638 1266 1883 1312 ornatum
1914 1256 2044 1327 (30),

450 1340 666 1412 qualem
714 1341 795 1396 illi
840 1342 990 1397 Deus
1051 1341 1277 1398 voluerit
1334 1344 1695 1416 superducere
1756 1347 2047 1401 secundum

452 1430 661 1486 merita.
702 1429 833 1486 Sine
879 1429 1044 1486 dubio
1087 1432 1157 1486 ad
1199 1431 1304 1487 hoc
1352 1432 1539 1503 dirigit
1583 1432 1652 1501 9‘,
1704 1452 1819 1492 non
1866 1436 2046 1491 omnis

452 1534 601 1584 caro,
635 1520 827 1577 eadem
855 1535 1025 1586 caro;
1071 1534 1182 1576 non
1230 1520 1299 1575 ad
1327 1521 1703 1596 denegandam
1731 1521 2045 1577 substantiae

448 1608 906 1674 communionem,
964 1608 1061 1663 sed
1121 1611 1497 1680 praerogativa
1554 1608 2045 1681 peraequationem;

2150 460 2300 517 aliud
2330 443 2585 528 resurgit,
2615 470 2781 527 quam
2810 452 2958 524 quod
2987 448 3316 514 seminatur;
3349 461 3450 500 nec
3478 443 3631 499 aliud
3648 459 3742 497 se-

2150 550 2406 613 minatur,
2439 563 2601 619 quam
2621 544 2767 615 quod
2795 540 3106 598 dissolvitur
3124 536 3273 593 humi
3300 550 3433 604 ;nec
3462 532 3608 589 aliud
3637 533 3746 586 dis-

2153 637 2382 693 solvitur
2411 632 2581 699 humi,
2614 648 2775 704 quam
2812 644 2939 686 caro
2968 646 2983 682 :
3014 628 3154 682 hanc
3179 623 3321 681 enim
3355 621 3620 678 sententia
3650 621 3749 676 Dei

2151 725 2292 782 elisit
2313 724 2473 795 (Gen.
2497 721 2582 794 ιιι)
2613 740 2627 777 :
2670 724 2835 778 Terra
2861 736 2936 788 es,
2961 721 3016 775 et
3042 718 3105 772 in
3124 719 3339 770 terram
3366 712 3471 769 ibis
3496 732 3515 778 ;
3548 710 3677 781 quia
3697 720 3752 765 et

2152 816 2221 870 de
2266 822 2407 870 terra
2444 822 2556 868 erat
2602 818 2833 879 sumpta.
2889 808 3027 861 Hinc
3054 814 3108 860 et
3151 801 3449 873 Apostolus
3495 800 3747 870 concepit

2154 902 2405 960 seminari
2445 917 2565 956 eam
2610 898 2810 964 dicere,
2865 912 2986 951 cum
3034 892 3350 948 redhibetur
3395 889 3452 944 in
3505 896 3747 957 terram,

2152 992 2281 1065 quia
2321 999 2375 1047 et
2420 989 2717 1045 seminibus
2761 983 3249 1057 sequestratorium
3296 988 3440 1034 terra
3492 985 3599 1041 est,
3641 976 3751 1031 illic

2154 1080 2517 1150 deponendis,
2571 1084 2627 1133 et
2679 1076 2808 1131 inde
2864 1070 3190 1145 repetendis.
3246 1068 3490 1139 Ideoque
3546 1074 3604 1121 et
3658 1081 3750 1121 re-

2154 1169 2438 1240 consignat
2499 1167 2551 1206 92
2616 1164 2967 1234 imprimens,
3042 1160 3119 1214 sic
3175 1156 3319 1214 enim
3376 1157 3427 1195 98
3483 1156 3751 1225 scriptum

2156 1264 2282 1325 est;
2342 1271 2410 1311 ne
2451 1254 2595 1310 aliud
2653 1250 2927 1309 existimes
2984 1263 3105 1305 esse
3161 1244 3435 1311 seminari,
3481 1259 3646 1316 quam
3686 1244 3748 1296 in

2158 1352 2373 1402 terram
2416 1344 2542 1412 ibis,
2584 1359 2656 1400 ex
2701 1357 2812 1414 qua
2856 1355 2913 1395 es
2949 1340 3207 1410 sumptus
3239 1354 3258 1391 :
3286 1334 3366 1390 sic
3418 1348 3486 1388 ne
3526 1330 3749 1387 alterius

2155 1449 2318 1505 quam
2349 1432 2544 1499 carnis,
2575 1431 2653 1487 sic
2679 1429 2822 1486 enim
2852 1426 3109 1497 scriptum
3140 1431 3243 1480 est.

2761 1569 2989 1625 CAPUT
3010 1567 3144 1622 LIII.

450 1712 647 1767 corpus
704 1696 948 1765 honoris,
989 1712 1097 1751 non
1153 1696 1389 1768 generis,
1449 1698 1503 1752 in
1562 1698 1923 1753 differentiam
1975 1668 2134 1753 r913
2235 1700 2339 1756 Sed
2367 1713 2563 1770 corpus
2590 1696 2821 1751 animale
2853 1696 3087 1751 animam
3113 1692 3334 1765 quidem
3364 1697 3750 1762 argumentan-

452 1784 665 1857 digens.
699 1786 759 1839 In
787 1785 890 1839 hoc
919 1792 973 1840 et
1002 1782 1235 1855 ﬁgurata
1278 1784 1497 1853 subjicit
1543 1787 1789 1854 exempla
1837 1786 2050 1842 anima-

450 1871 584 1930 lium
604 1879 657 1927 et
678 1870 1090 1926 elementorum.
1107 1872 1236 1926 Alia
1254 1888 1385 1929 caro
1413 1873 1679 1939 hominis,
1693 1870 1852 1929 872
1875 1874 1929 1927 id
1950 1880 2049 1940 est,

450 1959 595 2016 servi
622 1958 740 2024 Dei,
788 1958 880 2030 qui
908 1973 1034 2014 vere
1079 1958 1242 2015 homo
1282 1970 1400 2025 est;
1454 1963 1576 2017 alia
1621 1964 1882 2034 jumenti
1911 1963 2050 2032 (3t),

450 2048 506 2103 id
539 2054 638 2111 est,
689 2046 904 2112 ethnici,
965 2046 1031 2102 de
1077 2063 1185 2119 quo
1242 2056 1297 2103 et
1342 2049 1643 2120 Propheta:
1694 2051 2056 2107 Assimilatus

453 2134 765 2205 est,inquit,
800 2136 959 2192 homo
986 2138 1748 2210 trrationalibusjumentis;
1777 2140 1895 2194 alia
1925 2155 2054 2194 caro

451 2223 747 2280 volucrum
788 2221 860 2290 82,
906 2223 958 2277 id
1006 2231 1089 2280 est
1144 2235 1458 2294 martyrum,
1500 2226 1595 2296 qui
1650 2226 1718 2280 ad
1775 2226 2055 2295 superiora

452 2320 758 2379 conantur;
820 2311 942 2366 alia
978 2316 1170 2368 autem
1218 2311 1269 2349 93
1304 2313 1567 2385 piscium,
1611 2312 1667 2367 id
1715 2321 1815 2380 est,
1862 2313 2055 2385 quibus

455 2416 594 2473 aqua
636 2399 975 2469 baptismatis
1020 2398 1220 2454 sufﬁcit
1267 2400 1404 2471 (32).
1454 2400 1547 2457 Sic
1590 2408 1645 2456 et
1682 2401 1750 2455 de
1780 2416 2056 2472 supercoe-

454 2485 682 2544 lestibus
727 2486 1050 2557 corporibus
1105 2497 1420 2560 argumenta
1474 2488 1763 2545 committit
1810 2490 1882 2544 9".
1930 2492 2057 2547 Alia

455 2573 587 2630 solis
628 2574 832 2645 gloria,
881 2573 940 2628 id
986 2582 1088 2641 est,
1143 2575 1383 2645 Christi;
1425 2582 1485 2633 et
1526 2577 1645 2633 alia
1689 2578 1864 2644 luna,
1892 2578 1946 2632 id
1974 2586 2058 2634 est

455 2661 711 2719 Ecclesia:
739 2678 756 2730 ;
800 2666 857 2720 et
902 2664 1024 2719 alia
1068 2664 1392 2733 stellarum,
1423 2665 1480 2720 id
1519 2672 1604 2720 est
1639 2666 1860 2721 seminis
1889 2667 2059 2722 Abra-

456 2750 539 2805 hae
560 2767 575 2819 ;
599 2755 655 2808 et
674 2750 845 2808 stella
864 2753 1018 2807 enim
1036 2770 1071 2807 a
1090 2754 1258 2809 stella
1278 2754 1481 2825 differt
1500 2755 1563 2812 in
1584 2754 1763 2826 gloria
1784 2775 1804 2823 ;
1826 2771 2059 2827 corpora

461 2843 685 2895 terrena
714 2843 772 2895 et
808 2841 1077 2906 caalestia,
1124 2840 1347 2896 Judmus
1392 2842 1508 2914 (33)
1557 2842 1765 2898 scilicet
1811 2849 1867 2899 et
1904 2842 2056 2897 Chri-

2161 1796 2264 1853 tur,
2296 1794 2355 1840 ut
2380 1785 2534 1841 illum
2565 1800 2597 1839 a
2620 1799 2781 1840 carne
2809 1790 3036 1841 avocent
3068 1781 3421 1838 recidivatum
3450 1780 3528 1834 99.
3564 1779 3751 1843 Porro,

2161 1889 2281 1930 cum
2312 1880 2539 1938 constet,
2573 1872 2844 1944 ﬁxumque
2879 1871 2969 1937 sit,
2999 1871 3137 1926 illud
3165 1879 3597 1925 resurrecturum
3628 1882 3755 1921 cor-

2161 1979 2284 2033 pus,
2322 1962 2466 2035 quod
2494 1960 2658 2017 fuerit
2685 1961 3034 2026 seminatum,
3062 1960 3129 2013 ad
3149 1958 3321 2028 ipsius
3350 1957 3429 2011 rei
3461 1955 3754 2010 exhibitio-

2161 2066 2287 2106 nem
2339 2051 2796 2121 provocabuntur.
2845 2049 2951 2103 Aut
2977 2046 3267 2102 ostendant
3308 2045 3542 2099 animam
3582 2042 3756 2097 semi-

2161 2148 2343 2195 natam
2374 2136 2547 2194 873
2574 2145 2695 2209 post
2741 2144 2990 2205 mortem,
3020 2135 3077 2190 id
3124 2142 3207 2191 est
3243 2141 3531 2200 mortuam,
3587 2131 3643 2185 id
3675 2140 3756 2186 est

2162 2227 2309 2282 humi
2336 2226 2543 2291 elisam,
2576 2226 2876 2293 disjectam,
2907 2223 3243 2288 dissolutam,
3275 2222 3421 2292 quod
3462 2220 3517 2274 in
3550 2219 3701 2274 illam
3728 2236 3757 2273 a

2161 2315 2277 2371 Deo
2306 2314 2575 2370 decretum
2597 2329 2706 2368 non
2735 2320 2819 2368 est
2842 2330 2857 2379 ;
2889 2318 3197 2383 proponant
3224 2309 3589 2380 corruptelam
3620 2310 3755 2377 ejus,

2165 2412 2219 2459 et
2247 2402 2736 2465 dedecorationem,
2768 2400 3156 2467 inﬁrmitatem,
3194 2406 3254 2454 ut
3283 2397 3453 2468 ipsius
3488 2397 3562 2451 sit
3594 2396 3757 2450 etiam

2164 2506 2458 2563 exsurgere
2486 2490 2505 2527 ι
2530 2488 2586 2544 in
2615 2487 2992 2558 corruptelam,
3023 2495 3077 2543 et
3106 2488 3160 2542 in
3189 2486 3441 2559 gloriam,
3472 2493 3525 2539 et
3564 2484 3619 2537 in
3649 2484 3758 2537 vir-

2165 2586 2349 2635 tutem.
2384 2576 2490 2632 Sed
2518 2576 2667 2632 enim
2688 2576 2742 2630 in
2774 2576 2977 2631 Lazaro
3005 2576 3143 2647 (34),
3176 2573 3447 2646 praecipuo
3479 2586 3758 2627 resurrec-

2164 2666 2325 2723 tionis
2353 2667 2617 2737 exemplo,
2658 2680 2783 2720 caro
2810 2664 2978 2735 jacuit
3007 2664 3063 2719 in
3092 2662 3428 2728 inﬁrmitate,
3458 2675 3590 2717 caro
3620 2676 3757 2732 pene

2166 2754 2496 2827 computruit
2514 2754 2568 2808 in
2594 2752 3081 2817 dedecorationem,
3104 2765 3230 2807 caro
3257 2750 3477 2807 interim
3505 2748 3686 2819 putuit
3707 2748 3758 2801 in

2161 2841 2560 2915 corruptionem
2584 2848 2672 2911 ;et
2684 2848 2861 2896 tamen
2877 2842 3108 2896 Lazarus
3137 2854 3266 2894 caro
3295 2836 3611 2900 resurrexit,
3637 2852 3759 2892 cum

458 2926 686 2983 stianus.
733 2926 1021 2993 Caeterum,
1053 2927 1099 2982 si
1137 2944 1244 2983 non
1293 2913 1539 3001 ﬁgurate,
1585 2929 1716 2985 satis
1762 2946 1898 2987 vane
1939 2947 2060 2985 mu-
2093 2913 2136 2991 ὓ
2165 2913 2341 2988 anima
2370 2930 2604 3003 quidem,
2639 2931 2735 2986 sed
2762 2929 3105 3001 incorrupta,
3142 2943 3305 3000 quam
3334 2941 3495 2980 nemo
3523 2925 3761 2980 vinculis

460 3016 635 3087 lorum
698 3022 753 3071 et
794 3015 1080 3072 milvorum
1120 3032 1332 3086 carnes,
1385 3025 1438 3073 et
1482 3034 1714 3091 corpora
1754 3019 2059 3076 caelestium

460 3102 729 3159 luminum
785 3106 1035 3185 apposuit
1078 3106 1129 3144 95
1168 3107 1443 3172 humanis,
1484 3122 1593 3163 non
1634 3107 1956 3179 pertinentia
1993 3108 2059 3163 ad

462 3193 783 3249 conditionis
837 3195 1321 3266 comparationem,
1364 3196 1501 3251 sicut
1556 3211 1657 3252 nec
1704 3195 1775 3250 ad
1815 3212 2059 3253 resurre-

464 3282 663 3338 ctionis
725 3284 1190 3342 consecutionem.
1251 3286 1568 3351 Postremo,
1622 3300 1741 3340 cum
1797 3301 1896 3355 per
1944 3285 2062 3339 haec

461 3370 821 3427 differentiam
869 3372 1076 3445 gloriae,
1118 3389 1231 3427 non
1279 3372 1616 3443 substantiae,
1672 3372 2058 3429 conclusisset:

466 3462 575 3525 Sic,
606 3460 799 3533 inquit,
830 3465 886 3516 et
915 3464 1256 3522 resurrectio
1272 3465 1649 3517 mortuorum.
1669 3462 1958 3531 Quomodo
1977 3460 2063 3519 95?

463 3551 583 3606 Non
631 3550 699 3605 de
737 3549 843 3605 alio
894 3549 1094 3622 aliquo,
1146 3552 1220 3606 sel
1271 3550 1340 3606 de
1389 3549 1502 3605 sola
1558 3551 1730 3623 gloria
1781 3549 2060 3605 differens.

465 3638 668 3692 Rursus
713 3637 856 3693 enim
900 3637 1353 3693 resurrectionem
1402 3638 1467 3692 ad
1516 3639 1765 3692 eamdem
1804 3640 2061 3693 substan-

465 3725 592 3780 tiam
650 3741 947 3795 revocans,
1004 3733 1059 3779 et
1120 3725 1188 3779 ad
1242 3740 1473 3796 granum
1527 3725 1705 3781 denuo
1775 3736 2063 3796 spectans:

469 3814 822 3883 Seminatur,
852 3813 1046 3885 inquit,
1075 3816 1422 3885 corruptela,
1448 3816 1695 3885 resurgit
1724 3817 2068 3890 incorrupte-

469 3902 525 3956 ια
545 3920 564 3958 :
594 3904 915 3957 seminatur
940 3904 1005 3957 in
1025 3901 1466 3967 dedecoratione,
1498 3905 1745 3974 resurgit
1764 3907 1826 3960 in
1854 3906 2065 3977 gloria:

467 3992 785 4047 seminatur
795 3993 855 4046 in
868 3991 1229 4060 inﬁmitate,
1247 3993 1489 4062 resurgit
1499 3992 1563 4045 in
1572 3992 1729 4047 virtu
1737 3998 1809 4059 te,
1826 3998 2068 4051 semina-

2166 3020 2325 3075 lineis
2353 3019 2663 3083 strinxerat,
2694 3033 2854 3073 nemo
2892 3016 2946 3071 in
2976 3017 3223 3087 sepulcro
3255 3014 3569 3078 collocarat,
3603 3026 3759 3067 nemo

2162 3109 2278 3178 jam
2308 3108 2500 3164 fcetere
2535 3115 2791 3175 senserat,
2849 3122 3008 3162 nemo
3066 3104 3354 3177 quatriduo
3406 3103 3620 3157 viderat
3670 3116 3760 3153 se-

2167 3196 2442 3252 miuatam.
2487 3196 2682 3250 Totum
2736 3194 2977 3249 habitum
3003 3234 3019 3260 ,
3066 3200 3239 3249 totum
3288 3191 3493 3246 exitum
3537 3188 3759 3253 Lazari,

2169 3285 2414 3341 omnium
2442 3300 2662 3356 quoque
2703 3298 2829 3340 caro
2859 3283 3020 3339 hodie
3047 3281 3319 3353 experitur
3346 3279 3390 3345 ³,
3422 3279 3607 3334 anima
3631 3292 3760 3332 vero

2168 3374 2386 3430 nullius.
2418 3375 2477 3429 In
2524 3389 2631 3445 qua
2668 3388 2799 3442 ergo
2831 3373 3006 3445 stylus
3047 3370 3295 3441 Apostoli
3343 3376 3644 3440 comparet,
3694 3368 3761 3421 de

2169 3481 2273 3537 qua
2310 3480 2431 3520 eum
2474 3463 2620 3535 loqui
2658 3469 2885 3532 constat,
2928 3478 2995 3517 ea
3032 3459 3135 3515 erit
3164 3467 3217 3516 et
3260 3473 3461 3530 corpus
3506 3456 3760 3520 animale,

2170 3568 2295 3609 cum
2324 3553 2645 3619 seminatur,
2675 3560 2729 3606 et
2757 3550 3020 3623 spiritale,
3050 3564 3172 3604 cum
3194 3549 3505 3604 suscitatur.
3548 3546 3688 3600 Nam
3709 3554 3763 3599 ut

2170 3643 2245 3697 ita
2289 3640 2558 3713 intelligas
2603 3640 2673 3705 3,.
2704 3655 2917 3693 manum
2958 3639 3133 3693 adhuc
3190 3636 3437 3708 porrigit,
3498 3651 3656 3705 reque
3698 3634 3762 3689 de

2170 3728 2411 3797 ejusdem
2440 3726 2730 3797 Scriptura;
2763 3728 3100 3793 auctoritate,
3134 3724 3337 3780 factum
3369 3732 3625 3778 retexens
3656 3722 3761 3793 pri-

2174 3833 2316 3871 mum
2339 3815 2611 3872 hominem
2633 3814 2806 3870 Adam
2827 3814 2882 3868 in
2901 3813 3138 3869 animam
3160 3813 3480 3869 viventem‘.
3510 3812 3568 3867 Si
3588 3812 3759 3867 Adam

2174 3908 2334 3961 homo
2365 3904 2592 3975 primus,
2624 3920 2749 3960 caro
2795 3910 2976 3958 autem
3004 3904 3165 3958 homo
3206 3909 3331 3957 ante
3360 3901 3613 3965 animam,
3648 3901 3760 3954 sine

2175 3994 2339 4051 dubio
2367 4008 2495 4050 caro
2527 3991 2628 4048 erit
2668 3991 2811 4048 facta
2840 3992 2896 4048 in
2943 3992 3179 4047 animam
3218 3990 3487 4047 viventem
3517 3991 3576 4052 5;
3628 3989 3759 4044 facta

1828 4093 2019 4157 Variae
2088 4097 2397 4157 lectiones.

536 4196 588 4233 ⁸9
618 4194 830 4250 Plenior
858 4202 940 4249 est
967 4193 1145 4251 Rhen.
1195 4194 1364 4251 Seml.
1397 4193 1450 4232 9°
1477 4195 1835 4252 Reverentem
1875 4201 2038 4257 Pam.
2093 4202 2223 4255 Par.
2273 4197 2550 4253 mendose.
2580 4196 2628 4234 91
2669 4196 2875 4252 Direxit
2903 4196 3080 4252 Rhen.
3132 4195 3303 4252 Seml.
3354 4193 3406 4232 92
3453 4193 3756 4248 Volatilium

468 4267 643 4324 Rhen.
678 4266 855 4340 Seml.
900 4264 953 4340 9?
998 4266 1196 4340 Autem
1242 4265 1395 4340 abest
1429 4283 1465 4340 a
1507 4266 1687 4340 illurn.
1738 4270 1908 4340 Seml.
1945 4269 1994 4307 9’-
2023 4269 2405 4340 Argumentari
2454 4267 2703 4340 convenit
2750 4268 3152 4340 Rhen.__Seml.
3184 4267 3235 4303 95
3281 4265 3757 4340 Opposu_it__Pam.

467 4337 725 4411 Εναηηθξδ
767 4336 1032 4411 Quoniam
1081 4337 1255 4392 Rhen.
1301 4337 1472 4411 Seml.
1503 4336 1553 4411 θ’(
1604 4338 1896 4411 consignat
1938 4334 2133 4399 Rhen.w
2166 4340 2334 4398 Seml.
2383 4340 2433 4378 9⁸
2478 4338 2630 4411 Sicut
2676 4340 2801 4394 alii.
2834 4337 2885 4375 9°
2925 4338 3077 4392 Illam
3126 4353 3177 4390 a.
3219 4353 3271 4392 c.
3299 4334 3757 4411 aliurecidivatam

465 4410 599 4483 Par.
643 4407 819 4483 Rhea.
857 4407 1251 4483 1Consurgere
1528 4409 1698 4483 Seml.
1744 4406 2091 4483 2"Experitur
2129 4416 2297 4469 Fran.
2353 4412 2478 4483 Ven.
2511 4409 2534 4446 3
2573 4410 2839 4482 Intelligat
2886 4411 3047 4464 Pam.
3090 4411 3262 4465 Fran.
3293 4407 3319 4444 4
3362 4406 3547 4462 Vivam
3598 4408 3758 4461 Pam.

471 4482 637 4537 Fran.
670 4479 695 4516 ⁵
726 4478 1006 4536 Viventem
1037 4478 1191 4534 abest
1227 4494 1262 4533 α
1291 4480 1411 4550 Rig.
1451 4479 1575 4536 Ven.
1605 4480 1778 4537 vivam
1804 4478 1966 4538 Pam.
1999 4486 2172 4540 Fran.
2204 4482 2362 4538 Facta
2388 4482 2543 4538 abest
2570 4498 2605 4538 a
2631 4478 2779 4537 Par.w
2799 4483 2959 4537 Pam.

1864 4578 2364 4643 Commentarius.

535 4681 652 4754 (29)
712 4682 1150 4754 Suumcorpus.
1196 4680 1388 4754 melius
1414 4679 1667 4754 Graecam
1710 4696 1899 4738 vocem
1940 4682 2061 4738 ἴδιον

459 4752 755 4827 praprium
787 4752 967 4827 reddit
994 4752 1213 4808 Latinus
1251 4752 1537 4824 Interpres,
1568 4753 1674 4809 nisi
1701 4754 1848 4810 dicas
1890 4772 2060 4812 suum

464 4825 604 4881 idern
636 4842 778 4881 esse.
814 4826 890 4880 Ln
919 4825 1014 4879 Pa.

525 4892 651 4969 (30)
692 4900 760 4952 Et
788 4897 1288 4969 ipsa‘suggestum,
1338 4898 1393 4949 et
1430 4900 1720 4969 ornatum:
1768 4894 2068 4969 Suggestus

460 4964 551 5021 est
583 4964 670 5020 hic
700 4964 971 5034 synthesis
1009 4964 1124 5018 sive
1153 4973 1547 5018 ornamentum.
1581 4966 1656 5020 LE
1689 4967 1787 5022 Pa.

531 5036 776 5110 (3l)4lia
817 5035 1094 5106 jumenti.
1152 5034 1418 5110 Iumenta
1448 5037 1699 5110 animalia
1743 5048 1869 5093 sunt
1940 5054 2061 5110 quae

458 5104 635 5162 dorso
651 5104 955 5171 domantur,
990 5116 1050 5161 ut
1096 5107 1239 5175 equi,
1289 5104 1439 5171 muli,
1482 5107 1635 5173 asini,
1678 5123 1798 5177 qua:
1826 5111 1896 5163 ob
1929 5104 2063 5163 hanc

458 5193 574 5233 rem
622 5177 899 5233 dorsuaria
948 5177 1190 5246 jumenta
1246 5186 1503 5232 vocantur
1558 5193 1589 5231 a
1638 5177 1893 5234 Varrone.
1939 5180 2062 5235 Ele-

462 5248 651 5320 phanti
679 5264 896 5320 quoque
951 5256 1005 5303 et
1063 5249 1281 5313 cameli,
1368 5248 1533 5304 boves
1590 5249 1771 5313 etiam,
1827 5265 1953 5305 oves
2009 5259 2063 5305 et

458 5336 656 5392 capre,
704 5330 759 5375 et
808 5320 1032 5392 armenti
1088 5336 1263 5392 genus
1327 5334 1487 5373 omne
1553 5321 1655 5374 sub
1696 5321 1800 5375 hoc
1844 5320 2062 5376 nomine

452 5390 679 5462 juinenti
709 5390 1179 5462 continentur._LE
1210 5390 1309 5443 Pa.

528 5464 643 5533 (32)
673 5463 879 5531 Quibus
900 5478 1053 5533 aqua
1079 5459 1436 5532 baptismatis
1464 5459 2057 5533 sufﬁcit._lf'acitgctiam

455 5529 550 5587 hic
573 5529 727 5589 locus
762 5548 861 5605 pro
887 5529 1161 5606 baptismo
1192 5544 1368 5599 aquae,
1418 5545 1581 5599 quem
1626 5529 1848 5601 quidam
1874 5531 2055 5603 impu-

2173 4699 2349 4808 gnara1
2367 4699 2475 4808 ηεξ
2495 4691 2786 4749 verentur;
2816 4698 3003 4739 verum
3030 4682 3097 4736 de
3129 4696 3195 4736 eo
3212 4678 3371 4735 latius
3385 4678 3481 4733 lib.
3513 4678 3580 4735 de
3601 4681 3763 4752 Bapt.

2173 4770 2291 4808 can.
2360 4794 2377 4808 .
2459 4768 2560 4808 an.

2171 4770 2291 4825 cap.
2324 4758 2377 4809 1.
2416 4758 2560 4809 ΡΑΗ.

2242 4821 2360 4895 (33)
2395 4827 2635 4892 Corpora
2669 4827 2899 4880 terrena
2945 4827 3003 4879 et
3042 4825 3325 4895 caelestia,
3364 4821 3635 4895 Iudaeus,
3662 4829 3763 4876 etc.

2170 4892 2349 4949 Terraé
2389 4895 2603 4950 nomine
2640 4895 2838 4961 Judaei,
2885 4896 3007 4950 caeli
3048 4907 3226 4949 autem
3271 4892 3559 4965 Christiani
3589 4893 3764 4965 signi-

2173 4967 2451 5047 ficantur,
2481 4966 2734 5047 quoniam
2774 4977 2985 5047 terrena
3022 4973 3230 5047 tantum
3272 4964 3468 5047 iudieis
3515 4963 3766 5047 promisit

2173 5039 2338 5162 geus,
2398 5034 2713 5092 Christianis
2759 5045 2933 5091 autem
2983 5037 3175 5091 cmlum
3231 5034 3507 5107 pollicitus
3562 5034 3656 5088 sit.
3697 5034 3768 5088 Ls

2216 5125 2270 5162 ιι.

2240 5179 2357 5250 (34)
2387 5179 2491 5236 Sed
2538 5182 2689 5236 enim
2717 5181 2943 5247 Lazaro,
2978 5186 3078 5235 etc.
3110 5178 3207 5232 Hic
3253 5175 3323 5231 de
3358 5176 3527 5250 altero
3566 5174 3767 5250 Lazaro

2170 5246 2425 5321 loquitur,
2458 5266 2621 5320 quam
2653 5267 2816 5321 supra
2845 5268 2964 5319 cap.
3009 5251 3073 5302 17
3103 5265 3118 5317 ς
3151 5263 3346 5321 nempe
3376 5248 3443 5301 de
3468 5262 3585 5321 quo
3608 5246 3763 5300 Joan.

2168 5335 2247 5393 xi,
2272 5320 2365 5374 ubi
2404 5318 2525 5393 quae
2574 5318 2735 5378 vertit
2773 5323 2981 5393 instita
3023 5326 3208 5374 noster
3235 5318 3521 5393 interpres,
3556 5318 3765 5393 auctor

2164 5390 2401 5447 vincula
2419 5387 2574 5449 linea
2604 5394 2861 5466 appellat.
2891 5392 3081 5447 Graece
3110 5397 3195 5466 est
3221 5387 3418 5466 κειρίαις.
3451 5387 3765 5466 Accipiatur

2166 5468 2346 5520 autem
2376 5478 2501 5520 mox
2529 5459 2817 5535 comparet
2846 5479 2944 5538 pro
2981 5463 3385 5534 manifestatus
3415 5463 3516 5514 est.
3551 5459 3696 5514 ΡΑιι.
