4028 6188
259 385 357 446 921
565 357 586 363 ⁷
1308 382 1500 444 LIBER
1540 382 1623 444 os
1657 379 2195 444 RESURRRC’I’IONE
2234 383 2490 456 CARNIS.

3437 390 3545 451 922

257 526 424 582 porro
456 510 510 565 in
541 511 767 565 animam
803 512 849 578 ὓ,
877 526 996 566 cum
1027 518 1169 565 esset
1200 524 1416 582 corpus,
1459 508 1643 580 utique
1673 509 1694 546 7
1726 508 1842 562 ani-
1878 520 1925 599 Α
1955 507 2024 562 de
2078 509 2374 564 substantia
2429 511 2624 578 carnis,
2686 512 2890 582 primus
2937 523 2986 566 rt
3035 516 3361 572 novissimus
3416 517 3546 572 dicti

253 602 400 656 male
429 615 626 672 corpus
663 608 745 655 est
781 599 937 656 facta.
989 598 1129 668 Quid
1177 614 1294 655 eam
1342 596 1605 670 appellari
1651 597 1842 663 velint,

249 706 417 762 quam
446 689 593 760 quod
625 704 720 760 per
749 689 981 744 animam
1021 688 1158 744 facta
1196 699 1300 752 est,
1342 703 1503 760 quam
1541 688 1684 759 quod
1725 696 1847 746 ante

246 779 486 833 animam
509 793 615 833 non
646 776 898 849 fuit(35),
950 793 1108 850 quam
1138 778 1281 850 quod
1312 783 1433 849 post
1474 777 1705 833 animam
1736 793 1845 834 non

249 871 374 938 erit,
401 867 507 922 nisi
541 882 662 922 cum
712 867 980 942 resurgit?
1026 868 1261 937 Recepta
1289 867 1433 922 enim
1479 868 1677 935 anima,
1719 885 1850 922 rur-

247 973 347 1012 sus
393 956 622 1010 animale
665 972 863 1027 corpus
906 955 1153 1020 efﬁcitur,
1195 966 1250 1011 ut
1279 955 1369 1010 fiat
1397 956 1634 1028 spiritale
1669 974 1682 1011 :
1739 971 1849 1014 non

244 1046 401 1101 enim
431 1047 681 1120 resurgit,
729 1045 831 1101 nisi
866 1046 1008 1116 quod
1048 1045 1166 1101 fuit.
1209 1051 1307 1110 Ita,
1343 1046 1486 1100 unde
1525 1046 1674 1100 carni
1699 1062 1849 1102 com-

246 1135 387 1205 petit
437 1151 635 1206 corpus
672 1133 903 1188 animale
941 1134 1068 1199 dici,
1107 1135 1230 1189 inde
1260 1134 1453 1189 animae
1492 1134 1637 1190 nullo
1685 1138 1849 1192 modo

242 1225 524 1295 competit.
573 1224 710 1279 Caro
769 1223 912 1280 enim
966 1234 1087 1279 ante
1132 1238 1346 1294 corpus,
1393 1241 1553 1296 quam
1616 1225 1847 1280 animale

243 1328 473 1384 corpus.
513 1312 757 1369 Animata
797 1315 962 1382 enim,
993 1320 1178 1384 postea
1207 1313 1343 1370 facta
1371 1321 1453 1370 est
1479 1328 1678 1386 corpus
1723 1317 1847 1370 ani-

242 1402 411 1459 male.
443 1402 638 1458 Anima
666 1417 815 1469 vero,
847 1402 949 1457 etsi
979 1418 1196 1474 corpus,
1229 1411 1425 1468 tamen,
1451 1403 1576 1474 quia
1597 1404 1713 1476 ipsa
1764 1413 1849 1460 est

244 1505 450 1562 corpus
480 1506 586 1546 non
616 1491 937 1559 animatum,
971 1493 1067 1546 sed
1095 1491 1342 1546 animans
1370 1492 1550 1564 potius
1615 1493 1846 1550 animale

237 1594 446 1650 corpus
471 1595 582 1636 non
625 1588 803 1651 potest
829 1579 958 1652 dici,
1001 1597 1103 1637 nec
1147 1579 1259 1635 ﬁeri
1307 1582 1449 1652 quod
1489 1581 1617 1637 facit
1639 1583 1686 1638 ⁸.
1734 1584 1842 1642 Alii

240 1669 387 1726 enim
417 1669 667 1726 accidens
693 1671 809 1741 (36)
838 1670 957 1726 facit
978 1670 1112 1726 illud
1140 1671 1405 1742 animale;
1438 1687 1544 1727 non
1593 1672 1844 1730 accidens

241 1766 423 1814 autem
462 1758 572 1826 alii,
602 1759 874 1828 quomodo
921 1775 978 1814 se
1017 1759 1176 1816 faciet
1202 1762 1474 1818 animale?
1511 1764 1664 1819 Sicut
1708 1779 1841 1839 ergo

245 1848 666 1904 ante9animale
705 1861 920 1920 corpus,
973 1863 1097 1903 caro
1135 1851 1401 1922 recipiens
1449 1853 1702 1919 animam,
1770 1855 1843 1909 ita

246 1943 308 1989 et
339 1943 522 2006 postea
563 1937 822 2006 spiritale,
870 1938 1098 1992 induens
1136 1939 1407 2009 spiritum.
1461 1939 1617 1997 871
1697 1943 1849 1998 Hunc

239 2024 496 2080 ordinem
546 2025 834 2096 Apostolus
878 2025 1192 2098 disponens,
1223 2028 1276 2082 in
1321 2029 1493 2084 Adam
1521 2048 1738 2104 quoque
1795 2041 1850 2086 tt

235 2111 295 2166 in
347 2113 557 2168 Christo
596 2130 717 2170 eum
767 2114 958 2170 merito
1003 2115 1303 2187 distinguit,
1366 2126 1424 2172 ut
1461 2118 1516 2172 in
1580 2123 1848 2190 capitibus

234 2200 607 2257 distinctionis
658 2203 846 2273 ipsius.
895 2204 1105 2259 Etcum
1153 2205 1424 2262 Christum
1487 2209 1844 2267 novissimum

231 2291 412 2345 Adam
443 2291 693 2361 appellat,
726 2293 850 2348 hinc
877 2309 1000 2348 eum
1029 2309 1362 2366 recognosce
1391 2297 1455 2349 ad
1489 2298 1684 2362 carnis,
1735 2317 1842 2356 non

231 2380 304 2433 ad
362 2380 558 2435 animm
609 2381 1056 2437 resurrectionem
1099 2383 1350 2439 omnibus
1397 2385 1657 2442 doctrinae
1711 2387 1842 2443 viri-

225 2468 338 2523 bus
375 2478 676 2538 operatum.
709 2470 766 2524 Si
793 2471 931 2525 enim
961 2480 1015 2526 et
1045 2471 1244 2542 primus
1271 2474 1436 2530 homo
1466 2475 1635 2532 Adam
1693 2493 1839 2543 caro,

227 2571 344 2612 non
404 2557 603 2622 anima,
651 2559 745 2630 qui
793 2559 1022 2631 denique
1061 2561 1115 2614 in
1165 2561 1398 2617 animam
1441 2564 1614 2620 vivam
1668 2565 1840 2622 factus

221 2654 315 2700 est
369 2644 450 2713 10;
484 2657 536 2702 et
565 2648 892 2703 novissimus
930 2650 1100 2704 Adam
1151 2649 1407 2718 Christus,
1454 2653 1576 2708 ideo
1642 2655 1834 2723 Adam,

221 2734 361 2805 quia
388 2735 583 2796 homo;
630 2736 754 2792 ideo
783 2738 966 2806 homo,
999 2739 1122 2809 quia
1147 2755 1290 2802 caro,
1325 2756 1432 2796 non
1461 2743 1585 2814 quia
1639 2745 1836 2803 anima.

221 2825 412 2894 Atque
450 2825 520 2878 ita
548 2825 827 2897 subjungit
857 2846 870 2883 :
906 2827 1027 2882 Non
1065 2829 1320 2900 primum
1364 2832 1506 2902 quod
1545 2835 1832 2906 spiritale,

222 2911 330 2967 sed
359 2913 505 2984 quod
532 2915 751 2969 animal
780 2934 800 2981 ;
825 2920 1023 2987 postea
1053 2918 1197 2988 quod
1227 2920 1506 2990 spiritale,
1539 2924 1834 2980 secundum

222 3008 526 3071 utrumque
570 3001 764 3057 Adam.
796 3003 1005 3076 Ecquid
1043 3003 1086 3042 ¹¹
1121 3005 1214 3060 tibi
1255 3006 1475 3063 videtur
1505 3025 1701 3083 corpus
1729 3015 1838 3068 ani-

1954 606 2116 653 sunt:
2164 600 2301 654 sicut
2344 612 2398 655 et
2427 617 2610 656 rursus
2635 601 2839 671 primus
2859 603 3022 656 ‘nomo
3073 605 3137 657 de
3167 614 3328 668 terra,
3363 615 3415 662 et
3454 623 3544 662 se-

1951 686 2161 744 cundus
2186 688 2254 743 de
2281 689 2450 757 caelo;
2485 691 2610 761 quia
2642 690 2742 744 etsi
2775 691 2844 745 de
2882 692 3023 747 ccelo
3053 695 3350 749 secundum
3419 697 3542 765 spi-

1955 775 2137 842 ritum,
2195 778 2288 832 sed
2346 779 2508 834 homo
2554 781 2855 836 secundum
2916 796 3150 836 carnem.
3191 783 3391 856 Itaque,
3422 802 3542 840 cum

1953 865 2100 920 carni
2129 868 2413 922 conveniat
2441 869 2574 923 ordo
2607 869 2658 924 in
2691 878 2918 940 utroque
2948 870 3142 936 Adam,
3174 887 3282 926 non
3333 874 3542 938 animae,

1954 961 2014 1008 ut
2056 956 2264 1024 primus
2307 957 2468 1011 homo
2511 956 2558 994 ¹ἰ
2599 957 2651 1011 in
2690 959 2923 1012 animam
2961 959 3164 1027 vivam,
3212 962 3540 1018 novissimus

1957 1041 2011 1097 in
2043 1043 2292 1114 Spiritum
2334 1045 2713 1116 viviﬁcantem,
2767 1047 3003 1102 distincti
3053 1048 3186 1117 sint;
3229 1066 3382 1122 atque
3430 1051 3545 1104 dis-

1957 1132 2144 1188 tinctio
2170 1149 2360 1189 eorum
2391 1135 2542 1190 carni
2587 1135 2991 1190 distinctionem
3042 1139 3440 1208 praeiudicavit,
3493 1149 3549 1195 ut

1954 1221 2024 1276 de
2045 1237 2208 1278 carne
2233 1223 2302 1277 sit
2320 1223 2520 1279 dictum
2545 1242 2558 1279 :
2581 1226 2698 1280 Non
2717 1225 2970 1297 primum
2991 1227 3132 1300 quod
3154 1228 3433 1299 spiritale,
3453 1231 3548 1285 sed

1955 1312 2100 1382 quod
2127 1313 2398 1380 ani-male,
2430 1319 2621 1386 postea
2652 1314 2794 1386 quod
2817 1317 3114 1386 spiritale;
3155 1325 3319 1387 atque
3349 1318 3419 1372 ita
3448 1334 3545 1373 ea-

1953 1399 2078 1456 dem
2108 1400 2179 1454 sit
2209 1409 2263 1456 et
2282 1417 2441 1472 supra
2468 1402 2837 1475 intelligenda,
2871 1411 2925 1458 et
2952 1420 3076 1474 quae
3105 1404 3400 1462 seminetur
3419 1422 3547 1463 cor-

1955 1506 2061 1562 pus
2087 1490 2340 1555 auimale,
2372 1501 2424 1546 et
2450 1507 2570 1562 quae
2599 1501 2838 1564 resurgat
2865 1507 3064 1562 corpus
3106 1495 3348 1564 spiritale
3374 1515 3388 1564 ;
3419 1496 3545 1567 quia

1955 1591 2062 1632 non
2092 1578 2326 1650 primum
2357 1580 2502 1650 quod
2531 1579 2786 1647 spiritale,
2815 1583 2910 1635 sed
2941 1581 3089 1654 quod
3120 1583 3384 1651 animale;
3418 1585 3546 1654 quia

1950 1667 2159 1736 primus
2185 1668 2356 1722 Adam
2388 1669 2438 1722 in
2468 1668 2722 1736 animam,
2749 1669 3078 1724 novissimus
3125 1671 3294 1726 Adam
3325 1673 3378 1727 in
3425 1673 3544 1743 spi-

1949 1755 2134 1812 ritum.
2168 1755 2364 1810 Totum
2405 1757 2474 1811 dc
2503 1756 2756 1821 homine;
2791 1763 2959 1812 totum
2993 1757 3060 1812 de
3110 1774 3292 1825 carne,
3332 1761 3546 1832 quando

1955 1843 2022 1899 de
2049 1845 2283 1900 homine.
2309 1844 2450 1914 Quid
2475 1860 2605 1916 ergo
2626 1844 2866 1899 dicemus
2886 1847 2915 1900 ?
2934 1847 3125 1901 Nonne
3144 1857 3197 1902 et
3215 1865 3355 1904 nunc
3386 1851 3546 1906 habet

1956 1949 2086 1990 caro
2128 1934 2380 2006 spiritum
2425 1949 2489 1989 ex
2542 1933 2701 1988 ﬁde?
2747 1932 2918 1990 875
2967 1935 3036 1990 Ut
3067 1937 3415 2006 quaerendum
3476 1940 3546 1995 sit

1955 2024 2225 2094 quomodo
2272 2038 2467 2091 corpus
2518 2023 2746 2079 animale
2793 2023 3000 2078 dicatur
3046 2024 3319 2079 seminari.
3384 2027 3546 2080 Plane

1955 2111 2160 2182 accepit
2199 2120 2252 2164 et
2299 2111 2386 2165 hic
2426 2111 2677 2182 spiritum
2723 2111 2767 2149 ¹⁵
2815 2127 2956 2175 caro,
3000 2112 3095 2167 sed
3143 2115 3538 2185 arrhabonem;

1956 2201 2149 2256 animae
2195 2208 2374 2255 autem
2422 2215 2528 2254 non
2573 2200 2944 2266 arrhabonem,
2995 2203 3084 2254 sed
3139 2202 3540 2271 plenitudinem.

1952 2289 2135 2359 Itaque
2163 2291 2320 2343 etiam
2363 2298 2647 2358 pr0pterea
2693 2289 2919 2356 majoris
2964 2291 3280 2360 substantiae
3325 2295 3545 2349 nomine

1951 2378 2180 2433 animale
2223 2393 2418 2447 corpus
2464 2387 2767 2446 nuncupata
2805 2387 2932 2444 est,
2985 2380 3036 2434 in
3066 2395 3174 2449 qua
3220 2381 3538 2455 seminatur,

1951 2465 2130 2521 futura
2178 2466 2407 2536 proinde
2452 2481 2550 2536 per
2601 2465 2989 2534 plenitudinem
3035 2467 3258 2538 spiritus
3322 2469 3544 2541 insuper

1953 2554 2208 2625 spiritale,
2242 2555 2294 2608 in
2320 2571 2428 2628 qua
2447 2556 2815 2611 resuscitatur.
2847 2555 2989 2623 Quid
3022 2557 3239 2622 mirum,
3271 2556 3316 2611 si
3366 2561 3540 2632 magis

1948 2641 2074 2699 inde
2119 2646 2350 2699 vocitata
2379 2653 2481 2708 est,
2540 2643 2678 2698 unde
2727 2644 2966 2700 conferta
3023 2653 3126 2711 est,
3189 2662 3350 2717 quam
3397 2649 3542 2704 unde

1943 2747 2192 2804 respersa
2209 2732 2259 2772 ¹⁶
2277 2733 2305 2788 ?

2525 2881 2746 2960 carm
2783 2883 2916 2939 LIV.

2015 3003 2095 3058 Ita
2131 3002 2198 3058 de
2242 3004 2622 3062 vocabulorum
2639 2984 3016 3065 occasionibus
3037 3009 3333 3081 plurimum
3375 3025 3535 3082 quat-

222 3087 397 3153 male,
431 3096 487 3143 et
532 3105 730 3160 corpus
786 3092 1131 3161 spiritale'in
1176 3095 1368 3150 eadem
1414 3112 1577 3153 carne
1653 3101 1843 3158 distiu-

229 3192 410 3203 ..-Α-Α
473 3179 619 3203 nni..-
669 3178 1064 3203 Δζ-ιξ..-ι2-..-...
1117 3181 1168 3203 2..
1236 3195 1344 3203 __.__
1368 3201 1454 3203 hu,
1536 3191 1550 3203 Δ
1586 3190 1600 3203 1
1789 3195 1798 3203 .
1828 3199 1835 3203 .

1954 3091 2150 3146 stiones
2179 3093 2560 3161 subornantur,
2603 3095 2740 3151 sicut
2768 3106 2824 3152 et
2861 3099 2930 3153 de
2965 3100 3248 3155 verborum
3294 3114 3540 3155 commu-

1954 3179 2196 3203 ..ε--ει.---
2272 3183 2344 3203 ὶῒ-
2362 3186 2419 3203 ..⁸
2515 3201 2540 3203 Α-
2565 3184 2625 3203 ,3-
2705 3196 2743 3203 _.
2807 3187 2858 3203 'II
2921 3188 2934 3203 ι
3008 3187 3024 3203 Α
3147 3196 3156 3203 .
3205 3190 3216 3203 ι
3488 3189 3499 3200 α

223 3192 430 3248 gnere,
471 3179 622 3246 cujus
666 3178 1068 3237 distinctionem
1116 3181 1172 3236 in
1236 3195 1464 3256 utroque
1519 3190 1717 3259 Adam,
1786 3195 1840 3249 id

1954 3179 2220 3236 nionibus.
2272 3183 2440 3248 Nam',
2506 3184 2636 3255 quia
2695 3196 2749 3242 et
2806 3187 2935 3240 illud
2992 3187 3314 3258 Apo~tolum
3385 3189 3542 3260 posi-

222 3271 346 3329 est,
381 3265 440 3318 in
472 3274 694 3337 utroque
721 3271 944 3323 homine
974 3273 1293 3340 praestruxit
1315 3273 1344 3326 ?
1374 3275 1455 3328 Ex
1486 3293 1590 3346 qua
1622 3277 1668 3317 12
1689 3284 1830 3337 enim

225 3353 540 3410 substantia
597 3358 799 3426 pariant
831 3359 973 3414 inter
1003 3375 1062 3414 se
1091 3360 1339 3418 Christus
1368 3369 1425 3421 et
1465 3366 1692 3423 Adam?
1728 3372 1842 3428 Sci-

222 3441 362 3498 licet
391 3459 457 3497 ex
497 3458 672 3516 carne,
703 3446 824 3500 licet
863 3455 916 3502 et
948 3463 1015 3502 ex
1041 3449 1216 3503 anima
1249 3470 1263 3517 ;
1306 3454 1401 3506 sed
1446 3453 1494 3492 13
1523 3458 1699 3512 carnis
1737 3476 1838 3516 no-

224 3531 383 3586 mine
428 3533 588 3587 homo
638 3541 866 3606 uterque
909 3547 1051 3594 sunt.
1096 3539 1251 3594 Prior
1303 3542 1448 3597 enim
1488 3561 1612 3601 caro
1653 3551 1838 3605 homo.

224 3621 315 3674 Ex
382 3620 470 3676 illa
513 3629 566 3676 et
608 3623 850 3679 ordinem
904 3626 1183 3682 admittere
1230 3639 1542 3702 potuerunt,
1593 3643 1652 3690 ut
1709 3638 1846 3694 alter

226 3707 464 3778 primus,
497 3711 634 3764 alter
662 3711 994 3770 novissimus
1029 3715 1212 3782 homo,
1247 3719 1298 3772 id
1327 3727 1415 3774 est
1443 3723 1638 3792 Adam,
1672 3726 1846 3796 depu-

227 3806 500 3851 tarentur.
545 3798 832 3865 Ceterum,
873 3800 1088 3857 diversa
1116 3803 1169 3858 in
1198 3806 1442 3864 ordinem
1481 3811 1694 3882 disponi
1732 3829 1844 3870 non

230 3893 475 3956 possunt
509 3886 576 3943 de
617 3888 918 3944 substantia
964 3890 1269 3961 duntaxat;
1303 3895 1370 3951 de
1410 3897 1532 3954 loco
1561 3901 1726 3969 enim,
1753 3912 1845 3957 aut

229 3980 506 4044 tempore,
535 3983 627 4031 aut
652 3977 980 4046 conditione,
1019 3979 1244 4037 forsitan
1272 3985 1500 4055 possint.
1531 3989 1631 4045 Hic
1662 3999 1842 4047 autem

1951 3276 2062 3328 tum
2091 3282 2174 3326 est
2205 3288 2218 3324 :
2257 3273 2345 3328 Uti
2375 3271 2672 3329 devoretur
2706 3277 2951 3332 mortale
2978 3293 3013 3331 a
3053 3279 3190 3343 vita,
3220 3293 3346 3332 caro
3389 3278 3538 3333 scili-

1949 3368 2065 3426 cet;
2095 3361 2501 3415 devorationem
2549 3378 2765 3434 quoque
2816 3365 2881 3418 ad
2921 3365 3304 3436 perditionem,
3336 3367 3540 3421 scilicet

1951 3449 2149 3514 carnis,
2179 3450 2444 3520 arripiunt
2476 3468 2488 3504 :
2520 3451 2669 3523 quasi
2716 3468 2823 3508 non
2863 3454 3026 3508 bilem
3059 3462 3112 3509 et
3160 3455 3404 3510 dolorem
3453 3455 3540 3508 di-

1951 3554 2137 3594 camur
2179 3539 2456 3604 devorare,
2498 3541 2550 3594 id
2597 3549 2678 3595 est
2717 3542 3076 3609 abscondere,
3128 3559 3191 3600 ac
3234 3553 3423 3614 tegere
3474 3542 3542 3610 17,

1949 3635 2002 3682 et
2049 3628 2186 3683 intra
2230 3629 2586 3698 nosmetipsos
2629 3630 2921 3685 continere.
2974 3633 3232 3706 Denique,
3297 3647 3421 3687 cum
3489 3641 3543 3686 et

1951 3715 2084 3772 illud
2113 3717 2370 3788 scriptum
2391 3717 2459 3772 sit
2481 3719 2734 3790 :Oportet
2762 3722 3009 3776 mortale
3041 3721 3141 3779 hoc
3169 3722 3413 3778 induere
3443 3723 3546 3776 im-

1950 3809 2390 3873 mortalitatem,
2425 3807 2723 3863 ostenditur
2767 3809 3044 3880 quomodo
3085 3810 3307 3864 mortale
3363 3811 3538 3865 devo-

1952 3906 2106 3954 retur
2132 3914 2164 3953 a
2191 3898 2318 3967 vita,
2353 3897 2481 3951 dum
2517 3896 2763 3952 indutum
2792 3897 3187 3953 immortalitate
3240 3899 3537 3954 abscondi-

1953 3999 2061 4054 tur,
2092 3995 2147 4044 et
2177 3986 2392 4060 tegitur,
2440 3995 2491 4042 et
2533 3986 2680 4040 intus
2725 3987 3067 4050 continetur;
3102 4002 3209 4042 non
3256 3988 3384 4043 dum
3429 3989 3535 4044 ab-

1625 4131 1821 4193 Varire
1865 4135 2182 4193 lectiones.

307 4220 334 4257 ⁶
366 4221 670 4307 Ιραοὶηιιιρπι
691 4225 884 4307 Δδθγνξὶ.
915 4225 1473 4307 ᾇῃδεν.η1ἰ-Ι;οη.
1500 4232 1684 4307 _Seml.
1715 4233 1740 4268 ⁸
1770 4233 1917 4307 Facit
1963 4230 2135 4307 sentt.
2164 4227 2190 4264 9
2218 4226 2616 4307 Ante_abestna
2648 4226 2822 4307 Rhea.
2873 4229 3048 4307 δοριξ
3170 4226 3373 4307 Quidni
3416 4244 3537 4298 quae

226 4292 290 4380 in
321 4293 556 4372 animam
598 4293 742 4380 facta
769 4305 846 4379 est
873 4297 978 4380 a_lii
1004 4300 1222 4380 oitigse.
1255 4299 1298 4338 ιι
1324 4301 1395 4380 βε
1420 4301 1775 4380 quid___Rhen.
1834 4304 1960 4358 Ven.
1996 4302 2041 4338 ι²
2074 4300 2307 4379 Utraque
2350 4300 2507 4380 Pam:
2552 4299 2684 4378 Par:
2735 4299 2908 4352 Fran.
2942 4297 2987 4380 ιξ*
3015 4292 3228 4380 Scilicet
3270 4307 3325 4380 et
3371 4292 3540 4380 carne

225 4372 285 4449 et
318 4364 524 4449 anima,
547 4368 648 4449 sed
679 4368 1288 4449 carnis_Paris._Fran_._
1307 4364 1468 4449 liam.
1493 4373 1703 4449 scilicet
1729 4385 1778 4428 et
1818 4388 1978 4449 carne
2004 4382 2060 4425 et
2085 4386 2149 4425 ex
2178 4364 2357 4422 anima
2389 4368 2517 4448 (sed.
2536 4367 2717 4449 carnis
2759 4396 2830 4407 —
2860 4376 2984 4449 sunt
3022 4395 3092 4449 ιτ-
3120 4368 3304 4449 homo)
3357 4384 3422 4423 ex
3451 4369 3543 4449 illa

224 4437 366 4514 lim.
400 4436 446 4514 ις·
473 4437 653 4514 _Adam
684 4437 1020 4514 add._Fran.
1050 4442 1212 4496 Pam.
1227 4441 1292 4514 _15
1319 4441 1541 4514 Exitide
1569 4455 1627 4498 ut
1677 4459 1847 4514 quaer.
1889 4443 1976 4506 sit,
2010 4436 2596 4514 quom.gct_)_rp_.ganim.
2647 4438 2753 4514 dic.
2804 4438 3076 4492 seminari.
3120 4439 3285 4493 Plane
3327 4455 3438 4495 acc.
3491 4448 3544 4494 et

228 4506 325 4561 hic
353 4506 605 4577 spiritum
644 4511 848 4581 repetit
878 4511 1048 4566 Seml.
1071 4511 1352 4570 mendose.
1386 4513 1433 4551 ιδ
1461 4506 1719 4585 Dispersa
1747 4523 1830 4571 est
1859 4506 2041 4571 Rhea:
2070 4511 2240 4570 Seml.
2276 4506 2615 4582 "'Adtegere
2644 4510 2822 4566 Rhea.

1642 4638 2151 4702 Commentarius.

306 4735 625 4839 (ἕπε’)ῼυθη
640 4739 930 4839 θυθξίαητθ
943 4743 1207 4839 (ἕπίηδίίηξ
1217 4743 1502 4839 "infuit?
1521 4745 1854 4839 memmi}?
1883 4762 1929 4839 ll
1961 4737 3013 4839 νθβθίδίίῖἷέίδῗξῗςὶἶτῗ.ἕίῇ..ῗέξέἓθ
3047 4735 3548 4839 ῗῗέῗξξίῖἓ..νίνέξὲ

228 4809 292 4887 in
338 4809 599 4887 Ecclesia
643 4808 1025 4887 controversia,
1086 4808 1416 4887 utgtestatur
1443 4817 1712 4887 Nyssenus
1751 4816 1846 4871 lib.
1883 4808 1928 4839 ν
1957 4808 2078 4868 ante
2146 4808 2338 4887 animae
2386 4811 2659 4887 rationalis
2706 4812 2990 4887 adventum
3046 4808 3387 4887 arbitrantur.
3441 4808 3545 4887 Sed

227 4883 304 4936 de
342 4880 492 4950 Opif.
524 4895 642 4951 cap.
676 4884 764 4944 28,
797 4898 863 4936 an
891 4882 1069 4958 anima
1098 4885 1286 4958 fuisset
1312 4887 1461 4957 prior
1480 4880 1728 4958 corpore,
1779 4903 1846 4942 an

227 4966 454 5030 corpus
479 4958 530 5003 et
556 4967 682 5006 caro
725 4961 910 5008 nostra
937 4956 1086 5024 prior
1129 4956 1353 5030 anima;
1385 4957 1518 5012 illud
1565 4956 1847 5030 Origenis-

233 5022 677 5098 taa_tuebantur,_
707 5033 896 5098 contra
929 5022 1067 5096 quos
1111 5022 1444 5098 aliiﬁcarrnen
1485 5022 1844 5098 praeferebant

229 5092 442 5146 animae
481 5094 560 5168 ob
606 5092 963 5164 iniquitatem'
989 5111 1162 5150 suam.
1197 5092 1501 5168 Utrumque
1539 5101 1692 5168 plene
1747 5099 1842 5152 im-

234 5172 442 5234 pagnat
479 5163 802 5240 Nyssenus:
859 5168 1008 5236 prius
1051 5183 1168 5240 cap.
1214 5172 1300 5230 28,
1352 5163 1612 5240 adversus
1660 5168 1850 5240 Orige-

231 5249 413 5306 nﬁem;
457 5235 720 5302 posterius
774 5235 890 5306 cap.
933 5241 1022 5302 29,
1072 5235 1162 5292 ubi
1213 5239 1528 5293 sententiam
1569 5241 1708 5294 hanc
1752 5235 1850 5294 ve-

231 5303 509 5358 rissimam
537 5303 851 5379 Tertulliani
887 5308 1261 5378 philosophice
1335 5317 1556 5364 conatur
1597 5312 1846 5379 probare,

231 5389 468 5448 eamque
527 5377 979 5448 existimationem
1026 5377 1205 5434 veram
1257 5386 1408 5448 putat
1473 5381 1523 5433 in
1572 5377 1847 5436 formatio-

230 5445 405 5500 nibus
452 5447 703 5524 omnium
737 5450 1013 5524 hominum
1043 5451 1113 5524 in
1161 5445 1338 5524 utero,
1385 5465 1560 5524 neque
1625 5451 1840 5524 aliquod

229 5530 438 5588 corpus
482 5521 858 5588 vegetativum,
899 5523 982 5576 vel
1025 5520 1221 5577 deinde
1267 5520 1539 5586 sensibile,
1577 5537 1673 5578 seu
1715 5520 1843 5577 'ani-

231 5586 384 5640 male
432 5586 735 5663 praecedere
773 5590 1028 5663 infusioni
1061 5591 1354 5663 rationalis
1378 5592 1589 5658 animat,
1616 5599 1678 5647 ut
1724 5593 1842 5663 ple-

233 5672 474 5730 namque
525 5659 706 5719 {erunt
769 5662 1096 5734 philosophi,
1155 5663 1248 5734 qui
1293 5665 1638 5734 embryonem
1688 5659 1838 5733 prius

1956 4887 2203 4960 animam
2224 4883 2534 4960 rationalem
2567 4891 2714 4960 putat
2751 4882 3030 4960 Nyssenus
3106 4880 3300 4934 adesse
3329 4897 3358 4932 a
3390 4879 3544 4960 prin-

1951 4957 2092 5025 cipio
2121 4954 2360 5023 cujusvis
2407 4952 2747 5008 animationis
2786 4955 2966 5025 fletus,
3007 4960 3061 5006 et
3089 4960 3213 5025 ante
3238 4952 3546 5025 organis»

1952 5020 2150 5080 tionem
2181 5020 2342 5089 illius,
2383 5039 2546 5094 quam
2573 5024 3048 5094 organisationemi
3070 5021 3170 5076 sibi
3232 5020 3406 5077 facere
3455 5023 3544 5094 ip-

1947 5112 2061 5150 sam
2105 5095 2355 5149 animam.
2389 5093 2568 5149 Verba
2596 5095 2824 5164 Nysseni
2857 5093 2995 5147 vide.
3029 5093 3155 5147 Lac.

2034 5167 2150 5237 (36)
2181 5166 2289 5221 Alii
2327 5167 2482 5221 enim
2530 5162 2807 5222 accidens.
2831 5163 2954 5237 Non
2982 5162 3350 5237 strictesumit
3387 5163 3540 5237 acci-

1960 5234 2246 5301 dens,'sed
2277 5237 2452 5291 latiori
2483 5237 2644 5291 modo
2676 5243 2832 5306 prout
2877 5234 3315 5289 substantialnbus
3366 5235 3544 5306 Carnis

1957 5309 2124 5387 etiam
2149 5308 2419 5387 congruit.
2461 5308 2512 5361 id
2557 5304 2934 5387 estadjacens
2968 5322 3164 5387 :quarn
3206 5321 3389 5387 vocem
3427 5304 3548 5384 phi-

1954 5377 2164 5456 losophi
2197 5375 2300 5434 non
2333 5387 2532 5456 negant
2588 5375 2749 5456 rebus
2775 5375 3231 5456 substantialibus.
3270 5375 3361 5456 γεῂ
3398 5376 3546 5456 ιιοεὶτ-

2118 5451 2350 5505 fortasse
2407 5445 2507 5506 hoc
2535 5451 2752 5523 scripsit
2781 5450 3004 5524 Auctor,
3037 5449 3123 5524 vel
3175 5445 3536 5524 accidensest

1955 5519 2116 5646 idemll
2148 5525 2291 5648 qufod
2314 5514 2665 5600 contingens,
2705 5520 2834 5592 quia
2871 5514 3112 5575 materiae
3139 5514 3399 5587 contingit
3426 5514 3541 5568 haec

1955 5607 2014 5646 vc
2064 5609 2077 5645 ι
2124 5606 2156 5645 a
2227 5607 2400 5647 arma.

1949 5606 2035 5646 νοι
2064 5606 2156 5646 Illa
2205 5606 2400 5647 torma.
