4030 6184
459 337 568 414 θὲὃ

459 459 707 534 sumitur,
739 462 795 514 et
822 455 1102 528 amittitur.
1133 457 1280 528 Ergo
1334 463 1388 511 et
1450 470 1617 523 mors,
1662 455 1860 528 inquis,
1913 457 2061 518 salva

457 549 583 617 erit,
611 563 737 605 cum
765 546 928 603 fuerit
975 545 1246 616 devorata.
1279 545 1406 600 Ideo
1445 545 1690 614 discerne
1748 559 1847 618 pro
1889 547 2056 618 sensi-

456 637 559 692 bus
616 635 1052 693 communionem
1102 636 1411 702 verborum,
1454 643 1508 689 et
1572 634 1782 706 integre
1847 633 2051 700 intelli-

457 742 556 800 ges
583 726 634 764 18
663 727 798 799 (37).
823 725 986 780 Aliud
1013 723 1156 779 enim
1187 739 1352 790 mors,
1383 731 1437 778 et
1455 723 1599 777 aliud
1629 722 1867 786 mortale.
1890 723 2058 782 Aliter

455 814 640 888 itaque
686 814 1038 871 devorabitur
1095 828 1264 882 mors,
1305 821 1358 867 et
1407 812 1568 870 aliter
1621 813 1860 868 mortale.
1917 813 2059 878 Mors

456 919 566 960 non
613 903 758 976 capit
812 901 1292 966 immortalitatem,
1351 901 1580 956 mortale
1645 909 1820 956 autem
1894 900 2055 970 capit.

456 993 702 1064 Denique
733 1001 787 1049 et
815 990 1076 1061 scriptum
1105 999 1209 1057 est,
1255 990 1398 1061 quod
1428 1006 1647 1048 necesse
1694 990 1762 1044 sit
1819 992 2060 1050 mortale

459 1093 557 1149 hoc
587 1090 826 1158 induere
846 1090 1367 1147 immortalitatem.
1396 1087 1680 1158 Quomodo
1710 1103 1842 1159 ergo
1869 1091 2060 1160 capit?

456 1180 596 1236 Dum
625 1180 913 1236 devoratur
943 1193 975 1234 a
999 1179 1124 1238 vita.
1158 1176 1446 1246 Quomodo
1477 1177 1768 1233 devoratur
1797 1193 1829 1232 a
1883 1176 1992 1234 vita
2033 1176 2063 1234 ?

456 1270 601 1324 Dum
626 1267 900 1340 recipitur,
925 1275 977 1322 et
994 1265 1340 1337 redigitur,et
1358 1265 1645 1324 includitur
1663 1266 1717 1326 in
1731 1267 1903 1337 ipsam
1922 1267 2060 1340 (38).

456 1357 746 1424 Ceterum,
797 1371 943 1412 mors
991 1356 1183 1414 merito
1227 1355 1283 1412 in
1328 1355 1604 1413 interitum
1660 1356 1707 1395 19
1753 1356 2062 1428 devoratur,

454 1447 581 1519 quia
609 1456 664 1502 et
707 1446 827 1514 ipsa
854 1445 909 1500 in
925 1447 1031 1502 hoc
1056 1445 1292 1506 devorat.
1323 1445 1630 1514 Devoravit,
1664 1444 1876 1517 inquit,
1918 1462 2064 1504 mors

456 1535 841 1592 invalescendo
870 1535 1010 1605 (39),
1041 1541 1094 1590 et
1143 1535 1262 1596 ideo
1306 1533 1559 1591 devorata
1598 1545 1678 1589 est
1726 1535 1779 1588 in
1835 1541 2060 1594 conten-

423 1659 428 1666 η
458 1624 676 1684 tionem.
703 1624 796 1683 Ubi
813 1629 917 1693 est,
934 1639 1108 1690 mors,
1131 1625 1363 1680 aculeus
1377 1623 1753 1690 tuus(40)?ubi
1762 1628 1867 1690 est,
1885 1640 2057 1690 more,

457 1715 750 1774 contentio
799 1717 946 1769 tua?
978 1712 1206 1770 Proinde
1229 1718 1282 1764 et
1337 1711 1460 1776 vita,
1495 1711 1680 1766 mortis
1725 1711 1930 1774 scilicet
1980 1729 2060 1768 aa-

1158 329 1602 392 TERTULLIANI
1637 329 1898 400 OPBRUM
1938 331 2107 392 PARS
2142 331 2208 394 Il.
2252 359 2326 376 --
2358 326 2584 400 SERIBS
2619 327 2662 395 Ι,
2704 321 3042 384 POLBMICA.

3643 310 3750 372 924

2161 471 2266 513 non
2315 451 2685 518 resurrexerit.
2732 449 2801 504 Et
2838 461 2994 520 quam
3024 447 3289 518 ineptum,
3317 441 3363 497 si
3410 440 3466 497 in
3502 440 3608 496 hoc
3661 455 3754 496 re-

2159 544 2354 617 surgit,
2379 551 2564 597 utnon
2599 539 2704 595 sit!
2738 551 2856 608 qum
2884 533 3054 607 potuit
3092 548 3199 586 non
3227 531 3608 594 resurrexisse,
3659 544 3758 584 nec

2161 650 2281 692 esse
2305 650 2319 701 ;
2355 631 2478 706 quia
2500 645 2605 686 non
2635 643 2752 682 esse
2777 626 2894 696 jam
2915 631 3170 694 coeperat.
3209 622 3330 675 Non
3359 620 3408 658 24
3456 617 3762 673 miscebun-

2167 729 2251 778 tur
2281 720 2498 777 omnino
2537 719 2766 784 diversa,
2807 713 3032 769 mutatio
3074 721 3232 784 atque
3281 708 3536 782 perditio,
3567 706 3764 779 operi-

2161 813 2262 878 bus
2292 811 2478 882 utique
2510 807 2727 864 diversa
2759 822 2772 859 :
2806 802 2985 877 perdit
3021 803 3155 866 haec,
3187 799 3275 854 illa
3302 804 3492 855 mutat.
3523 796 3769 867 Quomo-

2169 900 2239 956 do
2275 913 2428 971 ergo,
2477 896 2620 969 quod
2652 893 2916 965 perditum
2937 898 3040 955 est,
3080 896 3343 943 mutatum
3373 903 3482 942 non
3533 894 3654 952 est;
3687 885 3767 939 ita

2173 989 2318 1062 quod
2347 994 2608 1043 mutatum
2637 991 2739 1056 est,
2773 981 3043 1056 perditum
3079 993 3189 1033 non
3216 985 3317 1032 est.
3351 975 3560 1032 Perisse
3592 974 3763 1042 enim,

2166 1090 2248 1134 est
2280 1079 2334 1134 in
2375 1085 2544 1133 totum
2584 1089 2695 1129 non
2727 1088 2846 1126 esse
2873 1067 3018 1142 quod
3064 1066 3226 1123 fuerit
3258 1088 3272 1137 ;
3317 1071 3581 1120 mutatum
3611 1078 3766 1129 esse,

2166 1168 2320 1223 aliter
2343 1181 2463 1220 esse
2494 1171 2592 1220 est.
2625 1163 2673 1200 2⁵
2695 1163 2883 1230 Porro,
2907 1159 3038 1214 dum
3063 1155 3213 1212 aliter
3245 1162 3346 1225 est,
3378 1153 3433 1208 id
3455 1154 3633 1224 ipsum
3655 1167 3770 1224 po-

2167 1266 2269 1314 test
2314 1241 2436 1311 eSse
2467 1273 2482 1310 :
2515 1253 2676 1308 habet
2715 1252 2858 1306 enim
2890 1264 3013 1306 esse
3041 1245 3185 1319 quod
3225 1259 3332 1300 non
3380 1242 3540 1316 perit.
3580 1242 3771 1296 Muta-

2166 1347 2364 1420 tionem
2392 1344 2537 1400 enim
2567 1357 2788 1415 passum
2838 1347 2941 1411 est,
2995 1352 3101 1393 non
3151 1332 3532 1409 perditionem.
3583 1333 3773 1405 Atque

2165 1435 2302 1492 adeo
2333 1442 2506 1506 petest
2537 1439 2588 1488 et
2615 1428 2877 1487 demutari
2920 1427 3072 1502 quid,
3104 1432 3158 1482 et
3187 1422 3370 1500 ipsum
3397 1437 3517 1477 esse
3549 1421 3774 1477 nihilo—

2167 1525 2346 1586 minus
2377 1543 2393 1592 ;
2425 1531 2484 1580 ut
2509 1533 2564 1577 et
2594 1528 2736 1576 totus
2760 1520 2921 1574 homo
2952 1515 3004 1571 in
3027 1517 3132 1570 hoc
3158 1529 3273 1570 aevo
3315 1511 3612 1568 substantia
3637 1510 3778 1584 qui-

2171 1615 2297 1678 dem
2325 1613 2441 1686 ipse
2487 1611 2575 1673 sit,
2617 1607 2957 1664 multifariam
3009 1613 3184 1660 tamen
3214 1603 3536 1672 demutctur,
3567 1608 3622 1655 et
3652 1601 3778 1656 ha-

2169 1705 2303 1770 bitu,
2354 1711 2408 1757 et
2453 1699 2568 1772 ipsa
2608 1697 2963 1770 corpulentia,
3015 1701 3068 1750 et
3109 1692 3434 1763 valetudine,
3475 1699 3526 1756 et
3571 1689 3783 1745 condi-

456 1805 626 1871 mula,
657 1817 750 1872 per
773 1799 1170 1856 contentionem
1216 1797 1495 1854 devorabit
1525 1798 1579 1853 in
1619 1799 1866 1866 salutem,
1918 1803 2060 1872 quod
2097 1813 2140 1892 Β
2172 1794 2342 1860 tione.
2372 1801 2427 1846 εει
2450 1789 2747 1892 ‘digflimie.
2783 1794 3059 1892 θξὶεθῑαῐεξ,
3090 1782 3287 1892 δξὲιάίοι
3321 1780 3560 1892 ιλθεῖιὶοι
3591 1777 3780 1833 ληίδ-

459 1909 556 1964 per
574 1888 971 1947 contentionem
1000 1887 1050 1924 2ο
1087 1885 1437 1950 devoraverat
1467 1901 1617 1944 mors
1646 1888 1700 1952 in
1757 1887 2051 1952 interitum.

1060 2029 1287 2087 CAPUT
1323 2029 1436 2090 LV.

528 2158 846 2230 Quanquam
883 2155 1050 2228 igitur
1078 2164 1504 2214 resurrecturum
1548 2171 1766 2212 carnem
1822 2159 2055 2228 probau-

458 2254 542 2302 tes
573 2243 747 2304 876
766 2247 870 2301 hoc
889 2245 1010 2314 ipso
1039 2259 1148 2308 non
1197 2244 1356 2299 aliam
1387 2251 1815 2306 resurrecturam
1859 2246 2055 2314 probe~

459 2350 580 2394 mus
607 2333 741 2405 (41),
773 2348 937 2404 quam
969 2333 1036 2388 de
1065 2347 1170 2404 qua
1197 2332 1402 2402 agitur;
1436 2339 1615 2396 tamen
1643 2332 1872 2404 singulm
1903 2349 2055 2404 quae-

459 2423 690 2490 stiones,
721 2424 778 2478 et
805 2437 985 2477 causae
1015 2435 1226 2486 earum,
1259 2419 1508 2490 proprios
1549 2436 1765 2492 quoque
1809 2419 1854 2458 ²¹
1900 2420 2057 2492 ﬂagi-

460 2517 573 2579 tant
596 2526 949 2582 congressus,
978 2508 1102 2564 licet
1127 2508 1341 2574 aliunde
1381 2511 1493 2580 jam
1548 2525 1725 2564 caesae.
1781 2509 2054 2580 Interpre-

462 2599 695 2666 tabimur
722 2597 908 2668 itaque
937 2595 1154 2668 plenius
1185 2605 1240 2652 et
1267 2595 1374 2658 vim
1403 2604 1460 2664 et
1506 2596 1766 2658 rationem
1815 2597 2056 2654 demuta-

459 2686 648 2752 tionis,
681 2701 800 2756 quae
830 2685 1001 2740 ferme
1048 2683 1419 2738 subministrat
1464 2683 1686 2739 alterius
1735 2684 1912 2742 carnis
1962 2702 2056 2741 re-

460 2783 779 2830 surrecturae
830 2773 1352 2845 praesumptionem;
1393 2773 1547 2844 quasi
1585 2773 1867 2843 demutari,
1908 2775 2056 2829 desi-

461 2880 592 2920 nere
620 2865 690 2919 sit
715 2865 768 2918 in
799 2871 988 2928 totum,
1011 2871 1065 2917 et
1093 2861 1162 2917 de
1193 2860 1421 2931 pristino
1451 2861 1644 2932 perire.
1697 2862 2060 2918 Discernenda

464 2959 546 3018 est
590 2962 767 3008 autem
810 2952 1104 3024 demutatio
1143 2951 1259 3024 (42)
1289 2952 1359 3006 ab
1388 2951 1534 3010 omni
1571 2961 1886 3024 argumento
1926 2969 2057 3025 per-

463 3041 702 3106 ditionis.
727 3039 885 3096 Aliud
920 3040 1062 3106 enim
1093 3039 1406 3116 demutatio,
1440 3039 1582 3095 aliud
1611 3040 1861 3112 perditio.
1887 3042 2056 3114 Porro

463 3145 573 3198 non
602 3129 772 3199 aliud,
803 3129 850 3184 si
889 3130 960 3202 ita
1000 3129 1358 3206 demutabitur
1387 3143 1532 3195 caro,
1583 3137 1640 3182 ut
1669 3140 1869 3200 pereat.
1924 3131 2055 3200 Pera

463 3217 563 3297 ibit
590 3229 770 3275 autem
816 3218 1114 3286 demutata,
1163 3217 1210 3273 si
1267 3234 1376 3274 non
1427 3221 1541 3290 ipsa
1587 3217 1944 3288 permanserit
2003 3219 2057 3272 in

463 3307 828 3364 demutatione
857 3307 930 3376 22,
958 3324 1079 3379 quae
1095 3307 1340 3363 exhibita
1371 3305 1529 3362 fuerit
1557 3306 1614 3361 in
1647 3309 2056 3379 resurrectiope.

463 3395 928 3470 Quemadmodum
975 3395 1118 3475 enim
1161 3395 1319 3465 perit,
1371 3396 1414 3450 si
1477 3409 1589 3448 non
1652 3395 1905 3468 resurgit,
1964 3397 2054 3462 ita,

462 3485 562 3540 etsi
589 3485 826 3557 resurgit
863 3485 1100 3556 quidem,
1134 3499 1320 3540 verum
1353 3483 1408 3538 in
1459 3481 1882 3542 demutationem
1929 3483 2060 3537 sub-

463 3573 700 3640 ducitur,
745 3588 898 3645 aeque
937 3573 1096 3646 perit.
1145 3573 1317 3645 Eque
1355 3571 1501 3636 enim
1536 3586 1642 3627 non
1683 3571 1806 3639 erit,
1848 3587 1910 3642 ac
1938 3571 1988 3608 2³
2014 3570 2060 3625 si

2169 1882 2275 1946 cio,
2329 1877 2690 1946 facultatibus,
2732 1873 2968 1945 sedibus,
3026 1871 3254 1944 legibus,
3301 1868 3583 1936 moribus;
3655 1882 3781 1922 nec

2163 1969 2457 2042 quidquam
2484 1977 2660 2020 tamen
2684 1955 2891 2017 amittat
2921 1959 3144 2016 hominis
3173 1958 3253 2028 25;
3295 1972 3394 2012 nec
3421 1956 3495 2011 ita
3520 1955 3664 2010 alius
3721 1955 3777 1991 27

2163 2057 2428 2115 efﬁciatur
2449 2056 2519 2121 28,
2552 2061 2612 2108 ut
2641 2063 2816 2108 cesset
2836 2051 2982 2106 idem
3003 2065 3122 2104 esse
3155 2066 3168 2102 :
3196 2046 3305 2102 imo
3333 2063 3434 2102 nec
3472 2046 3607 2101 alius
3637 2043 3782 2100 efﬁ-

2163 2148 2334 2204 ciatur
2396 2146 2467 2212 29,
2535 2145 2628 2199 sed
2680 2143 2842 2197 aliud.
2899 2139 3046 2194 Hanc
3097 2137 3325 2192 formam
3375 2134 3784 2192 demutationis

2162 2236 2342 2293 divina
2372 2236 2532 2290 etiam
2563 2233 2886 2288 documenta
2916 2235 3200 2285 testantur.
3231 2227 3464 2283 Mutatur
3484 2225 3614 2280 Mosi
3643 2243 3779 2281 ma.-

2162 2343 2265 2382 nus
2294 2334 2347 2379 et
2392 2323 2615 2396 quidem
2645 2323 2710 2377 ad
2743 2322 2905 2376 instar
2936 2325 3219 2383 emortum,
3250 2316 3572 2387 exsanguis,
3603 2322 3662 2370 et
3699 2332 3785 2374 ex

2162 2413 2345 2471 albida
2373 2414 2424 2450 3°
2471 2411 2706 2484 frigida;
2757 2407 2851 2464 sed
2898 2415 2952 2464 et
2997 2413 3217 2484 recepto
3263 2406 3459 2474 calore,
3491 2413 3541 2460 et
3571 2404 3783 2462 refuso

2164 2505 2368 2574 colore,
2412 2483 2604 2558 eadem
2632 2515 2757 2556 caro
2807 2505 2859 2553 et
2905 2483 3136 2574 sanguis.
3175 2504 3275 2552 est.
3309 2495 3537 2550 Mutatur
3568 2506 3786 2570 postea

2165 2591 2399 2648 etfacies
2434 2591 2696 2661 ejusdem,
2750 2584 3217 2660 incontemplabili
3260 2581 3304 2621 31
3338 2583 3598 2640 claritate.
3643 2582 3786 2640 Sed

2165 2683 2344 2738 Moses
2391 2688 2502 2734 erat
2561 2679 2609 2715 32
2656 2676 2898 2748 proinde,
2945 2673 3035 2746 qui
3079 2690 3186 2730 non
3233 2673 3524 2730 videbatur.
3573 2673 3668 2730 Sic
3706 2682 3788 2730 et

2171 2767 2324 2840 877
2367 2769 2674 2838 Stephanus
2714 2765 3012 2837 angelicum
3051 2764 3161 2840 jam
3195 2762 3460 2832 fastigium
3489 2763 3783 2837 induerat,

2167 2863 2261 2915 sed
2279 2875 2388 2914 non
2407 2858 2510 2913 alia
2531 2871 2705 2930 genua
2722 2845 3030 2924 lapidatioui
3050 2851 3098 2890 33
3120 2851 3474 2907 succiderant.
3489 2851 3788 2908 Dominus

2167 2964 2386 3023 quoque
2434 2947 2487 3001 in
2536 2961 2748 3002 secessu
2809 2943 3006 3002 montis
3063 2941 3227 2998 etiam
3275 2940 3592 2997 vestimenta
3631 2941 3784 2997 luce

2167 3043 2480 3108 mutaverat,
2528 3034 2624 3090 sed
2679 3033 2986 3088 liniamenta
3040 3033 3196 3086 Petro
3246 3027 3596 3102 agnoscibilia
3631 3029 3784 3103 (£3)

2169 3132 2522 3182 servaverat:
2548 3123 2640 3178 ubi
2664 3122 2825 3178 etiam
2845 3122 3053 3191 Moyses
3083 3131 3136 3174 et
3157 3119 3360 3187 Helias,
3385 3119 3515 3174 alter
3537 3119 3594 3174 in
3624 3119 3784 3176 ima-

2169 3218 2296 3290 gine
2316 3214 2490 3272 carnis
2513 3212 2753 3268 nondum
2774 3221 3004 3280 receptm
3022 3208 3298 3279 (44),alter
3317 3209 3371 3264 in
3386 3208 3603 3263 veritate
3622 3223 3788 3266 ncn-

2175 3305 2305 3359 dum
2366 3303 2655 3365 defunctae,
2706 3300 2946 3356 eamdem
3003 3308 3181 3370 tamen
3235 3296 3598 3353 habitudinem
3634 3314 3789 3356 cor-

2174 3394 2323 3468 poris
2353 3395 2513 3448 etlam
2543 3391 2599 3445 in
2633 3388 2803 3460 gloria
2833 3403 3176 3458 perseverare
3205 3388 3517 3444 docuerant.
3548 3388 3627 3442 De
3647 3404 3790 3460 quo

2171 3480 2420 3554 exemplo
2441 3479 2798 3540 instructuset
2826 3476 3024 3532 Paulus
3056 3494 3069 3530 :
3111 3478 3207 3548 qui
3247 3476 3670 3547 transﬁgurabit
3700 3479 3789 3546 δι’

2173 3566 2367 3640 inquit,
2389 3583 2591 3639 corpus
2626 3565 2974 3621 humilitatis
3003 3569 3233 3631 nostrae,
3266 3564 3612 3635 conformata
3641 3582 3792 3621 cor-

1840 3695 2034 3756 Variaa
2074 3697 2388 3756 lectiones.

538 3799 587 3875 [Β
613 3795 882 3875 Intelligis
912 3797 1097 3875 Rhen.
1133 3798 1306 3875 Seml_.
1347 3794 1532 3875 Venet.
1561 3796 1622 3875 _19
1647 3795 1866 3875 Interitu
1897 3798 2072 3875 illam.
2106 3796 2274 3875 δρτηιἶ
2305 3795 2361 3875 23
2376 3793 2717 3875 Ἰξᾳειτιηιρίἀζ
2737 3795 3250 3875 Βὴεηκρεζρᾳνᾳνη.
3276 3792 3322 3831 ²¹
3344 3792 3783 3875 Quosquehalr'i.

468 3871 518 3910 ²²
545 3866 983 3925 Demutationem
1031 3871 1207 3924 Rhen.
1258 3869 1431 3924 Seml.
1465 3869 1513 3908 ²³
1542 3869 1622 3924 Ac
1651 3870 1804 3925 abest
1830 3887 1865 3926 α
1895 3871 2071 3926 Rhen.
2123 3870 2294 3926 Seml.
2321 3867 2371 3906 ³4
2400 3866 2629 3922 Nonnisi
2671 3868 2875 3921 Frane.
2909 3866 2957 3908 ³⁵
2994 3866 3097 3921 Sed
3137 3867 3312 3922 inser.
3362 3867 3533 3922 lihen.
3586 3867 3784 3925 Sami.

465 3942 515 3980 26
560 3939 829 3996 Admittat
884 3939 1120 3994 hominis
1179 3941 1348 3996 Seml.
1398 3941 1446 3980 Ἦ
1494 3941 1654 3996 Aliud
1712 3944 1886 4004 Fran.
1942 3943 2101 3996 Pam.
2160 3942 2209 3976 2⁸
2267 3936 2508 4008 Efﬁcitur
2563 3938 2688 4000 alii.
2751 3937 2799 3973 29
2851 3936 3090 3994 Efﬁcitur
3146 3938 3321 4000 Rhen.
3365 3937 3639 4008 Seml._3°
3709 3940 3792 3998 Et

465 4011 647 4064 albida
695 4013 868 4066 Fran.
921 4018 974 4082 et
1024 4010 1270 4082 exalbida
1316 4012 1481 4082 83ml.
1533 4012 1577 4048 31
1623 4012 1679 4064 lu
1731 4011 2133 4082 contemplabili
2193 4005 2375 4066 Paris.
2435 4011 2606 4065 Fran.
2658 4009 2707 4046 ³2
2751 4010 2918 4062 Erant
2983 4008 3164 4064 Venet.
3213 4009 3263 4046 33
3318 4009 3377 4063 In
3431 4005 3788 4079 lapidatione

463 4082 648 4137 Paris.
678 4083 852 4138 Fran.
885 4081 933 4120 ³4
963 4080 1392 4152 Transﬁguravit
1433 4083 1613 4138 Venet.

1861 4179 2359 4242 Commentarius.

1861 4199 1905 4252 μ
2011 4200 2068 4242 m
2109 4199 2359 4250 manus.

559 4286 651 4380 θη
695 4283 916 4380 integre
953 4284 1650 4380 lintel'ligis.n_Cyprianus
1705 4284 1865 4360 epist.
1911 4201 2008 4341 Ἓξ
2041 4199 2136 4380 :QD
2167 4285 2729 4380 _hlm:c_ipnltte
2760 4283 3247 4380 demutari
3283 4283 3744 4380 ess-euagp‘erire
3765 4330 3786 4357 ,

533 4286 650 4412 $37)
695 4286 916 4358 Integre
988 4286 1288 4370 intelligis.
1351 4286 1414 4358 (Ζ)

463 4359 526 4415 In
547 4373 680 4430 egre
701 4361 756 4412 et
785 4375 914 4430 eum
945 4358 1265 4430 disciplina.
1289 4357 1414 4413 th.

533 4428 650 4498 (38)
683 4429 1011 4485 [nol-aditur
1030 4428 1096 4484 in
1113 4430 1614 4500 ipsam.Includere
1641 4443 1706 4484 eo
1727 4443 1888 4483 sensu
1911 4428 2057 4483 acci-

465 4499 544 4570 pit
597 4515 702 4570 quo
755 4499 846 4554 lib.
893 4500 956 4556 de
1026 4499 1372 4556 Painitenti'a
1435 4500 1568 4555 dixit
1623 4500 1912 4555 nonnullos
1967 4515 2059 4555 ne-

465 4571 673 4640 gligeie
708 4571 996 4627 includere
1045 4571 1429 4640 pmnitentiam.
1470 4573 1673 4626 Sensus
1713 4571 1875 4642 igitur
1918 4571 2056 4642 ejus,

463 4637 707 4696 inertale
727 4637 1127 4698 includitur-in
1150 4644 1328 4696 vitam
1351 4661 1369 4696 :
1403 4642 1691 4710 HiSpanice
1719 4637 2062 4710 e'xprimi’pol

464 4722 584 4776 test,
609 4716 898 4781 engastose
919 4729 989 4768 en
1023 4713 1079 4767 la
1107 4713 1255 4772 vida.
1278 4716 1413 4767 Lac.

533 4783 648 4854 (39)
671 4786 985 4852 Devoravit,
1016 4785 1224 4855 inquit,
1257 4799 1408 4855 mors
1423 4783 1832 4841 invalescendo.
1866 4784 2059 4839 Nescio

463 4871 623 4926 quem
647 4856 827 4926 locum
859 4854 1151 4924 Scripturic
1181 4854 1434 4925 respiciat
1479 4859 1719 4920 Auctor;
1783 4855 1884 4909 nisi
1920 4855 2058 4910 forte

466 4925 716 4994 respiciat
745 4941 860 4993 cap.
886 4943 916 4979 v
942 4928 1095 4980 Rom.
1121 4940 1144 4979 ι
1181 4927 1244 4980 In
1273 4941 1464 4983 omnes
1488 4928 1738 4984 homines
1755 4942 1902 4986 mors
1922 4941 2054 4996 per-

469 4997 816 5068 transiit,_ut
845 5003 996 5064 putat
1017 4997 1305 5052 Pamelius.
1354 4999 1526 5052 Credo
1560 4998 1843 5068 legendum
1886 5000 2059 5067 potius

467 5066 774 5121 invadenda
805 5083 961 5136 quam
995 5069 1403 5124 invalescendo.
1445 5069 1580 5124 Lac.

535 5139 649 5208 (40)
677 5137 769 5193 Ubi
791 5142 889 5201 est,
915 5155 1087 5205 mors,
1116 5141 1346 5196 aculeus
1373 5147 1503 5196 tuus
1523 5144 1549 5195 '1'
1580 5139 1714 5194 Illud
1738 5140 1879 5193 idem
1900 5139 2058 5194 habet

463 5224 584 5278 cap.
618 5210 705 5272 47,
731 5209 821 5263 ubi
855 5219 910 5263 ut
933 5220 1031 5266 hoc
1051 5211 1102 5264 in
1126 5211 1243 5266 loco
1271 5213 1476 5275 scribit,
1509 5213 1601 5269 Ubi
1621 5215 1909 5277 est,mors,
1929 5227 2060 5266 con-

467 5281 648 5336 tentio
681 5285 786 5336 tua
815 5281 842 5333 Γ)
872 5283 1059 5337 Melius
1093 5292 1269 5337 tamen
1301 5284 1460 5339 vertit
1509 5284 1753 5351 vulgatus
1792 5282 2059 5350 interpres

460 5354 724 5416 victoria,
759 5352 859 5409 νίκη
889 5354 975 5408 vel
1005 5357 1130 5414 νῖκος
1159 5357 1368 5409 Graece.
1404 5356 1479 5406 LE
1511 5355 1603 5406 Pa.

536 5426 816 5496 (Mldler:
867 5427 1045 5479 aliam
1090 5426 1539 5496 resurrecturum
1582 5421 1898 5492 probemus,
1955 5429 2056 5475 etc.

468 5495 875 5550 Valentinianos
912 5505 1070 5565 urget
1123 5495 1440 5560 hic;hujus
1499 5502 1702 5565 tantum
1741 5499 1918 5565 carnis
1964 5507 2056 5565 re-

466 5567 849 5620 surrectionem
881 5561 1168 5635 negabant,
1204 5581 1312 5620 non
1350 5573 1530 5618 autem
1559 5564 1796 5620 alterius.
1839 5561 1914 5618 LE
1963 5564 2057 5618 Pu.

535 5637 1048 5705 (1.2)Discernenda
1065 5639 1259 5694 autem
1275 5640 1360 5693 est
1381 5635 1715 5702 demutatio,
1755 5646 1861 5694 etc.
1883 5636 2064 5705 Nuga-

2167 4357 2398 4427 ideoque
2441 4371 2708 4429 carnem,
2755 4369 2917 4429 quam
2973 4356 3248 4429 habemus,
3285 4355 3593 4429 fruiturum
3653 4355 3786 4429 non

2164 4443 2285 4482 esse
2316 4428 2491 4498 gloria
2527 4427 2946 4491 resurrectionis,
2993 4427 3250 4498 quoniam
3280 4427 3546 4484 immutari
3576 4428 3779 4494 debet,

2167 4509 2224 4554 ut
2253 4500 2415 4553 docet
2447 4502 2766 4570 Apostolus.
2800 4501 2884 4553 LE
2915 4500 3012 4552 Pa.
3643 4569 3651 4570 ί
3767 4499 3770 4502 ⁴

2236 4571 2350 4641 (43)
2384 4569 3034 4628 δειίίιίηίαηιιτηιαρθίνο
3065 4569 3787 4641 agnoscz'bilia.Transfigu-

2172 4641 2308 4696 ratio
2331 4643 2529 4696 Christi
2554 4659 2745 4698 norma
2768 4643 2869 4698 fuit
2889 4642 3311 4696 resurrectionis
3332 4650 3527 4695 nostra:
3553 4659 3566 4705 ;
3588 4659 3780 4712 quare

2166 4714 2394 4783 quisque
2430 4715 2749 4770 lineamenta
2774 4727 2827 4768 et
2855 4713 3086 4768 formam
3114 4727 3268 4766 suam
3308 4712 3624 4774 reservabit,
3655 4729 3778 4784 qua

2168 4784 2422 4907 gggnlosci
2443 4795 2625 4857 queat,
2649 4788 2805 4854 cujus
2829 4786 3071 4840 rationes
3092 4783 3273 4840 reddit
3297 4785 3544 4840 Justinus
3563 4794 3771 4854 qumst.

2247 4896 2258 4907 .
2339 4869 2425 4907 ac.

2168 4858 2258 4910 60.
2292 4858 2425 4911 Lac.

2237 4926 2353 4995 (44)
2368 4927 2525 4982 Alter
2543 4928 2606 4981 in
2628 4928 2870 4998 imagine
2888 4929 3071 4984 carnis
3091 4927 3340 4982 nondum
3362 4931 3622 4998 receptat.
3639 4926 3777 4982 Haec

2165 4996 2478 5052 Tertulliani
2493 4996 2755 5053 sententia
2772 4999 3028 5070 probatur
3049 5016 3076 5052 a
3095 5000 3151 5052 S.
3171 5001 3376 5052 Thoma
3398 4999 3451 5052 in
3478 4996 3774 5055 Commen-

2172 5073 2340 5124 tariis
2366 5073 2431 5124 in
2465 5071 2658 5126 illatth.
2693 5079 2745 5124 et
2777 5087 2836 5125 in
2868 5086 2921 5139 p.
2957 5086 3012 5139 q.
3050 5071 3138 5136 45,
3173 5079 3273 5124 art.
3307 5073 3335 5123 3
3366 5072 3432 5123 ad
3464 5074 3517 5132 2,
3551 5071 3667 5124 Lira
3701 5074 3774 5124 in

2170 5141 2368 5194 Matth.
2403 5157 2545 5205 xvu,
2571 5142 2825 5196 Abolensi
2856 5145 3057 5212 quiest.
3092 5144 3161 5195 54
3197 5148 3250 5195 et
3291 5145 3380 5195 55.
3407 5142 3642 5196 Tametsi
3673 5143 3776 5196 Pa-

2168 5218 2308 5286 trum
2332 5222 2383 5265 et
2419 5213 2778 5286 interpretum
2810 5211 2967 5283 plura
3011 5211 3573 5286 sufl'ragiaqsuadeant
3603 5215 3771 5268 etiam

2166 5283 2385 5356 llloysen
2417 5284 2470 5335 in
2495 5285 2718 5338 veritate
2748 5300 2858 5338 sua:
2879 5285 3055 5338 carnis
3081 5283 3424 5356 apparuisse,
3452 5285 3545 5356 qui
3575 5301 3607 5339 e
3631 5301 3775 5338 mor-

2168 5355 2272 5406 tuis
2289 5356 2364 5426 ad
2404 5362 2619 5426 tempus
2658 5356 2788 5410 illud
2827 5354 3141 5410 resurrexit.
3183 5357 3456 5426 Approbat
3473 5354 3625 5412 hanc
3654 5370 3776 5410 sen-

2167 5423 2392 5500 tentiam
2422 5425 2755 5500 Epiphanius
2794 5443 2856 5482 ex
2890 5427 3080 5482 Proclo
3111 5423 3494 5500 etibl'ethodio;
3534 5429 3769 5500 August.

2173 5495 2264 5550 lib.
2305 5511 2368 5570 iit
2398 5499 2464 5553 de
2494 5495 2694 5557 Μίνωι).
2727 5501 2927 5570 script.
2951 5516 3000 5555 c.
3038 5503 3134 5566 l0;
3169 5499 3531 5568 Hieronymus
3562 5495 3771 5567 in‘cap.

2173 5583 2291 5622 xvu
2315 5569 2507 5626 Matth.
2535 5571 2661 5628 Lac.
