4028 6188
446 342 553 401 9‘27

450 467 763 522 scissionem
793 464 1002 531 mortis,
1037 464 1459 535 incorruptelam
1506 464 1573 518 ad
1603 463 2027 520 obliterationem
2066 476 2111 555 Α

451 555 767 626 corruptelae
815 554 1122 623 dividendo,
1173 554 1395 609 alteram
1443 554 1509 607 ad
1567 553 2032 619 resurrectionem,

448 643 669 698 alteram
720 644 786 698 ad
835 643 1348 713 redintegrationem
1385 642 1715 713 temperavit.
1761 643 1892 697 Puto
1948 658 2040 697 au-

448 739 577 800 tem,
609 740 663 787 et
707 731 1281 787 Thessalonicensibus
1324 732 1499 787 omnis
1545 731 1854 786 substantiae
1900 730 2039 785 inte-

449 821 697 892 gritatem
736 821 1060 891 repromisit.
1114 821 1298 892 Itaque
1327 837 1430 875 nec
1472 820 1525 874 in
1569 826 1848 892 posterum
1878 820 2037 874 time-

452 911 656 964 buntur
702 925 983 981 corporum
1030 910 1198 968 labes.
1258 909 1402 964 Nihil
1450 911 1645 981 poterit
1694 910 1936 964 amittere
1989 910 2036 946 4⁷

453 997 750 1070 integritas,
782 1001 863 1054 vel
911 1006 1244 1067 conservata,
1277 999 1359 1055 vel
1410 1000 1673 1064 restituta,
1706 1016 1770 1054 ex
1825 1014 1933 1069 quo
1962 997 2037 1051 illi

452 1086 632 1155 etiam,
663 1085 709 1141 si
741 1086 872 1157 quid
905 1089 1177 1152 amiserat,
1218 1087 1481 1143 redditur.
1512 1087 1870 1142 Praescribens
1897 1088 2037 1142 enim

453 1176 629 1232 adhuc
655 1176 705 1213 4⁸
733 1175 949 1231 easdem
978 1176 1256 1246 passiones
1310 1176 1574 1232 obituram
1602 1192 1837 1245 carnem,
1867 1175 1913 1232 si
1943 1193 2040 1231 ea-

454 1265 577 1320 dem
606 1270 975 1319 resurrectura
1026 1264 1238 1330 dicitur,
1272 1271 1519 1319 naturam
1565 1266 1820 1321 adversus
1846 1265 2041 1319 Domi-

453 1368 580 1407 num
611 1368 768 1407 suum
799 1362 1001 1408 temere
1028 1352 1295 1423 defendis,
1326 1353 1499 1424 legem
1529 1354 1786 1408 adversus
1816 1353 2042 1426 gratiam

455 1440 617 1510 impie
667 1442 863 1497 asseris
920 1460 935 1498 :
968 1442 1121 1513 quasi
1156 1443 1386 1497 Domino
1442 1443 1556 1498 Deo
1584 1442 1634 1480 ’I9
1661 1457 1769 1497 non
1815 1441 1967 1496 liceat
1995 1448 2046 1496 et

455 1537 661 1584 mutare
690 1537 954 1598 naturam,
1003 1537 1058 1585 et
1087 1530 1203 1584 sine
1244 1531 1362 1601 lege
1393 1546 1631 1585 servare.
1679 1529 1966 1600 Quomodo
1995 1530 2044 1566 ⁵ο

455 1632 583 1688 ergo
612 1615 846 1690 legimus
872 1619 1094 1687 (Matth.
1124 1620 1249 1690 xxx)
1282 1637 1295 1674 :
1335 1622 1469 1687 Quae
1500 1620 1869 1691 impossibilia
1895 1619 2046 1690 apud

457 1705 727 1773 homines,
760 1706 1047 1776 possibilia
1068 1705 1217 1776 apud
1236 1709 1413 1762 Deum
1436 1711 1573 1763 sunt
1594 1707 1659 1772 ⁵ι,
1687 1716 1738 1761 et
1766 1706 1818 1776 (Ι
1838 1706 1955 1762 Cor.
1978 1705 2041 1775 1),

457 1794 650 1849 Stulta
668 1794 872 1849 mundi
891 1795 1060 1863 elegit
1069 1796 1234 1858 Deus,
1256 1796 1675 1866 utsapientiam
1693 1796 1895 1850 mundi
1912 1811 2044 1850 con-

452 1879 709 1952 fundat?
740 1881 850 1937 Oro
899 1889 970 1946 te,
1001 1882 1046 1936 si
1076 1881 1337 1937 famulum
1379 1892 1529 1938 tuum
1576 1883 1819 1939 libertate
1866 1894 2042 1938 muta-

457 1968 619 2033 veris,
671 1968 797 2039 quia
828 1969 1013 2025 eadem
1066 1985 1191 2026 caro
1219 1981 1377 2043 atque
1427 1973 1605 2026 anima
1635 1974 2041 2043 permanebunt,

459 2073 579 2127 qua:
608 2057 839 2128 ﬂagellis
861 2066 914 2114 et
942 2059 1313 2130 compedibus,
1339 2069 1390 2115 et
1419 2061 1775 2133 stigmatibus,
1800 2061 2047 2116 obnoxiae

460 2155 608 2202 retro
638 2145 868 2216 fuerant,
903 2148 1169 2203 idcircone
1198 2149 1284 2203 illa
1301 2150 1352 2187 ⁵²
1380 2150 1567 2205 eadem
1600 2150 1705 2221 pati
1738 2149 2049 2220 Oportebit?

461 2236 583 2290 Non
611 2235 819 2305 opinor.
870 2236 1072 2307 Atquin
1119 2245 1173 2291 et
1213 2238 1379 2294 vestis
1406 2240 1540 2293 albae
1589 2239 1781 2307 nitore,
1821 2247 1875 2292 et
1902 2238 2052 2293 aurei

463 2324 650 2378 annuli
709 2326 913 2380 honore
961 2330 1093 2398 (50),
1152 2329 1207 2381 et
1253 2328 1462 2398 patroni
1511 2328 1745 2393 nomine,
1793 2342 1856 2381 ac
1911 2329 2052 2383 tribu

467 2428 761 2484 mensaque
824 2414 943 2486 (51)
1000 2416 1313 2471 honoratur.
1364 2416 1615 2470 Permitte
1662 2416 1803 2470 hanc
1839 2426 1893 2471 et
1941 2418 2054 2472 Deo

466 2506 808 2572 potestatem,
852 2519 945 2573 per
970 2504 1079 2559 vim
1107 2504 1495 2560 demutationis
1533 2504 1681 2559 illius
1710 2504 1759 2542 53
1787 2503 2054 2560 conditio-

465 2605 616 2659 nem,
658 2604 767 2644 non
814 2599 1060 2649 naturam
1111 2591 1457 2657 reformandi,
1510 2591 1637 2646 dum
1676 2601 1731 2647 et
1776 2590 2058 2662 passiones

467 2678 801 2745 auferuntur,
851 2686 906 2735 et
964 2679 1292 2735 munitiones
1338 2678 1706 2743 conferuntur,
1757 2680 1829 2734 ita
1886 2677 2060 2733 880

472 2767 709 2822 manebit
756 2768 972 2839 quidem
1018 2784 1144 2825 caro
1198 2770 1361 2825 etiam
1411 2777 1529 2841 post
1590 2768 2056 2836 resurrectionem,

468 2864 684 2911 eatenus
710 2858 978 2926 passibilis
1024 2872 1131 2928 qua
1158 2858 1296 2928 ipsa,
1322 2875 1427 2929 qua
1462 2861 1679 2928 eadem;
1711 2874 1776 2914 ea
1800 2859 1851 2896 ⁵4
1877 2867 2056 2914 tamen

475 2944 838 3015 impassibilis,
875 2962 981 3016 qua
1028 2948 1080 3001 in
1130 2947 1232 3002 hoc
1260 2947 1441 3019 ipsum
1486 2948 1851 3003 mannumissa
1874 2964 1905 3003 a
1940 2948 2057 3002 Do-

478 3034 645 3097 mino,
676 3048 743 3088 ne
771 3032 910 3089 ultra
931 3035 1042 3107 pati
1074 3037 1262 3106 possit.

1034 3180 1259 3237 CAPUT
1304 3182 1497 3237 LVIII.

552 3306 885 3362 Jocunditas
913 3306 982 3373 ⁵⁵,
1032 3307 1204 3379 inquit
1228 3291 1396 3364 Isaias
1439 3308 1571 3379 (Isa.
1603 3309 1806 3377 xxxv),
1852 3313 2066 3364 (eterna

475 3410 646 3468 super
674 3400 849 3468 caput
867 3414 1081 3454 eorum.
1114 3398 1261 3452 Nihil
1289 3408 1566 3465 aeternum,
1598 3398 1701 3451 nisi
1730 3406 1855 3467 post
1885 3413 2067 3452 resur-

480 3485 793 3543 rectionem.
826 3489 1083 3559 Aufugit,
1116 3487 1307 3559 inquit,
1352 3488 1512 3545 dolor
1539 3492 1596 3545 et
1640 3506 1864 3558 maeror,
1898 3494 1953 3546 et
1980 3504 2070 3562 ge-

482 3578 678 3646 mitus,
730 3576 964 3632 abillis.
1018 3577 1248 3632 Proinde
1275 3585 1328 3632 et
1372 3577 1568 3633 Joanni
1606 3579 1849 3649 Angelus
1880 3581 2068 3651 (Apoc.

483 3663 628 3735 xvn)
660 3681 672 3720 :
718 3668 788 3720 Et
817 3665 1018 3721 delebit
1041 3669 1183 3724 Deus
1205 3680 1430 3724 omnem
1460 3666 1772 3740 lacrymam
1799 3669 1864 3723 ab
1895 3670 2071 3727 oculis

486 3767 702 3806 eorum.
738 3752 930 3822 Utique
958 3770 1023 3807 ex
1054 3755 1249 3810 iisdem
1280 3757 1448 3811 oculis
1477 3759 1571 3828 qui
1601 3765 1746 3812 retro
1792 3758 2069 3823 ﬂeverant,

486 3840 689 3912 quique
718 3841 892 3897 adhuc
919 3841 1049 3899 flere
1078 3847 1397 3913 potuissent,
1429 3846 1476 3900 si
1509 3861 1615 3901 non
1646 3862 1862 3902 omnem
1893 3847 2073 3921 lacry-

488 3946 591 3987 mae
620 3930 849 3984 imbrem
892 3930 1221 4003 indulgentia
1270 3934 1453 3987 divina
1490 3935 1730 3991 siccaret.
1790 3937 1860 3991 Et
1888 3954 2076 3993 rursus

487 4022 678 4093 (Apoc.
710 4019 795 4091 χι)
817 4036 831 4072 :
866 4020 1015 4078 Deus
1030 4023 1183 4077 enim
1199 4022 1403 4080 delebit
1423 4040 1647 4083 omnem
1678 4027 1988 4100 lacrymam
2009 4033 2075 4089 ab

488 4111 664 4168 oculis
692 4126 908 4180 eorum,
930 4114 987 4166 et
1007 4128 1159 4168 mors
1181 4112 1474 4170 hactenus.
1497 4115 1670 4190 Igitur
1690 4125 1741 4171 et
1770 4120 2077 4189 corruptela

1154 336 1588 397 TERTULLIANI
1620 336 1885 397 OPERUM
1925 335 2090 396 PARS
2110 333 2177 393 II.
2218 364 2286 372 »-
2320 324 2546 387 SERIES
2583 322 2628 393 l,
2666 318 3015 380 POLEMICA.

3618 305 3725 364 928

2145 461 2437 525 hactenus;
2458 451 2685 525 proinde
2714 465 2814 520 per
2840 440 3258 513 incorruptelam
3300 437 3505 525 fugata,
3535 448 3730 525 quem-

2145 522 2435 603 admodum
2463 522 2642 597 Vmors
2697 538 2748 575 ⁵6
2796 552 2895 607 per
2932 530 3405 587 immortalitatem.
3454 524 3510 578 Si
3558 522 3730 589 dolor,

2145 646 2198 693 et
2228 649 2448 699 mceror,
2478 639 2529 686 et
2556 629 2805 703 gemitus,
2838 625 3064 694 ipsaque
3110 634 3255 673 mors
3284 632 3350 671 ex
3412 612 3628 703 laesuris
3683 618 3737 665 et

2146 726 2338 780 animae
2384 732 2436 778 et
2507 717 2683 775 carnis
2732 713 3036 780 obveniant,
3082 706 3352 783 quomodo
3398 702 3733 765 auferantur,

2146 813 2249 869 nisi
2307 810 2633 868 cessaverint
2661 820 2858 869 causae,
2919 800 3126 856 scilicet
3177 798 3386 851 laesura:
3430 789 3613 847 carnis
3661 796 3740 841 at-

2146 920 2250 975 que
2279 898 2513 956 animae?
2544 897 2634 952 ubi
2681 910 2838 951 casus
2882 888 3090 946 adversi
3146 886 3288 958 apud
3334 884 3507 975 Deum
3545 879 3615 941 57,
3650 884 3741 974 aut

2148 968 2240 1047 ubi
2271 992 2517 1045 incursus
2564 984 2743 1040 infesti
2787 981 2931 1053 apud
2961 977 3237 1034 Christum
3268 974 3295 1028 ἢ
3326 972 3417 1025 ubi
3450 968 3739 1021 diemonici

2147 1082 2196 1118 53
2222 1080 2455 1150 impetus
2474 1076 2616 1147 apud
2649 1074 2903 1144 Spiritum
2934 1074 3198 1133 sanctum,
3228 1058 3579 1152 jamnetipso
3615 1054 3737 1152 dia-

2147 1170 2277 1226 bolo
2305 1147 2425 1224 cum
2447 1166 2652 1236 angelis
2691 1162 2802 1218 suis
2831 1158 3051 1232 ignibus
3097 1151 3317 1209 merso?
3345 1147 3447 1205 Ubi
3501 1147 3741 1201 necessi-

2152 1268 2249 1326 tas,
2292 1255 2551 1328 autquod
2581 1252 2780 1307 dicitur
2814 1249 3045 1313 fortuna,
3073 1244 3155 1301 vel
3186 1239 3400 1328 fatum?
3430 1251 3553 1328 quae
3586 1249 3740 1287 resu-

2151 1346 2353 1404 scitatis
2384 1325 2541 1417 plaga
2562 1349 2683 1414 post
2709 1338 2960 1396 veniam?
2991 1350 3113 1406 qua:
3142 1326 3495 1386 reconciliatis
3514 1325 3594 1417 ira
3621 1329 3744 1417 post

2152 1413 2425 1507 gratiam?
2465 1413 2584 1505 quae
2633 1429 2912 1484 inﬁrmitas
2945 1432 3067 1497 post
3094 1418 3518 1487 virtutem?qum
3566 1413 3739 1509 imbe-

2151 1500 2344 1580 tiillitas
2377 1500 2501 1595 post
2549 1522 2773 1576 salutem
2794 1519 2822 1573 ?
2851 1516 3007 1585 Quod
3062 1510 3379 1599 vestimenta
3551 1500 3743 1599 calcia-

2155 1622 2334 1668 menta
2376 1593 2607 1666 tiliorum
2636 1609 2849 1663 Israelis
2879 1604 2993 1674 (52)
3043 1598 3400 1687 quadraginta
3454 1593 3563 1687 illis
3589 1593 3746 1687 armis

2152 1700 2399 1756 indetrita
2435 1706 2487 1754 et
2519 1698 2812 1753 inobsoleta
2871 1695 3229 1756 manserunt;
3262 1685 3406 1756 quod
3434 1681 3568 1737 etin
3617 1680 3748 1750 ipsis

2152 1790 2473 1861 corporibus
2505 1787 2773 1860 unguium
2809 1793 2861 1839 et
2908 1781 3224 1852 capillorum
3255 1772 3429 1830 facilia
3475 1775 3746 1826 crementa

2154 1878 2451 1934 habilitatis
2465 1885 2518 1932 et
2542 1875 2820 1947 dignitatis
2835 1870 3044 1942 justitia
3072 1865 3283 1929 deﬁxit,
3308 1879 3376 1918 ne
3396 1861 3557 1915 etiam
3579 1872 3747 1912 enor-

2156 1972 2313 2025 mitas
2376 1966 2700 2038 corruptelae
2742 1965 2791 2002 59
2848 1963 3195 2032 deputaretur
3226 1976 3240 2012 :
3273 1952 3421 2024 quod
3466 1948 3748 2038 Babylonii

2158 2064 2329 2137 ignes,
2360 2059 2521 2118 trium
2544 2035 2776 2111 iratrum
2796 2066 2897 2105 nec
2925 2050 3102 2111 tiaras,
3120 2059 3226 2099 nec
3244 2042 3541 2137 sarabaras.
3558 2037 3617 2137 5‘:
3633 2035 3750 2106 (53‘)

2160 2124 2468 2226 quanquam
2520 2142 2728 2200 Judaeis
2754 2138 2951 2192 alienas
2978 2135 3047 2199 δι,
3079 2134 3365 2194 laeserunt;
3396 2125 3548 2198 quod
3587 2124 3753 2226 :louas

2162 2212 2505 2298 devoratusa
2552 2232 2730 2289 bellua
2764 2225 2949 2293 maris,
3000 2224 3053 2278 in
3091 2222 3249 2291 cujus
3293 2218 3413 2271 alvo
3470 2212 3755 2282 naufragia

2165 2330 2564 2405 digerebantur,
2599 2322 2776 2375 triduo
2808 2324 2929 2388 post
2960 2310 3243 2405 incolumis
3270 2303 3579 2375 exspuitur;
3610 2299 3753 2405 quod

2166 2393 2323 2477 ho‘die
2350 2413 2511 2472 88!
2551 2410 2737 2468 Enoch
2781 2415 2832 2463 et
2886 2404 3031 2459 Elias
3074 2398 3311 2456 nondum
3357 2393 3756 2450 resurrectione

2162 2507 2455 2579 dispuncti,
2485 2501 2610 2573 quia
2629 2514 2731 2554 nec
2760 2503 2930 2549 morte
2960 2490 3150 2558 functi,
3179 2502 3289 2579 qua.
3310 2492 3495 2579 tamen
3539 2477 3758 2579 dte-orbe

2166 2568 2447 2661 trabslati,
2490 2568 2544 2647 et
2610 2591 2716 2644 hoc
2780 2586 2897 2656 ipse
2950 2584 3060 2652 jam
3110 2573 3422 2633 aeternitatis
3465 2568 3755 2664 candidati,

2168 2688 2235 2743 ab
2295 2684 2442 2741 omni
2501 2679 2632 2737 vitio
2685 2685 2737 2732 et
2780 2676 2847 2728 ab
2894 2668 3043 2728 omni
3107 2669 3323 2732 damno,
3387 2670 3442 2716 et
3487 2660 3557 2713 ab
3610 2660 3759 2711 omni

2169 2774 2362 2846 injuria
2409 2778 2463 2825 et
2518 2762 2838 2823 contumelia
2884 2756 3275 2813 immunitatem
3304 2752 3353 2788 62
3390 2746 3759 2846 carnisedis-

2171 2837 2317 2932 crint,
2358 2859 2572 2917 cuinam
2624 2854 2750 2909 ﬁdei
2809 2846 3176 2906 testimonium
3206 2842 3441 2932 signant,
3490 2837 3626 2932 nisi.
3652 2848 3763 2904 qua

2172 2924 2324 3010 credi
2357 2954 2589 3021 Oportet,
2639 2944 2757 2999 haec
2813 2941 3006 2994 futurae
3089 2928 3415 3021 integritatis
3444 2942 3566 3021 esse
3593 2924 3765 2977 docu-

2101 3038 2143 3113 C
2176 3014 2409 3097 menta‘f
2431 3039 2642 3109 Figura:
2670 3031 2809 3087 enim
2840 3035 3041 3082 nostrae
3072 3023 3307 3087 fuerunt,
3335 3014 3606 3113 Apostolo.
3631 3028 3763 3066 auc-

2171 3144 2307 3197 tore,
2331 3145 2452 3200 quae
2489 3103 2693 3195 scripta
2720 3129 2864 3186 sunt,
2896 3123 2955 3170 ut
2983 3122 3036 3169 et
3073 3103 3762 3200 Dominumgpotentioretn

2171 3193 2451 3277 credamus
2479 3193 2624 3272 omni
2654 3223 2939 3280 corporum
2969 3207 3108 3275 lege,
3164 3209 3217 3255 et
3244 3198 3422 3254 carnis
3448 3194 3623 3264 magis
3662 3193 3765 3246 uti-

2176 3329 2280 3383 que
2302 3310 2352 3347 63
2383 3312 2837 3368 conservatorem,
2861 3297 3015 3366 cujus
3042 3294 3202 3347 etiam
3223 3288 3572 3349 vestimenta,
3603 3284 3763 3339 etiam

2177 3402 2521 3456 calciamenta
2547 3394 2598 3432 53
2619 3388 2863 3463 protexit.

2777 3532 3003 3589 CAPUT
3035 3530 3176 3585 LIX.

2251 3667 2359 3722 Sed
2388 3667 2649 3727 futurum,
2692 3660 2891 3731 inquis,
2950 3671 3123 3711 aevum
3168 3651 3388 3707 alterius
3424 3657 3507 3704 est
3537 3647 3767 3718 disposi-

2183 3756 2346 3812 tionis
2371 3762 2427 3811 et
2452 3761 2697 3821 aeterna;
2728 3749 2891 3823 igitur
2936 3746 3098 3815 hujus
3153 3742 3253 3797 aevi
3284 3737 3639 3794 substantiam
3667 3750 3769 3823 non

2183 3855 2435 3901 zeternam
2493 3820 2707 3897 diversa
2753 3820 3032 3909 possidere
3097 3846 3207 3887 non
3262 3842 3440 3901 posse.
3491 3826 3676 3889 Plane,
3724 3820 3770 3875 si

2181 3938 2344 3992 homo
2374 3937 2593 4003 propter
2621 3926 3022 3998 dispositionem
3050 3921 3299 3985 futuram,
3342 3924 3396 3973 et
3439 3930 3549 3969 non
3594 3913 3772 3982 dispo-

2192 4024 2317 4080 sitio
2341 4030 2563 4094 propter
2580 4018 2873 4073 hominem.
2908 4010 3157 4069 Sedenim
3190 4006 3485 4079 Apostolus
3533 4005 3773 4060 scribens

2187 4120 2237 4180 (I
2277 4119 2398 4174 Cor.
2441 4129 2523 4179 tu,
2558 4110 2669 4181 22):
2696 4110 2820 4166 Sive
2848 4103 3115 4167 mundus,
3145 4101 3258 4156 sive
3284 4100 3426 4162 vita,
3459 4099 3574 4153 sive
3606 4111 3771 4161 mors,

1844 4243 2035 4307 Variae
2105 4248 2419 4307 lectiones.

555 4344 604 4416 ἰέτ
634 4342 935 4397 Admittere
982 4344 1155 4402 Rhen.
1208 4346 1379 4402 Seml.
1412 4348 1462 4385 ⁸⁸8
1490 4347 1576 4402 Ad
1618 4349 1721 4404 hoc
1757 4349 1930 4406 Rhen.
1985 4352 2061 4409 Sel

2195 4351 2243 4387 “9
2282 4350 2397 4402 Deo
2445 4345 2635 4402 omitt.
2687 4341 2859 4416 Rhea.
2908 4336 3080 4416 _Sen_i_l_.
3125 4330 3333 4416 5°"Quo
3380 4329 3556 4416 libeg,
3610 4327 3778 4416 Seml.

491 4414 536 4452 ει
571 4415 709 4469 Sunt
737 4417 924 4470 omitt.
976 4401 1153 4470 Rhen.
1205 4401 1373 4473 Seml.
1406 4417 1456 4455 δε
1495 4401 2227 4477 Ϊηοςῗὲνὶιῆῖ”ίίιειέ”ῥξι’γη.
2278 4401 2523 4472 ἓείιιιίυε
2569 4407 3118 4483 όθῐηυιεῐίοηὶξᾲιξίθ.
3170 4405 3359 4483 νεῃει,
3497 4401 3564 4455 Et
3598 4403 3780 4483 frmi.

491 4486 541 4523 55
586 4486 896 4539 Jucunuitas
952 4488 1136 4542 Venet.
1176 4487 1227 4524 ⁵6
1267 4472 1412 4543 MOrs
1466 4472 1637 4546 abest.
1679 4472 2386 4548 uvvltbeuﬁinsfﬁominum
2445 4487 2620 4543 Rhen.
2690 4482 2859 4539 Seml.
2929 4479 2978 4515 ⁵8
3023 4472 3373 4549 Daemoniaci
3412 4472 3782 4549 Rig.__l'en_e_{.

492 4556 543 4634 ﬁ?
591 4555 909 4634 βφπυρξὲίδ
956 4557 1142 4634 ﬁlim.
1178 4542 1367 4634 §eml.
1394 4542 1952 4634 ifiomSarabara-
2022 4542 2546 4634 Veiie-timsarabpeas
2600 4550 3053 4634 a_lii.n§arabus;
3092 4542 3619 4634 ‘RheuLJSar‘a-bal'la
3678 4542 3783 4594 alii.

490 4628 541 4666 δι
571 4615 906 4699 ΑιῑωίΒῑψ
956 4629 1142 4685 Venet.
1173 4629 1224 4667 ⁵2
1251 4630 1607 4686 Emunitatem
1634 4615 1985 4690 σοάξΡῖἐΙῖάε.
2019 4615 2367 4705 Venet.
2400 4631 2450 4669 6³
2479 4630 2543 4683 Et
2570 4627 2702 4683 add.
2736 4624 2910 4679 Rhen.
2936 4621 2987 4657 σει
3015 4619 3389 4674 Calceamenta
3419 4615 3593 4671 Seml.

1889 4733 2385 4796 Commentarius.

566 4832 685 4930 (ξε)
707 4833 884 4930 ,ἐρξθί
900 4834 1108 4930 annuli
1137 4834 1361 4930 honore.
1387 4835 1674 4930 Digqitatis
1686 4838 1948 4930 equestris
1967 4847 2081 4930 eget
2114 4853 2160 4930 ο

494 4908 1027 4984 ρξεετρςιιιξνδκᾳυω
1066 4908 1411 4984 tamen_a_deo
1457 4909 1626 4984 viluit,
1660 4915 1721 4963 ut
1762 4924 1877 4984 non;
1920 4910 2081 4964 modo

498 4972 891 5049 Iiberti’quiad
917 4972 1223 5046 equestrem
1255 4977 1400 5031 illum
1436 4972 1667 5049 gradum
1696 4982 2079 5047 evehebantur,

498 5045 624 5122 illos
651 5043 880 5122 annulos
902 5043 1261 5122 assumerent,
1285 5043 1478 5122 verum
1510 5052 1577 5104 ad
1610 5048 1847 5106 inﬁmam
1879 5043 2083 5122 plebem

499 5117 555 5170 id
586 5114 784 5187 sensim
817 5117 1122 5187 prolapsum
1151 5128 1251 5173 est.
1281 5120 1361 5176 LE
1390 5121 1487 5175 Pa.

574 5186 940 5266 (51)Ra_tror_zi
961 5186 1192 5266 nomine
1202 5206 1267 5266 ac
1293 5190 1449 5246 tribu
1462 5210 1782 5266 mensaque,
1803 5202 1903 5251 etc.
1930 5192 2084 5247 Servi

502 5258 662 5312 heros
690 5264 741 5338 et
760 5257 1025 5338 dominos,
1058 5261 1235 5338 liberti
1266 5274 1520 5338 patronos
1548 5257 1827 5338 vocabant,
1860 5280 2089 5338 cumque

506 5330 1039 5405 manumittebantur,
1071 5332 1212 5387 binis
1257 5330 1566 5389 nominibus
1615 5330 1824 5390 tertium
1876 5330 2089 5405 patroni

506 5401 861 5475 praeﬁgebant
891 5423 904 5459 :
936 5405 1191 5462 solebant
1230 5406 1390 5460 etiam
1420 5408 1471 5460 in
1521 5406 1694 5461 tribus
1726 5401 1959 5461 urbanas
2000 5422 2091 5461 re-

507 5474 635 5529 ferri
666 5474 758 5544 qui
809 5476 1052 5533 libertate
1082 5477 1439 5544 donabantur,
1465 5487 1519 5531 et
1558 5492 1757 5531 mensae
1788 5476 2096 5531 assidebam

507 5556 878 5619 patronorum,
931 5550 1077 5619 quod
1126 5564 1237 5605 non
1298 5549 1399 5603 nisi
1445 5547 1759 5605 manumissi
1807 5548 2093 5604 audebant.

510 5618 590 5672 Ls
622 5617 717 5675 Pu.

2262 4838 2376 4905 (52)
2415 4831 3009 4905 ραοάίυθδιὶητεηια-ει
3029 4825 3415 4905 calciamenta.
3437 4823 3696 4905 ﬁliorum
3727 4822 3789 4877 Is-

2191 4896 2384 4974 raelis,
2414 4896 2518 4960 ate.
2551 4904 2681 4967 Cur,
2705 4902 2891 4971 inquit,
2927 4896 3203 4974 Israelitici
3233 4896 3435 4974 p0puli
3463 4903 3659 4974 vestes
3702 4910 3791 4965 per

2190 4994 2278 5035 an.
2314 4971 2380 5032 40
2412 4979 2464 5032 in
2493 4976 2704 5030 deserto
2733 4989 2840 5027 non
2863 4971 3057 5025 attritte
3081 4974 3227 5031 sunt,
3259 4971 3361 5019 nisi
3385 4973 3444 5019 ut
3480 4971 3793 5035 incorrupta

2192 5050 2523 5111 viderentur,
2555 5046 3005 5112 crederenturque
3061 5055 3093 5093 a
3121 5039 3791 5112 corruptione_immuuia,

2195 5124 2269 5176 ita
2300 5108 2622 5189 disponente
2666 5115 2826 5189 Deo?
2857 5108 2937 5167 De
2969 5108 3357 5189 hoqmiraculp
3411 5108 3523 5189 egi.
3549 5108 3607 5162 in
3657 5109 3794 5189 Afri-

2195 5179 2473 5247 madvfin
2490 5186 2918 5248 Prmadamitas,
2936 5185 3036 5237 sub
3053 5179 3269 5235 Eusebii
3286 5179 3525 5259 itomani
3554 5181 3794 5259 potuine,

2198 5272 2387 5319 contra
2438 5259 2671 5326 Peyrerii
2718 5270 3026 5330 perversam
3088 5251 3797 5330 sententiam,.qui_Sc.r_ip-

2202 5344 2337 5388 turae
2368 5321 2624 5386 miracula
2656 5321 2763 5383 non
2786 5327 2903 5383 sine
2922 5326 3122 5380 scelere
3168 5330 3221 5377 et
3270 5321 3506 5375 amentia
3560 5321 3794 5375 deridet.

2201 5405 2278 5459 LE
2310 5406 2406 5460 Pa.

2276 5476 2392 5547 (53)
2436 5475 2762 5547 Nec_tiarjas
2811 5485 2914 5547 nec
2959 5465 3272 5547 sarabara}.
3310 5464 3423 5547 Yox
3450 5464 3800 5547 est_Pers_ica

2207 5534 2413 5608 Tiaras,
2459 5552 2518 5598 ut
2548 5544 2811 5597 Sarabara
2863 5540 3046 5595 forsan
3110 5534 3414 5593 Chaldaica.
3449 5537 3529 5592 De
3556 5540 3661 5595 hac
3708 5538 3797 5598 lib.

2212 5617 2279 5678 de
2299 5617 2504 5687 Pallio,
2531 5630 2650 5687 cap.
2681 5615 2736 5668 4.
2761 5613 2835 5668 La:
2872 5612 2970 5667 Pa.
