4030 6184
316 343 424 402 929

313 469 432 525 sive
447 471 678 539 futura,
700 465 818 522 sive
835 461 1162 535 prasentia,
1177 459 1369 515 omnia
1391 463 1580 514 vestra
1605 461 1767 522 sunt,
1783 471 1912 512 eos-

309 560 436 614 dem
463 553 746 612 constituit
790 549 1033 607 haredes
1074 549 1235 604 etiam
1283 546 1606 602 futurorum.
1635 544 1779 598 Nihil
1816 545 1910 601 tibi

311 648 540 719 largitur
567 644 734 697 Isaias
760 640 948 695 dicens
991 637 1108 710 (XL,
1152 640 1207 702 5,
1238 637 1293 707 6)
1342 653 1354 692 :
1393 637 1586 693 Omnis
1633 651 1765 690 caro
1811 638 1917 705 fw-

309 753 492 802 num;
515 741 570 788 et
600 730 726 786 alibi
755 748 770 784 :
804 731 877 786 Et
904 729 1111 785 videbit
1151 728 1334 782 omnis
1363 741 1495 780 caro
1524 725 1781 779 salutare
1810 727 1915 780 Do-

307 825 458 879 mini
510 823 579 875 55.
639 819 847 881 Exitus,
905 831 1013 871 non
1068 814 1391 870 substantias
1445 812 1703 868 distinxit.
1780 811 1914 881 Quis

307 912 454 968 enim
489 908 750 980 judicium
788 905 885 962 Dei
924 919 1032 959 non
1077 904 1131 958 in
1176 900 1440 958 sententia
1466 901 1668 970 duplici
1700 900 1906 967 statuit,

307 1000 498 1056 salutis
549 1007 605 1055 et
647 997 870 1067 pana?
913 993 1104 1050 Omnis
1153 993 1318 1063 igitur
1360 1007 1487 1046 caro
1532 990 1760 1057 fanum,
1789 1007 1911 1062 qua

309 1089 424 1161 igni
453 1087 777 1154 destinatur;
818 1093 872 1140 et
916 1082 1093 1139 omnis
1130 1097 1254 1138 caro
1300 1080 1501 1137 videbit
1541 1081 1766 1136 salutare
1793 1083 1910 1136 Do-

307 1177 437 1232 mini
468 1177 538 1242 55,
583 1191 706 1246 qua
752 1172 908 1229 saluti
953 1171 1255 1226 ordinatur.
1295 1169 1411 1243 Ego
1457 1185 1542 1224 me
1580 1169 1694 1226 scio
1731 1185 1910 1241 neque

303 1266 409 1320 alia
455 1280 615 1320 carne
659 1262 926 1318 adulteria
967 1259 1301 1316 commisisse
1346 1257 1484 1329 (55),
1532 1273 1711 1331 neque
1767 1274 1908 1314 nunc

304 1355 412 1410 alia
439 1370 603 1410 carne
647 1352 715 1408 ad
753 1349 1136 1408 continentiam
1191 1347 1340 1404 eniti.
1394 1347 1453 1403 Si
1491 1346 1610 1418 quis
1655 1355 1735 1402 est
1779 1347 1908 1402 bina

304 1443 557 1514 pudenda
604 1440 1009 1506 circumferens,
1060 1446 1236 1510 potest
1275 1438 1385 1507 jam
1433 1444 1488 1491 et
1538 1437 1756 1492 demere
1794 1436 1904 1492 foe-

304 1547 430 1587 num
485 1530 664 1586 carnis
711 1528 1037 1592 immunda,
1095 1535 1148 1583 et
1201 1525 1369 1582 solam
1436 1525 1538 1581 sibi
1601 1541 1900 1590 reservare,

302 1635 424 1692 qua
451 1619 632 1677 visura
669 1618 741 1674 sit
785 1616 997 1674 Domini
1041 1615 1089 1655 6⁷
1136 1615 1382 1672 salutare.
1434 1615 1539 1670 Sed
1587 1631 1708 1670 cum
1754 1614 1898 1670 idem

303 1711 597 1782 Pmphetes
643 1706 804 1763 etiam
851 1705 1094 1761 nationes
1138 1704 1402 1772 ostendat,
1433 1719 1576 1760 nunc
1618 1705 1897 1775 deputatas

1389 329 1584 390 LIBER
1606 328 2138 390 RESURRECTIONE
2167 328 2254 388 DE
2290 331 2525 393 CARNlS

3517 353 3624 415 930

2021 471 2138 549 esse
2165 455 2342 515 ofﬁcia
2386 461 2772 532 membrorum,
2814 469 3200 539 corpulentiam
3233 491 3449 549 quoque
3497 497 3620 538 era-

2023 545 2178 602 dant:
2261 549 2418 618 cujus
2472 550 2681 608 scilicet
2739 561 3146 624 perseverantia
3209 545 3482 624 credenda
3506 587 3617 630 non

2020 633 2090 690 sit
2117 635 2301 708 utique
2328 640 2445 694 sine
2472 642 2748 712 membris,
2780 645 2906 715 quia
2934 663 3036 705 nec
3063 652 3303 708 membra
3345 660 3620 716 credenda

2019 722 2128 816 sint
2155 724 2276 816 sine
2303 726 2514 784 ofﬁciis.
2547 728 2667 797 Quo
2693 731 2840 786 enim
2868 735 3004 805 jam,
3037 737 3312 811 inquiunt,
3360 746 3620 816 spelunca

2019 813 2134 868 hac
2162 815 2294 886 oris,
2324 825 2378 871 et
2405 817 2647 875 dentium
2674 823 2853 888 statio,
2886 832 2940 879 et
2975 826 3118 898 gula
3147 827 3350 900 lapsus,
3383 813 3435 889 et
3467 853 3620 894 com-

2017 901 2189 970 pitum
2241 907 2504 963 stomachi
2543 908 2679 980 (56),
2726 919 2782 966 et
2826 913 2937 968 alvi
2979 933 3201 990 gurges,
3251 930 3304 976 et
3337 919 3620 984 intestino-

2016 1006 2135 1045 rum
2182 995 2439 1064 perplexa
2485 999 2797 1069 proceritas,
2840 1017 2964 1058 cum
3003 1006 3120 1061 esui
3165 1015 3218 1062 et
3272 1012 3422 1081 potui
3468 1014 3620 1073 locus

2016 1094 2135 1171 non
2188 1084 2344 1138 erit?
2425 1085 2546 1154 Quo
2613 1089 2921 1158 hujusmodi
3007 1098 3246 1152 membra
3309 1101 3616 1171 admittunt,

2014 1167 2296 1242 subigunt,
2347 1172 2657 1262 devolvunt,
2699 1177 2967 1248 dividunt,
3009 1183 3282 1257 digerunt,
3350 1167 3618 1262 egerunt‘i

2010 1273 2122 1328 quo
2158 1276 2352 1359 manus
2387 1261 2522 1359 ipsa
2553 1275 2607 1322 et
2642 1266 2811 1338 pedes
2842 1280 2897 1327 et
2923 1274 3158 1342 operarii
3187 1261 3409 1349 quique
3445 1289 3616 1352 artus,

2011 1361 2134 1402 cum
2162 1352 2338 1407 victus
2365 1352 2525 1408 etiam
2571 1371 2699 1411 cura
2735 1359 3010 1415 cessabit?
3058 1379 3166 1434 quo
3211 1381 3368 1423 renes
3413 1372 3615 1427 conscii

2011 1437 2300 1506 seminum,
2355 1450 2410 1496 et
2455 1444 2660 1516 reliqua
2717 1447 3034 1518 genitalium
3088 1453 3376 1527 utriusque
3423 1475 3614 1527 sexus,

2010 1531 2066 1579 et
2104 1539 2456 1599 conceptuum
2507 1533 2731 1605 stabula,
2781 1545 2836 1593 et
2889 1539 3114 1596 uberum
3162 1542 3360 1611 fontes,
3433 1548 3618 1604 deces-

2009 1627 2136 1669 suro
2166 1615 2214 1653 71
2264 1620 2570 1685 concubitu,
2618 1631 2672 1677 et
2702 1623 2851 1694 fatu,
2900 1634 2954 1684 et
2983 1630 3253 1688 educatu?
3313 1643 3612 1706 postremo,

2003 1717 2114 1772 quo
2157 1711 2330 1760 totum
2381 1723 2599 1780 corpus,
2651 1720 2820 1768 totum
2865 1716 3068 1774 scilicet
3112 1727 3465 1780 vacaturum?
3531 1726 3614 1782 Ad

304 1766 456 1854 vehit
482 1797 752 1867 pulverem
798 1803 851 1852 et
879 1794 1118 1863 salivam,
1163 1809 1306 1848 nunc
1353 1801 1660 1864 speraturas
1687 1802 1741 1848 et
1767 1809 1892 1848 crc-
1930 1766 1974 1841 Β
2010 1789 2125 1847 hac
2186 1810 2316 1867 ergo
2354 1766 2784 1868 prastruximus,
2845 1819 2955 1860 non
3015 1766 3299 1876 Oportere‘

309 1886 518 1942 dituras
543 1885 597 1940 in
632 1901 824 1941 nomen
874 1895 928 1939 et
968 1884 1024 1939 in
1062 1884 1342 1940 brachium
1377 1882 1615 1953 Domini,
1646 1880 1910 1954 numquid

307 1984 364 2031 et
419 1974 487 2031 de
533 1974 836 2030 nationibus
885 1973 1172 2029 fallimur?
1219 1981 1273 2029 et
1327 1971 1450 2027 alia
1501 1972 1716 2044 quidem
1781 1979 1908 2027 sunt

305 2063 607 2133 creditura,
652 2065 769 2119 alia
827 2063 879 2118 in
929 2063 1203 2133 pulverem
1261 2062 1551 2134 deputata,
1602 2077 1668 2117 ex
1718 2061 1905 2117 diver-

303 2152 460 2209 sitate
487 2153 845 2209 substantia?
893 2151 998 2209 Sed
1045 2161 1098 2207 et
1143 2151 1386 2206 Christus
1431 2151 1571 2206 intra
1617 2165 1900 2218 oceanum,

303 2249 358 2297 et
383 2241 452 2296 de
481 2241 589 2298 isto
618 2243 759 2298 casio
802 2241 944 2313 quod
975 2239 1133 2295 nobis
1181 2239 1396 2294 incubat
1437 2239 1488 2278 68
1534 2239 1672 2310 (55),
1713 2255 1898 2295 verum

301 2329 488 2385 lumen
537 2330 846 2386 nationibus
894 2328 1100 2384 offulsit
1143 2325 1224 2398 69;
1281 2335 1334 2383 et
1390 2326 1495 2398 ipsi
1543 2327 1901 2383 Valentiniani

298 2415 470 2475 882
508 2419 600 2475 hic
652 2435 833 2474 errare
884 2418 1225 2484 didicerunt;
1285 2432 1383 2472 ncc
1429 2415 1532 2471 alia
1577 2419 1679 2470 erit
1726 2415 1899 2472 forma

297 2509 580 2564 nationum
624 2507 978 2575 credentium,
1004 2506 1107 2561 nisi
1153 2523 1273 2578 qua
1312 2515 1366 2562 et
1402 2521 1510 2560 non
1540 2507 1892 2574 credentium,

295 2597 364 2653 de
408 2614 588 2664 carne,
633 2598 702 2654 de
751 2599 950 2654 anima.
999 2596 1150 2652 Sicut
1193 2610 1326 2668 ergo
1377 2595 1593 2650 easdem
1646 2595 1893 2650 nationes

295 2701 406 2742 non
434 2703 650 2759 genere,
698 2687 793 2742 sed
839 2695 982 2742 sorte
1027 2684 1301 2755 distinxit;
1333 2685 1406 2740 ita
1450 2692 1503 2739 et
1533 2700 1739 2751 carnes,
1771 2701 1892 2756 qua

292 2775 351 2830 in
398 2777 530 2847 ipsis
573 2775 880 2832 nationibus
926 2792 1031 2831 una
1077 2773 1374 2830 substantia
1415 2781 1514 2842 est,
1559 2789 1667 2831 non
1716 2780 1891 2828 mate-

291 2865 390 2930 ria,
421 2866 516 2921 sed
546 2867 794 2922 mercede
831 2864 1110 2934 disjunxit.

907 2952 1132 3010 CAPUT
1161 2953 1279 3008 LX.

2017 1880 2321 1939 futurorum
2365 1895 2522 1961 atque
2586 1891 2936 1961 prasentium
2987 1894 3390 1966 dispositiones,
3437 1901 3610 1958 inter-

2015 1985 2235 2028 cessura
2277 1983 2406 2032 tunc
2449 1977 2846 2038 demutatione:
2907 1990 2960 2038 et
3009 1999 3148 2040 nunc
3193 1990 3612 2056 superstruimus

2013 2058 2190 2117 ofﬁcia
2217 2063 2322 2119 ista
2347 2068 2713 2126 membrorum
2759 2071 3166 2130 necessitatibus
3193 2073 3319 2130 vita
3359 2077 3515 2146 huius
3545 2095 3612 2136 eo

2013 2164 2186 2222 usque
2235 2155 2550 2224 consistere,
2586 2159 2757 2216 donec
2800 2169 2852 2216 et
2899 2162 3017 2233 ipsa
3064 2162 3175 2219 vita
3206 2165 3554 2224 transferatur
3581 2186 3612 2224 a

2010 2237 2402 2310 lemporalitate
2437 2245 2492 2301 in
2541 2250 2910 2320 atcmitatem,
2957 2250 3095 2306 sicut
3125 2253 3357 2309 animale
3407 2271 3609 2326 corpus

2004 2327 2058 2381 in
2092 2330 2350 2401 spiritale,
2381 2335 2766 2393 dummortale
2796 2340 2951 2395 istud
2982 2340 3185 2398 induet
3198 2343 3613 2402 immortalita-

2006 2423 2137 2488 tem,
2150 2423 2208 2476 et
2217 2425 2614 2494 corruptivum
2634 2427 2791 2483 istud
2804 2429 3320 2503 incorruptetam(l
3331 2434 3453 2490 Cor.
3468 2434 3600 2506 xv);

2003 2515 2060 2562 et
2084 2506 2200 2577 ipsa
2245 2519 2424 2567 autem
2471 2512 2696 2570 liberata
2742 2522 2870 2572 tunc
2920 2516 3032 2572 vita
3090 2535 3123 2573 a
3171 2520 3608 2588 necessitatibus,

2001 2593 2374 2655 liberabuntur
2419 2609 2473 2657 et
2521 2603 2761 2660 membra
2800 2605 2868 2660 ab
2906 2605 3136 2674 ofﬁciis;
3176 2623 3276 2663 nec
3324 2609 3448 2666 ideo
3495 2625 3609 2668 non

2003 2695 2160 2742 erunt
2212 2691 2543 2747 necessaria.
2619 2692 2770 2750 Licet
2833 2695 2977 2750 enim
3035 2694 3228 2752 ofﬁciis
3289 2696 3608 2769 liberentur,

2003 2777 2099 2830 sed
2135 2775 2357 2844 judiciis
2423 2781 2719 2836 retinentur
2758 2783 2909 2853 (57);
2959 2789 3018 2837 ut
3064 2786 3190 2857 quis
3236 2789 3453 2856 referat
3507 2804 3610 2858 per

1999 2879 2220 2934 corpus,
2258 2871 2429 2936 prout
2464 2869 2630 2938 gessit
2657 2869 2735 2940 (Il
2771 2871 2891 2926 Cor.
2922 2872 3003 2940 ν).
3042 2869 3264 2928 Salvum
3311 2873 3456 2928 enim
3504 2874 3606 2930 ho-

1995 2949 2191 3006 minem
2231 2949 2401 3008 888
2433 2955 2659 3011 tribunal
2690 2956 2789 3012 Dei
2819 2958 3013 3030 exigit;
3057 2958 3264 3014 salvum
3310 2975 3439 3017 vero
3487 2961 3606 3017 sine

366 3045 718 3114 Ecceautem,
741 3051 800 3098 ut
822 3043 998 3098 adhuc
1017 3042 1438 3099 controversiam
1465 3049 1794 3117 exaggerent
1812 3038 1882 3110 7°,
1919 3056 1962 3132 ε
1992 3039 2246 3096 membris
2275 3057 2383 3097 non
2433 3042 2560 3098 licet
2588 3045 2637 3082 ’¹²
2664 3061 2808 3115 eum,
2851 3063 2914 3103 ex
2943 3062 3173 3122 quorum
3218 3064 3326 3105 non
3376 3049 3598 3116 ofﬁciis,

289 3133 442 3189 carni
482 3133 714 3189 maxime
761 3133 957 3202 eidem,
1007 3133 1074 3188 de
1112 3131 1302 3188 ofﬁciis
1342 3147 1562 3203 quoque
1609 3130 1886 3186 membro-

286 3239 412 3280 rum
439 3231 902 3298 argumentantur,
934 3226 1025 3277 aut
1059 3230 1110 3277 et
1152 3222 1275 3293 ipsa
1303 3221 1540 3276 dicentes
1568 3237 1887 3292 permanere

289 3312 490 3368 debere
520 3313 574 3368 in
620 3313 733 3368 suis
777 3313 1030 3384 operibus
1061 3321 1115 3365 et
1142 3310 1429 3378 fructibus,
1469 3321 1529 3364 ut
1557 3309 1734 3365 eidem
1762 3324 1886 3366 cor-

287 3401 545 3473 pulentia
597 3401 898 3472 adscripta;
959 3407 1084 3465 aut,
1143 3399 1269 3471 quia
1321 3405 1533 3455 constet
1585 3398 1890 3454 discessura

1995 3129 2092 3183 sed
2144 3130 2455 3186 substantiis
2501 3141 2729 3188 constat.
2770 3133 2885 3188 Nisi
2931 3135 3088 3200 forte,
3148 3145 3204 3190 et
3240 3153 3433 3194 navem
3476 3139 3599 3195 sine

1992 3223 2193 3288 carina,
2249 3223 2366 3274 sine
2423 3235 2600 3290 prora,
2663 3223 2777 3277 sine
2831 3223 3027 3294 puppi,
3081 3224 3198 3280 sine
3254 3228 3597 3302 compaginis

1995 3307 2160 3363 totius
2205 3307 2576 3364 incolumitate
2622 3311 2823 3367 salvam
2873 3312 3241 3370 adseverabis.
3296 3315 3365 3370 Et
3412 3325 3591 3374 tamen

1996 3411 2184 3452 navem
2232 3396 2464 3467 procella
2504 3398 2817 3470 dissipatam
2866 3400 2982 3472 (58)
3029 3400 3115 3457 vel
3159 3402 3308 3458 carie
3354 3403 3596 3460 dissolu-

1653 3498 1846 3560 Varia
1889 3499 2204 3559 lectiones.

361 3579 498 3620 55-67
579 3579 680 3636 Dei
736 3583 895 3636 Pam.
951 3583 1122 3638 Fran.
1181 3581 1299 3688 Rig.
1372 3580 1556 3636 Venet.
1613 3577 1664 3616 σε
1730 3577 2008 3659 incumbat
2071 3575 2244 3657 (then.
2317 3579 2486 3636 Seml.
2547 3579 2598 3618 69
2651 3577 2868 3666 Effulsit
2931 3581 3092 3660 Pam.
3150 3582 3324 3638 Fran.

388 3653 737 3705 Exannerant
779 3652 954 3705 Rhen.
1009 3651 1182 3705 Semt.
1259 3651 1277 3688 ι
1323 3650 1622 3705 Decessuro
1669 3651 1793 3705 Rza.
1846 3648 2033 3705 Venet.
2080 3647 2386 3705 discessuro
2433 3650 2604 3705 Rhen.
2660 3651 2833 3705 bemt.
2903 3651 2952 3688 72
2994 3650 3185 3705 Liquet
3225 3654 3324 3705 cod

292 3653 344 3690 7°
388 3653 737 3724 Exaggerant
779 3652 954 3710 Rhen.
1009 3651 1182 3709 Semt.

290 3724 415 3794 Rig.
457 3724 640 3782 Venet.

3408 3587 3594 3645 Paris.

1373 3664 1622 3706 ecessuro
1669 3649 1793 3720 Rig.
1846 3648 2033 3706 Venet.
2080 3647 2386 3705 discessuro
2433 3650 2604 3709 Rhen.
2660 3651 2833 3707 Semt.
2888 3651 2952 3718 ,72
2994 3650 3185 3723 Liquet
3225 3654 3344 3711 cod.
3387 3657 3594 3718 Wouw.

1704 3792 2204 3855 Commentarius.

374 3893 485 3963 (54)
506 3896 613 3965 Ego
634 3891 868 3965 mescio
887 3907 1066 3965 neque
1095 3891 1215 3947 alia
1241 3906 1412 3965 carne
1439 3891 1727 3965 adulteria
1753 3907 1897 3965 com-

291 3962 674 4027 misis.s'e,'etc.
709 3962 766 4018 Si
814 3963 881 4017 de
924 3978 982 4016 se
1031 3962 1282 4032 loquatur
1325 3962 1551 4032 Auctor,
1585 3962 1801 4019 videtur
1839 3962 1892 4016 in

282 4036 575 4104 iuventute
618 4051 717 4089 sua
760 4042 883 4088 ante
925 4032 1330 4104 matrimonium
1376 4033 1759 4104 continentiam
1784 4047 1893 4086 non

289 4103 546 4163 Servasse
588 4123 600 4162 :
644 4105 741 4160 sed
789 4120 912 4160 cum
961 4104 1016 4158 in
1067 4103 1184 4173 ipso
1231 4103 1572 4159 matrimonio
1620 4103 1895 4158 continen-

286 4186 397 4232 tem
447 4177 618 4232 fuisse
656 4174 1178 4232 subindicaverimus
1209 4190 1392 4244 supra,
1424 4174 1523 4228 lib.
1569 4174 1713 4244 1,,ad
1755 4176 1894 4232 Uxo—

286 4255 538 4314 rem,.et
587 4263 752 4317 usque
797 4247 929 4301 adeo
973 4243 1317 4300 continentia
1364 4253 1568 4317 amator
1613 4243 1790 4317 fuerit,
1837 4251 1895 4300 ut

287 4335 352 4374 ea
425 4314 710 4374 occasione
754 4317 1003 4374 Montano
1060 4325 1246 4386 postea
1310 4315 1614 4386 adhaserit,
1685 4314 1894 4386 videtur

285 4389 470 4460 potius
506 4390 564 4444 in
611 4405 811 4460 genere
858 4387 1004 4459 loqui
1048 4385 1117 4442 de
1153 4387 1344 4459 quovis
1386 4385 1604 4443 homine
1645 4385 1748 4440 sub
1777 4401 1897 4456 per-

287 4476 426 4516 sona
461 4477 577 4516 sua.
605 4476 744 4518 ΓΔΗ.

2001 3890 2212 4015 ﬁculna,
2245 3903 2335 3946 aut
2362 3890 2568 3947 mundo
2612 3899 2812 3962 prater
2856 3889 3055 3948 Oceani
3100 3892 3382 3962 terminos,
3417 3899 3592 3955 traxit.

2045 3976 2078 4015 ε
2152 3977 2206 4015 ιι.

2045 3976 2078 4015 Β
2109 3976 2206 4018 I'll.

2071 4033 2187 4104 (556)
2237 4034 2560 4107 Compitum
2606 4033 2904 4092 stomachi.
2988 4035 3298 4105 Compitum
3332 4040 3595 4096 stomachi

2003 4113 2161 4179 vocat
2199 4107 2659 4179 conventiculum
2749 4108 3293 4179 et‘receptaculum;
3353 4111 3497 4179 quod
3542 4113 3595 4167 in

2005 4124 2161 4156 vocat
2223 4124 2652 4160 convenucutum
2749 4124 2802 4161 et
2867 4124 2988 4162 recc
3033 4124 3293 4175 tacutum;
3353 4124 3497 4179 quod
3542 4128 3595 4167 In

2001 4173 2106 4251 hoc
2135 4172 2405 4252 Lvidelicet
2433 4176 2719 4231 conveniat
2745 4124 3026 4252 quidquid)
3054 4177 3355 4252 eduliorum
3403 4197 3498 4249 per
3533 4198 3597 4238 os

2000 4245 2320 4322 immittitur.
2353 4245 2577 4315 Sumpta
2605 4257 2686 4322 est
2717 4245 3025 4322 metaphora
3053 4247 3129 4322 ab
3151 4247 3218 4322 iis
3245 4247 3346 4304 viis
3379 4245 3594 4321 compa.

2000 4313 2267 4393 tantibus
2296 4331 2363 4393 ac
2423 4313 2900 4393 convenientibus,-
2946 4332 3069 4372 nam
3117 4317 3243 4372 hinc
3280 4313 3593 4393 compitum

1999 4384 2274 4439 deducunt
2289 4386 2448 4440 Gram
2458 4385 2652 4441 matici.
2681 4387 2869 4442 RnaN.

2069 4455 2189 4526 (57)
2220 4456 2326 4513 Sed
2370 4457 2584 4529 judicia
2632 4459 2980 4529 retinentur.
3036 4457 3346 4529 Sapissime
3409 4463 3594 4520 nititur

360 4532 478 4618 (55)
508 4533 614 4618 Sed
644 4539 717 4618 et.
744 4531 1002 4618 Christus
1035 4530 1205 4618 intra
1246 4545 1542 4618 oceanum,
1581 4529 1645 4618 et
1675 4526 1742 4618 de
1773 4527 1887 4618 ista
1919 4542 1964 4618 Β
1998 4531 2198 4610 Auctor
2251 4530 2350 4584 hac
2372 4526 2611 4618 'ratio'nc
2647 4528 2718 4609 ad
2745 4527 3067 4618 fulciendain
3125 4526 3593 4618 resurrectionem,

287 4598 425 4684 creto
622 4603 780 4684 nobis
818 4602 1071 4684 incubat.
1105 4601 1219 4655 Hoc
1253 4600 1408 4684 etiam
1439 4598 1745 4684 delirabant
1773 4598 1888 4684 Ya-

283 4669 588 4748 lentiniani,
640 4675 782 4748 quod
830 4682 978 4729 extra
1035 4673 1196 4748 hunc
1231 4671 1488 4748 ambitum
1545 4678 1704 4748 terra
1755 4669 1890 4724 alios

285 4745 540 4802 homines
571 4739 692 4800 esse
731 4744 996 4808 dicerent,
1047 4759 1108 4798 ac
1147 4742 1373 4799 diversa
1402 4739 1734 4808 substantia,
1767 4755 1893 4795 eos-

283 4831 399 4886 que
441 4832 622 4882 veros,
654 4817 847 4872 teletos
893 4822 948 4871 et
993 4813 1310 4886 abascantos
1358 4821 1412 4868 et
1454 4813 1712 4886 acinetos.
1749 4811 1890 4886 Nos-

284 4882 462 4942 t'rates
501 4888 644 4943 enim
681 4903 842 4944 veros
882 4885 1132 4941 homines
1159 4900 1266 4940 non
1311 4899 1452 4948 esse,
1481 4901 1618 4954 quos
1643 4882 1891 4938 Demiur-

283 4973 399 5029 gus
428 4957 752 5015 stillicidium
775 4957 970 5020 situla,
1002 4964 1056 5011 et
1084 4956 1363 5029 pulverem
1389 4971 1548 5021 arca,
1574 4963 1628 5011 ct
1656 4954 1891 5029 locustas

284 5025 587 5100 deputavit.
654 5030 772 5100 Qua
829 5029 899 5082 de
956 5043 1012 5082 rc
1076 5026 1366 5100 Septimius
1422 5025 1890 5100 noster__apcrtius

284 5095 528 5170 disputat
556 5095 751 5158 libfde
780 5100 1092 5173 scorpiace.
1239 5099 1356 5152 hac
1382 5113 1512 5173 vero
1538 5095 1890 5173 deliramenta

285 5167 399 5226 non
430 5174 703 5244 pertinere
741 5167 969 5244 arbitror
1013 5170 1160 5244 (mod
1208 5169 1407 5244 legitur
1451 5169 1504 5221 in
1557 5169 1728 5244 prima
1771 5167 1888 5220 Cle-

289 5237 487 5301 mentis
541 5246 608 5300 ad
667 5241 976 5298 Corinthios
1029 5237 1289 5310 Epistola'
1341 5239 1407 5292 de
1471 5237 1688 5310 mundis
1740 5247 1889 5310 extra

291 5327 556 5370 oceanum
614 5314 800 5384 positis
829 5353 865 5384 ,γ
901 5325 1038 5382 quos
1076 5306 1385 5384 ’ἀπερᾴγτους
1429 5325 1548 5384 esse
1603 5306 1694 5384 ait.
1753 5307 1888 5384 Nam

293 5384 400 5439 hoc
453 5387 568 5442 viro
614 5378 938 5455 'Apostolico
992 5378 1335 5455 geographia
1392 5381 1566 5455 potius
1600 5378 1888 5455 imperitia

288 5455 576 5528 exciderit,
623 5449 784 5528 quam
834 5449 1023 5528 ullius'
1042 5449 1310 5528 dogmatis
1354 5450 1658 5528 adserendi
1688 5449 1884 5528 studio.

287 5527 424 5584 Rm.
467 5520 838 5595 —-'Ej'usdem
882 5520 1162 5580 nobiscum
1210 5526 1415 5577 natura
1459 5520 1560 5576 fuit
1602 5521 1884 5592 Christus;

286 5614 472 5670 neque
503 5599 666 5666 enim,
690 5599 834 5670 quod
863 5595 1239 5652 haereticorum
1268 5601 1651 5658 commentum,
1673 5607 1886 5649 carnem

2004 4599 2270 4671 pracipue
2315 4617 2434 4681 cap.
2488 4599 2713 4681 “icui
2761 4599 2881 4654 licet
2927 4601 3214 4681 plurimum
3273 4601 3439 4658 ﬁdant
3486 4599 3590 4661 Ραὲ

1999 4681 2146 4745 tres,_
2178 4681 2233 4727 et
2261 4671 2476 4745 merito,
2525 4671 2918 4745 Athenagoras,
2948 4671 3044 4742 qui
3071 4671 3288 4745 plenius
3316 4689 3434 4729 eam
3463 4691 3591 4745 per-

1999 4741 2256 4813 sequitur,
2299 4744 2472 4798 minus
2520 4740 3031 4813 dedit,gaffertitres
3059 4740 3297 4813 rationes
3341 4745 3409 4799 ad
3456 4740 3593 4813 pro-

1999 4811 2270 4868 bationem
2337 4811 2763 4882 resurrectionis,
2815 4812 2911 4869 sed
2966 4813 3092 4868 huic
3151 4812 3221 4868 de
3267 4811 3592 4873 necessitate

1993 4883 2181 4957 judicii
2227 4884 2396 4957 divini
2437 4884 2732 4957 derogavit
2784 4883 3047 4957 nonnihil.
3081 4883 3299 4957 _Verum
3359 4888 3592 4944 secunda

1998 4954 2117 5028 ejus
2163 4955 2309 5028 ratio
2340 4972 2406 5011 ex
2473 4954 2661 5010 natura
2711 4955 2842 5028 ipsa
2889 4955 3358 5028 hominis,rmulto
3410 4957 3593 5014 minus

2000 5025 2193 5098 virium
2232 5027 2413 5092 habet,
2438 5043 2612 5098 neque
2643 5025 2813 5097 prima
2841 5045 2906 5085 ex
2936 5025 3060 5094 ﬁne,
3088 5027 3174 5082 cui
3205 5027 3353 5084 Deus
3391 5028 3595 5084 creavit

1997 5096 2289 5162 hominem,
2321 5096 2542 5169 majoris
2571 5096 2823 5168 ponderis
2859 5106 2963 5165 est,
3006 5098 3106 5154 etsi
3137 5099 3356 5156 minime
3422 5099 3590 5156 inefﬁ-

1995 5183 2174 5224 cacem
2203 5185 2469 5227 censeam.
2501 5172 2645 5226 ΡΑιί.

2068 5239 2182 5312 (58)
2212 5243 2279 5296 Et
2313 5246 2505 5316 tamen
2533 5257 2735 5316 navem
2759 5242 3012 5316 procella
3031 5243 3384 5316 dissipatam.
3411 5243 3590 5299 Alfeni

1996 5326 2214 5384 quoque
2241 5313 2506 5386 sententia
2536 5313 2657 5386 fuit,
2707 5329 2920 5380 navem,
2959 5314 3004 5368 si
3049 5313 3185 5370 adeo
3215 5332 3360 5386 sape
3391 5316 3588 5372 refecta

1994 5383 2156 5453 esset,
2190 5392 2247 5458 u_t
2271 5383 2438 5458 nulla
2484 5383 2666 5458 tabula
2711 5385 2898 5441 eadem
2945 5383 3308 5458 permaneret
3331 5401 3451 5455 qua
3481 5400 3588 5440 non

1997 5469 2134 5526 nova
2207 5455 2416 5526 fuisset,
2486 5457 2837 5514 nihilominus
2903 5455 3150 5513 eamdem
3219 5470 3411 5511 navem
3465 5471 3590 5511 esse

1994 5525 2304 5600 existimari.
2353 5525 2416 5583 L.
2457 5529 2884 5600 Proponebatur.
2919 5529 2998 5600 Dc
3041 5527 3180 5600 j_ud.
3214 5527 3398 5600 Itaque
3426 5527 3592 5584 Athe-

1995 5595 2232 5665 nienses,
2291 5614 2398 5668 quo
2457 5595 2699 5673 tempore
2763 5598 2967 5656 Socrati
3031 5596 3236 5654 cicutas
3298 5595 3588 5669 miscuere,
