4030 6184
357 348 459 409 931

1055 339 1495 399 TERTULLIANI
1530 327 1803 398 OPERUM
1843 326 2010 393 PARS
2046 332 2114 393 ΙΙ.
2154 356 2227 383 μά-
2255 334 2483 396 SERIBS
2519 336 2564 409 Ι,
2602 336 2944 397 POLEMICA.

3538 342 3647 401 932

360 484 483 538 tam,
514 468 746 525 redactis
772 470 827 524 et
862 468 1120 523 restitistis
1157 468 1418 522 omnibus
1465 464 1739 533 membris,
1789 476 1941 555 eam-
1975 475 2021 555 Α
2053 477 2106 525 et
2152 469 2286 535 haec,
2337 474 2619 537 quatenus,
2649 481 2775 536 qua:
2820 465 3012 521 volunt
3054 472 3111 523 et
3157 479 3391 536 quorum
3436 466 3645 533 volunt.

358 562 480 617 dem
528 566 678 631 stepe
742 558 1118 629 conspeximus
1181 555 1343 611 etiam
1391 552 1544 609 titulo
1591 550 1946 609 restitutionis

357 649 695 725 gloriantem.
754 648 835 703 De
873 647 974 703 Dei
1012 645 1257 712 artiﬁcio,
1301 651 1357 700 et
1401 642 1644 709 arbitrio,
1697 647 1751 696 et
1801 643 1943 710 jure,

356 740 703 811 torquemur?
749 739 938 807 Porro,
984 737 1032 791 si
1079 735 1229 792 dives
1275 732 1542 789 Dominus
1589 738 1643 787 et
1689 730 1945 799 liberalis,

357 828 586 885 adfectui
623 835 713 883 aut
751 828 937 899 gloriae
966 838 1078 880 sum
1112 830 1375 895 praestans
1403 823 1573 878 solam
1602 820 1752 876 navis
1780 820 1945 874 resti—

356 919 639 985 tutionem,
686 916 950 971 hactenus
1010 922 1124 969 eam
1187 912 1420 969 voluerit
1465 912 1693 981 operari,
1746 909 1946 964 idcirco

354 1015 415 1063 tu
460 1008 510 1046 ’³³
554 1004 782 1077 negabis
818 1003 1171 1058 necessariam
1216 1001 1293 1055 illi
1339 1000 1716 1071 compaginem
1762 996 1945 1068 pristi-

353 1112 498 1168 nam,
552 1103 613 1151 ut
664 1092 861 1149 exinde
924 1093 1038 1161 jam
1084 1098 1413 1154 vacaturum,
1465 1106 1587 1145 cum
1636 1087 1737 1144 soli
1782 1085 1945 1142 saluti

354 1184 508 1241 navis
547 1184 663 1238 sine
705 1180 1019 1253 Operatione
1078 1178 1403 1237 conVeniat?
1450 1179 1621 1249 Igitur
1666 1178 1773 1232 hoc
1818 1182 1944 1232 tan-

354 1273 630 1329 tummodo
687 1271 902 1327 discere
948 1268 1166 1335 sufﬁcit,
1216 1280 1284 1323 an
1340 1268 1625 1335 Dominus,
1670 1266 1946 1321 hominem

353 1363 512 1418 saluti
566 1360 904 1429 destinando,
967 1365 1183 1415 carnem
1228 1358 1527 1423 destinarit,
1582 1366 1651 1411 an
1703 1354 1947 1411 eamdem

353 1451 483 1508 velit
529 1451 706 1508 denuo
763 1463 904 1517 esse,
943 1454 1107 1521 qnam
1159 1458 1271 1503 non
1318 1444 1541 1502 debebis
1570 1456 1634 1501 ex
1684 1446 1734 1484 ’λδ
1764 1445 1945 1499 futura

352 1540 719 1598 membrorum
760 1538 1042 1596 Vacatione
1083 1534 1428 1609 praescribere
1470 1535 1648 1591 denuo
1688 1548 1808 1589 esse
1836 1544 1945 1587 non

351 1645 535 1700 posse.
564 1630 709 1687 Licet
755 1628 899 1684 enim
942 1642 1065 1683 esse
1105 1627 1235 1697 quid
1262 1626 1460 1689 denuo,
1518 1632 1572 1681 et
1599 1621 1946 1677 nihilominus

351 1733 570 1787 vacare;
611 1728 713 1773 nec
756 1722 940 1788 potest
984 1721 1164 1769 autem
1211 1712 1318 1766 diei
1365 1722 1576 1775 vacare,
1625 1710 1668 1763 si
1716 1725 1823 1765 non
1855 1709 1944 1768 sit.

350 1805 425 1862 At
452 1808 598 1863 enim
635 1807 679 1861 si
718 1806 806 1874 sit,
856 1803 1056 1873 poterit
1102 1812 1159 1858 et
1204 1810 1314 1855 non
1362 1809 1599 1857 vectare:
1642 1798 1773 1854 nihil
1802 1801 1947 1854 enim

350 1896 493 1968 apud
521 1896 697 1951 Deum
724 1892 952 1947 vacabit.

933 2034 1162 2093 CAPUT
1213 2032 1357 2089 LXI.

418 2159 530 2218 Sed
576 2158 853 2231 accepisti,
903 2161 1089 2223 homo,
1128 2173 1193 2214 os
1221 2159 1289 2213 ad
1321 2160 1616 2214 Vorandum
1658 2165 1820 2229 atque
1848 2169 1947 2229 po-

350 2251 599 2306 tandum:
660 2258 755 2305 cur
781 2264 891 2305 non
942 2248 1122 2319 potius
1157 2249 1223 2303 ad
1263 2240 1647 2319 eloquendum,
1686 2255 1748 2302 ut
1783 2260 1813 2301 a
1845 2262 1948 2302 casa

350 2340 475 2396 teris
513 2339 837 2395 animalibus
881 2340 1050 2395 distes
1071 2339 1100 2393 ?
1127 2346 1230 2394 cur
1264 2352 1375 2393 non
1421 2339 1599 2409 potius
1644 2337 1711 2391 ad
1741 2336 1947 2408 prsidi-

346 2429 578 2487 nandum
673 2431 872 2497 Deum,
935 2435 996 2484 ut
1069 2427 1229 2483 etiam
1295 2426 1607 2482 hominibus
1680 2424 1946 2481 antistes?

353 2519 621 2591 Denique,
662 2518 836 2574 Adam
868 2526 991 2573 ante
1020 2516 1242 2571 nomina
1277 2514 1600 2571 animalibus
1627 2514 1942 2585 enuntiavit,

347 2616 504 2679 quam
565 2606 635 2663 de
665 2607 856 2662 arbore
885 2605 1189 2677 decerpsit;
1222 2610 1345 2660 ante
1382 2604 1544 2659 etiam
1578 2602 1944 2674 prophetavit,

347 2712 514 2769 quam
570 2695 796 2754 voravit.
838 2686 946 2750 Sed
1003 2693 1257 2766 accepisti
1299 2691 1490 2749 dentes
1541 2692 1607 2747 ad
1656 2691 1943 2747 macellum

347 2786 740 2842 corrodendu‘m
790 2785 840 2822 ⁷⁵
883 2782 1030 2856 (59):
1082 2794 1176 2839 cur
1230 2797 1339 2837 non
1396 2782 1575 2853 potius
1621 2782 1688 2836 ad
1729 2794 1940 2839 omnem

2060 566 2112 614 et
2140 556 2368 628 qualiter
2392 556 2583 611 volunt
2629 553 2699 620 ⁸1,
2730 553 2908 609 ofﬁcia
2945 555 3311 611 membrorum
3352 554 3470 625 (61)
3500 556 3649 611 ludi-

2053 648 2269 711 briose,
2329 645 2394 700 de
2445 643 2707 698 industria
2756 642 3131 699 suffundenda:
3201 644 3612 700 resurrectionis
3635 684 3651 710 ,

2053 736 2358 799 oblatrant;
2424 748 2535 788 non
2599 732 2981 803 recOgitantes,
3040 734 3185 804 ipsas
3250 733 3400 803 prius
3458 749 3653 789 causas

2054 824 2390 881 necessitatis
2434 831 2561 879 tunc
2614 831 2910 890 vacaturus,
2958 821 3067 877 cibi
3125 822 3339 889 famem,
3388 831 3444 881 et
3489 834 3654 894 potus

2055 915 2219 983 sitim,
2260 923 2314 969 et
2357 910 2676 967 concubitus
2718 910 3041 981 genituram,
3075 919 3128 965 et
3163 910 3491 981 Operationis
3538 911 3652 968 vic-

2056 1011 2189 1059 tutn.
2222 1001 2439 1057 Sublata
2485 1002 2631 1055 enim
2676 1007 2872 1065 morte,
2901 1014 3109 1069 necque
3137 999 3310 1055 victus
3339 999 3655 1057 fuicimenta

2056 1093 2123 1150 ad
2156 1091 2408 1163 praesidia
2439 1090 2580 1158 vitae,
2613 1104 2786 1160 neque
2826 1087 3041 1161 generis
3082 1093 3434 1159 supparatura
3464 1092 3652 1163 gravis

2054 1183 2157 1238 erit
2200 1180 2483 1237 membris.
2526 1180 2812 1244 Cteterum,
2850 1186 2906 1232 et
2955 1177 3115 1233 hodie
3155 1186 3339 1233 vacare
3386 1178 3650 1235 intestinis

2056 1280 2107 1327 et
2154 1270 2423 1341 pudendis
2469 1264 2667 1324 licebit.
2726 1266 3096 1336 Quadraginta
3148 1265 3339 1322 diebus
3380 1270 3563 1324 Moses
3599 1276 3651 1325 et

2055 1360 2235 1417 Helias
2267 1358 2473 1429 jejunio
2509 1355 2697 1422 functi,
2741 1356 2857 1412 solo
2896 1356 3013 1411 Deo
3047 1355 3347 1412 alebantur.
3375 1356 3495 1412 Jam
3526 1364 3653 1413 tunc

2055 1451 2195 1505 enim
2223 1448 2591 1512 dedicabatur,
2625 1447 2747 1502 Non
2787 1447 2853 1501 in
2876 1461 3025 1517 pane
3058 1448 3209 1503 vivet
3246 1445 3429 1511 homo,
3466 1446 3562 1504 sed
3588 1449 3651 1502 in

2054 1541 2154 1596 Dei
2208 1541 2389 1596 verbo.
2446 1530 2587 1593 Ecce
2642 1534 2854 1593 virtutis
2908 1534 3101 1591 futuras
3151 1535 3482 1591 liniamenta.
3538 1538 3653 1591 Nos

1981 1654 2024 1730 Β
2054 1643 2287 1699 quoque,
2336 1635 2395 1682 ut
2439 1641 2745 1697 possumus,
2800 1640 2864 1680 os
2908 1624 3028 1679 cibo
3074 1639 3444 1691 excusemus;
3483 1624 3651 1682 etiam

2054 1730 2246 1777 sexum
2292 1730 2322 1769 a
2361 1713 2744 1785 congressione
2787 1711 3162 1768 subducimus.
3192 1710 3339 1778 Quot
3378 1712 3655 1782 spadones

2054 1802 2382 1860 voluntarii?
2439 1811 2570 1874 quot
2614 1801 2853 1872 virgines
2900 1800 3113 1856 Christo
3162 1799 3469 1857 maritatae?
3522 1810 3653 1869 quot

2054 1894 2265 1950 steriles
2319 1892 2600 1963 utriusque
2648 1901 2875 1956 naturae,
2928 1890 3275 1946 infructuosis
3327 1889 3657 1963 genitalibus

2054 1982 2286 2038 structi?
2327 1982 2464 2037 Nam
2510 1981 2555 2035 si
2598 1986 2652 2037 et
2697 1980 2786 2036 hic
2829 1980 2879 2016 8²
2922 1982 3034 2051 jam
3078 1994 3272 2034 vacare
3318 1990 3399 2036 est
3444 1987 3495 2035 et
3528 1978 3657 2035 ofﬁ-

2053 2073 2133 2128 cia
2180 2078 2232 2127 et
2278 2073 2641 2127 emolumenta
2679 2070 3046 2124 membrorum
3092 2066 3377 2137 temporali
3411 2068 3656 2125 vacatio-

2054 2174 2142 2232 ne,
2183 2168 2243 2217 ut
2289 2161 2344 2215 in
2393 2158 2671 2231 temporali
2716 2158 3091 2229 dispositione,
3135 2168 3235 2214 nec
3270 2160 3432 2214 homo
3470 2165 3655 2214 tamen

2054 2253 2232 2307 mines
2262 2252 2441 2306 salvus
2470 2256 2581 2317 est;
2615 2248 2841 2319 proinde
2887 2247 3102 2302 homine
3147 2248 3320 2317 salvo,
3352 2256 3405 2304 et
3432 2248 3655 2319 quidem

2052 2339 2229 2410 magis
2274 2347 2418 2399 tunc,
2452 2344 2508 2391 ut
2552 2335 2608 2390 in
2651 2347 2851 2391 aeterna
2895 2336 3272 2405 dispositione,
3318 2336 3489 2408 magis
3536 2350 3656 2391 non

2052 2427 2499 2496 desiderabimus,
2544 2440 2669 2497 quae
2710 2425 2824 2495 jam
2870 2424 2958 2481 hic
3001 2439 3116 2480 non
3169 2424 3473 2482 desiderare
3515 2434 3659 2483 cont

2051 2517 2348 2574 suevimus.

2638 2649 2861 2715 CAPUT
2901 2650 3066 2719 LXII.

2124 2784 2230 2842 Sed
2279 2783 2403 2839 huic
2447 2782 2825 2853 disceptationi
2872 2782 3036 2839 ﬁnem
3083 2782 3367 2839 Dominina
3412 2797 3670 2853 pronun-

346 2873 551 2929 liiatum
602 2880 655 2929 et
697 2831 1073 2928 rictum\tuum
1109 2831 1480 2926 coronandtim
1501 2872 1527 2926 ?
1557 2879 1653 2927 cur
1696 2882 1807 2927 non
1834 2886 1938 2941 poe-
1975 2831 2016 2907 c
2054 2875 2201 2938 tiatio
2232 2872 2477 2943 imponit.
2501 2831 2716 2942 Erunt,
2742 2872 2915 2943 inquit
2945 2874 3357 2943 (Matth.xxn),
3381 2831 3675 2945 tanquaan

349 2961 454 3018 titis
500 2962 567 3016 ad
636 2960 823 3032 pulsus
870 2960 1069 3031 linguae
1126 2959 1507 3030 temperandos
1561 2950 1631 3024 κ,
1680 2960 1747 3013 ad
1792 2958 1941 3015 vocis

348 3049 601 3105 articulos
651 3048 955 3104 offensione
1010 3047 1344 3122 signandos?
1390 3048 1635 3119 Denique
1680 3052 1735 3103 et
1768 3050 1939 3105 eden-

347 3137 488 3193 tulos
530 3137 580 3177 ⁸³⁷
636 3136 761 3192 audi
798 3148 850 3193 et
901 3137 1047 3206 vide,
1097 3147 1156 3194 ut
1192 3137 1387 3194 honori
1430 3137 1484 3175 ’³⁸
1509 3135 1679 3193 884
1726 3139 1853 3206 Oris,
1883 3146 1941 3195 et

344 3241 606 3298 organum
653 3226 897 3282 dentium
927 3240 1157 3299 quaeras.
1208 3227 1403 3282 Forata
1442 3237 1570 3282 sunt
1626 3227 1837 3283 inferna
1883 3230 1938 3283 in

342 3317 459 3373 viro
489 3317 621 3375 etin
665 3315 886 3384 femina,
941 3316 1195 3372 nimirum
1246 3331 1350 3387 qua
1399 3315 1645 3371 libidines
1693 3317 1935 3374 ﬂuitent:

341 3421 438 3461 cur
463 3418 574 3461 non
602 3405 779 3477 magis
808 3421 915 3477 qua
943 3414 1167 3477 potuum
1197 3403 1409 3459 defruta
1437 3405 1487 3442 79
1511 3406 1753 3460 colentur
1781 3407 1939 3478 (60)?

338 3493 436 3550 Est
473 3494 653 3549 adhuc
699 3494 751 3532 ⁸ο
779 3492 994 3548 feminis
1035 3493 1204 3561 intus,
1242 3507 1352 3563 quo
1397 3491 1603 3547 semina
1630 3507 1937 3565 congerau-s

346 3588 471 3639 tur:
543 3590 612 3640 an
674 3592 786 3655 quo
853 3580 1133 3653 sanguinis
1213 3594 1378 3635 onera
1449 3580 1721 3650 secedant,
1778 3594 1943 3653 quem

347 3671 557 3744 pigrior
592 3688 757 3729 sexus
795 3671 1065 3727 discutere
1104 3682 1216 3725 non
1260 3666 1501 3725 sufﬁcit?
1539 3670 1779 3727 Dicenda
1795 3672 1940 3727 enim

2050 2965 2238 3037 angeli
2284 2962 2421 3034 (62).
2462 2961 2521 3016 Si
2570 2977 2680 3017 non
2727 2961 2999 3030 nubendo,
3033 2964 3163 3032 quia
3213 2979 3312 3017 nec
3357 2961 3672 3029 moriendo,

2049 3052 2241 3123 utique
2286 3064 2390 3108 nec
2434 3049 2530 3105 uili
2582 3050 2747 3105 simili
2801 3052 3110 3108 necessitati
3158 3052 3480 3108 succidde
3530 3052 3673 3122 (63)

2048 3138 2343 3213 corporalis
2397 3138 2567 3196 885
2630 3139 2974 3195 conditionis.
3022 3140 3166 3208 Quia
3210 3148 3264 3195 et
3307 3139 3484 3211 angeli
3545 3139 3679 3195 ali-

2049 3232 2268 3305 quando
2305 3239 2557 3301 tanquam
2597 3228 2844 3285 homines
2874 3229 3108 3297 fuerunt,
3140 3229 3351 3284 edendo
3378 3237 3431 3284 et
3458 3228 3661 3283 biben-

2048 3323 2141 3394 do,
2170 3330 2226 3376 et
2269 3322 2436 3391 pedes
2482 3319 2700 3376 lavacro
2738 3319 3066 3390 porrigenda
3116 3337 3131 3374 :
3179 3321 3462 3375 humanam
3497 3319 3636 3375 enim

2047 3409 2343 3465 induerant
2391 3408 2760 3480 superﬁciem,
2802 3410 2961 3464 salva
3008 3408 3151 3463 intus
3179 3408 3469 3463 substantia
3515 3424 3638 3478 pro-

2048 3498 2186 3568 pria.
2234 3499 2421 3570 Igitur,
2455 3497 2501 3551 si
2559 3498 2757 3569 angeli,
2808 3497 2931 3553 facti
2989 3507 3243 3568 tanquam
3298 3496 3558 3567 homines,
3590 3497 3639 3552 in

2048 3587 2240 3643 eadem
2297 3584 2592 3641 substantia
2660 3584 2884 3659 spiritus
2951 3586 3220 3641 carnalem
3276 3584 3642 3641 tractationem

2051 3680 2405 3747 Susceperunt
2464 3673 2601 3746 (64),
2653 3691 2747 3732 cur
2792 3682 2902 3732 non
2947 3682 3001 3730 et
3046 3674 3314 3744 heminas,
3354 3675 3477 3732 facti
3527 3684 3641 3731 tan-

1726 3769 1917 3836 Variea
1960 3774 2270 3841 lectiones.

411 3877 463 3917 ’ίό
499 3878 649 3931 Tunc
677 3876 854 3931 Rhea.
903 3875 955 3915 ⁷4
997 3874 1069 3928 Et
1114 3874 1292 3930 Rhea.
1337 3873 1511 3930 Semt.
1564 3874 1612 3913 75
1654 3876 2037 3935 Coornandum
2104 3882 2202 3938 £13.
2261 3897 2297 3937 α

2299 3879 2415 3951 ngl.
2470 3882 2630 3951 Pam.
2684 3881 2734 3919 ⁷6
2776 3880 3189 3948 Temporandos
3243 3885 3414 3951 Fran.
3471 3881 3635 3936 Pam.

339 3949 386 3986 τι
426 3948 497 4002 Et
543 3946 1064 4020 edentulos_omitt_.
1115 3945 1286 4020 Seml_.
1334 3944 1386 3981 ’⁸⁸
1442 3946 1715 4001 Honorem
1762 3950 1885 4020 Rig.
1944 3953 2130 4009 Venet.
2180 3944 2360 4009 δεθηιῖ
2396 3950 2444 3990 ’⁷9
2490 3950 2787 4011 Deﬁuxura
2847 3944 3022 4011 Rlien.
3078 3952 3250 4008 Scmt.
3302 3953 3353 3990 θο
3399 3949 3453 4005 In
3501 3952 3636 4009 add.

336 4022 497 4075 Pam.
539 4020 714 4073 Fran.
747 4014 896 4088 “Et
920 4014 1147 4088 qualiter
1181 4015 1397 4088 volunt,
1428 4024 1483 4073 et
1512 4032 1747 4088 quorum
1791 4014 1980 4077 volunt
2025 4025 2186 4080 Pam.
2234 4023 2415 4082 Rhea.
2464 4023 2639 4085 Sami.
2685 4024 2736 4063 82
2780 4023 2919 4081 Nam
2963 4022 3121 4085 abest
3163 4040 3202 4080 a
3244 4027 3403 4082 Pam.
3446 4022 3637 4083 Paris.

343 4092 521 4146 Fract.
548 4103 673 4145 nam
704 4084 808 4144 etsi
835 4084 1131 4144 hio'Rhen.
1163 4086 1334 4145 Semt.

1728 4179 1935 4246 Comm
1945 4188 2230 4249 entarius.

332 4303 525 4349 navem
568 4285 854 4358 quotannis
894 4284 951 4345 in
995 4272 1169 4342 Delon
1206 4281 1500 4358 transmitti
1547 4284 1764 4342 solitam
1800 4306 1922 4346 eam

333 4360 505 4427 ipsam
535 4357 653 4413 esse
700 4357 974 4422 dicebant,
1024 4373 1129 4427 qua
1159 4357 1393 4427 majores
1434 4370 1569 4414 suos
1596 4358 1837 4417 Theseus
1864 4362 1921 4417 in

378 4438 547 4487 retam
574 4436 808 4501 vexerat.
848 4427 1001 4480 Τοῦτό
1030 4426 1128 4501 ἐστι
1165 4426 1432 4501 τὸίπλοῖον,
1464 4427 1552 4501 ﬁ);
1598 4449 1741 4501 φασιν
1777 4430 1922 4493 Ἀθη..

323 4506 473 4570 ναῖοι,
502 4510 630 4567 etc.,
662 4497 835 4571 inquit
865 4500 1167 4555 Platonicus
1183 4498 1587 4571 indon.Rie.

395 4569 650 4644 (69)_Sed
679 4569 948 4644 accepisti
963 4570 1157 4644 dentes
1187 4569 1593 4644 aqucellum
1622 4572 1920 4631 corraden-

319 4636 475 4702 ἀειδῆ.
494 4636 970 4711 Quemadmodum
999 4639 1203 4696 Menius
1222 4639 1315 4696 ille
1335 4636 1682 4699 Horatianus:

381 4754 633 4810 Pernicies
680 4764 727 4809 et
752 4762 1027 4824 tempestas
1047 4754 1444 4827 barathrumque
1471 4758 1689 4808 macelli.
1720 4756 1834 4808 Bis.

384 4860 494 4931 (60)
528 4860 647 4927 Qua
666 4861 919 4931 potuum,
938 4855 1172 4931 defruta
1200 4857 1484 4915 celentur.
1515 4854 1695 4931 Prima
1718 4856 1914 4931 editio,

315 4928 427 5004 qua
458 4928 789 5004 deﬂumura
833 4928 1116 5004 petentur,
1168 4928 1910 5004 magnOpereplacetJunio,

316 4996 409 5071 qui
486 4996 708 5071 miratur
782 4996 1089 5071 admissam,
1136 4996 1709 5068 aliteran-lectionem,
1789 4996 1913 5056 cum

318 5068 496 5128 tamen
524 5068 934 5142 signiﬁcantius
961 5068 1031 5125 sit
1058 5070 1327 5142 defruta,-
1359 5088 1483 5127 nam
1527 5079 1687 5142 potus
1716 5071 1915 5129 decoc-

318 5152 405 5198 tus
454 5138 663 5197 colatiir
706 5156 804 5211 per
854 5138 1096 5196 infernos
1122 5138 1131 5142 ”
1161 5138 1387 5198 meatus.
1443 5138 1728 5199 Defrutum
1767 5145 1912 5201 enim

317 5223 401 5268 est
454 5212 639 5270 vinum
674 5210 959 5271 decoctum
1001 5228 1032 5267 a
1070 5213 1402 5271 defervendo
1446 5213 1667 5278 dictum,
1699 5224 1754 5269 ut
1786 5216 1910 5268 Pal-

315 5283 491 5341 ladius
524 5283 722 5355 inquit,
756 5300 928 5355 usque
955 5284 1020 5338 ad
1058 5285 1409 5340 medietatem
1431 5355 1435 5356 ν
1449 5285 1601 5356 juxta
1641 5283 1904 5340 Plinium:

307 5357 415 5424 vel,
471 5356 635 5425 juxta
698 5356 953 5422 Nonium,
1027 5356 1274 5413 dicebant
1344 5355 1637 5423 defrutum,
1688 5378 1717 5425 is
1743 5356 1801 5410 Si
1843 5374 1937 5413 ex.

308 5424 519 5484 duabus
564 5428 808 5499 partibus
857 5428 927 5483 ad
967 5428 1182 5483 tertiam
1241 5426 1561 5499 redegerunt
1605 5424 1907 5483 defervefa-

312 5499 528 5557 ciando.
561 5517 589 5554 ι
622 5501 755 5557 Lac.

312 5515 528 5559 ctando.
561 5517 589 5554 ι
622 5515 755 5557 ωα.

374 5570 499 5655 (ﬁt)
510 5571 919 5655 enim
931 5568 1326 5655 67"}?670/7161'0
1338 5567 1739 5655 membrorum.

356 5638 629 5711 uiuatnodi
678 5639 856 5697 ofﬁcia
899 5638 1266 5697 membrorum
1314 5640 1452 5697 mira
1499 5639 1741 5699 libertate
1779 5640 1905 5698 lusit

2031 4290 2397 4420 gieronymus
2468 4290 2607 4357 libro
2683 4291 2951 4353 adversus
3007 4290 3373 4350 Iovinianum
3435 4289 3637 4363 primo.

2080 4379 2155 4418 ια.

2080 4379 2155 4418 ια.

2101 4431 2217 4506 (62)
2249 4438 2447 4500 Erunt,
2478 4435 2689 4506 inquit,
2734 4438 3004 4506 tanquam
3034 4428 3238 4505 angeli.
3272 4431 3464 4506 Attigit
3485 4426 3638 4488 hunc

2101 4452 2217 4506 (02)
2249 4452 2447 4500 arum,
2478 4452 2543 4490 tn
2582 4452 2689 4501 uzt,
2734 4452 3004 4506 tanquam
3034 4452 3238 4505 angeu.
3272 4452 3459 4506 mugit
3486 4452 3635 4488 nunc

2029 4504 2205 4579 locum
2248 4522 2369 4579 cap.
2412 4509 2500 4561 36.
2534 4452 2635 4562 ﬂio
2679 4513 2857 4579 tamen
2904 4513 3283 4579 argumentum
3325 4502 3469 4579 istud
3526 4520 3635 4579 an-

2029 4576 2170 4632 necti
2214 4574 2391 4648 potest
2435 4576 2898 4648 antecedentibus,
2929 4574 3094 4648 quasi
3117 4591 3323 4647 augens
3368 4574 3495 4630 vim.
3540 4576 3633 4629 Di-

2028 4655 2176 4704 xerat
2216 4646 2286 4705 'in
2335 4647 2436 4702 hac
2492 4648 2598 4706 vita
2654 4647 2899 4705 excusari
2944 4646 3211 4702 homines
3240 4663 3280 4719 7a
3332 4660 3643 4719 congressu

2028 4718 2247 4792 carnali,
2279 4735 2341 4774 ac
2376 4729 2666 4792 propterea
2701 4719 3115 4792 velutangelos
3152 4718 3427 4792 caelestem
3443 4717 3637 4773 ‘vitam

2024 4788 2243 4862 vivere,
2272 4797 2337 4862 put
2380 4788 2690 4862 Ber‘nardus
2736 4790 2927 4862 inquit,
2968 4788 3148 4862 Serm,
3183 4791 3214 4844 2
3268 4788 3341 4845 ad
3391 4790 3633 4862 fratres.

2027 4861 2093 4935 Et
2121 4860 2423 4931 Cyprianus
2456 4861 2562 4935 _lib.
2588 4863 2660 4935 _de
2697 4857 2919 4935 δίηριιζ.Δ
2944 4860 3088 4935 cler.
3117 4860 3294 4930 Quare
3330 4857 3400 4915 et
3428 4857 3502 4935 in_
3524 4860 3633 4913 alia

2022 4930 2701 5004 vita_poteruntghomines
2749 4930 2990 5004 angelico
3048 4932 3151 4986 ritu
3198 4930 3531 4996 conversari,
3574 4938 3632 4985 ut

2022 5000 2300 5128 εοῗβίίηειι
2328 5010 2381 5058 et
2419 5002 2604 5059 deﬁnit
2640 5000 2883 5065 Christus
2917 5021 2929 5057 :
2965 5006 3149 5059 Erunt
3197 5007 3471 5075 tanquam
3516 5018 3626 5056 an-

2022 5091 2083 5128 ae
2112 5090 2150 5127 ι.
2229 5089 2320 5128 ac.

2056 5089 2150 5129 θη.
2182 5089 2320 5129 LAC.

2020 5093 2431 5216 geiis'ai‘fs‘iinm
2456 5146 2778 5203 necessitati
2805 5142 3159 5215 succidenda.
3188 5134 3327 5199 Usus
3347 5151 3431 5200 est
3461 5159 3629 5216 supra

2019 5218 2212 5287 eodem
2259 5218 2444 5281 verbo,
2492 5233 2587 5287 pro
2632 5218 3059 5274 succumbendo.
3111 5216 3301 5283 Quoad
3344 5216 3625 5271 sententiae

2018 5286 2280 5342 rationem
2328 5286 2531 5355 attinet,
2576 5300 2797 5347 venuste
2847 5290 3043 5345 Encas
3084 5288 3293 5344 Gazeus
3338 5288 3394 5342 in
3443 5287 3624 5345 Theo-

2018 5359 2258 5427 phrasto.
2289 5359 2423 5415 Lac.

2089 5429 2205 5501 (64)
2230 5431 2525 5487 Carnulan
2556 5433 2957 5489 tractationem
2998 5434 3387 5502 susceperunt.
3422 5430 3538 5487 Imo
3574 5436 3626 5485 et

2018 5507 2141 5573 post
2205 5502 2664 5558 resurrectionem
2738 5502 3009 5558 carnalem
3064 5502 3348 5573 aliquando
3386 5572 3389 5573 ν
3423 5509 3625 5555 tracta-

2016 5570 2221 5648 tionem
2294 5583 2640 5648 suspepturos
2685 5573 2917 5648 angelos
2942 5615 2957 5644 ,
3020 5570 3295 5648 assumpta
3384 5572 3622 5627 humana

2013 5643 2183 5717 ﬁgura
2226 5652 2277 5700 et
2321 5642 2533 5710 ofﬁciis,
2565 5652 2616 5701 et
2671 5642 3005 5702 solémnibus
3054 5642 3415 5701 humanorum
3453 5659 3621 5700 mem-
