4028 6188
267 273 377 333 933

1333 271 1532 336 LIBER
1560 269 1646 336 DE
1666 273 2210 337 RESURRBCTIONE
2237 273 2498 337 CARNIB.

3464 285 3572 345 934

257 416 426 473 quam
473 402 681 476 angeli,
730 403 785 457 in
830 402 1014 460 eadem
1057 401 1362 459 substantia
1409 403 1588 458 carnis
1637 402 1855 472 spirita-
1889 415 1936 494 Α
1967 417 2192 473 compos
2234 401 2360 458 mali
2407 400 2551 475 quod
2598 403 2791 474 evasit,
2845 413 2896 460 et
2953 405 3086 464 boni
3151 408 3300 480 quod
3345 409 3563 467 invasit.

261 488 378 544 lem
407 490 640 545 subeant
676 491 1108 562 dispositionem,
1142 508 1249 548 non
1293 492 1467 562 magis
1520 491 1854 546 solemnibus

259 579 446 634 carnis
474 579 693 635 obnoxii
739 581 839 636 sub
894 579 1136 651 angelico
1173 580 1508 645 indumento,
1537 596 1701 650 quam
1747 597 1851 632 an-

258 666 375 738 geli
409 676 533 726 tunc
563 669 897 724 solemnibus
943 669 1164 742 spiritus
1196 670 1250 710 33
1274 671 1379 728 sub
1424 671 1662 728 humano
1683 670 1712 728 7
1737 670 1852 726 Nec

254 757 390 813 ideo
421 774 529 814 non
560 759 900 830 permansuri
929 759 984 814 in
1011 775 1192 829 carne,
1222 761 1346 830 quia
1377 775 1486 815 non
1515 766 1570 814 et
1597 759 1651 813 in
1677 760 1857 814 solen-

253 848 428 902 nibus
453 849 632 904 carnis
661 867 676 905 :
710 865 834 905 cum
860 865 960 905 nec
989 850 1169 922 angeli
1199 849 1320 906 ideo
1359 865 1469 906 non
1486 858 1540 904 et
1569 849 1625 910 in
1655 851 1705 888 34
1735 849 1851 920 spi-

251 938 365 993 ritu
421 939 848 1010 permanserint,
909 939 1035 1010 quia
1107 955 1215 995 non
1285 947 1339 995 et
1410 939 1464 998 in
1538 938 1851 1006 solennibus

248 1027 483 1100 spiritus
528 1027 598 1082 ⁸⁵.
629 1027 900 1098 Denique,
933 1044 1040 1083 non
1084 1027 1240 1094 dixit,
1292 1031 1476 1084 Erunt
1525 1028 1730 1099 angeli,
1785 1043 1852 1082 ne

249 1115 515 1172 homines
541 1126 804 1188 negaret:
840 1119 952 1182 sed,
979 1116 1490 1190 tanquamiangeli,
1514 1122 1576 1172 ut
1603 1117 1853 1174 homines

247 1213 627 1261 conservaret.
654 1203 776 1261 Non
811 1201 1030 1260 abstulit
1054 1205 1430 1279 substantiam,
1459 1205 1546 1262 cui
1591 1205 1848 1262 similitu-

249 1294 503 1350 tudinem
530 1292 797 1350 attribuit.

825 1420 1054 1476 CAPUT
1090 1419 1276 1476 LXIII.

321 1549 594 1618 Resurget
623 1547 675 1584 εδ
701 1546 869 1620 igitur
895 1563 1020 1603 caro
1051 1546 1184 1619 (65),
1216 1555 1270 1602 et
1297 1547 1513 1618 quidem
1560 1548 1759 1616 omnis,
1794 1557 1850 1604 et

249 1637 475 1711 quidem
497 1636 632 1706 ipsa,
655 1645 709 1690 et
738 1635 952 1706 quidem
983 1635 1211 1706 integra.
1251 1635 1310 1690 In
1341 1634 1588 1705 deposito
1619 1644 1702 1691 est
1725 1637 1848 1690 ubi-

248 1742 473 1798 cunque
519 1724 662 1799 apud
706 1724 895 1793 Deum,
947 1741 1043 1796 per
1092 1723 1464 1782 ﬁdelissimum
1511 1735 1843 1798 sequestrem

1965 487 2126 557 Quid,
2157 492 2352 560 anima,
2386 493 2594 549 invides
2632 494 2780 550 carni
2811 496 2915 565 (67)
2936 495 2964 550 ?
3014 513 3174 554 nemo
3229 505 3338 552 tam
3385 499 3568 571 proxi-

1963 594 2083 634 mus
2113 581 2228 647 tibi,
2261 596 2421 653 quem
2450 592 2569 653 post
2605 583 2895 638 Dominum
2945 585 3140 655 diligas
3180 604 3194 640 :
3243 604 3400 645 nemo
3449 605 3569 645 ma-

1963 668 2048 742 gis
2072 667 2235 724 frater
2283 679 2428 738 tuus,
2465 687 2586 742 quis
2635 679 2811 728 tecum
2851 673 3010 728 etiam
3039 673 3094 728 in
3140 675 3256 730 Deo
3303 677 3560 732 nascitur.

1961 757 2041 810 Tu
2096 760 2272 829 potius
2324 760 2400 815 illi
2457 777 2682 817 exorare
2736 761 2998 817 debueras
3069 765 3565 832 resurrectionem;

1962 860 2060 914 per
2090 854 2160 916 te,
2188 848 2234 902 si
2266 847 2420 918 forte,
2461 849 2710 918 deliquit.
2764 849 2874 904 Sed
2923 850 3049 904 nihil
3082 851 3278 907 mirum
3313 853 3358 907 si
3387 854 3567 921 odisti,

1961 934 2116 1003 cujus
2144 945 2418 994 auctorem
2443 953 2663 1009 quoque
2706 937 2958 1010 respuisti
3001 940 3152 1010 (68);
3213 956 3373 1011 quam
3417 949 3473 996 et
3515 944 3569 998 in

1961 1022 2196 1092 Christo,
2227 1037 2319 1082 aut
2341 1043 2559 1099 negare,
2590 1035 2683 1082 aut
2705 1037 2910 1082 mutare
2955 1028 3302 1084 consuevisti.
3333 1030 3568 1086 Proinde

1958 1122 2012 1168 et
2043 1114 2218 1185 ipsum
2265 1117 2575 1175 Sermonem
2621 1115 2740 1184 Dei,
2791 1115 2882 1188 qui
2930 1133 3054 1174 caro
3113 1117 3287 1174 factus
3343 1121 3448 1180 est.
3480 1119 3567 1174 Vt'I

1959 1199 2098 1268 style
2128 1201 2210 1258 vel
2239 1201 2681 1272 interpretatione
2725 1217 3099 1274 corrumpens,
3149 1221 3344 1261 arcana
3393 1205 3554 1261 etiam

1958 1291 2389 1361 apocryphorum
2464 1292 2849 1361 superducens,
2929 1293 3279 1365 blasphemiae
3337 1295 3562 1350 fabulas.

1955 1378 2026 1434 At
2053 1379 2195 1434 enim
2222 1380 2366 1436 Deus
2392 1381 2754 1453 omnipotens,
2791 1385 3053 1439 adversus
3097 1384 3215 1438 haec
3271 1383 3562 1440 increduli-

1959 1465 2080 1520 tatis
2107 1474 2162 1520 et
2187 1469 2558 1537 perversitatis
2606 1469 2828 1541 ingenia
2877 1470 3344 1543 providentissima
3391 1473 3562 1544 gratia

1954 1567 2050 1606 sua
2063 1555 2367 1623 effundens
2389 1558 2452 1611 in
2472 1558 2790 1615 novissimis
2811 1560 3000 1616 diebus
3023 1561 3089 1616 de
3122 1576 3221 1616 suo
3252 1561 3475 1632 Spiritu
3498 1564 3560 1618 in

1956 1658 2178 1698 omnem
2207 1660 2459 1709 carnem,
2492 1648 2554 1699 in
2571 1663 2756 1703 servos
2786 1665 2914 1704 suos
2945 1655 3004 1704 et
3024 1651 3270 1706 ancillas
3302 1652 3460 1718 (Joel.
3495 1667 3559 1717 ιι,

1951 1731 2042 1796 28,
2077 1731 2184 1800 29),
2218 1738 2272 1786 et
2298 1731 2463 1788 ﬁdem
2509 1733 2843 1788 laborantem
2881 1736 3296 1792 resurrectionis
3334 1738 3564 1794 carnalis

249 1816 356 1872 Dei
399 1827 455 1873 et
486 1815 759 1872 hominum
806 1815 920 1888 (66)
963 1816 1146 1870 Jesum
1185 1815 1474 1888 Christum,
1525 1817 1617 1887 qui
1659 1828 1713 1871 et
1748 1816 1847 1871 ho-
1879 1803 1921 1879 Β
1953 1818 2229 1886 animavit,
2275 1825 2330 1875 et
2378 1818 2605 1889 pristina
2671 1820 3031 1878 instrumenta
3080 1824 3384 1882 manifestis
3433 1843 3559 1882 ver-

246 1905 394 1960 mini
421 1907 607 1974 Deum,
647 1903 986 1960 ethominem
1014 1903 1130 1959 Deo
1157 1903 1372 1976 reddet,
1403 1904 1549 1961 carni
1588 1905 1842 1975 spiritum

244 2003 300 2050 et
329 1994 544 2067 spiritui
564 2010 802 2051 carnem.
826 1993 1122 2065 Utrumque
1143 1993 1257 2062 jam
1280 1993 1334 2048 in
1355 1994 1643 2064 semetipso
1669 1993 1841 2049 foede-

242 2084 410 2150 ravit,
439 2099 694 2155 sponsam
742 2099 965 2155 sponso,
996 2092 1050 2137 et
1081 2098 1338 2152 sponsum
1370 2098 1582 2154 sponsae
1613 2099 1840 2154 compa-

242 2175 407 2233 ravit.
434 2175 574 2230 Nam
601 2185 655 2230 et
690 2174 737 2230 si
766 2173 996 2229 animam
1037 2171 1159 2244 quis
1200 2172 1538 2228 contenderit
1569 2189 1839 2242 sponsam,

238 2266 324 2323 vel
355 2265 506 2320 dotis
550 2264 768 2320 nomine
815 2269 1073 2335 sequetur
1113 2261 1348 2319 animam
1375 2277 1523 2321 caro.
1571 2263 1690 2318 Non
1738 2264 1838 2320 erit

237 2353 428 2410 anima
473 2353 786 2425 prostituta,
828 2367 888 2410 ut
935 2355 1079 2412 nuda
1121 2355 1442 2426 suscipiatur
1488 2367 1520 2409 a
1575 2368 1778 2424 sponso
1820 2369 1834 2410 :

235 2445 414 2500 habet
453 2443 892 2508 instrumentum,
941 2445 1104 2501 habet
1149 2446 1376 2511 cultum,
1417 2443 1579 2498 habet
1628 2443 1837 2498 manci-

233 2533 399 2606 pium
427 2549 583 2588 suum
629 2541 970 2601 carnem;ut
1017 2535 1348 2590 collactanea
1376 2533 1424 2571 ⁸⁷
1471 2531 1834 2589 comitabitur.

233 2621 350 2679 Sed
388 2637 511 2678 caro
538 2630 620 2677 est
647 2637 864 2693 sponsa,
893 2639 1014 2694 quae
1061 2631 1114 2680 et
1157 2624 1211 2678 in
1241 2623 1456 2679 Christo
1502 2623 1631 2678 Jesu
1677 2622 1838 2693 spiri-

235 2719 358 2766 tum
392 2711 442 2749 83
471 2727 725 2781 sponsum
756 2727 854 2782 per
900 2711 1220 2784 sanguinem
1268 2722 1423 2782 pacta
1451 2712 1500 2750 89
1528 2722 1628 2768 est.
1663 2712 1838 2780 Hujus

238 2801 529 2858 interitum
555 2817 717 2872 quem
744 2809 926 2870 putas,
943 2816 1215 2859 secessum
1245 2800 1384 2857 scias
1411 2817 1550 2857 esse.
1570 2800 1693 2858 Non
1724 2799 1838 2855 sola

235 2892 427 2947 anima
463 2892 778 2962 seponitur:
809 2891 968 2947 habet
993 2898 1050 2954 et
1075 2905 1201 2950 caro
1226 2906 1470 2946 secessus
1507 2905 1638 2948 suos
1664 2891 1716 2929 9°
1751 2889 1837 2945 in.-

1952 1905 2146 1962 borum
2172 1916 2231 1964 'et
2260 1923 2523 1966 sensuum
2554 1906 2874 1977 luminibus,
2908 1911 2977 1966 ab
3010 1913 3161 1968 omni
3190 1912 3558 1986 ambiguitatis

1949 1997 2273 2053 obscuritate
2302 1998 2576 2069 purgavit.
2630 1999 2768 2056 Nam
2792 1999 2920 2071 quia
2961 1999 3198 2058 haereses
3237 2016 3353 2058 esse
3402 2019 3559 2074 opor.

1954 2090 2245 2153 tuerat,ut
2259 2087 2572 2158 probabiles
2589 2090 2795 2161 quique
2816 2089 3338 2159 manifestarentur
3354 2089 3403 2160 (1
3434 2092 3556 2148 Cor.

1948 2189 2026 2240 χι,
2077 2174 2196 2244 19);
2224 2175 2310 2229 hae
2341 2183 2518 2230 autem
2552 2176 2664 2231 sine
2694 2175 2967 2247 aliquibus
2997 2178 3366 2234 occasionibus
3402 2178 3556 2234 Scri—

1948 2271 2230 2336 pturarum
2258 2264 2456 2322 audere
2479 2280 2594 2320 non
2639 2273 2928 2337 poterant;
2957 2265 3157 2323 ideirco
3199 2267 3428 2338 pristina
3465 2267 3554 2322 in-

1946 2357 2244 2408 strumenta
2293 2354 2554 2426 quasdam
2613 2353 2864 2410 materias
2886 2355 2991 2410 illis
3018 2355 3070 2393 92
3125 2355 3377 2411 videntur
3425 2357 3556 2412 sub-

1947 2443 2299 2511 ministrasse,
2349 2453 2404 2500 et
2449 2444 2595 2516 ipsas
2643 2445 2863 2515 quidem
2910 2445 3102 2500 iisdem
3151 2445 3341 2501 litteris
3370 2445 3552 2502 revin-

1945 2529 2156 2589 cibiles.
2205 2531 2329 2602 Sed,
2369 2533 2624 2604 quoniam
2670 2548 2772 2588 nec
2811 2533 2862 2572 93
2899 2533 3242 2590 dissimulare
3289 2534 3550 2605 Spiritum

1946 2627 2190 2677 sanctum
2226 2622 2528 2692 oportebat,
2562 2620 2850 2693 quominus
2896 2629 2948 2676 et
2993 2622 3268 2691 ejusmodi
3316 2623 3546 2696 eloquiis

1947 2710 2412 2783 superinundaret,
2460 2726 2580 2779 quae
2644 2709 2806 2764 nullis
2870 2709 3252 2765 haereticorum
3295 2711 3548 2767 versutiis

1945 2799 2151 2854 semina
2212 2799 2658 2871 subspargerent,
2706 2797 2813 2853 imo
2861 2806 2916 2852 et
2964 2808 3172 2854 veteres
3219 2814 3401 2854 eorum
3451 2816 3547 2856 ce-

1948 2891 2114 2961 spites
2144 2889 2437 2954 vellerent;
2471 2888 2672 2943 idcirco
2716 2889 2830 2959 jam
2860 2901 3054 2943 omnes
3100 2896 3243 2944 retro
3271 2888 3545 2962 ambigui-

241 2981 424 3048 terim,
471 2981 525 3037 in
566 2980 740 3052 aquis,
781 2978 837 3035 in
882 2979 1119 3053 ignibus,
1160 2979 1216 3035 in
1263 2980 1480 3045 altibus,
1526 2979 1582 3034 in
1621 2980 1824 3036 bestiis.
1862 2981 1906 3058 ε
1935 2990 2092 3062 tates,
2140 2987 2196 3036 et
2237 2995 2376 3051 quas
2401 2981 2590 3036 volunt
2629 2978 2933 3049 parabolas,
2980 2986 3162 3048 aperta
3197 2986 3363 3051 atque
3410 2996 3543 3051 per-

233 3071 386 3128 Cum
423 3068 480 3126 in
516 3072 630 3126 haec
666 3068 888 3126 dissolvi
915 3069 1148 3136 videtur,
1179 3069 1325 3126 velut
1352 3068 1408 3124 in
1428 3083 1554 3125 vasa
1579 3068 1846 3126 transfun.

233 3160 422 3218 ditur.
460 3159 516 3216 Si
561 3159 724 3216 etiam
767 3157 887 3230 ipsa
929 3173 1058 3216 vasa
1098 3157 1417 3226 defecerint,
1447 3173 1570 3214 cum
1615 3158 1684 3213 de
1731 3159 1834 3216 illis

231 3263 461 3322 quoque
492 3247 778 3313 effluxerit,
811 3246 868 3302 in
917 3263 1070 3303 suam
1112 3246 1391 3302 matricem
1435 3256 1634 3302 terram
1678 3245 1835 3319 quasi

233 3356 335 3412 per
388 3339 644 3413 ambages
696 3334 874 3394 886
937 3337 1271 3404 resorbetur,
1303 3342 1365 3392 ut
1410 3351 1602 3394 rursus
1628 3351 1696 3396 ex
1741 3336 1836 3394 illa

233 3438 662 3500 repraesentetur
684 3428 732 3465 οι
762 3426 956 3497 Adam,
989 3426 1273 3483 auditurus
1299 3441 1332 3482 a
1377 3425 1608 3484 Domino
1637 3443 1650 3479 ε
1694 3427 1834 3490 Ecce

233 3519 421 3576 Adam
464 3521 627 3593 quasi
660 3534 809 3576 unus
839 3532 913 3574 ex
951 3517 1111 3576 nobis
1149 3520 1342 3588 factus
1383 3519 1471 3577 est
1496 3533 1518 3580 _:
1547 3530 1670 3580 vere
1710 3524 1836 3575 tunc

1953 3070 2138 3141 spicus
2164 3067 2330 3126 totius
2358 3066 2675 3128 sacramenti
2705 3066 3087 3136 prmdicatione
3125 3067 3399 3136 discussit,
3442 3086 3543 3140 per

1939 3173 2137 3215 novum
2183 3156 2505 3227 prophetam
2554 3155 2623 3216 de
2679 3154 2951 3212 Paracleto
3001 3155 3389 3228 inundantem;
3446 3171 3566 3215 cu-'

1934 3248 2026 3316 jus
2071 3245 2117 3302 si
2163 3245 2409 3302 hauseris
2455 3243 2649 3315 fontes,
2687 3243 2887 3304 nullam
2939 3244 3141 3315 poteris
3186 3246 3339 3314 sitire
3400 3247 3543 3306 doc-

1939 3335 2156 3403 trinam,
2205 3333 2385 3392 nullus
2436 3343 2486 3390 te
2533 3334 2694 3394 ardor
2753 3340 2938 3390 exuret
2997 3332 3389 3405 quaestionum;
3450 3352 3544 3392 re-

1938 3425 2331 3484 surrectionem
2357 3438 2574 3496 quoque
2613 3422 2790 3485 carnis
2837 3438 3236 3496 usquequaque
3279 3425 3542 3496 potando,

1938 3513 2310 3586 refrigerabis.

1617 3663 1810 3728 Variae
1852 3667 2170 3730 lectiones.

297 3803 359 3842 ⁸³
385 3801 672 3872 Spiritibus
713 3803 873 3860 Pam.
925 3800 1107 3858 Paris.
1159 3802 1331 3872 Fran.
1369 3797 1421 3838 8⁸
1449 3797 1510 3852 In
1539 3798 1694 3872 abest
1721 3814 1758 3853 a
1782 3794 2014 3872 WRhena
2037 3794 2290 3872 Seml.:35
2320 3792 2510 3872 Carnis
2553 3795 2719 3872 Paris
2767 3797 2940 3872 Fran.
2983 3795 3038 3834 εδ
3065 3793 3318 3872 Heaut-git
3363 3796 3540 3872 Seml.

229 3875 280 3914 εἳ
337 3865 642 3931 Collatanea
684 3874 860 3931 Rhen.
908 3873 1078 3932 Seml.
1132 3871 1507 3928 collectaneam
1556 3871 1716 3925 Pam.
1765 3871 1938 3927 Fran.
1986 3870 2167 3924 Paris.
2194 3867 2268 3938 783
2315 3865 2569 3938 Spiritum
2614 3869 2770 3928 abest
2812 3868 2972 3925 Pam.
3024 3885 3061 3924 a
3109 3865 3299 3938 Paris.
3363 3868 3537 3938 Fran.

228 3947 281 3985 89
325 3945 490 4001 Passa
543 3947 719 4004 Rhen.
772 3946 943 4002 Seml.
994 3944 1046 3984 9°
1091 3943 1231 3999 Suos
1295 3941 1448 3996 sinus
1494 3942 1653 3998 Pam.
1702 3940 1886 3998 Paris.
1937 3943 2109 4002 Fran.
2157 3937 2205 3977 91
2253 3936 2613 3996 Praésentetur
2669 3939 2846 3997 Rhen.
2909 3938 3080 3996 Seml.
3128 3939 3180 3977 92
3225 3936 3334 3995 Illis
3387 3937 3540 3996 abest

231 4019 407 4076 Seml.
460 4016 680 4075 Oberth.
712 4014 762 4058 93
791 4016 1057 4085 Necdum,
1077 4016 1256 4072 Paris.
1291 4015 1465 4071 Fran.

1640 4135 2139 4201 Commentarius.

228 4275 458 4351 brorum
493 4274 714 4331 comites
744 4273 1060 4351 hominibus
1105 4271 1317 4351 futuros
1361 4270 1629 4351 afﬁrmant
1673 4285 1812 4351 non:

227 4347 405 4416 nulli,
451 4355 512 4401 ut
557 4362 649 4402 ore
693 4346 758 4400 ad
807 4345 1133 4401 laudandum
1178 4345 1384 4416 Deum,
1425 4341 1816 4416 utiAsuperiori

229 4414 407 4488 capite
437 4417 635 4487 notavi,
675 4425 729 4474 et
775 4417 1003 4486 pedibus
1047 4418 1114 4470 ad
1161 4415 1450 4472 nectendas
1475 4414 1734 4488 choreas,
1764 4419 1816 4467 et

229 4484 565 4561 castissimae
610 4484 1065 4561 gravissimasque
1111 4488 1417 4561 saltationes
1471 4486 1529 4540 in
1573 4484 1814 4561 exsulta-

231 4559 397 4616 tionis
425 4557 641 4630 signurﬁ
669 4559 935 4616 affirmant
962 4557 1129 4630 Sales,
1160 4569 1298 4616 tom.
1325 4559 1367 4624 Ι,
1399 4557 1455 4613 in
1486 4561 1535 4625 l,
1570 4559 1626 4619 2,
1656 4573 1727 4630 q.
1762 4557 1819 4622 ὃ,

224 4634 426 4758 suis,
457 4629 598 4703 disp.
639 4633 691 4697 4,
725 4640 778 4688 et
803 4631 1071 4704 zEgidius,
1121 4631 1215 4685 lib.
1245 4646 1324 4696 tv,
1358 4646 1413 4701 q.
1446 4632 1533 4696 22,
1567 4637 1668 4682 art.
1703 4629 1738 4681 4
1765 4634 1819 4682 et

263 4743 275 4756 .
359 4718 450 4758 ac.

263 4743 275 4756 .
309 4718 450 4758 LAC.

297 4774 419 4847 (6‘5)
435 4776 699 4847 Resurget
727 4775 907 4847 igitur
925 4789 1074 4833 caro.
1098 4774 1201 4847 Per
1229 4769 1690 4847 anacephalmosin
1712 4767 1821 4822 dis-

225 4844 564 4915 putationem
607 4844 906 4911 concludit,
951 4844 1292 4916 ἀναντίῤῥητον
1335 4844 1551 4915 linquit,
1604 4854 1821 4897 carnem

227 4917 521 4988 aliquando
548 4927 997 4988 resurrecturam,
1031 4928 1138 4973 tam
1167 4917 1490 4988 beatorum,
1523 4929 1683 4986 quam
1732 4926 1820 4964 re-

229 4983 567 5062 proborumt
596 5004 922 5062 carnemque
971 4983 1236 5058 eamdem,
1286 5003 1394 5042 non
1425 4983 1585 5040 aliam
1633 4998 1820 5038 resur-

231 5071 516 5115 recturam.
548 5061 627 5115 LE
657 5061 752 5115 Pu.

300 5132 416 5206 (66)
449 5133 799 5204 Sequestrem
829 5131 928 5188 Dei
957 5135 1012 5187 et
1041 5129 1362 5206 hominum.
1389 5126 1826 5206 Mediatoremet

231 5199 448 5275 μεσίτήν,
474 5199 597 5258 nam
633 5210 914 5276 sequester
940 5202 1154 5260 medius
1193 5199 1516 5257 constitutus
1556 5204 1640 5253 est
1683 5199 1826 5250 inter

1926 4274 2164 4322 actorem
2216 4273 2272 4320 et
2333 4265 2723 4336 adversarium,
2791 4271 2854 4321 ut
2912 4265 3057 4322 litem
3115 4271 3402 4334 componat
3476 4277 3538 4322 ac

1929 4338 2213 4409 transigat.
2247 4339 2308 4410 L.
2338 4337 2404 4394 ab
2436 4341 2675 4410 execut.
2707 4335 2949 4410 quorum
2978 4335 3299 4410 appellsLs
3329 4336 3429 4410 Ps.

1993 4407 2125 4481 (67f
2171 4409 2331 4478 Quid,
2385 4410 2604 4481 anima,
2631 4407 3129 4481 insidere-arui?
3187 4407 3536 4481 Marcionitas

1921 4477 2192 4554 praecipue
2249 4486 2303 4536 et
2340 4552 2348 4554 _
2379 4477 2780 4554 Yalentinianos
2843 4479 3166 4554 alloquitur_
3199 4478 3381 4546 istinc,
3441 4479 3535 4550 qui

1922 4497 2192 4554 praeolpue
2249 4497 2303 4536 θῐ
2388 4497 2780 4538 ναιθυιιηιειιιοδ
2843 4497 3131 4604 ΒΙΙΟΕΕΙΠΠΓ
3199 4497 3381 4546 ιδιωο,
3441 4497 3535 4550 qui

1922 4563 2030 4633 tam
2061 4552 2204 4607 male
2230 4551 2558 4633 cogitabant,
2597 4558 2650 4606 et
2676 4549 2965 4633 pronuntia
3004 4559 3096 4633 aut
3136 4547 3201 4605 de
3247 4565 3435 4633 carne,
3475 4566 3537 4606 ac

1924 4624 1968 4678 si
1997 4639 2184 4680 eorum
2236 4619 2412 4678 anima
2461 4619 2628 4676 livere
2674 4619 2726 4676 et
2780 4621 2982 4676 invidia
3021 4621 3158 4676 alius
3209 4619 3531 4677 afﬁceretur.

1923 4696 2054 4750 Inde
2082 4695 2246 4750 etiam
2275 4694 2451 4749 addit:
2483 4694 2587 4750 Sed
2614 4693 2767 4749 nihil
2791 4693 3009 4748 mirum
3046 4695 3097 4748 si
3134 4692 3323 4755 odisti,
3369 4694 3534 4762 cujus

1925 4771 2210 4845 auctorem
2237 4782 2474 4845 quoque
2515 4765 2807 4845 respuisti.
2831 4763 2982 4845 Quia
3021 4764 3197 4845 Qeum
3234 4771 3531 4818 crustarum

1927 4838 2209 4908 respuebat
2235 4835 2497 4902 Marcion,
2526 4844 2583 4892 et
2604 4835 2736 4892 cdio
2767 4835 3010 4891 habebat.
3041 4835 3176 4890 Lac.

1999 4905 2109 4980 ('68)
2136 4909 2864 4990 cujus-auctoremqugque
2886 4908 3174 4990 respuisti.
3197 4905 3371 4990 Deum
3390 4917 3533 4990 crea-

1930 4973 2103 5034 torem
2133 4973 2811 5052 rejiciehantharcionitae
2851 4985 2906 5034 et
2934 4973 3031 5052 alii
3063 4989 3167 5052 tam
3200 4973 3527 5052 graviodio,

1928 5060 1986 5105 ut
2035 5066 2064 5104 a
2109 5046 2244 5105 cibis
2299 5051 2566 5105 interdum
2619 5051 2953 5106 abstinerent
3017 5050 3074 5105 in
3120 5046 3528 5106 detéstationem

1931 5137 2112 5177 rerum
2149 5122 2442 5177 Creatoris.
2476 5121 2607 5176 LAC.

1554 5417 2184 5451 —--—-.OOO.----—
