4028 6188
485 302 588 360 935

1194 286 1636 350 TERTULLIANI
1676 284 1944 345 OPERUM
1975 283 2145 342 PARS
2183 278 2252 339 ll.
2292 312 2362 320 —
2400 274 2629 335 SERIES
2666 273 2734 343 ll,
2769 269 3057 329 MORALIA

3669 257 3777 319 936

496 402 3775 452 β

1415 695 1762 796 QUINTI
1836 690 2270 771 SEPTIMII
2334 680 2887 766 FLOREN'I‘IS

1546 885 2726 1035 TEBTULLIANI

840 1170 1413 1289 OPERUM
1500 1163 2053 1284 OMNIUM
2139 1154 2641 1272 PARTIS
2758 1147 3444 1267 SECUNDJE

1579 1395 1945 1489 SEBIES
2022 1388 2649 1483 POSTERIOR
2668 1454 2690 1476 .

1591 1746 1972 1847 LIBRI
2035 1740 2703 1844 MORALES

986 1927 1176 1989 POST
1230 1919 1686 1986 SUSCEPTUM
1740 1916 1844 1978 ΑΒ
1898 1910 2263 1976 AUCTORE
2329 1903 2903 1971 MONTANISMUM
2965 1900 3296 1966 SCRIPTI.

1191 2316 1372 2426 DE
1493 2296 2303 2422 VIRGINIBUS
2422 2288 3110 2410 VELANDIS

1962 2503 2291 2594 LIBER
2312 2566 2335 2589 .

1066 2904 1505 2955 Ριιοαςιιωι.

577 3014 738 3071 887
781 3012 974 3068 Nullus
1036 3011 1147 3067 fere
1201 3019 1284 3067 est
1348 3012 1485 3065 inter
1539 3022 1726 3063 omnes
1788 3001 2099 3060 Tertulliani

506 3100 909 3159 Montanisticos
946 3100 1102 3167 liber,
1140 3099 1195 3154 in
1232 3114 1339 3170 quo
1398 3099 1657 3168 majorem
1697 3095 1803 3151 vim
1850 3092 2100 3149 adhibeat

486 3184 573 3246 'ad
601 3190 999 3248 defendendam
1027 3189 1365 3260 disciplinam
1412 3186 1857 3242 Montanistarum
1883 3200 1914 3237 a
1941 3182 2099 3253 culpa

506 3268 781 3346 novitatis,
826 3295 983 3350 quam
1037 3286 1291 3334 tractatus
1335 3278 1401 3335 de
1459 3275 1717 3333 Velandis
1755 3272 2097 3345 virginibus;

506 3369 633 3425 hinc
663 3369 801 3426 inter
828 3367 1120 3439 primordia
1157 3366 1412 3437 temporis
1439 3365 1510 3419 ab
1537 3364 1655 3434 ipso
1706 3362 1851 3433 apud
1892 3362 2099 3416 Monta-

506 3459 674 3515 nistas
703 3460 806 3515 acti
837 3466 1111 3514 exaratum
1133 3454 1300 3513 fuisse
1338 3454 1530 3510 merito
1557 3453 1816 3511 creditur.
1850 3450 2098 3506 Arbitra-

509 3556 595 3603 tur
623 3548 845 3619 quidem
874 3548 1161 3618 perdoctus
1180 3544 1462 3617 Remigius
1491 3543 1770 3598 Ceillierus
1810 3541 2006 3597 librum
2035 3540 2103 3597 de

520 3638 772 3693 Velandis
796 3636 1103 3707 virginibus
1132 3634 1373 3691 omnium
1413 3632 1769 3689 novissimum
1804 3645 1948 3695 esse,
1979 3627 2105 3697 quia

510 3724 563 3777 in
583 3725 731 3777 nullo
760 3723 863 3778 alio
889 3738 1074 3793 opere,
1117 3738 1183 3776 ne
1220 3721 1438 3793 quidem
1486 3719 1543 3774 in
1591 3720 1730 3775 libro
1768 3720 1833 3775 de
1869 3720 2102 3789 Corona,

508 3810 600 3866 ubi
630 3826 749 3881 cap.
789 3812 857 3864 14
883 3810 1003 3881 ipsa
1041 3810 1262 3865 materia
1292 3809 1367 3863 ibi
1405 3814 1727 3879 pertractata
1763 3808 1817 3863 id
1860 3805 2104 3880 exegisse

509 3898 741 3964 videtur,
772 3898 921 3952 illum
954 3899 1082 3952 citat
1130 3895 1508 3951 Tertullianus.
1561 3895 1761 3950 Verum
1809 3896 1928 3949 haec
1964 3909 2102 3950 con-

506 3988 712 4055 jectura
732 3985 865 4038 nihil
897 3984 1110 4054 prohat,
1140 3999 1206 4038 eo
1252 3986 1397 4054 quod
1437 3983 1573 4039 liber
1618 3983 1684 4039 de
1735 3984 1949 4041 Corona
1977 3990 2104 4038 ante

510 4075 657 4129 hunc
686 4075 751 4131 de
791 4071 1046 4129 Velandis
1070 4073 1381 4145 virginibus
1427 4080 1672 4128 exaratus
1708 4072 1836 4144 fuit;
1881 4071 1935 4125 in
1984 4071 2104 4126 aliis

508 4170 689 4218 autem
720 4161 977 4232 oneribus
1007 4163 1148 4217 hunc
1190 4160 1455 4234 allegandi
1501 4161 1809 4233 quampiam
1860 4161 2104 4218 occasio-

509 4267 629 4307 nem
661 4252 912 4306 habuisse
938 4250 1329 4306 Tertullianum
1378 4251 1521 4305 haud
1564 4250 1961 4322 perspicimus;
2013 4249 2106 4305 sed

511 4348 628 4395 utut
656 4339 772 4395 haec
809 4339 935 4405 sint,
978 4339 1200 4395 evidens
1244 4340 1432 4393 saltem
1479 4347 1578 4404 est,
1631 4341 1736 4395 hoc
1784 4340 2105 4410 opusculum

510 4429 565 4483 in
621 4430 908 4485 schismate
971 4427 1231 4499 scriptum
1271 4428 1473 4498 fuisse;
1533 4429 1801 4500 siquidem
1865 4428 2105 4485 Montani

510 4518 731 4589 genium
762 4516 923 4571 nimis
971 4525 1156 4587 aperte
1185 4516 1354 4589 sapit;
1385 4532 1510 4572 mox
1554 4518 1697 4572 enim
1738 4533 1855 4589 cap.
1891 4522 1944 4585 1,
1992 4518 2097 4573 ait:

516 4623 542 4656 σ
592 4605 805 4661 Justitia
854 4605 1026 4675 primo
1075 4605 1174 4660 fuit
1218 4605 1269 4660 in
1338 4604 1682 4669 rudimentis;
1751 4604 1945 4661 dehinc
2010 4620 2109 4676 per

512 4695 688 4769 legem
734 4705 789 4751 et
824 4695 1118 4766 prephetas
1153 4692 1420 4764 promovit
1459 4692 1512 4747 in
1559 4692 1860 4749 infantiam:
1912 4694 2111 4752 dehinc

512 4799 609 4854 per
637 4784 989 4857 Evangeliam
1017 4784 1278 4840 efferbuit
1321 4785 1376 4839 in
1422 4785 1792 4854 juventutem:
1841 4799 1985 4841 nunc
2011 4800 2111 4857 per

515 4874 843 4929 Paracletum
892 4872 1231 4943 componitur
1276 4875 1329 4926 in
1370 4872 1751 4931 maturitatem.
1804 4893 1828 4923 υ
1860 4872 2110 4930 Occasio-

511 4978 633 5017 nem
664 4964 805 5017 hunc
833 4960 1088 5017 exarandi
1118 4960 1365 5016 libellum
1413 4961 1740 5017 Tertulliano
1784 4961 1931 5018 dedit
1976 4978 2109 5019 con-

515 5050 744 5105 suetudo
800 5050 1165 5105 Ecclesiarum
1213 5050 1564 5123 quarumdam
1620 5058 1733 5105 tum
1780 5050 2108 5119 Occidentis,

2128 2871 2174 2947 A

2206 2847 2320 2892 tum
2352 2836 2579 2908 plurium
2608 2835 2832 2889 aliarum
2849 2833 3073 2890 Graeciae
3102 2847 3201 2888 seu
3229 2830 3467 2887 Orientis
3482 2830 3725 2904 virgines
3743 2830 3797 2884 in

2205 2926 2447 2983 Ecclesia
2490 2925 2725 2990 velandi,
2762 2939 2886 2978 cum
2927 2919 3087 2978 888
3128 2938 3159 2977 e
3204 2930 3389 2976 contra
3436 2920 3493 2974 in
3540 2918 3795 2974 Africana

2204 3014 2444 3070 Ecclesia
2482 3012 2757 3084 pleraeque
2787 3011 3029 3082 virgines
3057 3009 3375 3065 Christiana
3405 3016 3596 3078 aperto
3615 3007 3793 3078 capite

2204 3103 2532 3159 incederent.
2565 3100 2747 3169 Quare
2788 3101 2845 3155 in
2890 3102 2995 3155 hoc
3036 3100 3177 3153 libro
3219 3106 3407 3154 contra
3452 3097 3646 3167 patriae
3691 3112 3796 3150 suae

2206 3193 2505 3259 morem,in
2535 3208 2640 3262 qua
2668 3191 2799 3246 solae
2830 3196 3009 3258 nuptae
3037 3188 3370 3253 velabantur,
3397 3185 3661 3251 ostendit,
3682 3200 3797 3240 eum

2206 3289 2399 3337 contra
2426 3278 2702 3336 veritatem
2744 3277 3098 3349 praescribere
3138 3289 3245 3331 non
3275 3289 3459 3346 posse,
3491 3273 3643 3343 quod
3677 3273 3798 3343 qui-

2207 3369 2329 3423 dem
2354 3370 2511 3437 juxta
2539 3367 2936 3422 adnotationem
2966 3364 3044 3419 Cl.
3080 3361 3302 3433 Dupinii
3344 3378 3529 3417 verum
3560 3370 3646 3416 est
3685 3376 3798 3416 cum

2208 3458 2386 3529 agitur
2421 3458 2489 3513 de
2519 3457 2793 3529 degmate,
2815 3471 2920 3511 non
2943 3468 3074 3509 vero
3093 3469 3215 3509 cum
3239 3450 3306 3506 de
3336 3450 3628 3521 disciplina
3656 3448 3801 3520 parvi

2211 3544 2495 3600 momenti.
2523 3546 2706 3601 Laur.

2283 3636 2705 3691 Anconsmnu.
2740 3661 2800 3672 —
2846 3630 3235 3695 Tcrtullianus,
3285 3629 3357 3684 ob
3395 3626 3710 3697 quamdam,
3749 3636 3801 3682 ut

2210 3724 2444 3790 videtur,
2490 3738 2617 3777 cum
2663 3720 2871 3777 Graecis
2914 3718 3341 3790 disputationem
3389 3715 3458 3771 de
3501 3715 3801 3787 virginibus

2210 3811 2470 3877 velandis,
2508 3810 2773 3867 conviciis
2822 3816 3101 3879 exceptus,
3135 3815 3188 3861 et
3234 3820 3330 3876 pro
3378 3804 3627 3860 haeretico
3668 3820 3797 3859 exa-

2210 3902 2430 3974 gitatus,
2476 3900 2532 3954 in
2580 3915 2711 3956 suos
2758 3900 3127 3962 insectatores,
3158 3893 3608 3951 consuetudinem
3640 3893 3801 3963 jacti-

2210 3996 2402 4057 tantes,
2434 3989 2501 4043 ab
2540 3988 2696 4044 initio
2727 3985 3013 4055 invehitur,
3035 3983 3406 4055 declamatque
3434 3982 3653 4038 veritati
3677 3998 3801 4037 con-

2212 4079 2554 4134 suetudinem
2586 4077 2935 4149 praascribere
2964 4090 3069 4129 non
3099 4087 3282 4146 posse.

2284 4167 2419 4221 Hinc
2440 4165 2631 4221 asserit
2659 4163 3107 4221 consuetudinem
3136 4162 3380 4233 virgines
3427 4159 3645 4215 velandi
3690 4176 3806 4217 esse

2212 4256 2509 4321 meliorem,
2549 4270 2650 4308 nec
2679 4254 2731 4308 in
2772 4252 3047 4321 Scriptura
3086 4266 3235 4306 sacra
3284 4251 3660 4321 reprobatam,
3702 4250 3808 4302 imo

2214 4344 2281 4398 ab
2353 4343 2616 4414 Apostolo
2677 4339 3143 4404 commendatam,
3193 4337 3478 4408 disciplina
3546 4338 3808 4393 Ecclesiae

2215 4433 2606 4500 confirmatam,
2648 4430 2826 4486 multis
2854 4436 3163 4484 sanctorum
3196 4426 3462 4496 exemplis
3500 4426 3807 4491 suffultam,

2217 4521 2437 4593 ipsimet
2466 4521 2735 4593 virginum
2784 4520 2926 4573 haud
2974 4518 3275 4573 velatarum
3314 4514 3573 4586 periculis
3623 4514 3808 4571 sanci-

2216 4619 2342 4665 tam.
2384 4611 2527 4666 Enn.

2727 4853 2955 4910 CAPUT
2986 4852 3277 4909 PRIMUM.

2290 4962 2572 5035 Pr0prium
2587 4962 2701 5031 jam
2721 4960 3003 5032 negotium
3034 4975 3223 5032 passus
3252 4974 3384 5013 meae
3412 4956 3693 5027 opinionis
3715 4961 3788 5023 (ll

2218 5052 2406 5107 Latine
2444 5066 2662 5123 quoque
2708 5049 2987 5105 ostendam
3028 5049 3129 5120 (2),
3180 5046 3419 5119 virgines
3455 5054 3677 5102 nostras
3723 5059 3812 5101 ve-

1915 5202 2410 5267 Commentarius.

592 5336 668 5404 (1)
686 5337 1059 5407 Propriumja
1071 5354 1123 5389 ιη
1135 5338 1427 5409 negotium
1438 5353 1643 5409 passus
1660 5354 1798 5392 mea:
1812 5338 2113 5409 Opinionis.

516 5409 893 5487 Disputatione
919 5410 1147 5479 quadam
1176 5408 1430 5487 adversus
1455 5408 1699 5473 Graecos,
1746 5408 1867 5487 cum
1898 5419 1985 5487 et“
2000 5409 2104 5463 vir-

2227 5339 2395 5393 fuisse
2420 5337 2645 5392 videtur.
2680 5336 2801 5392 RIG.

2284 5410 2359 5479 (2)
2388 5412 2585 5465 Latine
2614 5422 2825 5480 quoque
2851 5406 3527 5480 ostendam.Consentinnt
3549 5407 3816 5476 interpre-

515 5481 673 5550 gines
699 5478 864 5537 velari
882 5478 1137 5551 foportere
1176 5478 1351 5536 acrius
1378 5478 1517 5535 forte
1557 5478 1893 5551 asseruisset,
1946 5478 2104 5551 Graa-
2215 5478 2301 5536 tes
2341 5478 2934 5551 Tertullianum’ﬁhujus
2979 5480 3278 5549 argumenti
3335 5478 3563 5534 alterum
3624 5480 3812 5535 Gram

516 5548 709 5605 eorum
737 5548 997 5609 conviciis
1026 5559 1281 5625 exceptus
1311 5566 1374 5606 ac
1402 5566 1502 5623 pro
1532 5548 1786 5605 hasretico
1807 5548 2107 5623 exagitatus
2214 5561 2373 5609 antea
2403 5550 2705 5621 scripsisse.
2742 5550 2819 5605 LE
2854 5550 2947 5605 Pa.
