4030 6184
250 329 360 392 937

247 543 583 602 cerintzhoc
627 542 848 616 exigere
892 542 1194 609 veritatem,
1249 541 1338 598 cui
1382 556 1540 598 nemo
1588 540 1839 612 praescri-

245 636 379 692 bere
405 634 486 707 (4)
531 632 704 690 889
731 641 926 705 potest,
957 649 1065 690 non
1101 632 1331 706 spatium
1371 639 1700 702 temporum,
1729 647 1836 689 non

245 723 541 800 patrocinia
570 739 941 796 personarum,
996 738 1106 779 non
1150 721 1491 794 privilegium
1529 719 1839 792 regionum;

243 829 308 870 ex
357 813 443 868 his
514 812 656 868 enim
722 811 834 868 fere
893 813 1227 868 consuetudo
1274 809 1486 866 initium
1543 811 1612 864 ab
1662 809 1839 882 aliqua

244 900 552 975 ignorantia
621 901 704 958 vel
760 900 1099 972 simplicitate
1155 900 1364 967 sortita,
1421 901 1474 956 in
1529 916 1686 956 usum
1743 913 1840 971 per

242 990 646 1050 successionem
667 992 1072 1064 corroboratur,
1104 997 1157 1046 et
1175 989 1249 1046 ita
1264 989 1522 1046 adversus
1561 990 1839 1046 veritatem

243 1081 566 1138 vindicatur.
629 1079 732 1135 Sed
759 1078 1020 1136 Dominus
1049 1082 1236 1136 noster
1279 1078 1525 1136 Christus
1559 1076 1840 1135 veritatem

243 1187 305 1228 se
344 1171 449 1243 (ὅ),
480 1184 590 1227 non
618 1167 1068 1226 consuetudinem
1097 1165 1513 1243 cognominavit.
1544 1166 1601 1224 Si
1627 1182 1839 1238 semper

243 1261 516 1328 Christus,
552 1266 607 1315 et
642 1258 794 1332 prior
831 1257 1087 1314 omnibus
1120 1276 1134 1312 :
1162 1272 1316 1329 teque
1379 1257 1580 1312 veritas
1636 1255 1837 1328 sempi-

244 1358 400 1406 terna
425 1357 479 1406 et
517 1350 732 1422 antiqua
779 1363 884 1404 res.
917 1346 1164 1402 Viderint
1205 1359 1335 1416 ergo
1381 1343 1578 1420 quibus
1636 1358 1836 1402 novum

241 1447 327 1496 est
354 1439 502 1512 quod
533 1437 633 1495 sibi
678 1445 833 1494 vetus
863 1446 966 1496 est.
1017 1434 1274 1491 Haeresim
1325 1449 1432 1492 non
1463 1441 1569 1490 tam
1627 1431 1839 1489 novitas

243 1544 407 1600 quam
459 1527 658 1585 veritas
704 1525 950 1584 revincit.
998 1523 1370 1594 Quodcunque
1440 1521 1698 1580 adversus
1744 1536 1836 1580 ve-

241 1613 457 1671 ritatem
487 1613 646 1684 sapit,
679 1613 785 1670 hoc
811 1613 911 1672 erit
939 1611 1179 1680 haeresis,
1215 1611 1375 1666 etiam
1403 1619 1556 1667 vetus
1611 1625 1838 1666 consue-

242 1704 400 1761 tudo.
429 1702 693 1760 Caeterum
722 1719 823 1760 suo
849 1701 980 1760 vitio
1023 1699 1148 1774 quis
1201 1700 1331 1772 quid
1388 1700 1619 1774 ignorat.
1685 1698 1840 1768 Quod

246 1802 431 1850 autem
461 1791 758 1867 ignoratur,
791 1790 891 1849 fuit
921 1799 1023 1846 tam
1074 1789 1480 1862 requirendum,
1524 1805 1685 1862 quam
1751 1804 1840 1846 re-

249 1882 558 1954 cipiendum
600 1882 744 1956 quod
793 1879 1125 1954 agnoscitur.
1187 1879 1391 1952 Regula
1455 1879 1670 1950 quidem
1718 1877 1843 1936 fidei

244 1985 361 2026 una
407 1971 624 2027 omnino
666 1977 768 2039 est,
818 1971 935 2027 sola
983 1968 1293 2039 immobilis,
1325 1975 1382 2024 et
1409 1967 1843 2045 irreformabilis,

238 2058 500 2116 credendi
525 2059 728 2116 scilicet
781 2061 837 2116 in
893 2057 1111 2116 unicum
1156 2059 1325 2114 Deum
1398 2056 1843 2131 omnipotentem,

239 2149 429 2206 mundi
458 2148 816 2214 conditorem,
845 2157 899 2203 et
935 2147 1136 2205 Filium
1159 2147 1282 2218 ejus
1326 2145 1506 2202 Jesum
1551 2146 1843 2214 Christum,

238 2245 435 2295 natum
468 2254 533 2295 ex
561 2237 776 2312 virgine
803 2237 996 2305 Maria,
1025 2237 1347 2296 cruciﬁxum
1393 2235 1495 2292 sub
1524 2235 1715 2292 Pontio
1758 2236 1846 2292 Pi-

236 2327 372 2400 lato,
406 2328 561 2386 tertia
617 2327 706 2384 die
762 2327 1144 2386 resuscitatum
1187 2343 1219 2382 a
1275 2325 1521 2399 mortuis,
1569 2333 1846 2396 receptum

236 2423 301 2478 in
330 2418 509 2489 caalis;
532 2419 817 2476 sedentem
863 2434 1006 2475 nunc
1033 2417 1102 2472 ad
1150 2417 1431 2474 dexteram
1472 2414 1666 2484 Patris,
1714 2430 1847 2472 ven-

237 2516 424 2565 turum
478 2507 726 2580 judicare
754 2509 908 2565 vivos
940 2515 995 2564 et
1022 2513 1263 2564 mortuos
1307 2521 1404 2577 per
1456 2503 1633 2562 carnis
1683 2503 1846 2560 etiam

233 2598 718 2656 resurrectionem.
768 2599 878 2655 Hac
937 2598 1064 2671 lege
1120 2595 1244 2654 fidei
1306 2601 1592 2662 manente,
1647 2601 1846 2652 caetera

221 2690 350 2761 jam
381 2688 676 2760 disciplinae
731 2696 785 2745 et
814 2685 1244 2746 conversationis
1273 2685 1354 2758 (6)
1400 2684 1688 2741 admittunt
1733 2699 1844 2742 no-

231 2777 462 2837 vitatem
505 2776 880 2846 correctionis,
912 2783 1176 2849 Operante
1207 2775 1406 2831 scilicet
1449 2782 1505 2830 et
1534 2773 1848 2846 proﬁciente

233 2884 418 2940 usque
454 2868 509 2923 in
550 2865 709 2925 ﬁnem
749 2867 922 2941 gratia
962 2865 1081 2922 Dei.
1119 2864 1292 2936 Quale
1321 2872 1405 2922 est
1433 2864 1576 2922 enim
1617 2872 1678 2922 ut
1733 2864 1848 2920 dia-

229 2957 380 3014 bolo
444 2973 660 3031 semper
716 2962 972 3030 operante
1039 2962 1092 3012 et
1149 2952 1436 3024 adjiciente
1488 2951 1734 3026 quotidie
1778 2954 1845 3008 ad

1328 325 1524 390 LIBER
1559 326 1646 386 DE
1703 325 2076 391 VlRGlNIBUS
2127 327 2470 391 VBLANDIS.

251 454 348 512 lari
376 459 652 527 oportere,
682 469 748 512 ex
777 469 886 527 quo
932 453 1221 510 transitum
1269 451 1442 508 muttis
1473 450 1553 523 (3)
1595 466 1710 508 sum
1762 451 1839 507 fc-
1869 466 1917 546 Α

3425 337 3533 399 938

1947 453 2358 528 Adhuc,inquit,
2383 454 2571 513 multa
2591 454 2759 513 habeo
2783 457 2933 530 loqui
2948 462 3119 527 vobis,
3144 462 3241 519 sed
3273 465 3532 521 nondum

1946 545 2179 615 potestis
2198 560 2264 600 ea
2283 545 2568 616 bajularef:
2581 561 2713 603 cum
2733 549 2947 605 venerit
2957 549 3054 604 ille
3071 550 3318 622 Spiritus
3330 555 3536 610 verita-

1951 633 2285 698 tis,deducet
2301 652 2391 694 vos
2411 637 2474 691 in
2490 651 2715 694 omnem
2733 639 2850 695 veri
2858 641 3117 705 tatem,et
3128 646 3531 712 supervenien-

1950 723 2032 778 tia
2060 725 2422 782 renuntiabit
2450 725 2597 784 vobis
2629 727 2810 796 (Joan.
2850 743 2960 793 xvr,
2994 728 3104 799 i2).
3135 729 3239 784 Sed
3270 738 3324 784 et
3360 730 3534 789 890

1948 829 2110 882 supra
2146 813 2213 869 de
2240 814 2343 870 hoc
2367 814 2486 884 ejus
2515 829 2680 886 Opere
2710 817 3102 887 pronuntiavit.
3133 818 3269 887 Quae
3291 829 3527 897 estergo

1947 901 2208 958 Paracleti
2263 902 2651 960 administratio
2707 905 2810 962 nisi
2857 906 3008 971 haec,
3055 908 3202 979 quod
3248 908 3536 982 disciplina

1947 989 2207 1062 dirigitur,
2253 992 2401 1062 quod
2449 992 2746 1064 Scriptura;
2787 994 3125 1063 revelantur,
3175 999 3322 1068 quod
3371 998 3536 1054 intel-

1947 1077 2117 1135 lectus
2175 1079 2525 1149 reformatur,
2581 1082 2723 1154 quod
2777 1084 2840 1138 ad
2911 1084 3134 1142 meliora
3189 1086 3473 1159 proﬁcitur
3502 1087 3532 1144 Ὗ

1947 1166 2092 1222 Nihil
2129 1168 2247 1225 sine
2273 1176 2446 1238 aetate,
2477 1177 2532 1226 et
2571 1171 2751 1228 omnia
2781 1179 2992 1245 tempus
3019 1182 3324 1246 expectant.
3353 1175 3536 1249 [Deni-

1948 1271 2055 1327 que
2084 1255 2474 1315 Ecclesiastes:
2517 1261 2770 1333 Tempus,
2810 1261 3004 1334 inquit,
3034 1266 3191 1321 omni
3217 1267 3303 1322 rei
3329 1266 3534 1337 (Eccle.

1946 1359 2030 1413 ιιι,
2063 1346 2171 1417 17).
2191 1346 2390 1420 Aspice
2409 1347 2584 1419 ipsam
2609 1357 2909 1406 creaturam
2931 1352 3195 1424 paulatim
3211 1354 3278 1408 ad
3303 1355 3536 1411 fructum

1946 1433 2273 1502 promoveri.
2308 1434 2552 1492 Granum
2587 1444 2671 1492 est
2709 1437 2904 1508 primo,
2935 1446 2991 1495 et
3026 1441 3094 1498 de
3141 1457 3312 1516 grano
3360 1442 3536 1500 frutex

1945 1521 2140 1592 oritur,
2193 1529 2248 1578 et
2302 1523 2369 1579 de
2421 1522 2615 1582 frutice
2672 1528 2957 1583 arbuscula
3011 1530 3229 1585 enititur
3276 1551 3290 1589 :
3339 1531 3539 1588 deinde

1951 1609 2087 1666 rami
2123 1620 2176 1664 et
2223 1611 2438 1668 frondes
2477 1613 2834 1684 invalescunt,
2872 1627 2927 1674 et
2966 1624 3137 1673 totum
3183 1620 3394 1676 arboris
3436 1636 3538 1678 no-

1951 1713 2075 1754 men
2097 1699 2444 1769 eXpanditur,
2487 1700 2610 1756 inde
2652 1704 2912 1774 germinis
2945 1713 3124 1762 tumor
3147 1708 3225 1780 (7)
3255 1719 3308 1765 et
3340 1710 3442 1767 flos
3470 1710 3539 1768 de

1947 1787 2194 1859 germine
2237 1787 2480 1855 solvitur,
2529 1796 2585 1844 et
2621 1789 2689 1845 de
2734 1791 2871 1848 ﬂore
2910 1791 3118 1850 fructus
3177 1798 3444 1870 aperitur;
3487 1799 3537 1854 is

1952 1892 2166 1950 quoque
2197 1877 2345 1933 rudis
2375 1876 2693 1950 aliquandiu
2721 1887 2775 1936 et
2804 1879 3069 1950 informis,
3112 1885 3374 1954 paulatim
3412 1893 3538 1943 aeta-

1953 1973 2057 2023 tem
2087 1981 2240 2022 suam
2266 1966 2528 2038 dirigens,
2559 1967 2804 2024 eruditur
2832 1968 2886 2023 in
2933 1973 3401 2029 mansuetudinem
3440 1990 3535 2030 sa-

1951 2056 2099 2129 poris
2137 2055 2237 2128 (8).
2269 2055 2359 2112 Sic
2405 2063 2460 2112 et
2498 2056 2712 2128 justitia
2755 2059 2892 2128 (nam
2944 2059 3088 2116 idem
3134 2061 3278 2118 Deus
3318 2063 3538 2134 justitia

1952 2153 2008 2202 et
2033 2149 2312 2217 creaturae)
2344 2145 2517 2217 primo
2547 2146 2646 2204 fuit
2678 2145 2732 2202 in
2764 2149 3104 2218 rudimentis,
3133 2159 3330 2208 natura
3364 2153 3538 2210 Deum

1953 2242 2200 2292 metuens
2231 2251 2246 2289 :
2277 2234 2474 2292 dehinc
2495 2251 2592 2308 per
2620 2237 2825 2310 Legem
2855 2246 2908 2295 et
2949 2239 3247 2312 Prophetas
3275 2242 3560 2313 promovit

1951 2322 2007 2378 in
2040 2323 2370 2382 infantiam:
2417 2323 2616 2382 dehinc
2649 2341 2749 2397 per
2798 2327 3147 2400 Evangelium
3187 2329 3446 2386 efferbuit
3486 2331 3544 2387 in

1950 2414 2292 2484 iuventutem
2323 2431 2339 2469 :
2389 2429 2535 2470 nunc
2572 2431 2668 2486 per
2714 2415 3053 2474 Paracletum
3106 2420 3454 2492 componitur
3490 2421 3546 2478 in

1905 2514 1912 2524 '
1955 2501 2338 2560 maturitatem.
2382 2503 2482 2560 Hic
2527 2503 2630 2560 erit
2675 2504 2824 2561 solus
2853 2521 2888 2561 a
2935 2507 3150 2565 Christo
3190 2509 3451 2582 magister
3494 2517 3549 2568 et

1953 2591 2213 2648 dicendus
2261 2600 2316 2648 et
2355 2593 2648 2651 verendus.
2681 2596 2804 2650 Non
2850 2596 2996 2652 enim
3045 2597 3116 2653 ab
3161 2613 3220 2654 se
3256 2599 3498 2672 loquitur
3523 2601 3548 2641 ²

1953 2683 2046 2739 sed
2075 2698 2198 2754 quae
2227 2682 2546 2739 mandantur
2573 2698 2605 2738 a
2630 2683 2864 2740 Christo.
2897 2687 2996 2743 Hic
3037 2687 3184 2744 solus
3209 2696 3544 2758 antecessor,

1953 2771 2082 2843 quia
2141 2770 2292 2827 solus
2347 2777 2469 2842 post
2517 2771 2814 2829 Christum.
2862 2773 3018 2830 Hunc
3061 2775 3154 2846 qui
3201 2785 3544 2849 receperunt,

1953 2860 2237 2917 veritatem
2283 2859 2666 2916 consuetudini
2705 2869 3059 2934 anteponunt.
3101 2863 3256 2920 Hunc
3303 2865 3394 2936 qui
3443 2882 3546 2923 au-

1953 2947 2168 3004 dierunt
2196 2964 2370 3020 usque
2397 2963 2546 3007 nunc
2573 2965 2681 3008 non
2728 2949 2860 3008 olim
2902 2951 3311 3025 prephetantem
3339 2953 3385 3024 3,
3428 2953 3544 3012 vir-

227 3048 539 3120 iniquitatis
593 3046 827 3120 ingenia,
898 3059 1038 3119 opus
1085 3045 1184 3103 Dei
1250 3052 1341 3102 aut
1399 3043 1704 3110 cessaverit,
1761 3049 1855 3100 aut
1881 3040 1926 3120 ο
1954 3037 2110 3111 gines
2138 3046 2446 3112 contegunt.

228 3137 508 3213 proﬁcere
567 3136 871 3196 destiterit?
926 3152 1053 3195 cum
1093 3139 1412 3208 ‘propterea
1501 3133 1837 3192 Paracletum

229 3229 456 3286 miserit
485 3227 770 3300 Dominus,
819 3235 879 3283 ut
923 3230 1180 3300 quoniam
1219 3227 1452 3282 humana
1498 3223 1842 3280 mediocritas

228 3317 428 3375 omnia
455 3317 625 3374 semel
653 3331 848 3388 capere
895 3329 1003 3370 non
1047 3321 1276 3386 poterat,
1337 3312 1588 3383 paulatim
1634 3310 1837 3384 dirige-

226 3417 409 3472 retur,
457 3413 511 3463 et
558 3405 914 3476 ordinaretur,
955 3411 1010 3461 et
1045 3404 1111 3459 ad
1159 3401 1461 3475 perfectum
1507 3399 1838 3471 perducere-

225 3505 327 3554 tur
357 3494 664 3568 disciplina,
697 3495 766 3551 ab
795 3494 883 3552 illo
910 3491 1112 3551 vicario
1151 3489 1370 3549 Domini
1397 3489 1600 3564 Spiritu
1626 3497 1836 3546 sancto.

2017 3220 2122 3276 Sed
2169 3219 2296 3274 nolo
2345 3218 2554 3274 interim
2592 3219 2736 3275 hunc
2793 3235 2994 3276 morem
3053 3221 3263 3279 veritati
3300 3223 3325 3263 ⁸
3369 3223 3545 3296 depu-

1949 3316 2081 3366 tare.
2157 3306 2506 3362 Consuetudo
2561 3305 2631 3361 sit
2698 3306 2988 3378 tantisper,
3048 3317 3107 3365 ut
3162 3315 3543 3372 consuetudini

1949 3397 2112 3463 etiam
2167 3391 2612 3451 consuetudinem
2653 3408 2946 3465 opponam.
3008 3399 3111 3453 Per
3166 3397 3436 3457 Graeciam
3487 3410 3544 3458 et

1946 3484 2205 3557 quasdam
2236 3481 2510 3539 barbaries
2529 3483 2650 3554 ejus
2677 3481 2778 3554 (9),
2811 3484 2997 3554 plures
3024 3485 3280 3544 Ecclesiae
3307 3489 3546 3564 virgines

1565 3615 1756 3680 Variae
1815 3618 2129 3680 lectiones.

321 3748 340 3788 ι
373 3746 560 3804 Tertio
592 3748 774 3804 Paris.
825 3745 850 3786 ²
887 3745 1161 3818 Loquetur
1189 3743 1366 3802 Rhen.
1398 3743 1768 3818 SemluLeop.
1801 3741 1826 3818 ξ
1855 3743 1951 3818 1ta_
1966 3742 2092 3818 βίῃ.
2112 3757 2197 3818 ea:
2231 3737 2576 3818 auctoritate
2614 3737 2732 3818 cod.
2789 3739 2995 3818 _Wouw.
3045 3745 3102 3818 et
3154 3743 3343 3818 Ursini
3370 3760 3390 3812 ,°
3418 3745 3540 3803 eod.

242 3821 498 3885 Dimon.,
541 3818 716 3875 Rhen.
753 3821 810 3874 et
841 3818 946 3889 alii
972 3809 1000 3874 ἔ
1031 3832 1206 3889 usque
1236 3830 1346 3871 non
1389 3815 1538 3889 olim.
1571 3815 1675 3889 Sed
1699 3809 2068 3889 probabiliter
2104 3813 2221 3889 Big,
2247 3810 2403 3889 _v_erb.
2450 3825 2572 3889 non
2587 3809 2720 3889 olim
2774 3812 3197 3886 interpretandi
3234 3809 3402 3874 causa
3431 3832 3546 3875 esse

243 3881 568 3961 adscripta,
598 3895 662 3948 ut
693 3890 814 3948 sola
835 3888 984 3947 verb.
1011 3881 1185 3960 usque
1215 3903 1360 3943 nunc
1395 3888 1517 3944 sint
1547 3881 1864 3954 retinenda,
1903 3881 2220 3956 eonjecit.‘
2247 3881 2506 3939 Veritatis
2534 3881 2702 3938 Seml.

1631 4010 2128 4074 Commentarius.

311 4150 392 4222 (3)
431 4149 754 4222 Transitum
777 4150 988 4206 (etatis.
1020 4147 1158 4222 Cum
1185 4146 1595 4222 scilicetannos
1619 4143 1848 4222 pueriles

230 4215 766 4292 excesserintsQua
811 4222 882 4276 de
921 4235 978 4276 re
1018 4219 1152 4275 illud
1210 4218 1423 4292 Virgilii
1470 4215 1652 4290 E0109}
1714 4217 1766 4282 4,
1791 4215 1846 4271 in

244 4292 469 4350 laudem
503 4291 775 4348 Pollionis.

417 4362 542 4412 Hinc
573 4361 801 4426 ubiij
826 4361 1032 4412 ﬁrmata
1068 4361 1234 4411 virum
1264 4367 1311 4411 te
1340 4358 1511 4426 fecerit
1539 4363 1680 4426 aetas.

237 4428 380 4485 Cum
434 4427 636 4483 scilicet
665 4417 721 4479 in
756 4425 931 4483 virum
977 4426 1230 4489 evaseris,
1263 4431 1316 4478 et
1355 4418 1541 4493 (πίε-ἒν
1577 4419 1728 4493 ἀκμῇ,
1755 4417 1851 4488 ἤδη

248 4499 319 4560 εἰς
349 4498 527 4571 ἄνδρας
556 4493 1429 4571 ἀγγειλάμενος-εοι-ἰὶιίᾼι-Ξίγιιθεξιιε.
1458 4490 1554 4571 με.
1576 4490 1673 4547 Pu.

330 4569 414 4642 (4)
444 4561 644 4627 'Nem'o'
659 4561 1043 4642 praescribere.
1072 4561 1248 4642 Aliiul'ta
1276 4563 1506 4620 adduxit
1533 4561 1765 4642 Lacerda
1795 4567 1854 4616 ut

239 4631 550 4714 explicaret
592 4631 820 4696 vei-bum
850 4638 1239 4714 prgescribere,
1262 4645 1513 4708 tanquam
1543 4631 1852 4714 significans

241 4707 500 4782 excipere
566 4726 662 4767 seu
710 4707 1072 4782 exceptiones
1110 4707 1408 4782 producere
1446 4722 1510 4762 ex
1557 4723 1662 4782 usu
1687 4707 1850 4782 juris:

239 4774 642 4842 consultorum.
698 4781 798 4839 Hic
861 4774 973 4838 imo
1015 4774 1179 4839 verbo
1224 4779 1453 4852 putarim
1516 4777 1645 4832 nihil
1705 4774 1850 4830 aliud

241 4867 380 4912 esse
411 4869 574 4924 quam
601 4853 732 4908 nihil
763 4854 831 4910 de
859 4854 1083 4910 veritate
1107 4852 1308 4908 detrahi
1330 4865 1490 4922 posse
1518 4861 1850 4923 quacumque

232 4925 476 4990 ratione,
509 4924 638 4980 nihil
669 4925 814 4981 illius
861 4924 1209 4997 splendorem
1255 4925 1515 4994 abrogare
1560 4935 1720 4993 posse
1760 4925 1851 4974 aut

229 4997 603 5054 maiestatem.
632 4999 711 5054 Le
740 4999 837 5053 Pa.

314 5016 325 5052 ι
354 5015 603 5052 estatem.
632 5015 711 5054 LE
740 5015 837 5053 rn.

314 5015 400 5140 (’5)
436 5066 690 5126 Christus
717 5071 1019 5140 veritatem
1041 5081 1120 5140 se.
1143 5065 1412 5140 Christum
1429 5063 1708 5140 veritatem
1698 5077 1850 5140 ﬁsse

242 5132 626 5212 ipse'testatus
657 5150 740 5194 est
796 5139 1022 5212 inﬁnitis
1075 5138 1226 5206 locis,
1279 5151 1398 5212 qua:
1435 5135 1647 5212 omitto.
1698 5132 1852 5189 Unde

244 5205 396 5284 saepe
425 5210 652 5266 miratus
688 5227 807 5284 sum
852 5211 1098 5266 homines
1125 5205 1414 5284 nonnullos
1456 5205 1851 5284 Pharisaeorum

253 5276 452 5338 fastum
484 5298 598 5352 prae
625 5297 685 5338 se
724 5281 980 5350 ferentes,
1010 5296 1076 5338 eo
1128 5278 1423 5352 impietatis,
1454 5276 1750 5352 devenisse,
1793 5283 1852 5352 ut

260 5347 554 5409 mentitum
582 5360 675 5425 aut
703 5354 892 5410 saltem
938 5347 1648 5425 amphibglogicejocutum
1693 5347 1851 5425 Chri-

258 5432 408 5480 stum
438 5424 678 5481 dixerint
705 5427 898 5493 ooties,
932 5439 982 5480 c.
1014 5417 1116 5478 vui
1165 5417 1446 5494 Evangelii
1476 5422 1537 5476 Β.
1605 5417 1850 5494 Joannis.

249 5495 366 5553 Sed
394 5511 516 5553 eam
541 5511 758 5553 morum
785 5504 840 5553 et
886 5489 1217 5566 discipline
1246 5489 1571 5566 Chiistianae
1614 5489 1854 5549 eversio-

251 5582 380 5623 nem
409 5567 628 5636 detlere,
660 5583 771 5626 non
799 5574 884 5625 est
908 5562 1073 5639 hujus
1116 5564 1224 5624 loci
1277 5579 1451 5636 neque
1502 5562 1666 5619 etiam
1720 5570 1856 5618 tem-

252 5638 432 5696 noris.
463 5638 544 5696 Li:
570 5640 668 5696 PI.

252 5653 432 5710 poris.
463 5652 544 5696 La
570 5652 668 5696 ιιι.

547 5745 792 5806 Panos.
842 5746 909 5806 Il.

2029 4141 2109 4222 (6)
2132 4143 2461 4222 Disciplina
2499 4146 2578 4222 et_
2601 4149 3062 4222 conversationis.
3095 4148 3290 4222 severa
3331 4164 3545 4222 semper

1955 4212 2237 4290 d_i_scip_lina
2281 4212 2705 4290 conversationis
2749 4215 3354 4290 nomineLintelligitur.
3380 4212 3542 4290 Apud

1954 4283 2576 4360 Theodoretumdqut;
2601 4284 2813 4360 dicitur,
2847 4287 2906 4342 S.
2948 4283 3324 4360 Hieronymus,
3357 4283 3448 4347 lib;
3481 4307 3501 4346 ι
3524 4331 3540 4358 ,

1955 4356 2218 4412 adversus
2257 4355 2656 4410 Iovinianum:
2691 4356 2996 4414 Armamur
3031 4355 3222 4417 eadem
3251 4355 3544 4419 conversa;

1965 4428 2116 4484 tione
2136 4442 2248 4498 qua
2272 4425 2551 4498 Christus.
2604 4426 2680 4480 LE
2710 4425 2806 4479 Pn.

2035 4497 2116 4574 (7)
2145 4495 2280 4574 Inde
2308 4495 2579 4569 germinis
2613 4500 2823 4553 tumor.
2854 4498 3056 4554 Tumor
3102 4507 3371 4574 cstgomne
3397 4504 3544 4574 quod

1963 4569 2302 4696 concipitur
2350 4581 2576 4640 germen
2606 4577 2788 4623 autem
2845 4575 2897 4624 ct
2946 4585 3162 4640 gemma
3191 4572 3329 4628 idem
3361 4569 3462 4630 hoc
3490 4576 3545 4630 in

1965 4658 2114 4696 casu.
2190 4657 2224 4695 ιι
2299 4657 2353 4695 ιι.

1965 4658 2114 4700 C3811.
2145 4657 2224 4696 LE
2257 4657 2353 4695 ΥΒ.

2034 4711 2115 4783 (8)
2138 4712 2420 4784 Eruditur
2435 4710 3006 4784 inmansuetudinem
3032 4714 3383 4784 saporis.rEst
3404 4717 3547 4771 enim

1963 4781 2112 4842 velut
2169 4781 2448 4855 sylvestris
2495 4781 2679 4836 feritas
2725 4781 2870 4837 succi
2920 4789 2974 4836 r-t
3018 4781 3228 4853 saporis
3274 4783 3327 4838 in
3376 4785 3550 4843 fructu

1966 4857 2142 4912 adhuc
2185 4852 2306 4908 rudi
2335 4859 2388 4907 et
2433 4853 2720 4908 immaturo
2754 4871 2767 4908 :
2800 4870 2891 4909 sec
2917 4852 3158 4910 eruditur
3203 4855 3256 4908 in
3295 4871 3549 4914 mansue-

1955 4928 2234 5055 It{udinem,
2294 4939 2419 4980 cum
2473 4923 2732 4996 paulatim
2779 4924 3028 4998 coquitur
3075 4926 3132 4981 in
3168 4925 3546 4986 maturitatem.

2004 5015 2080 5055 ια.

2004 5015 2080 5057 IG.

2029 5069 2108 5148 (ti)
2137 5071 2246 5148 Per
2279 5067 2635 5148 Graecia-neget
2663 5067 3250 5148 quasdambarbarias
3279 5073 3552 5146 ejus.Bar-

1959 5142 2142 5197 barias
2170 5139 2413 5214 Graeciae,
2440 5139 2575 5214 dicit
2591 5139 2758 5214 _extra_
2783 5139 3052 5214 Graeciam
3084 5139 3335 5214 regiones
3379 5162 3548 5214 quas-

1959 5215 2104 5279 dam,
2138 5213 2230 5268 sed
2261 5211 2538 5282 appositas
2581 5209 2834 5282 Graeciaa,
2864 5209 3181 5281 quibuscum
3213 5214 3366 5274 fuere
3394 5209 3549 5275 Grae-

1960 5301 2146 5342 corum
2188 5280 2402 5356 negotia
2429 5280 2723 5356 seu_bella._
2743 5280 2981 5356 Horat.__:

2210 5351 2400 5405 Gr'aacia
2434 5352 2679 5402 barbariae
2709 5351 2845 5402 lento
2875 5354 3052 5405 collisa
3083 5354 3270 5407 duello.

1959 5449 2026 5463 —
2044 5421 2151 5474 Per
2175 5417 2450 5490 Graeciam
2478 5421 2533 5472 et
2553 5417 2828 5490 quasdam
2856 5417 3143 5490 barbaries
3159 5421 3300 5490 ejus.
3327 5419 3553 5479 Grmciae

1959 5491 2121 5547 urbes
2150 5489 2414 5564 quasdam
2450 5487 2830 5564 aut;regiones
2857 5487 3121 5564 intelligi
3158 5487 3329 5560 puto;
3370 5509 3556 5564 quam.

1960 5578 2122 5634 quam
2169 5558 2260 5634 alii
2289 5561 2496 5634 vicinas
2531 5558 2777 5634 Graecus
2790 5558 2974 5628 urbes,
3007 5558 3353 5632 ﬁntimasqu’e
3374 5558 3553 5624 natio-

1961 5631 2058 5690 nes
2081 5632 2262 5690 notari
2287 5632 2609 5688 existimant.
2639 5631 2718 5686 L3
2746 5631 2845 5685 Pa.

3276 5741 3346 5798 30
