4028 6188
612 295 718 356 939

611 435 740 477 suas
770 412 1124 471 abscondunt.
1159 410 1254 466 Est
1298 418 1351 499 et
1402 411 1523 499 sub
1548 410 1662 499 hoc
1699 407 1838 464 coelo
1888 406 2189 499 institutum
2226 420 2271 499 Α

611 507 755 562 istud
814 501 1050 567 alicubi,
1102 514 1171 555 ne
1228 498 1319 569 qui
1383 496 1667 570 gentilitati
1720 494 2047 551 Graecanica:
2104 501 2194 547 aut

609 594 915 651 Barbariem
960 588 1404 647 consuetudinem
1452 587 1602 641 illam
1650 585 1905 653 ascribat,
1950 582 2059 638 Sed
2108 596 2199 637 eas

609 702 711 760 ego
759 681 1029 738 Ecclesias
1077 677 1350 749 proposui,
1401 692 1538 747 quas
1586 684 1639 733 et
1686 673 1789 746 ipsi
1838 671 2069 743 apostoli
2116 670 2201 727 vel

610 771 904 845 Apostolici
940 770 1040 827 viri
1073 767 1186 839 (10)
1216 766 1595 832 condiderunt,
1633 770 1687 819 et
1714 770 1846 833 puto
1875 769 1999 818 ante
2024 774 2200 833 quos-

609 866 734 919 dam
764 862 894 933 (11).
940 859 1153 913 Habent
1196 856 1364 928 igitur
1392 863 1444 910 et
1494 854 1600 909 illae
1626 852 1869 908 eamdem
1916 857 2204 908 consuetu-

608 952 751 1007 dinis
790 946 1180 1011 auctoritatem,
1230 954 1472 1014 tempora
1527 939 1683 996 891
1735 950 1788 995 et
1832 946 2202 995 antecessores

609 1044 887 1111 Opponuut
924 1034 1099 1107 magis
1144 1047 1305 1104 quam
1354 1039 1581 1102 posterae
1628 1030 1764 1084 istae.
1814 1028 1971 1096 Quod
2018 1028 2203 1083 obser-

608 1127 875 1192 vabimus,
903 1123 1034 1195 quid
1063 1123 1086 1159 5
1112 1122 1414 1191 deligamus
1432 1124 1461 1176 ‘?
1487 1121 1603 1176 Non
1631 1132 1919 1191 possumus
1945 1130 2202 1188 respuere

608 1214 1069 1277 consuetudinem,
1118 1224 1281 1281 quam
1327 1209 1580 1264 damnare
1620 1224 1728 1264 non
1766 1222 2075 1278 possumus,
2112 1212 2199 1259 ut—

611 1314 737 1378 pote
783 1320 891 1360 non
948 1308 1279 1364 extraneam,
1314 1298 1438 1369 quia
1475 1313 1582 1354 non
1639 1304 2032 1365 extraneorum,
2082 1310 2202 1349 cum

610 1396 805 1465 quibus
834 1392 1038 1447 scilicet
1064 1388 1527 1444 communicamus
1571 1387 1666 1456 jus
1709 1386 1856 1456 pacis
1904 1392 1957 1440 et
2002 1400 2202 1439 nomen

607 1480 975 1539 fraternitatis.
1025 1480 1142 1534 Una
1184 1478 1341 1533 nobis
1382 1481 1436 1531 et
1481 1476 1590 1530 illis
1633 1475 1789 1539 ﬁdes,
1839 1488 1981 1528 unus
2034 1475 2196 1541 Deus,

607 1569 754 1625 idem
794 1568 1072 1634 Christus,
1125 1565 1309 1621 eadem
1353 1580 1507 1635 spes,
1549 1562 1737 1619 eadem
1775 1560 1967 1617 lavacri
2014 1575 2200 1615 sacra-

607 1668 809 1715 menta.
841 1656 1019 1713 Semel
1047 1654 1298 1720 dixerim,
1330 1668 1435 1707 una
1462 1651 1702 1706 Ecclesia
1730 1664 1914 1704 sumus
1942 1650 2079 1719 (12).
2125 1650 2201 1703 Ita

608 1762 852 1805 nostrum
899 1754 999 1811 est,
1047 1744 1406 1815 quodcunque
1432 1748 1743 1796 nostrorum
1788 1746 1889 1793 est.
1931 1737 2198 1793 Cmterum

607 1835 807 1892 dividis
834 1848 1050 1903 corpus.
1084 1832 1280 1885 Tamen
1311 1828 1398 1883 hic
1422 1827 1466 1897 6,
1498 1828 1638 1883 sicut
1664 1828 1719 1882 in
1758 1828 2009 1883 omnibus
2053 1826 2199 1884 varie

608 1922 866 1977 institutis
894 1921 913 1959 7
945 1928 998 1975 et
1043 1917 1225 1973 dubiis
1270 1924 1323 1972 et
1369 1916 1595 1973 incertis
1639 1915 1758 1971 ﬁeri
1807 1915 1985 1985 solet,
2043 1912 2198 1969 adhi-

606 2010 783 2065 benda
818 2008 920 2064 fuit
961 2005 1308 2073 examinatio,
1357 2020 1478 2075 quae
1511 2004 1684 2073 magis
1724 2019 1789 2059 ex
1836 2004 2045 2058 duabus
2090 2010 2199 2057 tam

608 2099 837 2158 diversis
864 2095 1340 2153 consuetudinibus
1369 2094 1669 2165 disciplinae
1715 2093 1815 2149 Dei
1862 2091 2195 2149 conveniret.

604 2190 673 2245 Et
698 2190 881 2259 utique
917 2202 981 2242 ea
1024 2184 1311 2257 deligenda
1348 2199 1467 2255 quae
1496 2182 1748 2255 ;virgines
1787 2181 2011 2237 includit
2057 2180 2196 2251 U3),

607 2277 708 2333 soli
747 2279 863 2332 Deo
908 2282 1085 2343 notas,
1131 2273 1344 2344 quibus,
1379 2280 1572 2342 praeter
1620 2270 1765 2339 quod
1792 2270 1817 2306 8
1843 2286 1874 2323 a
1918 2271 2049 2335 Deo,
2092 2284 2199 2325 non

610 2368 676 2423 ab
729 2366 1038 2421 hominibus
1092 2361 1357 2432 captanda
1411 2359 1586 2431 gloria
1637 2366 1749 2425 est,
1809 2358 1967 2413 etiam
2022 2358 2198 2430 ipsum

607 2459 808 2513 bonum
863 2469 1027 2511 suum
1080 2451 1505 2508 erubescendum
1557 2457 1657 2504 est.
1706 2447 1982 2519 Virginem
2031 2449 2200 2519 magis

608 2542 897 2609 laudando,
929 2557 1091 2613 quam
1136 2538 1488 2611 vituperando
1536 2536 1835 2595 confundas
1870 2556 1882 2591 :
1929 2538 2060 2609 quia
2102 2537 2198 2592 de-

604 2636 717 2691 licti
743 2634 928 2689 durior
951 2632 1100 2688 frens
1128 2639 1231 2698 est,
1263 2632 1332 2686 ab
1363 2631 1482 2701 ipso
1510 2638 1563 2685 et
1604 2630 1658 2684 in
1688 2630 1806 2700 ipso
1855 2629 2052 2685 delicto
2092 2630 2199 2684 im-

605 2723 918 2796 pudentiam
964 2722 1140 2777 docta.
1194 2721 1334 2776 Nam
1374 2719 1521 2774 illam
1576 2717 2041 2786 consuetudinem,
2083 2735 2201 2789 quae

604 2813 842 2884 virgines
868 2820 1032 2883 negat
1077 2810 1205 2864 dum
1252 2807 1506 2877 ostendit,
1555 2821 1711 2861 nemo
1744 2808 2049 2877 probasset,
2096 2807 2199 2863 nisi

607 2903 769 2974 aliqui
798 2902 823 2939 9
852 2901 985 2955 tales
1013 2897 1199 2969 quales
1232 2895 1473 2968 virgines
1499 2895 1650 2966 ipsae.
1683 2895 1837 2951 Tales
1887 2896 2032 2952 enim
2061 2896 2199 2951 oculi

1300 280 1736 344 TERTULLIANI
1771 279 2041 341 OPERUM
2079 279 2245 342 PARS
2283 279 2352 340 II.
2391 309 2465 323 —
2500 277 2727 340 SERIES
2770 279 2837 353 II,
2879 279 3195 341 MORALIA.
3700 294 3779 356 940

2922 406 3150 465 CAPUT
3183 407 3272 462 III.

2380 494 2486 551 Sed
2515 510 2614 550 nec
2650 495 2789 551 inter
2832 496 3246 551 consuetudines
3289 495 3529 567 dispicere
3567 504 3787 564 voluerunt

2309 583 2384 637 illi
2459 584 2775 642 sanctissimi
2846 592 3231 642 antecessores.
3288 586 3474 643 Tamen
3533 590 3790 653 tolerabilius

2309 673 2454 743 apud
2482 690 2580 730 nos
2626 690 2799 746 usque
2847 675 2915 729 ad
2961 673 3204 744 proxime
3248 674 3447 747 utrique
3494 684 3788 739 consuetudini

2311 762 2812 819 communicabitur.
2877 762 3113 819 Arbitrio
3166 766 3416 835 permissa
3460 782 3541 821 res
3595 779 3719 841 erat,
3758 782 3795 827 ut

2310 866 2540 922 quaeque
2591 852 2849 908 voluisset
2894 860 2987 907 aut
3032 851 3145 924 tegi
3187 859 3276 907 aut
3317 854 3579 923 prostitui,
3624 859 3734 914 sicut
3763 870 3795 915 et

2312 940 2517 996 nubere
2549 959 2563 999 :
2597 941 2739 1013 quod
2769 948 2824 996 et
2860 939 3027 997 892
3055 940 3229 1012 ipsum
3258 957 3425 1013 neque
3460 946 3644 1013 cogitur
3678 963 3797 1020 neque

2313 1029 2642 1100 prohibetur.
2692 1030 2953 1087 Contenta
3005 1037 3118 1087 erat
3162 1030 3360 1087 veritas
3424 1032 3463 1070 ι¹
3518 1033 3686 1104 pacisci
3716 1054 3797 1093 cum

2311 1118 2720 1185 consuetudine,
2775 1126 2835 1176 ut
2882 1120 3042 1177 tacite
3088 1118 3191 1174 sub
3236 1121 3611 1176 consuetudinis
3648 1125 3800 1181 nomine

2312 1205 2578 1262 frueretur
2625 1224 2682 1263 se
2721 1209 2807 1265 vel
2853 1225 2918 1264 ex
2971 1216 3145 1280 parte.
3194 1208 3300 1263 Sed
3354 1210 3592 1280 quoniam
3631 1226 3801 1283 (mperat

2311 1296 2511 1368 agnitio
2542 1296 2819 1367 proficere,
2853 1306 2910 1353 ut
2941 1313 3037 1368 per
3073 1297 3338 1353 licentiam
3384 1298 3635 1370 utriusque
3668 1303 3799 1367 moris,

2312 1384 2569 1441 indicium
2598 1386 2838 1442 melioris
2866 1387 3034 1458 partis
3080 1392 3399 1459 emergeret,
3429 1390 3589 1443 statim
3631 1390 3701 1447 ille
3735 1391 3801 1444 ad-

2311 1475 2579 1530 versarius
2639 1477 2925 1547 bonorum,
2986 1474 3267 1548 multoque
3324 1476 3653 1531 institutorum
3697 1480 3802 1549 (15),

2311 1578 2449 1633 Opus
2486 1579 2642 1618 suum
2686 1564 2829 1620 fecit.
2880 1564 3142 1621 Ambiunt
3186 1565 3421 1636 virgines
3474 1566 3704 1622 hominum
3736 1569 3801 1621 ad-

2307 1668 2499 1708 versus
2550 1652 2791 1726 virgines
2829 1652 2945 1719 Dei,
2979 1653 3115 1708 nuda
3147 1652 3313 1723 plane
3356 1652 3520 1710 fronte
3561 1655 3606 1709 in
3646 1664 3804 1710 temera-

2307 1743 2440 1797 riam
2495 1741 2543 1780 12
2597 1743 2872 1799 audaciam
2927 1745 3193 1800 excitatm.
3251 1746 3315 1801 Et
3366 1745 3586 1818 virgines
3633 1746 3804 1802 videntur

2304 1848 2423 1904 quae
2480 1832 2684 1903 aliquid
2740 1850 2771 1888 a
2813 1833 2943 1890 viris
2989 1842 3174 1903 petere
3232 1843 3470 1905 possunt,
3530 1835 3693 1889 nedum
3734 1834 3799 1889 tale

2306 1920 2599 1989 factum,ut
2628 1922 2829 1977 scilicet
2857 1924 3067 1979 aemulae
3098 1940 3311 1995 earum,
3338 1932 3478 1980 tanto
3502 1926 3654 1995 magis
3667 1925 3805 1989 libere,

2304 2020 2504 2082 quanto
2535 2010 2729 2066 Christi
2777 2011 2943 2068 solius
2986 2012 3216 2081 ancillae,
3261 2014 3512 2069 dedantur
3553 2013 3660 2067 illis.
3692 2013 3803 2067 Scan-

2305 2099 2623 2165 dalizamur,
2670 2100 2939 2172 inquiunt,
2988 2102 3113 2174 quia
3151 2102 3313 2158 aliter
3357 2102 3471 2158 aliae
3513 2102 3803 2158 inceduntzet

2307 2188 2510 2243 malunt
2563 2189 2929 2256 scandalizari,
2988 2206 3148 2261 quam
3207 2192 3502 2262 provocari.
3547 2189 3800 2253 Scaudalum,

2307 2276 2410 2331 nisi
2450 2276 2606 2333 fallor
2644 2292 2753 2334 non
2792 2278 2947 2334 bona:
2974 2280 3073 2345 rei,
3116 2280 3221 2335 sed
3265 2282 3415 2336 malae
3450 2279 3708 2351 exemplum
3736 2285 3802 2341 est,

2307 2362 2580 2419 aediﬁcans
2619 2366 2685 2420 ad
2714 2366 2967 2422 delictum
3005 2367 3173 2423 Bonae
3221 2385 3305 2425 res
3347 2370 3601 2424 nemiuem
3640 2366 3803 2422 scanda-

2307 2452 2468 2508 lizant
2498 2454 2599 2509 nisi
2628 2455 2823 2510 malam
2874 2464 3122 2511 mentem.
3180 2458 3240 2512 Si
3287 2460 3479 2514 bonum
3515 2466 3588 2513 est
3618 2453 3805 2511 modestia

2306 2543 2649 2609 verecundia,
2684 2543 2956 2599 fastidium
2986 2545 3181 2619 gloriae
3226 2548 3326 2603 soli
3374 2549 3481 2603 Deo
3509 2554 3693 2617 captans
3731 2544 3806 2613 pla-

2308 2646 2447 2697 cere,
2500 2642 2797 2703 agnoscant
2842 2635 3038 2689 malum
3087 2652 3293 2703 suum,
3342 2652 3459 2709 qua:
3503 2637 3564 2691 de
3603 2632 3677 2689 tali
3711 2634 3804 2687 bono

2309 2720 2754 2777 scaudalizautur.
2810 2720 2954 2790 Quid
2994 2724 3137 2780 enim
3178 2726 3228 2781 si
3273 2731 3326 2783 et
3380 2724 3719 2781 incontinentes
3747 2718 3803 2771 di-

2309 2817 2431 2864 cant
2484 2826 2541 2865 se
2597 2827 2628 2864 a
2682 2811 3085 2868 continentibus
3141 2814 3509 2883 scandalizari,
3561 2806 3803 2868 continentia

2309 2901 2608 2954 revocanda
2636 2900 2764 2957 est?
2793 2908 2849 2956 et
2878 2917 2948 2957 ne
2976 2902 3270 2959 multinubi
3301 2904 3685 2960 scandalizentur
3715 2896 3802 2966 (16),

609 2989 1076 3061 volentvirginem
1106 2986 1296 3052 visam,
1330 2983 1520 3055 quales
1549 2984 1706 3038 habet
1754 2984 1910 3057 virgo
1939 3001 2062 3057 quae
2106 2985 2198 3041 vi-
2231 2985 2275 3063 ε
2306 2987 2650 3057 monogamia
2703 2989 3000 3045 recusanda
3056 2992 3187 3047 est?
3239 2992 3344 3048 Cur
3390 3007 3491 3048 non
3522 2987 3689 3061 magis
3730 2985 3804 3037 hec

605 3079 722 3134 deri
761 3078 919 3134 volet.
968 3076 1196 3132 Invicem
1247 3089 1309 3129 se
1356 3072 1541 3130 eadem
1586 3071 1635 3111 1ο
1681 3074 1956 3129 oculorum
2000 3090 2198 3146 genera

603 3168 935 3226 desiderant.
1001 3163 1259 3235 Ejusdem
1316 3162 1559 3217 libidinis
1614 3168 1698 3218 est
1752 3163 1954 3228 videri,
2011 3170 2065 3218 et
2117 3165 2199 3219 vi-

602 3258 727 3313 dere
776 3255 911 3327 (14).
960 3254 1091 3308 Tam
1139 3248 1308 3307 sancti
1354 3249 1455 3304 viri
1492 3259 1573 3304 est
1611 3248 1885 3316 subfundi,
1935 3249 1980 3304 si
2026 3249 2192 3322 virgi-

600 3362 728 3403 nem
752 3344 967 3413 viderit,
998 3357 1159 3413 quam
1207 3344 1406 3395 sancta}
1449 3336 1695 3409 virginis,
1745 3339 1791 3393 si
1835 3355 1866 3393 a
1912 3338 2029 3395 viro
2077 3340 2191 3405 visa

601 3436 693 3493 sit.

2304 3086 2600 3148 querantur
2649 3077 2902 3134 seandalo
2959 3079 3063 3134 sibi
3118 3094 3247 3137 esse
3303 3080 3642 3152 petulantiam,
3678 3075 3800 3142 impu-

2306 3164 2538 3220 dentiam
2610 3166 2949 3222 osteutatitiae
3020 3168 3345 3242 virginitatis
3414 3169 3522 3240 (17)
3563 3168 3590 3221 ‘?
3648 3165 3802 3231 l’roPlcf

2298 3253 2568 3322 ejusmodi
2608 3253 2772 3325 igitur
2797 3255 2968 3324 capita
3026 3258 3409 3329 nundinatitia,
3467 3257 3704 3313 trahantur
3740 3249 3807 3303 tir-

2297 3342 2454 3413 gines
2502 3353 2700 3399 sanctae
2744 3344 2801 3400 in
2843 3344 3157 3417 Ecclesium,
3190 3349 3558 3404 erubescentes
3599 3342 3716 3416 quod
3752 3351 3809 3393 eo.

2298 3438 2627 3503 gnoscantur
2654 3434 2713 3488 in
2742 3434 2943 3503 medio,
2965 3443 3228 3506 paventes
3257 3436 3401 3510 quod
3430 3437 3709 3508 detegantur
3736 3426 3809 3497 (1⁸)

676 3613 700 3650 5
728 3610 1011 3684 Diligimus
1058 3609 1227 3684 Segnl.
1252 3607 1287 3684 β
1320 3605 1461 3684 Tum
1508 3603 1597 3684 hic
1638 3602 1797 3684 sicut.
1824 3602 1879 3657 in
1924 3524 2180 3684 οηξῗέἱιίξ
2219 3532 2781 3684 ἓῖᾟὲῐέιθδίὀειὶιιιωε
2830 3615 3003 3669 Fran.
3032 3614 3317 3673 mendose.
3357 3613 3382 3650 θ
3410 3614 3651 3684 Praeterea
3691 3603 3805 3681 Sami.

606 3686 632 3724 9
670 3674 880 3756 Aliquae
932 3680 1070 3756 tales
1115 3676 1364 3735 Seml.10
1400 3674 1654 3745 Ejusdem
1680 3675 1958 3731 oculorum
2008 3677 2179 3733 Seml.
2232 3678 2275 3718 ¹¹
2311 3681 2497 3737 Antea
2549 3682 2779 3752 quidam
2826 3685 2980 3743 male
3011 3685 3220 3756 paucis,
3254 3685 3301 3743 si
3329 3701 3469 3743 cum.
3503 3683 3547 3723 12
3574 3675 3806 3737 Temerane

604 3750 887 3811 audaciam
919 3750 1090 3808 Seml.

1986 3818 2485 3886 Commentarius.

680 3929 796 4000 (10)
823 3926 1129 4000 Apostolz'ct'
1174 3925 1305 4000 uiri.
1331 3924 1443 4000 .Per
1465 3920 1956 4000 viros_apostol_icos
1999 3925 2185 4000 accipe

603 3994 922 4057 Christianae
961 3996 1237 4069 religionis
1264 3994 1525 4069 primores
1552 3994 1643 4065 qui
1674 4004 1772 4069 aut
1810 3995 1878 4048 ab
1927 3994 2186 4069 apostolis

601 4071 851 4127 instructi
897 4066 1228 4140 institutique
1272 4066 1505 4140 fuerunt,
1545 4066 1777 4140 aut__qui
1819 4066 2187 4140 apostolorum

601 4145 848 4201 doctrina
899 4142 1064 4213 digna
1110 4138 1541 4213 gesserunt.__De
1589 4138 1717 4213 solis
1761 4138 2048 4208 episcopis,
2098 4146 2188 4194 aut

602 4229 814 4271 summo
858 4207 1063 4269 tantum
1108 4207 1362 4265 Pontiﬁce
1409 4208 1463 4263 id
1510 4207 1776 4278 explicare
1819 4207 2007 4279 parum
2055 4225 2187 4265 con-

2299 3943 2397 3983 nec
2451 3928 2622 3987 videri
2664 3938 2838 3987 tutum
2892 3940 2992 3989 est.
3032 3934 3101 3989 Et
3146 3933 3489 4001 Ambrosius,
3533 3932 3668 3988 lib.t
3708 3920 3812 4001 Ofﬁt:

2297 4014 2418 4079 cap.
2458 4001 2648 4079 18,__ait
2688 4020 2701 4056 :
2742 4023 2765 4054 ιι
2800 4003 2915 4059 Nec
2942 4004 3125 4062 videre
3157 4006 3304 4079 viros
3335 3996 3661 4079 femi_na,_nec
3698 3996 3812 4079 videt}

2296 4074 2442 4125 velit.
2471 4092 2504 4146 _»
2549 4074 2673 4146 Haec
2701 4083 2972 4145 praecepta
2999 4091 3064 4131 eo
3089 4078 3341 4146 tendunt,
3372 4087 3431 4133 ut
3454 4074 3609 4131 intelli

2337 4074 2442 4125 elit.
2470 4092 2504 4153 In
2549 4074 2673 4154 Haec
2695 4083 2972 4156 praecepta
2999 4091 3064 4131 eo
3089 4078 3341 4146 tendunt,
3372 4087 3431 4133 ut
3454 4074 3697 4199 intelligat
3717 4074 3814 4135 τιιῗθ

2337 4153 2483 4223 uanti
2530 4154 2601 4199 snt
2649 4147 2950 4225 virginalis
2979 4148 3183 4225 pudor.
3231 4150 3358 4204 Ideo
3408 4147 3561 4225 virgo
3661 4146 3817 4225 culi?)

2343 4214 2591 4291 ypriano,
2648 4210 2771 4291 lib}
2808 4217 2874 4272 de
2904 4210 3037 4291 Ha'b.
3098 4221 3265 4291 virg.,
3299 4210 3596 4291 candidate
3636 4210 3814 4291 pudoris.

600 4289 823 4360 veniens
848 4356 855 4360 Δ
866 4283 1080 4360 videtur
1103 4323 1116 4347 ,
1165 4296 1310 4360 cum.
1330 4296 1410 4360 ea_
1438 4294 1547 4360 vox
1581 4259 1947 4360 rConstaxitino
1995 4282 2189 4360 magno
2221 4259 2266 4336 Β
2625 4259 3278 4358 8ἶῶἴέῐᾶἔὶῗῶ
3638 4259 3813 4338 rlibjiui

605 4359 764 4414 etiam
798 4356 1060 4411 tribuatur
1087 4352 1267 4407 multis
1299 4352 1354 4405 in
1398 4350 1551 4416 locis,
1600 4360 1657 4405 ut
1702 4352 1843 4422 apud
1891 4350 2191 4422 Theodori-

605 4439 802 4494 tum,c.
823 4431 911 4493 25,
941 4426 1038 4480 lib.
1069 4440 1088 4479 ι
1112 4442 1126 4478 :
1150 4424 1246 4484 Τὰς
1276 4423 1598 4481 ἀποστολικὰς
1634 4421 1889 4493 φροντίδας
1920 4421 1966 4475 ἓν
1988 4428 2048 4495 τῇ
2067 4423 2200 4495 ψυχῇ

606 4476 931 4625 πῗῆιξφεὶενὲ)
955 4476 1299 4569 Αροδΐοὶίσάδ
1349 4510 1522 4551 curas
1583 4476 1812 4550 malum;
1853 4476 2203 4563 ύενεαὲαὶξὲί

610 4590 758 4625 ain.
835 4587 868 4624 E
937 4585 988 4623 ιι.

610 4585 758 4625 alibl.
791 4585 868 4624 LE
896 4585 988 4623 ιλιι,

681 4642 796 4715 (11)
826 4645 895 4715 Et
922 4644 1058 4715 pulo
1089 4643 1223 4694 ante
1242 4636 1530 4715 quosdam.
1562 4635 2079 4715 Parcitnominibus
2099 4651 2196 4691 eo-

608 4706 1043 4785 rum,'qui'e_lsi
1094 4706 1357 4785 apostolis
1395 4714 1450 4762 et
1494 4706 1797 4785 apostolicis
1840 4706 1967 4761 viris
2012 4716 2197 4785 postef

606 4778 794 4851 riores,
826 4778 1143 4853 -virginum’
1170 4780 1386 4853 minime
1434 4779 1779 4853 velandﬁarum
1819 4778 2195 4836 consuetudini

611 4852 979 4913 auctoritatem
1013 4853 1226 4907 dedisse
1254 4852 1585 4904 dicebantur.
1618 4852 1744 4905 llic.

680 4931 789 4997 (l2)
825 4927 1004 4982 Semel
1052 4922 1467 4997 dz'xcrzlmtuna
1497 4922 1986 4997 Ecclesiasumus.
2039 4923 2197 4978 Libro

603 5001 667 5055 dc
688 4991 924 5055 ‘Un'itatc
948 4996 1203 5050 Ecclesiw
1227 4994 1463 5063 B.Cypr.
1481 4991 1671 5046 dictam
1699 4992 1854 5046 etiam
1874 4994 2198 5063 scripturam

606 5071 765 5124 affert
795 5070 865 5121 ad
896 5068 1141 5121 eamdem
1176 5064 1651 5132 comprobandum,
1684 5074 1738 5117 et
1774 5066 1905 5117 alias
1938 5071 2198 5134 prieterea

605 5143 819 5203 multas,
851 5139 917 5191 ad
945 5153 1105 5208 quem
1154 5137 1345 5189 librum
1376 5136 1627 5190 lectorem
1674 5134 2009 5193 remittimus.
2042 5137 2197 5208 Uter-

603 5228 711 5282 que
742 5217 920 5264 autem
942 5207 1108 5282 illud:
1140 5224 1322 5263 unum
1344 5222 1563 5278 corpus,
1589 5223 1765 5261 unum
1792 5208 2095 5262 Ecclesium
2116 5207 2197 5261 in-

608 5281 945 5363 terpretatur.
979 5281 1119 5362 Pani.

706 5354 792 5426 i3)
829 5354 962 5421 Quae
980 5347 1859 5426 pirgt’ttes‘includt't._Yclam_iuo._
1881 5349 2005 5426 ῐίιρτ

706 5366 792 5426 13)
829 5366 962 5421 Quae
983 5366 1222 5421 vzrgmes
1252 5366 1519 5404 zncmau.
1562 5366 1847 5403 velamine.
1881 5366 2005 5404 me.

678 5366 791 5499 2M)
818 5424 1081 5499 Ejusdem
1105 5421 1356 5499 libidinis
1489 5418 1666 5475 videri
1690 5423 1745 5473 et
1768 5418 1972 5499 videris.
1996 5419 2055 5499 Id
2078 5433 2197 5499 pro-

609 5490 727 5569 pter
765 5490 817 5553 et
844 5490 943 5569 hac
969 5498 1037 5551 de
1067 5510 1123 5549 rc
1154 5493 1380 5563 loquens
1408 5490 1768 5569 llieronvmus
1807 5490 1878 5545 ad
1908 5490 2193 5569 Eustochu

608 5560 831 5637 Nullus,
864 5567 956 5637 ait,
991 5570 1154 5625 tutus
1182 5560 1456 5638 aspectus.
1486 5560 1651 5633 Quasi
1670 5560 1812 5619 dicat
1838 5578 1967 5620 :nec
1987 5562 2192 5633 videre,

2306 4388 2511 4453 semper
2537 4407 2706 4444 amare
2732 4409 2911 4459 parum
2940 4403 3032 4457 est,
3062 4398 3268 4462 cupient
3298 4406 3346 4448 et
3365 4411 3527 4447 amare
3555 4390 3710 4446 videri.
3735 4384 3812 4434 LM?-

2376 4490 2488 4562 (15)
2522 4493 2622 4567 lite
2642 4494 2999 4551 adversarius
3027 4498 3316 4563 bonorum,
3347 4485 3813 4567 multoqueiwiiuf

2310 4561 2516 4619 torum.
2549 4565 2662 4620 Hoc
2699 4574 2813 4638 est,
2846 4567 2940 4621 sed
2985 4569 3283 4638 praesertim
3306 4561 3579 4623 bonorum
3624 4561 3815 4616 instituto-

2311 4638 2754 4710 rum,_bonarum
2784 4637 3210 4709 disciplinarum.
3244 4640 3363 4694 Βία.
3560 4704 3584 4710 Α
3678 4700 3687 4710 ,
3773 4688 3795 4710 _,

2387 4706 2501 4776 (16)
2531 4710 2599 4762 Et
2620 4724 2691 4763 ne
2728 4703 3037 4765 multiﬁubi
3053 4710 3528 4767 scandalizentur.
3550 4703 3743 4776 Omnino
3768 4703 3815 4776 Si?

2312 4771 2629 4852 legendum,
2662 4794 2770 4834 non
2821 4791 2877 4836 ul
2926 4780 3121 4852 ubique
3176 4781 3428 4850 scriptum
3481 4787 3643 4852 διῳιῖ
3675 4771 3811 4825 editum

2311 4846 2527 4919 re'peri,
2560 4853 2631 4906 Et
2652 4868 2722 4907 ne
2748 4852 2923 4908 multi
2941 4846 3094 4909 nobis
3124 4846 3584 4910 scandalizentur.
3616 4846 3718 4919 Ille.

2374 4917 2485 4995 (17)
2514 4917 2915 4995 Ostentatitia:
2944 4924 3305 4995 virginitatis.
3326 4924 3486 4995 Notat
3513 4917 3810 4995 virginem]:

2313 4978 2716 5059 tentabundam,
2751 5005 2809 5048 ut
2855 5010 2975 5064 quae
3006 4978 3114 5051 [ἴση
3144 4994 3243 5049 sibi
3266 4978 3447 5064 ivivat,’
3475 4978 3810 5064 εθάίροριμορέί

2311 5044 2797 5154 spectantibusgut
2826 5044 3518 5154 [Equitum-Seneca,epist,
3559 5044 3636 5123 95,
3664 5044 3809 5154 iunge;

2311 5125 2413 5191 Est
2445 5134 2587 5189 enim
2627 5125 2914 5205 vitiosum,
2946 5153 3053 5192 non
3085 5125 3416 5200 virtutis,'ait'
3445 5125 3549 5196 ille,
3578 5125 3807 5205 φηοηπςένίζῖί

2312 5214 2368 5331 ἷξε
2389 5208 2654 5332 conslpici.
2691 5209 2873 5279 Itaque
2901 5201 3239 5264 'ostentatitia
3256 5205 3524 5279 virginitas
3566 5210 3658 5254 tcta
3676 5201 3739 5249 est
3758 5201 3808 5242 u-

2330 5295 2461 5332 iosa.
2545 5293 2630 5332 ne.

2306 5279 2461 5335 tiosa.
2504 5280 2630 5333 an.

2382 5328 2798 5425 (ιῖἑίβᾶὺεηιες
2821 5350 2989 5425 ⁸φαοιί
3014 5351 3365 5425 detegantur.
3398 5348 3573 5425 _Pavor
3590 5328 3805 5425 virsjej’jf

2306 5400 3364 5494 cogitauiasa'ad’anathemati
3390 5400 3571 5489 jactum
3612 5400 3804 5494 ιτᾱρὶάξιξξ

2305 5479 2569 5563 ᾶοὺριιι;’
2604 5479 2726 5563 qua:
2774 5479 2954 5549 autem
3001 5494 3354 5560 denudantur,
3390 5479 3801 5563 'expavescunblﬁf;

2304 5538 2441 5635 duit“
2476 5538 2725 5630 Aucte}:
2757 5538 3354 5637 (fdis'imaﬁﬁidﬁiifxi'
3380 5538 3673 5621 vocarentur.
3727 5538 3801 5594 ﬂ“
