4028 6188
173 474 269 536 941
1229 470 1427 532 LIBER
1503 467 1588 530 DE
1639 465 2011 532 VIRGINIBUS
2047 463 2398 526 VELANDIS.
3356 465 3464 526 942

181 597 452 656 accersitae
483 595 534 635 ⁸³
559 593 716 666 quasi
753 594 820 651 ad
866 601 1130 667 stuprum.
1168 595 1290 652 Non
1317 594 1497 650 minus
1544 596 1688 652 enim
1717 603 1772 653 et
1797 615 1844 693 Α
1871 604 2263 666 retorquemus.
2321 589 2426 660 Qui
2501 588 2643 645 enim
2714 589 2913 646 sciebat
2977 590 3029 629 2ο
3072 590 3204 646 alias
3275 591 3468 649 utrius-

183 689 280 744 hoc
304 685 414 758 pati
443 682 641 739 nolunt
679 682 815 754 (19).
847 683 1037 739 Omnis
1065 683 1353 754 publicatio
1391 683 1621 758 virginis
1664 683 1770 741 bo-
1797 679 1844 693 "
1881 699 1990 756 que
2029 682 2246 756 generis
2293 679 2468 737 facere
2524 679 2876 746 mentionem,
2933 680 3156 754 virginis
3210 681 3352 747 dico,
3414 688 3471 737 et

186 792 288 843 nae,
335 771 512 844 stupri
562 770 745 843 passio
796 778 898 827 est.
941 772 1013 827 Et
1050 781 1226 828 tamen
1272 773 1379 831 vim
1421 773 1598 830 carnis
1640 773 1772 844 pati,
1881 774 2147 841 mulieris,
2209 771 2264 827 id
2295 777 2376 827 est
2415 786 2522 825 non
2571 769 2814 842 virginis,
2848 786 2916 826 ex
2945 786 3134 827 caussa
3163 770 3470 826 distinctio-

186 864 366 919 minus
396 869 498 926 est,
550 860 672 932 quia
701 860 768 916 de
815 859 997 918 officio
1036 870 1246 918 naturae
1289 862 1454 920 venit.
1505 862 1613 918 Sed
1651 876 1779 918 cum
1883 864 1986 929 nis,
2019 863 2073 918 in
2105 861 2193 916 his
2225 861 2279 916 in
2326 859 2523 931 quibus
2569 875 2678 914 non
2735 859 2976 914 nominat
3018 859 3307 930 virginem,
3358 875 3474 915 non

191 952 418 1023 spiritus
453 949 568 1021 ipse
593 949 820 1006 violatur
862 951 916 1004 in
971 949 1200 1023 virgine,
1259 952 1468 1006 sublato
1510 950 1776 1006 velamine

196 1039 384 1096 didicit
436 1038 677 1095 amittere
726 1037 870 1109 quod
925 1039 1188 1094 tuebatur.
1242 1039 1287 1095 Ο
1334 1039 1608 1113 sacrilegae
1656 1055 1778 1094 ma-

197 1146 299 1188 nus
332 1128 464 1200 (20),
495 1125 668 1184 893
703 1143 824 1198 qua:
851 1127 1082 1183 dicatum
1116 1129 1230 1185 Deo
1268 1129 1506 1184 habiturn
1539 1128 1648 1200 (21)
1677 1130 1778 1184 de-

199 1217 402 1273 traiiere
435 1212 755 1287 potuerunt!
795 1213 936 1284 Quid
965 1217 1121 1286 pejus
1163 1219 1208 1256 14
1245 1216 1440 1288 aliquis
1469 1223 1782 1288 persecutor

169 1301 427 1373 'fecisset,
466 1305 514 1360 si
549 1305 654 1360 hoc
682 1320 712 1360 a
745 1303 959 1376 virgine
998 1305 1226 1362 electum
1261 1305 1642 1378 cognovisset?
1677 1306 1782 1361 De-

203 1394 415 1450 nudasti
445 1393 679 1465 puellam
710 1409 742 1448 a
769 1395 946 1464 capite
977 1394 1104 1466 (22),
1134 1403 1188 1450 et
1217 1401 1326 1450 tota
1354 1396 1467 1464 jam
1493 1394 1647 1467 virgo
1676 1393 1781 1448 sibi

195 1497 300 1538 non
329 1490 414 1539 est
447 1483 597 1554 (23):
633 1482 734 1536 alia
763 1489 846 1538 est
874 1481 1034 1537 facta.
1067 1483 1311 1556 Exsurge
1343 1483 1524 1558 igitur,
1557 1483 1780 1549 veritas,

195 1587 446 1643 exsurge,
475 1580 528 1628 et
556 1571 708 1644 quasi
737 1571 807 1626 de
845 1571 1101 1644 patientia
1130 1589 1355 1645 erumpe
1379 1590 1390 1629 :
1426 1571 1630 1627 nullam
1658 1570 1784 1629 volo

198 1661 639 1717 consuetudinem
675 1660 974 1731 defendas;
1021 1677 1140 1717 nam
1185 1663 1297 1732 jam
1349 1671 1403 1718 et
1449 1661 1535 1717 illa
1579 1661 1644 1730 15,
1683 1660 1786 1718 sub

198 1764 304 1821 qua
339 1757 394 1805 te
431 1749 718 1815 fruebaris,
761 1749 1084 1822 expungitur
1127 1751 1192 1804 ιδ.
1226 1751 1303 1805 Te
1331 1765 1451 1806 esse
1481 1751 1789 1805 demonstra

199 1852 321 1907 quae
367 1836 612 1908 virgines
649 1838 789 1908 tegis
839 1837 906 1896 1".
953 1839 1073 1907 Ipsa
1120 1837 1426 1907 Scripturas
1466 1847 1583 1892 tuas
1619 1837 1792 1892 inter-

1884 951 2083 1008 faciens
2135 949 2530 1004 distinctionem
2583 991 2597 1016 ,
2650 947 2888 1004 ostendit
2933 947 3264 1026 conditionis
3317 963 3476 1004 com-

1886 1041 2215 1097 munionem.
2250 1038 2518 1094 Caeterum
2547 1038 2721 1107 potuit
2767 1037 2854 1093 hic
2897 1053 3118 1110 quoque
3148 1037 3478 1094 constituere

1887 1129 2246 1186 differentiam
2314 1127 2451 1182 inter
2524 1128 2788 1198 virginem
2847 1133 2902 1182 et
2960 1125 3238 1182 mulierem
3269 1168 3284 1195 ,
3343 1127 3484 1183 sicut

1886 1218 2021 1274 alibi
2058 1216 2191 1272 dicit
2222 1233 2234 1270 :
2276 1217 2468 1273 Divisa
2505 1220 2588 1272 est
2616 1216 2827 1272 mulier
2855 1219 2911 1272 et
2938 1218 3111 1288 virgo.
3153 1216 3320 1289 Igitur
3346 1231 3482 1288 quas

1885 1321 1995 1362 non
2024 1304 2227 1375 divisit,
2259 1304 2485 1360 tacendo
2512 1303 2819 1360 inalteravit
2847 1304 2894 1342 21
2946 1304 3082 1375 (24).
3111 1304 3238 1375 ⁴,Νθο
3275 1310 3482 1372 tamen,

1887 1393 2013 1468 quia
2055 1392 2166 1450 illic
2206 1391 2372 1448 894
2417 1391 2587 1448 divisa
2623 1399 2706 1447 est
2741 1401 2794 1448 et
2839 1392 3033 1449 mulier
3088 1399 3143 1448 et
3197 1391 3370 1464 virgo,
3399 1391 3488 1448 hic

1891 1498 2104 1556 quoque
2140 1480 2560 1552 patrocinabitur
2597 1480 2687 1535 illa
2746 1479 2940 1538 divisio
2965 1523 2978 1546 ,
3009 1489 3070 1536 ut
3115 1481 3332 1552 quidam
3382 1497 3488 1538 vo-

1899 1573 2018 1628 lunt
2048 1571 2117 1625 22.
2150 1570 2360 1640 Quanta
2397 1569 2545 1626 enim
2600 1569 2725 1625 alibi
2773 1570 2916 1626 dicta
2973 1585 3083 1626 non
3113 1569 3298 1628 valent
3329 1613 3344 1637 ,
3393 1570 3493 1626 ubi

1895 1660 2036 1717 dicta
2065 1658 2266 1715 scilicet
2302 1673 2414 1713 non
2466 1667 2609 1724 sunt,
2643 1657 2746 1712 nisi
2795 1659 2985 1714 eadem
3031 1657 3100 1713 sit
3153 1672 3338 1725 causa,
3370 1673 3493 1730 qua

1899 1747 2047 1812 alibi,
2079 1757 2137 1801 ut
2179 1745 2418 1803 sufficiat
2454 1747 2619 1802 semel
2651 1744 2856 1801 dictum
2900 1747 2928 1801 ‘I
2971 1746 3066 1800 Illa
3096 1753 3277 1802 autem
3332 1761 3495 1802 causa

1897 1833 2125 1906 virginis
2156 1842 2212 1888 et
2239 1833 2482 1888 mulieris
2526 1834 2686 1906 longe
2725 1835 2899 1890 divisa
2928 1841 3010 1889 est
3039 1835 3104 1888 ab
3141 1833 3246 1890 hac
3290 1833 3494 1906 specie.

201 1931 439 1994 pretare,
477 1918 612 1993 quas
648 1925 988 1982 consuetudo
1027 1941 1134 1980 non
1171 1925 1350 1981 novit.
1395 1925 1451 1980 Si
1490 1925 1636 1981 enim
1669 1939 1796 1982 nos-
1829 1927 1873 2003 Β
1902 1923 2093 1978 Divisa
2123 1925 2228 1984 est,
2265 1921 2453 1992 inquit,
2486 1924 2700 1978 mulier
2730 1929 2783 1979 et
2817 1926 2968 1995 virgo
2999 1923 3050 1995 (Ι
3094 1926 3216 1980 Cor.
3249 1939 3348 1990 vn,
3381 1924 3497 1994 32).

201 2018 308 2078 set,
338 2024 612 2082 nunquam
640 2019 802 2067 esset.

823 2152 1051 2210 CAPUT
1088 2155 1187 2213 IV.

280 2275 555 2346 Quatenus
591 2285 771 2334 autem
822 2287 876 2335 et
915 2279 984 2334 de
1020 2279 1308 2351 Scripturis
1345 2279 1614 2338 adversus
1651 2280 1804 2338 veri-

209 2373 374 2422 tatem
403 2367 768 2437 argumentari
804 2369 1138 2425 consuetudo
1175 2378 1278 2436 est,
1308 2369 1484 2424 statim
1515 2368 1808 2441 opponitur

211 2453 390 2523 nobis,
454 2455 651 2511 nullam
706 2457 1032 2513 mentionem
1087 2457 1355 2530 virginum
1420 2457 1487 2513 ab
1550 2458 1809 2530 Apostolo

214 2542 407 2600 factam
441 2543 534 2598 ubi
579 2543 646 2600 de
690 2545 954 2600 velamine
1007 2545 1251 2617 praefinit,
1303 2546 1402 2601 sed
1438 2554 1646 2602 tantum
1683 2563 1810 2602 mu-

219 2630 378 2687 lieres
432 2633 734 2688 nominatas
784 2651 799 2687 :
859 2649 1001 2701 cum,
1054 2633 1102 2688 si
1154 2634 1415 2691 voluisset
1471 2642 1527 2690 et
1573 2635 1813 2707 virgines

219 2720 344 2794 tegi,
388 2721 458 2778 de
502 2720 800 2792 virginibus
844 2737 1061 2793 quoque
1107 2737 1230 2776 curn
1275 2723 1593 2779 mulieribus
1640 2725 1814 2780 nomi-

223 2808 364 2865 natis
415 2809 463 2847 13
501 2810 929 2880 pronuntiasset:
963 2809 1237 2880 quomodo
1285 2809 1415 2878 illic,
1475 2810 1666 2881 inquit,
1721 2811 1818 2867 ubi

221 2896 289 2952 de
325 2897 528 2968 nuptiis
561 2904 770 2963 tractat,
811 2896 940 2970 quid
978 2897 1377 2953 observandum
1425 2899 1493 2954 sit
1533 2898 1694 2954 etiam
1753 2899 1819 2953 de

223 2985 548 3055 virginibus,
591 2983 850 3040 declarat.
887 2984 1068 3054 Itaque
1115 2999 1222 3039 non
1252 2983 1522 3039 contineri
1569 2999 1660 3038 eas
1701 2985 1822 3055 lege

221 3072 432 3132 velandi
487 3072 695 3144 capitis,
755 3080 816 3129 ut
877 3086 983 3127 non
1039 3071 1344 3129 nominatas
1391 3072 1447 3128 in
1502 3072 1605 3127 hac
1661 3071 1823 3143 lege;

227 3161 339 3215 imo
370 3176 435 3214 ex
467 3161 573 3216 hoc
595 3161 824 3218 revelari
855 3160 922 3228 19,
954 3160 1084 3234 quia
1121 3175 1228 3216 non
1256 3160 1528 3230 jubentur,
1572 3175 1692 3232 quae
1728 3175 1830 3217 nec

224 3247 596 3304 nominantur.
627 3248 733 3304 Sed
761 3257 815 3305 et
853 3263 952 3306 nos
1008 3250 1254 3306 eamdem
1310 3249 1832 3323 argumentationem

1905 2009 2085 2079 Quare
2114 2009 2142 2063 ‘i
2161 2007 2429 2075 Quoniam
2458 2011 2725 2082 innupta,
2758 2010 2811 2063 id
2867 2021 2949 2066 est
2977 2013 3150 2084 virgo,
3181 2013 3388 2085 coyitat
3436 2029 3503 2070 ea

1909 2116 2033 2172 quae
2052 2103 2190 2154 sunt
2211 2099 2526 2162 Domini,ut
2547 2101 2621 2155 sit
2640 2103 2925 2167 sancta,et
2945 2117 3172 2173 corpore
3193 2107 3250 2159 et
3271 2103 3502 2176 Spiritu.

1912 2189 2098 2260 Nupta
2144 2191 2356 2253 autem,
2389 2187 2442 2242 id
2484 2194 2589 2257 est,
2623 2202 2731 2242 non
2763 2187 2938 2261 virgo,
2998 2191 3208 2260 cogitat
3236 2191 3506 2261 quomodo

1910 2278 2134 2348 placeat
2163 2276 2302 2332 viro.
2336 2275 2462 2332 Haec
2488 2275 2591 2331 erit
2618 2276 2985 2347 interpretatio
3018 2277 3299 2333 divisionis
3335 2277 3503 2349 illius,

1915 2365 2117 2420 nullum
2156 2365 2360 2420 habens
2388 2366 2566 2421 locum
2596 2367 2652 2420 in
2680 2366 2787 2422 isto
2817 2367 3073 2439 capitulo,
3106 2366 3162 2422 in
3191 2383 3300 2440 quo
3331 2384 3510 2440 neque

1915 2454 1982 2510 de
2009 2453 2232 2525 nuptiis,
2264 2469 2436 2527 neque
2467 2455 2535 2510 de
2564 2455 2747 2512 animo
2793 2463 2847 2511 et
2901 2458 3144 2530 cOgitatu
3193 2457 3432 2515 mulieris
3459 2457 3511 2497 2³

1919 2549 1972 2598 et
2017 2541 2240 2614 virginis
2277 2543 2392 2613 (25)
2446 2544 2871 2614 pronuntiatum,
2911 2546 3007 2602 sed
3065 2547 3131 2601 de
3187 2547 3364 2618 capite
3409 2561 3510 2603 ve-

1920 2630 2106 2687 lando.
2136 2631 2310 2700 Cujus
2367 2631 2565 2686 nullam
2619 2633 2810 2688 volens
2862 2649 2980 2688 esse
3036 2634 3511 2702 discrepationem,

1924 2719 2158 2790 Spiritus
2186 2728 2424 2789 sanctus,
2456 2735 2563 2774 uno
2594 2721 2813 2774 nomine
2863 2720 3126 2786 mulieris,
3183 2721 3347 2776 etiam
3391 2722 3512 2775 vir-

1926 2807 2105 2880 ginem
2160 2806 2386 2878 intelligi
2429 2808 2640 2873 voluit,
2695 2823 2857 2880 quam
2913 2807 3132 2880 prOprie
3169 2823 3276 2863 non
3330 2807 3514 2864 nomi-

1929 2895 2106 2950 nando
2127 2895 2261 2966 (26),
2303 2913 2336 2949 a
2393 2897 2614 2951 muliere
2641 2911 2750 2952 non
2782 2896 3074 2966 separavit,
3122 2905 3177 2954 et
3202 2913 3311 2953 non
3352 2913 3518 2969 sepa‘

1929 2983 2098 3038 rando
2127 2984 2408 3052 conjunxit
2437 2983 2486 3039 ei
2517 2999 2548 3038 a
2575 2999 2679 3054 qua
2708 2999 2816 3039 non
2852 2986 3140 3056 separavit.
3189 2987 3399 3044 Novum
3438 2995 3524 3043 est

1935 3085 2082 3126 nunc
2110 3087 2243 3144 ergo
2280 3070 2561 3141 principali
2600 3072 2867 3128 vocabulo
2895 3075 2973 3128 uti
3003 3083 3058 3129 et
3083 3084 3280 3130 caetera
3325 3075 3527 3133 nihilo-

1936 3159 2118 3214 minus
2145 3159 2200 3214 in
2248 3175 2311 3216 eo
2360 3159 2624 3216 vocabulo
2673 3160 2926 3232 intelligi,
2960 3161 3054 3217 ubi
3100 3163 3247 3217 nulla
3293 3173 3377 3220 est
3423 3180 3528 3222 ne-

1939 3247 2161 3305 cessitas
2242 3247 2554 3324 singillatim
2648 3249 3051 3322 distinguendae
3119 3251 3474 3310 universitatis
3499 3256 3531 3311 ?

1593 3366 1788 3428 Variae
1836 3369 2150 3428 lectiones.

298 3469 350 3511 13
378 3467 666 3526 Arcessitae
700 3468 808 3524 alii
830 3469 963 3526 Jun.
995 3469 1041 3509 14
1071 3471 1223 3526 Prius
1253 3473 1423 3529 Fran.
1462 3473 1581 3542 Rig.
1617 3471 1788 3529 Semt.

307 3542 669 3599 ItaWouwer.
705 3541 915 3600 Rigalt.
955 3545 1011 3596 et
1057 3542 1284 3600 melius.
1316 3542 1490 3600 iudic.
1523 3543 1691 3599 Seml.
1742 3559 1815 3600 au

1927 3469 2303 3526 Ionsuetudine
2332 3471 2459 3527 add.
2496 3472 2665 3529 Seml.
2698 3471 2747 3510 16
2775 3473 2857 3527 Ex
2900 3490 2932 3527 u
2976 3480 3133 3529 natur
3161 3475 3334 3531 Seml.
3365 3477 3528 3546 Leop.

1927 3544 2015 3600 'ait
2044 3541 2195 3600 tegit.
2238 3541 2286 3580 18
2311 3543 2644 3599 Nominatim
2671 3546 2807 3600 Jun.
2843 3491 3167 3600 1gfdditur
3211 3561 3320 3600 non
3351 3549 3527 3600 Fran.

227 3539 276 3580 ¹“¹
307 3544 396 3598 Ita
409 3542 669 3599 Wouwer.
705 3541 915 3614 Rigalt.
955 3545 1011 3614 et
1057 3542 1284 3608 melius,
1305 3542 1490 3614 judic.
1523 3539 1691 3599 Seml.
1742 3544 1862 3614 qui,
1882 3543 2015 3614 legit
2044 3541 2195 3614 tegit.
2238 3541 2286 3580 18
2311 3543 2644 3599 Nominatim
2671 3546 2807 3600 Jun.
2843 3545 2859 3581 ι

1742 3559 1839 3652 gut
1882 3559 2015 3622 tegit
2044 3559 2195 3667 tegit.
2242 3559 2286 3580 ιο
2311 3559 2644 3599 nominatim
2671 3559 2807 3600 Jun.
2843 3559 3167 3627 “nauatur
3211 3561 3320 3600 non
3351 3559 3527 3629 r'rart.

1782 3612 2047 3687 93c1ebat
2083 3629 2220 3668 atos
2265 3615 2384 3672 cod.
2431 3616 2694 3672 Wouwer.
2740 3621 2797 3671 et
2851 3618 2971 3687 Rtg.
3012 3615 3056 3654 ²¹
3129 3617 3190 3672 In
3221 3616 3386 3673 altera
3433 3623 3527 3672 mt

227 3614 322 3671 sed
349 3613 926 3685 ejicitgnegationeyng
945 3613 1080 3685 Jun.
1115 3629 1179 3668 ex
1206 3613 1316 3669 hoc
1357 3613 1520 3685 velari
1550 3615 1720 3670 Seml.

233 3683 409 3743 Frau.
430 3683 554 3740 Iniit
586 3683 712 3742 alii.
745 3684 794 3722 ²²
823 3683 1054 3754 Quidem
1089 3687 1262 3741 Fran.
1292 3685 1342 3724 93
1369 3684 1616 3740 Muliebri
1647 3686 1814 3743 Seml.

2965 3545 3167 3601 dditur
3211 3561 3320 3600 non
3351 3545 3527 3604 Frah.

1613 3782 2112 3847 Commentarius.

225 3886 425 3960 quippe
483 3887 768 3960 disciplina
811 3887 1051 3960 illustris
1106 3897 1231 3946 tunc
1285 3900 1419 3957 erat,
1476 3897 1536 3946 ut
1590 3888 1710 3945 aliis
1765 3889 1820 3945 in

225 3958 396 4014 rebus
422 3967 580 4015 vetus
616 3958 880 4014 Ecclesia.
909 3960 985 4012 La
1013 3961 1115 4014 Pa.

300 4031 402 4100 (19)
435 4031 557 4088 Non
582 4032 777 4100 minus
809 4031 962 4100 enim
993 4033 1049 4100 et
1075 4030 1175 4084 hoc
1204 4030 1329 4100 pati
1347 4031 1577 4088 nolunt.
1606 4031 1672 4085 Et
1696 4031 1819 4096 hoc,

224 4099 281 4157 id
314 4097 440 4168 est,
505 4099 787 4170 publicari,
820 4097 1010 4171 detegi
1057 4097 1237 4171 caput.
1279 4098 1386 4152 Sed
1433 4100 1609 4171 magis
1645 4101 1820 4171 placet

224 4169 580 4242 quorumdam
625 4169 1016 4242 exemplarium
1062 4169 1365 4242 scriptura;
1415 4191 1437 4218 α
1481 4169 1602 4225 Non
1645 4169 1822 4242 minus

225 4237 374 4297 enim
409 4246 462 4292 et
491 4240 595 4310 hoc
624 4237 735 4308 pati
750 4237 965 4310 volunt,
999 4258 1025 4290 »
1059 4247 1120 4294 ut
1157 4237 1260 4294 hoc
1297 4239 1367 4294 ad
1397 4248 1644 4310 stuprum
1683 4240 1822 4296 refe-

227 4316 411 4380 ratur,
430 4309 576 4380 quod
606 4309 831 4380 pr0pius
853 4315 955 4366 est.
984 4310 1108 4380 me.

300 4379 421 4451 (20)
437 4378 476 4436 0
493 4378 784 4451 sacrilegae
803 4386 1044 4438 manus!
1063 4378 1310 4451 Virgines
1323 4380 1438 4451 istae
1457 4381 1692 4436 dicatum
1711 4380 1823 4436 Deo

227 4439 820 4524 habituminduer'unt,
867 4461 921 4524 et
967 4439 1314 4524 sacrilegium
1366 4450 1470 4524 fuit
1527 4451 1821 4506 maximum
1858 4439 1902 4516 D

227 4519 379 4594 illum
408 4521 668 4594 attigisse.
701 4522 995 4594 Dionysius
1024 4519 1264 4594 Exiguus
1290 4521 1344 4576 in
1385 4523 1505 4580 Vita
1535 4523 1824 4580 Pachomii

225 4591 324 4666 ait,
355 4591 617 4666 sacratum
657 4608 778 4651 esse
815 4591 957 4666 hunc
993 4591 1262 4666 habitum:
1307 4613 1334 4646 tl
1366 4593 1610 4666 Eumque
1656 4595 1824 4649 susci-

223 4662 384 4737 piens
414 4662 598 4737 habitu
628 4665 874 4721 monachi
905 4664 1255 4737 consecravit.
1293 4685 1318 4718 ι
1355 4666 1424 4720 Et
1455 4662 1827 4737 Hieronymus

227 4733 301 4788 ad
328 4734 634 4810 Marcellam
666 4753 679 4790 :
729 4757 752 4788 ι
784 4737 1042 4792 Tunicam
1089 4736 1344 4810 fusiorem
1376 4736 1580 4810 induta,
1626 4733 1684 4792 se
1750 4753 1830 4793 re-

230 4814 396 4877 pente
437 4805 664 4861 Domino
691 4810 1035 4863 consecravit.
1071 4828 1094 4858 ι»
1130 4808 1261 4864 Lac.

308 4875 422 4948 (21)
452 4877 722 4950 Dicatum
759 4882 869 4950 Deo
905 4879 1184 4950 habitum.
1219 4877 1519 4950 Virginum,
1559 4879 1677 4935 alite
1717 4877 1832 4950 qui-

232 4946 358 5000 dem
412 4947 574 5017 capiti
630 4964 730 5004 suo
789 4949 1036 5005 velamen
1098 4946 1435 5016 induxerant,
1497 4950 1616 5005 aliae
1662 4946 1830 5006 libero

233 5019 412 5090 capite
469 5018 808 5090 intectoque
841 5028 1260 5090 permanserant.
1310 5021 1420 5076 Has
1472 5021 1834 5076 Tertullianus

234 5087 540 5162 hominum,
572 5087 816 5162 illas—Dei
841 5087 1093 5162 'virgirnes
1121 5091 1377 5162 appellat.
1427 5092 1533 5146 Sed
1576 5092 1831 5162 virgines,

232 5159 422 5235 intecti
456 5161 664 5235 capitis,
704 5159 1287 5235 offensae—discrimine
1321 5162 1413 5217 illo
1441 5163 1633 5235 velatae
1661 5159 1834 5235 virgié

232 5229 420 5313 uitatis
450 5272 463 5295 ,
495 5229 752 5313 'agebant
791 5232 1013 5313 querela
1059 5231 1292 5313 seandali
1326 5273 1341 5297 ,
1393 5229 1836 5313 postulabantque

231 5301 319 5376 uti
372 5300 672 5373 virginibus
724 5300 1023 5376 velamento
1052 5300 1510 5376 (interdicere—tur,
1568 5319 1637 5360 ne
1709 5300 1839 5376 quid

234 5372 430 5449 gelatae
459 5372 726 5444 gestarent
770 5376 918 5449 quod
955 5374 1208 5432 invidiam
1246 5374 1446 5449 faceret
1478 5389 1586 5449 non
1631 5372 1838 5449 velatis.

231 5443 303 5519 Et
332 5443 471 5519 forte
499 5455 760 5502 annuerat
784 5443 1071 5519 episeOpus
1099 5445 1845 5519 postulationiisucccensuit

240 5513 605 5591 Tertullianus
669 5513 926 5591 tanquam
972 5513 1298 5591 sacrilego.-
1355 5537 1379 5568 α
1436 5516 1590 5591 Quid
1663 5518 1843 5591 pejus,

243 5586 439 5660 inquit,
527 5588 722 5660 aliquis
783 5586 1124 5660 'persecutor
1191 5586 1482 5660 fecisset}
1545 5586 1839 5644 Denudasti

279 5656 479 5713 uellam
516 5673 549 5714 a
587 5656 783 5733 capite,
808 5656 867 5718 et
893 5667 1004 5717 tota
1034 5660 1146 5730 jam
1190 5660 1344 5734 virgo
1383 5658 1487 5715 sibi
1527 5675 1637 5717 non
1665 5667 1766 5716 est.
1808 5676 1836 5712 ι

293 5743 372 5786 IG.

2000 3889 2114 3969 (22)
2161 3889 2478 3969 ρθηαίίαειί
2506 3891 2784 3969 _puel_lam
2853 3893 3133 3969 a_capite.
3191 3894 3524 3969 Indignatur,

1931 3961 2083 4031 quasi
2111 3961 2420 4029 adjecturus
2451 3961 2586 4017 talos
2614 3963 2679 4017 ad
2710 3963 2867 4018 imos.
2899 3961 3024 4019 R16.

2007 4031 2121 4101 (23)
2146 4035 2213 4086 Et
2247 4036 2365 4105 tota
2380 4035 2507 4103 jam
2536 4035 2688 4105 virgo
2720 4034 2827 4090 sibi
2853 4051 2968 4090 non
3024 4040 3128 4091 est.
3168 4035 3385 4090 Etenim
3414 4045 3527 4094 toto

1933 4115 2162 4177 corpore
2202 4102 2544 4177 suffunditur,
2576 4102 2726 4172 quasi
2775 4105 3113 4176 devirginata
3168 4106 3526 4177 Spectantium

1927 4170 2099 4226 oculis
2136 4172 2473 4240 procacibus.
2506 4170 2631 4226 ltiti.
2935 4170 2966 4176 '
3195 4170 3214 4177 '
3557 4201 3560 4204 .

2005 4241 2119 4312 (24)
2152 4242 2521 4312 γιηαιιεναυὶι.
2552 4244 2777 4297 Rectum
2810 4259 2929 4298 esse
2959 4253 3085 4312 puto
3120 4262 3133 4298 :
3195 4247 3296 4301 etsi
3329 4261 3524 4303 manu-

1934 4310 2119 4381 scripti
2150 4311 2406 4377 habeant,
2441 4313 2504 4365 in
2546 4312 2730 4366 altera
2786 4310 3300 4381 iniit.ilnalteravit,
3331 4317 3525 4372 indidit

1936 4380 2112 4451 alteri,
2153 4381 2455 4449 conjunxit,
2485 4381 2745 4454 confudit,
2778 4391 2835 4437 ut
2864 4384 2970 4454 jam
3035 4385 3191 4439 ambo
3235 4380 3341 4440 una
3392 4387 3520 4454 sint,

1936 4468 1998 4507 ac
2041 4467 2174 4528 sese
2241 4459 2430 4507 mutuo
2486 4451 2809 4528 contineant.
2866 4451 2992 4524 Ipse
3037 4457 3196 4528 paulo
3241 4465 3416 4528 post:
3479 4451 3522 4516 Α

1931 4523 2170 4580 muliere
2190 4539 2307 4580 non
2334 4525 2631 4595 separavit,
2664 4527 2719 4578 et
2747 4540 2862 4579 non
2881 4523 3191 4596 separando
3219 4523 3526 4596 conjunxit

1934 4597 1986 4669 ei
2021 4612 2056 4650 a
2085 4613 2193 4668 qua
2219 4611 2335 4652 non
2347 4597 2651 4669 separavit.
2677 4596 2798 4649 Ιὶιο.
2819 4625 2890 4635 -
2911 4597 3270 4669 ζηαίίσναυίι.
3297 4596 3524 4669 Usurpat

1932 4668 2037 4721 hoc
2065 4666 2287 4730 Auctor,
2321 4666 2415 4736 pro
2449 4683 2561 4721 non
2593 4668 2882 4723 alteravit.
2917 4666 3066 4722 Sicut
3093 4668 3242 4734 alibi,
3263 4666 3522 4725 ἐνδεῖ·ἰὴιί-

1933 4739 2083 4800 nari,
2115 4753 2211 4807 pro
2242 4753 2359 4792 non
2389 4739 2706 4793 criminari.
2740 4739 2877 4792 PAM.

2007 4810 2122 4880 (25)
2140 4809 2419 4884 __Mulicris
2447 4813 2502 4884 ct
2531 4810 2781 4884 virginis.
2832 4808 3209 4884 Discriminant
3235 4811 3400 4884 vulgo
3428 4810 3519 4884 ita,

1934 4878 2233 4952 ut'mulier
2271 4878 2497 4952 proprie
2545 4878 2631 4952 sit
2659 4896 2778 4949 quae
2827 4879 3046 4950 nupsit,
3097 4892 3149 4936 et
3195 4898 3316 4952 quae
3334 4878 3525 4938 'habet

1937 4950 2140 5006 liberos
2170 4969 2189 5018 ;
2216 4951 2783 5024 virgoquze‘integra
2808 4959 2908 5015 est,
2938 4959 2998 5024 et
3036 4967 3160 5008 vere
3197 4950 3520 5024 incorrupta.

1940 5023 2020 5077 Ex
2041 5038 2147 5094 quia
2176 5020 2520 5094 distinctione
2549 5020 2762 5094 locutus
2808 5033 2889 5077 est
2937 5023 3311 5094 Hieronymus,
3361 5020 3524 5079 etiar-

1941 5091 2073 5149 rans
2106 5093 2238 5146 iliud
2267 5091 2441 5160 Oscae,
2476 5093 2750 5164 Sponsabo
2773 5099 2824 5149 te
2854 5095 3016 5157 mihi,
3049 5091 3149 5149 etc.
3192 5091 3306 5150 Hoc
3348 5103 3527 5150 tamen

1941 5165 2234 5236 discrimen
2264 5171 2465 5236 tantum
2505 5165 2755 5236 abestiut
2787 5167 2855 5218 sit
2888 5173 3222 5236 perpetuum,
3255 5174 3314 5220 ut
3352 5168 3528 5236 potius

1944 5238 2043 5289 sub
2100 5234 2340 5306 mulieris
2390 5234 2606 5290 nomine
2633 5235 2788 5306 virgo
2836 5234 3051 5306 qlioque
3097 5234 3444 5306 intelligatur,
3469 5245 3530 5292 ut

1945 5306 2032 5360 hic
2075 5305 2435 5361 Tertullianus
2454 5306 2548 5370 ait,
2583 5314 2636 5361 et
2666 5305 2912 5376 probabit
2942 5305 3098 5371 infra,
3133 5315 3237 5363 etc.
3267 5305 3396 5364 Lac.

2024 5377 2136 5447 (26)
2166 5379 2396 5449 Proprie
2425 5378 2787 5435 nominando.
2830 5379 2970 5434 Nota
2997 5378 3127 5432 mihi
3159 5380 3296 5436 hanc
3325 5393 3528 5449 vocem,

1952 5448 2286 5504 avertentem
2353 5448 2841 5504 Grammaticorum
2923 5449 3320 5505 distinctionem
3392 5448 3534 5502 inter

1952 5518 2171 5600 nomina
2230 5519 2446 5600 propria
2467 5527 2554 5600 __et
2609 5519 2945 5600 appellativa.
2988 5520 3086 5575 ilic
3119 5521 3273 5599 enim
3306 5520 3534 5600 proprie

1955 5587 2248 5647 nominare
2284 5587 2413 5662 dicit
2467 5587 2829 5646 Tertullianus
2873 5590 2940 5647 de
2985 5589 3203 5646 nomine
3243 5587 3538 5662 quod'ipsi

1946 5666 2140 5716 vocant
2166 5659 2566 5732 appellativum.
2599 5662 2723 5719 Rm.
