4028 6188
652 372 757 431 943

646 498 974 556 Naturaliter
1027 496 1409 567 compendium
1481 496 1748 553 sermonis
1804 503 1858 551 et
1918 503 2129 567 gratum
2190 501 2243 551 et

641 585 1002 643 necessarium
1032 589 1116 639 est
1147 601 1162 639 :
1192 584 1446 656 quoniam
1490 600 1671 640 sermo
1719 583 2015 639 laciniosus
2076 583 2188 655 (2’7)
2224 624 2238 652 ,

642 685 696 733 et
727 690 988 730 onerosus
1025 680 1080 728 et
1109 688 1282 729 vanus
1310 681 1411 729 est.
1465 672 1554 728 Sic
1584 683 1637 729 et
1684 671 2034 744 generalibus
2076 686 2241 730 voca-

641 765 786 820 bulis
852 763 1085 818 contenti
1127 778 1352 830 sumus,
1414 762 2006 833 comprehendentibus
2071 762 2126 816 in
2181 776 2241 816 se

638 852 953 926 specialium
996 851 1347 907 intellectum.
1376 850 1522 923 Ergo
1549 852 1660 919 jam
1686 851 1754 906 de
1793 851 2055 907 vocabulo
2089 850 2229 922 ipso.

635 942 891 998 Naturale
936 940 1256 996 vocabulum
1308 947 1389 995 est
1443 938 1681 1008 femina,
1750 938 2011 996 naturalis
2065 954 2235 996 voca.

637 1029 751 1085 buli
781 1030 895 1100 (28)
926 1028 1183 1100 generale
1213 1029 1421 1084 mulier.
1456 1027 1737 1085 Generalis
1786 1028 1945 1085 etiam
1987 1026 2237 1099 speciale,

637 1117 811 1189 virgo,
844 1117 925 1171 vel
983 1124 1167 1188 nupta,
1201 1117 1284 1174 vel
1313 1116 1492 1182 vidua,
1541 1116 1627 1172 vel
1674 1123 1805 1187 quot
1853 1116 2015 1172 etiam
2065 1123 2238 1171 aetatis

638 1207 858 1261 nomina
923 1206 1201 1262 accedunt.
1272 1205 1591 1276 Subjectum
1647 1206 1808 1278 igitur
1853 1212 1935 1260 est
2000 1204 2235 1279 generali

638 1294 895 1367 speciale,
938 1295 1063 1365 quia
1108 1291 1365 1365 generale
1415 1293 1567 1366 prius
1604 1301 1686 1349 est
1734 1303 1833 1351 :et
1864 1294 2235 1350 subsessivum

637 1383 969 1439 antecessivo
1001 1382 1068 1448 24,
1121 1390 1176 1436 et
1221 1382 1521 1454 portionale
1566 1383 1859 1439 universali
1893 1401 1906 1438 :
1939 1391 1992 1439 et
2029 1382 2083 1436 in
2114 1382 2235 1454 ipso

637 1471 955 1542 intelligitur
982 1471 1031 1510 2⁵
1069 1470 1153 1527 cui
1183 1470 1486 1541 subjicitur,
1521 1480 1576 1527 et
1614 1471 1667 1526 in
1696 1473 1817 1541 ipso
1847 1469 2015 1528 895
2056 1470 2232 1543 signi-

636 1558 847 1629 ﬁcatur,
896 1559 1020 1631 quia
1084 1559 1138 1613 in
1189 1559 1310 1629 ipso
1358 1559 1686 1615 continetur.
1718 1560 1808 1615 Sic
1862 1576 1963 1614 nec
2018 1575 2230 1629 manus,

638 1664 740 1704 nec
770 1664 888 1717 pes,
937 1664 1036 1703 nec
1082 1646 1248 1701 ullum
1304 1647 1677 1703 membrorum
1730 1648 2006 1703 desiderat
2053 1648 2229 1723 signi-

637 1734 803 1800 ﬁcari,
835 1750 1059 1803 corpore
1080 1735 1377 1790 nominato.
1407 1736 1473 1791 Et
1502 1735 1548 1789 si
1572 1737 1831 1793 mundum
1870 1736 2093 1803 dixeris,
2127 1736 2232 1793 illic

636 1825 735 1879 erit
762 1831 818 1877 et
847 1824 1064 1888 cretum,
1096 1832 1148 1877 et
1174 1838 1298 1892 quae
1336 1822 1391 1877 in
1440 1838 1527 1890 eo,
1559 1824 1640 1880 sol
1669 1835 1725 1881 et
1769 1824 1912 1893 luna,
1948 1833 2002 1881 et
2031 1825 2229 1896 sidera,

637 1919 691 1967 et
719 1919 883 1977 astra,
914 1918 968 1965 et
996 1918 1158 1981 terra,
1189 1918 1241 1966 et
1298 1910 1459 1983 freta,
1508 1914 1683 1968 omnis
1730 1930 1925 1970 census
1980 1914 2225 1969 elemen-

636 2007 833 2054 torum.
893 1999 1083 2055 Omnia
1132 1999 1369 2069 dixeris,
1421 2017 1544 2057 cum
1618 2002 1671 2056 id
1713 2002 1916 2059 dixeris
1962 2003 2106 2074 quod
2163 2018 2227 2057 ex

636 2087 886 2143 omnibus
939 2095 1169 2145 constat.
1226 2089 1317 2145 Sic
1382 2097 1434 2144 et
1512 2090 1790 2149 mulierem
1876 2090 2224 2161 nominando,

635 2175 895 2249 quidquid
921 2184 1003 2232 est
1022 2176 1266 2232 mulieris
1293 2178 1616 2234 nominavit.

1266 2316 1490 2373 CAPUT
1544 2318 1610 2374 V.

707 2442 814 2499 Sed
857 2440 1109 2513 quoniam
1170 2440 1244 2496 ita
1298 2441 1539 2497 mulieris
1593 2457 1789 2498 nomen
1829 2451 2106 2515 usurpant,
2169 2453 2227 2500 ut

636 2547 745 2588 non
774 2540 962 2602 putent
1007 2538 1311 2601 competere
1351 2530 1501 2600 illud,
1544 2530 1651 2586 nisi
1680 2532 1730 2588 ei
1759 2533 1859 2589 soli
1889 2550 2011 2605 quae
2050 2534 2224 2591 virum

636 2636 796 2694 passa
826 2621 936 2692 sit;
988 2620 1205 2690 probari
1246 2636 1278 2675 a
1334 2620 1491 2676 nobis
1546 2628 1778 2691 Oportet,
1837 2622 2223 2693 proprietatem

635 2712 758 2780 ejus
787 2709 1033 2766 vocabuli
1079 2708 1146 2763 ad
1200 2723 1389 2764 sexum
1445 2709 1659 2780 ipsum,
1720 2726 1826 2766 non
1875 2711 1939 2765 ad
1996 2712 2225 2784 gradum

630 2814 794 2854 sexus
841 2798 1126 2869 pertinere,
1176 2798 1324 2868 quod
1380 2798 1732 2854 communiter
1776 2800 1936 2853 etiam
1984 2799 2224 2873 virgines

632 2894 947 2944 censeantur
975 2886 1111 2957 (29).
1145 2886 1281 2943 Cum
1320 2887 1421 2943 hoc
1450 2902 1622 2958 genus
1674 2887 1897 2943 secundi
1928 2888 2163 2944 hominis
2192 2906 2223 2945 a

633 2974 746 3030 Deo
775 2974 975 3029 factum
995 2974 1150 3029 estin
1178 2973 1511 3045 adjutorium
1538 2974 1773 3030 hominis
1802 2976 1962 3046 (Gen.
1994 2991 2059 3045 ιι,
2093 2974 2183 3047 18)
2207 2993 2223 3044 ;

631 3063 829 3121 femina
858 3063 949 3118 illa
996 3062 1173 3120 statim
1220 3063 1415 3118 mulier
1459 3073 1539 3119 est
1586 3063 1984 3139 cegnominata,
2039 3064 2221 3119 adhuc

631 3153 757 3210 felix
815 3153 954 3226 (30,)
1024 3153 1201 3209 adhuc
1275 3153 1434 3226 digna
1489 3154 1780 3225 paradiso,
1838 3154 2011 3210 adhuc
2064 3154 2220 3225 virgo

638 3244 948 3308 Vocabitur,
1005 3241 1196 3313 inquit,
1259 3242 1470 3299 mulier
1520 3244 1681 3311 (Gen.
1739 3258 1801 3311 ιι,
1863 3243 1974 3314 23),
2044 3243 2219 3298 Habes

626 3331 812 3405 itaque
844 3347 1059 3400 nomen,
1093 3346 1204 3386 non
1231 3330 1352 3386 dico
1386 3331 1498 3400 jam
1527 3330 1723 3402 virgini
1762 3345 2074 3400 commune,
2121 3331 2217 3387 sed

626 3423 927 3495 proprium,
954 3420 1096 3493 quod
1126 3437 1158 3474 a
1188 3418 1453 3491 principio
1499 3418 1649 3492 virgo
1707 3420 1893 3475 sortita
1945 3429 2045 3477 est.
2113 3419 2218 3476 Sed

624 3512 907 3585 ingeniose
923 3510 1139 3582 quidam
1160 3509 1227 3564 de
1265 3508 1445 3566 futuro
1464 3509 1890 3575 voluntdictum,
1932 3509 2224 3566 Vocabitur

1325 370 1768 433 TERTULLIANI
1803 368 2074 430 OPERUM
2113 367 2279 428 PARS
2317 369 2386 427 ll.
2444 398 2517 412 —
2555 368 2782 430 SERlES
2824 369 2894 437 ll,
2939 368 3254 431 MORALIA.

3724 382 3806 441 944

2273 513 2319 591 A
2348 496 2579 564 mulier,
2620 495 2772 567 quasi
2821 510 2943 568 qua:
2980 495 3084 550 hoc
3126 492 3300 550 futura
3342 502 3484 567 esset,
3533 512 3633 553 cum
3654 500 3814 573 virgini.

2352 592 2515 639 tatem
2554 584 2910 655 resignasset:
2945 582 3205 655 quoniam
3229 590 3280 637 et
3305 582 3503 652 adjicit:
3531 586 3814 658 Propterea26

2348 674 2633 745 relinquet
2656 673 2815 731 homo
2830 675 3056 745 patrem
3068 675 3389 741 etmatrem,
3404 680 3452 726 et
3465 675 3816 747 conglutinabitur

2348 762 2560 817 mulieri
2592 777 2704 817 suae
2760 761 2895 834 (31),
2948 768 2999 816 et
3050 768 3208 816 erunt
3254 762 3357 817 duo
3387 759 3439 814 in
3490 777 3625 818 carne
3669 781 3748 821 una
3771 767 3814 822 7‘.

2348 850 2639 908 Ostendant
2669 851 2834 923 igitur
2865 850 2934 920 28,
2968 850 3139 921 primo
3170 849 3258 903 ubi
3313 848 3377 904 sit
3403 850 3643 906 subtilitas
3667 855 3755 917 ista,
3792 858 3817 909 si

2345 940 2413 995 de
2471 939 2648 995 futuro
2700 938 2895 995 mulier
2941 939 3313 1010 cognominata
3381 947 3459 993 est
3515 940 3637 1008 quod
3686 940 3819 998 interea

2345 1028 2665 1087 vocabulum
2714 1026 3020 1100 acceperit?
3045 1028 3166 1084 Non
3204 1033 3375 1099 potest
3419 1027 3550 1081 enim
3586 1026 3683 1082 sine
3716 1042 3821 1083 voca-

2344 1118 2473 1174 bulo
2550 1117 2835 1189 praesentis
2907 1115 3175 1190 qualitatis
3240 1130 3350 1171 sua:
3418 1113 3587 1169 fuisse.
3642 1114 3819 1171 Ceterum

2344 1207 2501 1280 quale
2537 1215 2640 1276 est,
2688 1214 2750 1263 ut
2795 1222 2918 1279 qum
2973 1206 3029 1261 in
3085 1204 3325 1260 futurum
3378 1210 3632 1260 vocaretur
3676 1203 3825 1259 nomine

2344 1294 2645 1369 designato,
2677 1298 2733 1353 in
2765 1296 3019 1368 praisenti
3048 1294 3181 1350 nihil
3214 1293 3681 1368 cognominaretur?
3701 1290 3824 1347 Omni-

2342 1383 2443 1440 bus
2487 1385 2806 1441 animalibus
2843 1384 3014 1440 Adam
3062 1382 3281 1441 nomina
3325 1380 3585 1451 imposuit,
3627 1389 3669 1435 ct
3694 1378 3829 1438 nemini

2341 1472 2392 1511 29
2420 1489 2485 1527 ex
2516 1474 2691 1529 futura
2717 1472 3050 1541 conditione,
3084 1471 3183 1529 sed
3212 1487 3278 1527 ex
3308 1470 3545 1540 praesenti
3564 1466 3822 1529 institutione,

2339 1563 2425 1617 cui
2479 1563 2717 1619 conditio
2772 1578 3111 1635 qumcunque
3191 1558 3439 1627 serviret,
3487 1558 3582 1614 hoc
3626 1554 3828 1626 appellata,

2338 1650 2479 1720 quod
2539 1667 2569 1705 a
2625 1649 2920 1723 primordio
2977 1650 3189 1719 voluit;
3252 1648 3379 1721 quid
3428 1661 3550 1718 ergo
3593 1654 3695 1699 tunc
3726 1657 3827 1698 voca-

2338 1740 2538 1795 batur?
2600 1738 2803 1810 Atquin
2852 1739 3339 1811 quotienscumque
3395 1737 3448 1791 in
3500 1734 3725 1805 Scriptura
3767 1745 3828 1783 no-

2338 1827 2591 1894 minatur,
2666 1827 2859 1883 mulier
2930 1824 3253 1899 appellatur,
3311 1835 3580 1895 antequam
3630 1830 3766 1892 nupta,
3800 1826 3829 1871 cl

2339 1934 2611 1991 nunquam
2650 1918 2799 1990 virgo
2848 1933 2968 1973 cum
3006 1916 3186 1990 virgo.
3228 1916 3345 1972 Hoc
3382 1928 3570 1970 nomen
3605 1920 3695 1967 tum
3723 1922 3829 1963 unum

2338 2006 2414 2063 illi
2469 2007 2588 2073 fuit,
2635 2016 2691 2063 et
2736 2006 2948 2078 quando
2990 2005 3128 2060 nihil
3180 2002 3358 2062 896
3414 2001 3693 2074 prephetico
3726 1996 3830 2050 modo

2335 2095 2535 2152 dictum
2573 2105 2655 2152 est
2700 2096 2833 2167 (32).
2893 2095 3026 2151 Nam
3073 2110 3201 2151 cum
3250 2092 3523 2164 Scriptura
3557 2089 3697 2145 refert
3728 2084 3832 2145 fuisse

2336 2184 2511 2240 nudos
2550 2184 2714 2255 duos,
2750 2184 2921 2238 Adam
2969 2184 3092 2253 (33)
3121 2189 3182 2238 et
3229 2180 3506 2235 mulierem
3542 2178 3662 2245 ejus,
3686 2186 3756 2227 nec
3774 2171 3833 2224 hoc

2334 2272 2404 2328 de
2457 2272 2635 2328 futuro
2690 2271 2831 2344 sapit
2889 2270 3045 2343 quasi
3097 2269 3399 2325 mulierem
3453 2263 3629 2321 dixerit
3671 2260 3760 2331 ejus
3802 2256 3833 2309 in

2336 2361 2598 2433 praesagio
2656 2359 2863 2426 uxoris,
2928 2358 3027 2414 sed
3074 2358 3345 2429 quoniam
3412 2363 3465 2411 et
3520 2354 3707 2423 innupta
3748 2344 3837 2399 illius

2334 2450 2547 2520 mulier,
2597 2458 2653 2505 ut
2679 2448 2746 2503 de
2782 2448 3077 2503 substantia
3114 2446 3333 2518 ipsius:
3377 2447 3501 2516 Hoc,
3538 2438 3700 2513 inquit,
3731 2448 3835 2492 0:61

2334 2535 2541 2594 ossibus
2571 2535 2732 2603 meis,
2766 2537 2822 2589 et
2850 2548 2979 2589 caro
3021 2548 3096 2590 ex
3126 2548 3310 2590 carne
3338 2546 3466 2587 mea
3494 2526 3737 2586 vocabitur
3760 2536 3837 2574 mtt-

2338 2625 2443 2680 lier
2473 2622 2605 2694 (34).
2636 2622 2772 2677 Hinc
2801 2637 2933 2694 ergo
2976 2621 3139 2677 tacita
3179 2618 3512 2678 conscientia
3548 2622 3735 2680 natura,
3768 2610 3837 2678 ipsa

2336 2711 2590 2767 divinitas
2619 2711 2811 2765 anima;
2841 2710 2896 2764 in
2926 2725 3086 2765 usum
3134 2709 3413 2766 sermonis
3451 2705 3634 2770 eduxit,
3666 2699 3837 2757 nescien-

2336 2801 2481 2856 tibus
2536 2799 2848 2856 hominibus
2901 2798 3061 2871 (sicut
3138 2809 3196 2856 ct
3270 2798 3378 2854 alia
3442 2796 3611 2859 multa,
3660 2803 3753 2862 qua:
3802 2798 3837 2838 εἰ

2338 2888 2617 2959 Scriptura
2646 2886 2757 2943 ﬁeri
2789 2894 2842 2942 et
2890 2885 2992 2942 dici
3020 2886 3210 2944 solere
3239 2885 3374 2941 alibi
3403 2882 3684 2958 poterimus
3720 2881 3840 2931 osten-
3910 2894 3911 2897 η

2338 2978 2509 3049 dere),
2543 2978 2619 3033 uti
2662 2977 2912 3032 mulieres
2957 2982 3176 3032 nostras
3213 2976 3462 3032 dicamus
3497 2984 3690 3029 uxores.
3719 2963 3838 3031 Quan-

2252 3080 2295 3159 ο
2324 3084 2481 3139 quam
2539 3075 2592 3123 et
2641 3064 2940 3138 imprOprie
2993 3066 3255 3135 qumdam
3309 3067 3767 3159 loquamurpnam
3811 3056 3841 3159 el

2329 3155 2506 3212 Graeci
2581 3154 2672 3227 qui
2744 3153 2915 3227 magis
2984 3154 3261 3211 vocabulo
3343 3150 3584 3208 mulieris
3643 3146 3688 3200 in
3742 3151 3841 3235 uxore

2328 3254 2569 3315 utuntur,
2620 3244 2724 3298 alia
2768 3244 2967 3299 habent
2998 3243 3225 3314 prepria
3277 3241 3541 3301 vocabula
3579 3238 3675 3311 (35)
3711 3242 3842 3292 uxoris.

2327 3334 2438 3390 Sed
2485 3333 2628 3388 malo
2681 3334 2823 3388 hunc
2868 3348 3027 3387 usum
3082 3334 3157 3386 ad
3222 3332 3528 3405 Scriptura:
3574 3320 3843 3385 testimonium

2330 3421 2608 3493 deputare.
2640 3419 2744 3477 Ubi
2772 3420 2914 3476 enim
2942 3420 3052 3475 duo
3081 3420 3139 3475 in
3171 3437 3350 3479 unam
3378 3433 3596 3477 carnem
3637 3409 3844 3470 ell‘iciunlﬂr

2333 3527 2430 3583 per
2458 3509 2782 3567 matrimonii
2818 3525 3021 3567 nexum
3053 3508 3198 3582 (36),
3232 3528 3367 3570 caro
3420 3526 3488 3566 ex
3515 3520 3661 3565 carne
3684 3510 3727 3558 et
3752 3506 3846 3554 0w

2014 3625 2202 3687 Variae
2245 3628 2557 3688 lectiones.

685 3735 735 3771 ²⁸ι
763 3733 834 3789 Ut
858 3732 977 3788 cod.
1011 3733 1208 3789 Wouw.
1242 3729 1623 3803 subeessivum
1641 3732 1803 3803 Paris
1848 3732 2031 3803 Venet.
2065 3732 2115 3803 2?
2145 3731 2483 3803 Intelligetur
2517 3731 2687 3803 Seml.
2718 3731 2767 3770 26
2795 3731 2909 3788 Alii
2935 3729 3066 3788 add.
3099 3730 3324 3803 adjicit.
3360 3732 3412 3772 ²¹ι
3445 3731 3503 3787 In
3531 3739 3726 3786 carnem
3747 3728 3847 3775 unam

615 3808 786 3862 Fran.
810 3804 860 3841 28
891 3803 1027 3859 Male
1066 3804 1130 3858 in
1173 3805 1359 3860 Venet.
1392 3804 1582 3858 exstat
1610 3801 1827 3874 legitur.
1866 3802 1915 3840 29
1943 3802 2231 3858 Neminem

2272 3802 2476 3860 Veneta
2504 3802 2676 3859 male.

2023 3902 2524 3967 Commentarius.

690 4006 802 4079 (2’7)
824 4008 1012 4065 Sermo
1046 4006 1372 4079 laciniosus.
1410 4006 1522 4063 Hoc
1548 4014 1649 4079 est,
1682 4005 1939 4063 diffusus.
1973 4008 2033 4062 In
2062 4007 2219 4064 libris

619 4078 899 4137 adversus.
922 4078 1241 4135 Marcioncm
1263 4078 1367 4134 hoc
1391 4078 1712 4134 vocabulum
1746 4079 1908 4133 etiam
1937 4079 2212 4150 reperias:

616 4152 689 4207 ita
718 4152 775 4205 in
796 4155 872 4208 De
889 4152 1051 4207 cultu
1078 4151 1435 4221 feminarum
1456 4170 1475 4205 :
1509 4169 1535 4201 α
1556 4151 1769 4221 Caetera
1788 4166 1916 4207 vero
1945 4150 2210 4221 corporis,

614 4222 889 4279 laeiniosis
929 4220 1261 4293 pomparum,
1313 4228 1366 4276 et
1408 4220 1719 4277 deliciarum
1771 4222 1991 4294 ineptiis
2041 4220 2211 4280 occu-

615 4311 764 4366 pare.
804 4315 827 4344 ι
866 4295 1049 4348 RIIEN.

686 4368 800 4437 (28)
864 4365 1159 4437 Naturalis
1198 4363 1472 4428 vocabuli,
1516 4372 1618 4420 etc.
1666 4362 1837 4437 Etiam
1870 4363 2027 4437 apud
2058 4364 2213 4421 Jure-

613 4434 885 4492 consultos
918 4480 932 4502 ,
1004 4436 1289 4491 mulierem
1346 4437 1600 4506 generale
1655 4434 1979 4492 vocabulum
2037 4450 2160 4490 esse
2194 4478 2207 4503 ,

2400 4006 2515 4079 (32)
2540 4006 2869 4081 Prophetico
2896 4006 3058 4081 modo
3081 4006 3327 4066 dictum
3371 4013 3480 4069 est.
3514 3993 3854 4081 Namprpphéf

2325 4073 2505 4135 solent
2532 4081 2600 4135 de
2631 4073 2823 4135 futuris
2848 4095 2949 4137 ceu
2996 4079 3063 4151 de
3107 4073 3680 4151 praesentibusloquii
3700 4073 3852 4151 .593???

2326 4152 2577 4224 eumdem
2636 4152 2811 4222 habet,
2869 4150 3022 4224 quod
3055 4222 3066 4224 Α
3097 4142 3385 4224 sequitur,
3450 4150 3521 4206 ad
3580 4142 3855 4224 protith

2326 4189 2577 4206 .............
2637 4189 2792 4207 ..μυ-η
2920 4189 3022 4207 ..νυ
3097 4189 3158 4207 συ
3210 4189 3351 4209 ψη..
3450 4189 3521 4206 ,ω
3621 4189 3670 4201 ,ν
3709 4189 3772 4196 μ--

2249 4189 2294 4265 D
2323 4223 2605 4309 rat/ignora.
2636 4189 3295 4309 item,’ad:ipr0pheti\:im‘
3316 4189 3854 4309 in’terpretle‘tptim

2393 4293 2508 4366 (33)
2548 4294 2733 4351 Fuisse
2776 4287 2956 4352 nudos
2995 4287 3155 4365 duos,
3204 4296 3422 4364 Adam,
3466 4287 3752 4366 etc._Ver_ba
3783 4287 3836 4366 ξιξ

2322 4352 2468 4437 garis
2494 4352 2800 4437 interpretis
2830 4374 2952 4421 sunt
2980 4381 3024 4420 ιι
3215 4352 3546 4422 Geneseos:
3582 4361 3703 4437 Era!
3726 4352 3855 4437 ακξξῗξ

2320 4413 2557 4508 aterque
2596 4413 2798 4502 n‘udus,
2847 4437 3027 4508 Adam
3071 4413 3304 4495 scilicet
3333 4440 3395 4493 et
3454 4452 3603 4493 uxor
3636 4433 3751 4502 eju‘t

2318 4498 2678 4563 Tertullianus
2728 4498 3024 4564 conformis
3072 4516 3158 4563 est
3198 4508 3261 4563 in
3305 4508 3605 4573 vertendo;
3646 4498 3743 4556 nam
3780 4498 3857 4573 (Ηυξ

2318 4578 2374 4652 in
2421 4580 2613 4635 Graeco
2663 4563 2908 4652 sitquva,
2953 4594 3183 4652 semper
3224 4563 3425 4635 reddit
3455 4563 3682 4652 mulier,
3714 4579 3793 4624 non
3823 4563 3858 4611 υί

2319 4650 2601 4721 interpres,
2633 4650 2727 4722 qui
2752 4649 2863 4719 jam
2890 4651 3123 4717 mulier,
3164 4650 3285 4719 jam
3318 4666 3499 4708 uxor.
3541 4649 3702 4722 an.“
3795 4696 3836 4722 ﬂ,

2392 4699 2446 4790 ('3'
2454 4699 2509 4789 Ξ)
2525 4699 3009 4779 ξάνῗῖὲῶψᾷιῆκῖ
3022 4699 3527 4779 aerisaut-"tit.-
3541 4699 3764 4774 item
3778 4699 3859 4790 .ij

2316 4770 2663 4862 praetermisit
2701 4770 2986 4849 vv'oculamv
3026 4770 3524 4860 Graecari-vomu),
3599 4798 3649 4843 οι
3700 4770 3861 4862 Pmiﬁdf

2315 4853 2434 4918 sine
2510 4864 2850 4920 distinctione
2905 4863 3187 4934 conjunxit
3271 4853 3387 4919 duo
3448 4853 3714 4934 commata.
3764 4853 3859 4934 ξφ

2315 4935 2470 4991 aliter
2498 4935 2686 4992 Grmce
2711 4919 2766 4991 et
2792 4919 2975 4991 Latine
3007 4919 3253 5007 legatur,
3290 4934 3418 4992 hwc
3451 4919 3737 5007 vocabit”.

2386 5007 2497 5087 (3b)
2533 4990 2674 5087 .Alia
2715 5008 2919 5087 habent
2941 4990 3181 5087 prppria
3220 4990 3528 5087 vocabula.
3565 4990 3859 5087 lincng

2313 5069 2576 5149 imprimis
2613 5079 2757 5150 quod
2810 5069 2959 5135 uxor.
3000 5069 3211 5150 dicatur
3238 5118 3253 5144 ,
3289 5076 3516 5150 Platoni
3564 5069 3855 5150 lih‘xt-T

2311 5143 2532 5226 palsy},
2565 5143 3036 5226 quemadmodum
3068 5149 3450 5226 xenOphonti
3501 5149 3556 5203 in
3601 5143 3852 5226 (Ειξοηῇξξῗ

2310 5211 2409 5277 eis.
2439 5211 2643 5277 Deinde
2679 5223 2795 5277 haec
2823 5229 2951 5277 sunt
2988 5211 3263 5290 ejusdem-
3294 5232 3621 5292 synonyma,
3649 5211 3851 5280 σόηαμθῖι

2312 5293 2503 5366 ἄλοχος,
2524 5294 2728 5363 ἄκοιτις,
2758 5294 3058 5366 παράκοιτις.
3088 5292 3236 5366 ΡΔὶέ.

2531 5345 3139 5422 Matrimoniinexum.
3176 5345 3393 5419 Didoni
3421 5361 3565 5433 apud
3594 5359 3777 5413 Pactam
3796 5345 3855 5395 85‘

2312 5438 2589 5494 vinculum
2605 5438 2792 5510 jugale
2817 5454 2829 5493 :

2555 5542 2625 5595 Ne
2658 5543 2737 5594 cui
2766 5557 2847 5594 me
2870 5541 3035 5594 vinclo
3069 5537 3256 5591 vellem
3289 5539 3487 5590 sociare
3512 5532 3664 5600 jugali

2305 5641 2399 5697 lib.
2426 5656 2484 5698 Iv
2511 5643 2726 5703 zEneid.
2759 5640 3056 5716 Gregorius
3083 5638 3279 5709 Nyss.,
3317 5636 3417 5695 lib.
3452 5635 3520 5696 de
3560 5634 3691 5703 Virg-
3716 5610 3854 5691 Call-3

610 4506 1096 4580 patetex‘Ulpiano
1127 4507 1167 4560 Ι.
1190 4509 1510 4580 quaeritur;
1544 4506 1611 4560 D.
1647 4506 1712 4561 de
1734 4506 1963 4580 _.»Edilit.
2005 4506 2207 4577 edicto,

611 4576 706 4635 ubi
750 4576 955 4634 mulier
972 4578 1133 4633 etiam
1168 4576 1367 4634 dicitur
1413 4592 1497 4643 ea,
1546 4592 1666 4648 quae
1696 4576 1870 4633 virum
1902 4592 2010 4633 non
2039 4592 2212 4649 agno-

610 4650 704 4709 vit.
758 4652 895 4706 PAM.

683 4722 796 4793 (29)
823 4722 973 4793 Quod
983 4721 1362 4793 communiter
1373 4720 1548 4777 etiam
1568 4720 1819 4792 virgines
1840 4724 2204 4793 censeantur.

608 4791 892 4850 Communi
913 4791 1126 4846 nomine
1154 4791 1392 4845 mulieris
1420 4791 1850 4863 comprehensae.
1883 4792 2009 4847 Rm.

678 4864 793 4936 (30)
825 4864 1016 4936 Adhuc
1045 4864 1211 4931 felix,
1262 4872 1363 4936 etc.
1412 4863 1504 4936 Ita
1544 4864 1739 4933 probat
1780 4880 1933 4936 suam
1974 4870 2204 4936 senten-

606 4932 733 4989 tiam
775 4932 1157 4999 Tertullianus,
1208 4933 1293 4987 cui
1340 4932 1551 4988 institit
1590 4934 1913 4990 Ambrosius
1974 4934 2070 4989 lib.
2140 4934 2207 4990 de

607 5008 747 5062 Inst.
776 5008 921 5079 virg.
948 5019 996 5058 c.
1036 5006 1106 5075 ὃς
1164 5004 1422 5079 Denique
1454 5007 1753 5079 virginitas
1780 5008 2066 5079 (primum
2105 5006 2205 5061 hoc

605 5094 834 5143 nomen,
874 5077 926 5131 id
955 5087 1037 5131 est
1064 5091 1263 5131 nomen
1294 5076 1554 5150 mulieris,
1599 5076 1835 5150 accepit.
1898 5080 2038 5134 Nam
2069 5093 2204 5132 cum

603 5152 936 5221 sumpsisset
960 5150 1102 5221 Deus
1122 5165 1297 5204 unam
1328 5149 1393 5205 de
1420 5150 1586 5204 costis
1598 5148 1749 5221 Adin,
1764 5153 1819 5221 et
1838 5149 2205 5221 supplevisset

604 5220 836 5276 carnem
868 5222 931 5275 in
955 5220 1138 5276 locum
1167 5222 1370 5291 ipsius,
1404 5220 1706 5289 aediﬁcavit
1733 5261 1747 5287 ,
1766 5220 1955 5292 inquit
1985 5237 2110 5277 eam
2138 5221 2202 5275 in

602 5293 1138 5364 muliere-m.Utiq—ue
1167 5292 1582 5364 adhuc_virum
1608 5308 1724 5347 non
1753 5295 2101 5362 cognoverat,
2145 5294 2205 5347 et

592 5368 715 5436 jam
740 5365 949 5420 mulier
973 5362 1140 5436 vocab
1158 5367 1314 5436 (itur.
1358 5362 1492 5436 Lac.

669 5438 782 5506 (31)
812 5435 1119 5506 Conglutin
1132 5434 1348 5506 ubatur
1366 5434 1600 5506 mulieri
1611 5449 1762 5506 sum.
1782 5432 1866 5486 Ad
1898 5433 2117 5488 verbum
2141 5448 2203 5506 ex

592 5500 786 5578 Graeci)
808 5500 1077 5561 transtulit
1131 5500 1246 5578 ilutl
1279 5520 1293 5557 :
1324 5501 1402 5555 καὶ
1419 5503 1903 5578 Δξεροςηιολληεξήσεεῇται
1938 5505 2202 5578 τῇγνναςκὶ

592 5577 949 5700 ῗῦτοῦ,Ρνοςρ
976 5573 1277 5644 composita
1314 5589 1344 5628 a
1374 5574 1550 5639 κόλλα,
1594 5574 1737 5645 quod
1778 5573 1980 5647 gluten'
2018 5573 2194 5647 signi-

610 5656 734 5700 tcat.
817 5661 916 5700 ΑΜ.

610 5656 734 5701 teat.
777 5656 916 5701 ΡΛΜ.
