4028 6188
187 353 300 415 945

1259 351 1455 413 LIBER
1491 351 1575 412 DE
1640 347 2013 412 VIRGINIBUS
2049 350 2392 414 VELANDIS.

3389 361 3498 423 946

191 479 433 546 ossibus,
491 481 712 534 vocatur
757 475 1050 533 secundum
1107 477 1369 553 originem
1415 477 1611 534 mulier
1655 479 1795 548 ejus,
1827 491 1874 572 Α
1903 476 2164 551 virginem
2228 488 2436 538 constat
2515 480 2717 553 fuisse,
2773 482 2903 540 licet
2965 485 3174 542 Hebion
3259 486 3494 545 resistat.

192 585 262 626 ex
317 568 474 638 cujus
546 566 850 622 substantia
925 566 1110 637 incipit
1177 568 1384 624 censeri
1438 568 1576 624 facta
1640 581 1791 622 uxor.

190 661 273 714 Ita
309 657 510 712 mulier
541 669 653 710 non
695 664 891 711 natura
931 646 1128 713 nomen
1169 665 1250 713 est
1290 657 1498 727 uxoris,
1531 656 1625 712 sed
1656 671 1794 710 uxor

188 745 506 804 Conditione
553 743 603 783 ³ο
647 758 844 799 nomen
891 752 974 802 est
1017 744 1280 801 mulieris.
1309 745 1552 818 Denique
1596 744 1791 800 mulier

189 845 248 892 et
295 850 403 891 non
451 848 589 888 uxor
641 832 748 887 dici
805 838 1002 902 potest,
1035 847 1144 889 non
1197 834 1392 890 mulier
1429 842 1608 890 autem
1658 848 1790 888 uxor

189 923 300 979 dici
350 936 458 977 non
517 926 712 992 potest,
743 918 868 990 quia
921 936 1021 976 nec
1076 936 1216 980 esse.
1274 921 1577 978 Constituto
1623 921 1790 994 igitur

189 1011 418 1068 nomine
455 1024 610 1065 novae
639 1008 877 1076 feminae,
907 1008 1048 1078 quod
1080 1018 1162 1064 est
1200 1010 1414 1078 mulier,
1447 1019 1498 1066 et
1529 1011 1787 1078 explicito

193 1101 339 1174 quod
379 1100 531 1173 prius
570 1097 690 1168 fuit,
723 1097 776 1152 id
826 1106 908 1153 est
941 1099 1160 1155 nomine
1197 1100 1488 1174 assignato,
1522 1100 1788 1158 convertit

193 1191 307 1261 jam
335 1189 402 1244 ad
440 1187 810 1259 propheticam
840 1187 1124 1256 rationem,
1157 1187 1232 1244 uti
1271 1189 1471 1244 diceret
1500 1206 1513 1244 :
1549 1191 1785 1263 PrOpter

187 1278 334 1336 hanc
354 1279 644 1349 relinquet
667 1275 825 1333 homo
845 1280 1068 1350 patrem
1089 1281 1142 1335 et
1172 1282 1438 1334 matrem.
1462 1277 1614 1334 Adeo
1636 1293 1783 1350 sepa-

187 1377 364 1425 ratum
398 1373 482 1424 est
517 1381 718 1422 nomen
761 1381 792 1419 a
829 1366 1135 1437 prophetia,
1169 1374 1434 1439 quantum
1465 1377 1519 1423 et
1558 1368 1625 1422 ab
1663 1366 1781 1438 ipsa

187 1472 440 1530 persona,
475 1463 534 1511 ut
569 1471 675 1512 non
715 1454 896 1526 utique
936 1455 1003 1510 de
1044 1456 1159 1526 ipsa
1196 1455 1308 1510 Eva
1345 1455 1557 1523 dixerit,
1590 1455 1685 1512 sed
1723 1457 1779 1511 in

190 1547 311 1602 illas
366 1545 592 1600 feminas
664 1543 896 1612 futuras,
955 1560 1087 1615 quas
1152 1543 1206 1598 in
1280 1543 1500 1601 matrice
1563 1543 1778 1619 generis

190 1633 436 1692 feminini
491 1631 799 1689 nominarit.
844 1631 1082 1704 Alioqui,
1125 1647 1232 1687 non
1277 1633 1447 1688 Adam
1492 1632 1780 1690 relicturus

189 1733 304 1782 erat
334 1731 543 1795 patrem
583 1729 638 1777 et
673 1729 924 1787 matrem,
955 1737 1091 1795 quos
1133 1737 1241 1777 non
1279 1722 1528 1788 habebat,
1561 1729 1784 1791 preptcr

1901 567 2152 640 Agnosco
2199 577 2251 625 et
2297 571 2550 642 angelum
2591 571 2903 628 Gabrielem
2948 573 3015 628 ad
3052 574 3317 647 virginem
3361 576 3492 632 mis-

1899 669 2047 727 sum;
2079 657 2174 711 sed
2211 673 2335 714 cum
2374 659 2651 715 benedicit
2688 660 2859 724 illam,
2890 661 3032 717 inter
3078 663 3353 731 mulieres,
3387 681 3496 721 non

1897 744 2035 800 inter
2070 745 2306 818 virgines
2342 748 2561 820 deputat
2602 767 2616 804 :
2659 749 2962 808 Benedicta
3003 756 3067 808 tu
3103 754 3258 809 inter
3286 755 3494 812 mulie-

1895 848 1985 891 res
2022 835 2139 906 (39)
2188 838 2342 905 (Luc.
2373 854 2411 905 1,
2444 839 2560 911 28).
2597 840 2812 896 Sciebat
2853 849 2906 896 et
2947 843 3176 914 angelus
3214 844 3498 902 mulierem

1894 921 2054 977 etiam
2093 923 2358 994 virginem
2399 926 2528 984 dici.
2564 928 2669 984 Sed
2707 936 2762 984 et
2799 929 2867 984 ad
2909 930 3026 986 hinc
3063 931 3172 986 duo
3210 931 3499 1004 ingeniose

1892 1010 2109 1081 quidam
2148 1015 2498 1085 reSpondisse
2543 1016 2650 1071 sibi
2694 1019 2842 1074 visus
2881 1027 2960 1074 est
3010 1037 3023 1074 :
3074 1021 3329 1092 quoniam
3379 1021 3499 1094 qui-

1891 1099 2013 1154 dem
2054 1100 2381 1173 desponsata
2421 1111 2505 1159 est
2552 1107 2736 1174 Maria,
2769 1105 2973 1163 idcirco
3015 1116 3068 1164 et
3109 1109 3177 1162 ab
3215 1109 3413 1182 angelo
3444 1119 3498 1167 et

1889 1186 1957 1241 ab
1995 1190 2239 1260 apostolo
2305 1191 2584 1250 mulierem
2643 1195 3047 1266 pronuntiatam
3102 1215 3115 1250 :
3167 1197 3496 1270 desponsata

1894 1275 2040 1330 enim
2093 1277 2498 1348 quodammodo
2567 1290 2762 1353 nupta;
2806 1291 2981 1340 tamen
3036 1284 3176 1340 inter
3227 1287 3493 1357 quodam-

1887 1365 2068 1431 modo,
2111 1376 2165 1421 et
2213 1383 2420 1436 verum,
2468 1359 2599 1425 satis
2645 1369 2871 1427 interest
2927 1373 3186 1429 duntaxat
3233 1373 3288 1428 in
3335 1374 3486 1446 loco;

1891 1466 2017 1507 nam
2065 1455 2192 1510 alibi
2228 1455 2303 1512 ita
2345 1473 2475 1513 sane
2523 1459 2831 1516 habendum
2879 1469 2982 1519 est.
3021 1463 3179 1519 Nunc
3216 1479 3342 1520 vero
3383 1479 3490 1520 non

1885 1540 2036 1611 quasi
2074 1542 2188 1610 jam
2225 1554 2445 1615 nuptam
2492 1547 2774 1606 mulierem
2818 1550 3041 1608 Mariam
3101 1552 3489 1622 pronuntiave-

1891 1626 2046 1699 runt,
2064 1628 2229 1689 898
2269 1635 2362 1689 sed
2390 1635 2543 1707 quasi
2593 1637 2940 1694 nihilominus
2976 1640 3249 1707 feminam,
3281 1642 3492 1699 etiamsi

1891 1733 1998 1775 non
2043 1736 2318 1792 Sponsam,
2349 1724 2501 1795 quasi
2547 1725 2648 1781 hoc
2689 1743 2719 1781 a
2757 1728 3053 1797 primordio
3093 1730 3311 1786 dictam.
3347 1731 3488 1788 Illud

199 1786 394 1869 Evam.
423 1812 568 1884 Ergo
615 1825 726 1866 non
781 1810 848 1865 ad
895 1786 1063 1867 Evam
1118 1810 1368 1881 pertinet,
1397 1786 1523 1882 quia
1561 1786 1678 1866 hec
1715 1810 1782 1864 ad
1817 1786 1861 1863 Β
1889 1809 2031 1864 enim
2061 1786 2381 1881 przejudicet
2405 1828 2628 1869 necesse
2657 1786 2822 1884 est,.a
2848 1831 2954 1887 quo
2981 1814 3153 1872 forma
3183 1786 3483 1879 descendi—ti.

206 1901 403 1967 Adam,
434 1899 574 1972 quod
619 1899 930 1972 prophetice
975 1898 1182 1956 dictum
1221 1908 1320 1957 est.
1353 1900 1433 1956 De
1476 1899 1787 1955 maritorum

189 1991 341 2046 enim
387 1989 688 2046 conditione
732 1987 1075 2060 praedictum,
1107 1988 1200 2060 qui
1243 1990 1312 2045 ob
1356 1989 1638 2045 mulierem
1685 2005 1785 2059 pa-

186 2087 365 2136 rentes
412 2092 542 2134 suos
590 2086 741 2134 erant
783 2077 1022 2133 relicturi
1055 2095 1068 2132 :
1107 2079 1250 2150 quod
1296 2078 1352 2133 in
1390 2077 1557 2132 Evam
1597 2077 1785 2132 cadere

185 2184 297 2226 non
329 2167 524 2240 potuit,
556 2166 684 2239 quia
719 2182 820 2222 nec
862 2165 917 2220 in
947 2165 1138 2225 Adam.
1172 2166 1226 2222 Si
1255 2167 1328 2222 ita
1370 2183 1455 2222 res
1481 2175 1580 2235 est,
1612 2181 1782 2237 appa-

187 2265 272 2313 ret
300 2271 408 2312 non
452 2263 678 2327 propter
717 2255 953 2310 futurum
999 2256 1277 2310 mulierem
1323 2255 1778 2327 cognominatam,

189 2347 254 2401 ad
294 2360 455 2418 quam
498 2344 744 2400 futurum
771 2359 878 2399 non
904 2343 1233 2416 pertinebat.
1267 2346 1348 2400 Eo
1378 2343 1602 2412 accedit,
1633 2343 1780 2414 quod

187 2436 305 2506 ipse
361 2434 627 2490 rationem
698 2435 818 2503 ejus
891 2433 1122 2488 nominis
1198 2433 1381 2489 edidit.
1442 2433 1575 2489 Cum
1637 2432 1778 2488 enim

184 2525 411 2581 dixisset
443 2542 456 2579 :
498 2523 790 2581 Vocabitur
819 2519 988 2578 897
1030 2523 1256 2588 mulier,
1289 2521 1495 2577 addidit
1517 2522 1563 2561 31
1597 2539 1612 2576 :
1645 2538 1778 2594 quo-

184 2617 344 2671 niam
371 2631 445 2671 ex
484 2617 601 2670 viro
632 2629 731 2669 suo
760 2617 986 2688 sumpta
1013 2616 1096 2670 est
1127 2613 1194 2674 ³2.
1226 2619 1278 2668 ει
1312 2611 1431 2682 ipso
1455 2611 1628 2667 adhuc
1662 2612 1778 2667 vir-

183 2704 332 2777 gine.
357 2703 463 2759 Sed
494 2702 734 2758 dicemus
763 2713 816 2758 et
844 2702 912 2756 de
940 2701 1043 2757 viri
1065 2701 1282 2758 nomine
1313 2716 1411 2757 suo
1439 2701 1582 2756 loco.
1604 2700 1775 2756 Nemo

177 2794 356 2866 itaque
409 2805 606 2848 nomen
663 2789 731 2843 ad
791 2790 1134 2862 prophetiam
1188 2789 1596 2862 interpretetur,
1627 2787 1776 2861 quod

176 2898 241 2937 ex
300 2880 404 2935 alia
460 2877 852 2952 signiﬁcatione
908 2879 1197 2934 deductum
1254 2887 1338 2934 est
1394 2896 1408 2933 :
1466 2877 1772 2949 praesertim

174 2987 301 3029 cum
353 2975 632 3041 appareat,
691 2967 782 3024 ubi
837 2968 907 3024 de
973 2968 1155 3025 futuro
1219 2983 1420 3025 nomen
1474 2967 1768 3038 acceperit,

1896 1897 2161 1954 Caeterum
2189 1899 2336 1970 quod
2374 1900 2637 1973 pertineat
2666 1901 2713 1941 ³4
2739 1903 2806 1957 ad
2846 1903 2951 1960 hoc
2979 1905 3294 1974 capitulum,
3327 1907 3373 1962 si
3400 1909 3488 1965 hic

1895 1985 2232 2056 desponsatas
2287 1988 2620 2062 adaequatur,
2671 1999 2732 2047 ut
2785 1990 2910 2048 ideo
2965 1991 3162 2048 mulier
3216 1993 3359 2049 dicta
3411 1997 3482 2050 sit

1891 2075 2077 2142 Maria,
2109 2091 2217 2132 non
2263 2094 2372 2149 qua
2409 2077 2458 2118 35
2500 2077 2716 2145 femina,
2752 2081 2846 2136 sed
2892 2097 3006 2152 qua
3049 2080 3241 2138 marita
3268 2081 3346 2150 36;
3373 2083 3485 2152 jam

1893 2179 2027 2236 ergo
2077 2165 2324 2221 Christus
2371 2182 2479 2223 non
2535 2183 2600 2224 ex
2653 2169 2866 2240 virgine
2913 2176 3068 2227 natus
3112 2179 3214 2236 est,
3248 2171 3374 2244 quia
3417 2187 3485 2229 ex

1891 2252 2231 2326 desponsata,
2260 2272 2379 2327 quae
2426 2257 2581 2331 virgo
2648 2274 2768 2314 esse
2831 2259 3052 2315 desierit
3096 2261 3202 2318 hoc
3248 2261 3481 2318 nomine.

1890 2340 2050 2410 Quod
2088 2343 2135 2398 si
2176 2360 2243 2400 ex
2291 2345 2497 2417 virgine
2542 2353 2700 2402 natus
2737 2356 2838 2415 est,
2870 2348 2998 2404 licet
3035 2365 3100 2405 ex
3141 2351 3484 2419 desponsata,

1890 2435 2063 2487 tamen
2119 2434 2354 2508 integra,
2385 2451 2618 2508 agnosce
2673 2435 2950 2492 mulierem
3009 2438 3169 2492 etiam
3199 2439 3483 2510 virginem,

1887 2521 2048 2577 etiam
2116 2524 2380 2598 integram
2434 2525 2560 2582 dici.
2613 2525 2712 2581 Hic
2767 2533 2914 2581 certe
2977 2525 3113 2581 nihil
3169 2528 3484 2600 prophetice

1887 2608 2083 2666 dictum
2128 2612 2299 2669 videri
2347 2623 2542 2683 potest,
2575 2621 2634 2668 ut
2672 2613 2913 2671 futuram
2951 2615 3259 2688 mulierem,
3288 2618 3340 2672 id
3378 2626 3482 2684 est,

1885 2709 2106 2769 nuptam
2161 2700 2453 2772 Apostolus
2511 2701 2803 2756 nominarit
2859 2702 3112 2772 dicendo,
3144 2707 3368 2776 factum
3413 2721 3486 2763 ea:

1884 2790 2144 2846 muliere.
2184 2790 2305 2846 Non
2341 2789 2484 2846 enim
2532 2799 2740 2859 poterat
2795 2791 3154 2862 posteriorem
3203 2793 3486 2850 mulierem

1885 2877 2182 2944 nominare,
2226 2879 2292 2934 de
2341 2895 2448 2950 qua
2494 2878 2741 2935 Christus
2789 2879 2937 2934 nasci
2985 2894 3095 2935 non
3143 2880 3397 2948 habebat,
3429 2883 3486 2937 id

1878 2972 1980 3032 est,
2022 2966 2198 3022 virum
2247 2983 2464 3038 passam
2515 2986 2529 3023 :
2579 2968 2678 3024 sed
2727 2969 2818 3024 illa
2875 2984 3000 3041 quae
3048 2977 3165 3026 erat
3217 2987 3482 3041 praesens,

175 3058 296 3114 illic
338 3057 562 3130 scilicet,
590 3057 685 3114 ubi
731 3058 840 3115 Eva
885 3057 1315 3133 cegnominatur,
1346 3055 1618 3128 personali
1658 3057 1772 3126 jam
1806 3034 1849 3112 ε
1877 3071 1997 3125 quae
2035 3063 2148 3112 erat
2191 3056 2366 3128 virgo,
2397 3065 2450 3112 et
2495 3057 2688 3113 mulier
2744 3058 3037 3115 vocabatur
3083 3075 3183 3130 per
3228 3062 3277 3099 2⁷
3320 3077 3484 3118 voca-

175 3147 461 3214 vocabulo,
491 3146 615 3218 quia
670 3146 910 3204 naturale
958 3153 1326 3219 praecesserat.
1369 3145 1425 3201 Si
1471 3145 1615 3201 enim
1659 3144 1770 3203 Eva

175 3246 344 3292 mater
379 3235 681 3295 viventium
720 3244 820 3303 est,
853 3251 981 3293 ecce
1013 3251 1078 3292 ex
1118 3238 1295 3292 futuro
1334 3235 1768 3311 cognominatur,

173 3342 300 3384 ecce
356 3341 496 3381 uxor
547 3332 601 3382 et
653 3339 762 3382 non
817 3325 970 3397 virgo
1041 3325 1449 3396 praenuntiatum
1499 3327 1614 3381 Hoc
1669 3323 1772 3380 erit

176 3414 496 3472 vocabulum
543 3421 794 3483 nupturae
859 3431 874 3468 :
925 3429 990 3469 ex
1057 3422 1224 3485 nupta
1276 3413 1420 3468 enim
1477 3420 1662 3469 mater.
1692 3413 1770 3467 Ita

177 3503 266 3560 hic
293 3516 518 3575 quoque
544 3502 866 3568 ostenditur,
897 3517 1004 3558 non
1035 3503 1101 3558 de
1128 3502 1307 3560 futuro
1337 3502 1614 3559 mulierem
1647 3511 1773 3558 tunc

173 3592 522 3657 nominatam,
557 3607 680 3662 quae
724 3591 1066 3664 postmodum
1106 3602 1386 3666 acceptura
1425 3601 1539 3649 erat
1575 3591 1771 3647 futurae

174 3679 504 3738 conditionis
553 3696 666 3736 sum
736 3696 954 3738 nomen.
1000 3683 1340 3754 Responsum
1394 3680 1527 3737 satis
1581 3689 1662 3738 est
1704 3681 1772 3735 ad

175 3769 314 3825 hanc
342 3778 572 3841 partem.

801 3857 1029 3914 CAPUT
1065 3856 1158 3915 VI.

253 3943 540 4001 Videamus
574 3963 715 4003 nunc
750 3947 798 4002 si
835 3954 889 4001 et
923 3947 1218 4018 Apostolus
1255 3946 1481 4003 formam
1519 3944 1776 4003 vocabuli

172 4035 338 4093 istius
384 4037 678 4092 secundum
725 4034 985 4092 Genesim
1031 4037 1281 4092 observet
1308 4035 1378 4105 33,
1410 4034 1566 4090 sexui
1599 4035 1774 4105 depu-

171 4135 294 4182 tans
346 4123 502 4194 illud,
530 4125 608 4180 sic
650 4124 932 4181 mulierem
980 4139 1180 4180 vocans
1215 4123 1478 4194 virginem
1522 4122 1635 4195 (37)
1664 4125 1774 4178 Ma-

172 4214 333 4278 riam,
384 4213 843 4285 quemadmodum
898 4220 949 4269 ct
1004 4211 1229 4268 Genesis
1283 4213 1468 4268 Evam.
1516 4211 1768 4267 Scribens

171 4305 320 4359 enim
349 4303 416 4358 ad
457 4303 676 4359 Galatas
707 4321 721 4358 :
757 4303 928 4374 Misit,
966 4301 1156 4374 inquit,
1187 4303 1329 4360 Deus
1358 4301 1568 4357 Filium
1597 4316 1766 4356 suum

1875 3143 1989 3199 buli
2036 3145 2199 3215 hujus
2244 3145 2654 3217 pr0prietatem,
2690 3146 2990 3201 secundum
3039 3149 3320 3217 primordii
3371 3150 3486 3206 for-

1876 3246 2040 3301 mam,
2081 3233 2296 3306 virgini,
2349 3235 2406 3290 et
2461 3233 2533 3290 ita
2603 3234 2858 3291 universo
2947 3234 3239 3291 mulierum
3301 3237 3488 3309 generi

1877 3318 2151 3376 defensam
2181 3322 2318 3392 (40).

2491 3412 2719 3471 CAPUT
2760 3413 2872 3468 VII.

1949 3499 2342 3556 Convertamus
2360 3499 2411 3538 38
2428 3499 2496 3555 ad
2525 3500 2671 3570 ipsas
2699 3502 2809 3572 jam
2834 3502 3072 3557 rationes
3099 3503 3476 3569 recensendas,

1879 3605 1976 3662 per
1998 3597 2135 3661 quas
2172 3589 2464 3659 Apostolus
2499 3590 2659 3647 docet
2703 3590 2872 3646 velari
2912 3590 3164 3648 feminam
3204 3600 3474 3664 oportere,

1877 3694 1945 3734 an
1977 3679 2183 3736 eaedem
2210 3679 2260 3718 39
2287 3678 2447 3734 etiam
2477 3679 2780 3751 virginibus
2802 3687 3114 3750 competant
3147 3700 3160 3735 :
3195 3690 3253 3735 ut
3281 3697 3348 3737 ex
3377 3682 3482 3739 hoc

1879 3783 2096 3840 quoque
2139 3767 2393 3825 vocabuli
2434 3769 2486 3807 ¹ιο
2531 3768 2844 3824 communio
2888 3769 2934 3808 ἰι
2975 3769 3118 3825 inter
3161 3769 3401 3845 virgines
3428 3781 3482 3828 et

1880 3872 1988 3914 non
2027 3856 2262 3931 virgines
2309 3865 2536 3924 constet,
2570 3858 2698 3912 dum
2737 3857 2943 3914 eaedem
2983 3857 3266 3915 velaminis
3304 3875 3479 3915 causae

1881 3945 1936 4000 in
1967 3953 2192 4017 utraque
2221 3954 2370 4016 parte
2409 3946 2916 4018 deprehenduntur.
2951 3945 3008 4002 Si
3046 3957 3209 4018 caput
3235 3946 3479 4004 mulieris

1880 4033 1961 4092 vir
1987 4043 2088 4102 est,
2119 4034 2301 4106 utique
2329 4042 2381 4090 et
2409 4033 2655 4106 virginis,
2685 4035 2753 4090 de
2779 4051 2887 4106 qua
2913 4034 2985 4090 sit
3012 4035 3209 4092 mulier
3238 4035 3329 4092 illa
3357 4051 3478 4108 quae

1881 4123 2108 4193 nupsit:
2139 4121 2244 4177 nisi
2282 4122 2328 4176 si
2374 4121 2528 4196 virgo
2567 4123 2785 4178 tertium
2830 4138 3002 4195 genus
3039 4129 3120 4178 est
3161 4130 3477 4180 monstruo-

1876 4226 1994 4266 sum
2043 4209 2258 4282 aliquod
2302 4210 2387 4265 sui
2430 4211 2646 4282 capitis.
2680 4211 2737 4266 Si
2778 4210 2990 4265 mulieri
3038 4217 3196 4283 turpe
3245 4219 3329 4265 est
3357 4210 3475 4264 radi

1877 4299 1995 4355 sive
2026 4298 2232 4354 tonderi
2257 4298 2310 4368 (I
2337 4299 2457 4356 Cor.
2488 4314 2567 4363 χι,
2592 4299 2670 4369 5),
2701 4300 2888 4369 utique
2918 4305 2970 4352 et
2995 4298 3214 4371 virgini.
3243 4296 3476 4362 Proinde

169 4394 397 4461 factum
425 4405 498 4448 ex
525 4391 771 4450 muliere
801 4368 924 4461 (38)v
947 4368 1158 4461 (Galat.
1180 4403 1258 4459 1v,
1283 4388 1368 4460 4);
1391 4404 1550 4460 quam
1580 4387 1767 4458 utique
1801 4368 1845 4444 Ι.)
1876 4386 2076 4445 viderit
2122 4385 2384 4442 saeculum
2431 4368 2688 4440 aemulum
2735 4368 2836 4441 Dei
2884 4384 3022 4453 (41),
3069 4368 3115 4440 si
3163 4384 3235 4441 ita
3280 4385 3477 4458 virgini

1553 4484 1745 4548 Variae
1792 4487 2100 4547 lectiones.

244 4594 296 4631 ³ο
326 4595 404 4647 Ita
424 4592 616 4647 mulier
644 4600 837 4648 natura
863 4607 1058 4647 nomen
1087 4599 1167 4646 est
1194 4589 1400 4658 uxoris,
1431 4597 1486 4645 et
1512 4605 1650 4646 uxor
1667 4590 1974 4647 conditione
1995 4591 2183 4645 Latin.
2207 4588 2251 4627 3¹
2289 4589 2475 4645 Vocem
2502 4586 2724 4650 addidit,
2753 4602 2924 4658 quam
2962 4587 3083 4658 Rig.
3113 4590 3238 4657 post
3276 4589 3472 4644 Wouw.

166 4682 197 4720 e
229 4681 338 4721 ms.
375 4665 622 4719 inseruit
672 4664 846 4720 deleo.
885 4663 1052 4720 Seml.
1081 4680 1118 4734 p

1123 4667 1206 4719 ost
1262 4662 1435 4719 Rhen.
1466 4662 1516 4700 ³2
1555 4662 1642 4717 Ait
1685 4664 1889 4718 inserit
1943 4663 2072 4718 Jun.
2109 4661 2156 4699 33
2187 4661 2455 4716 Observat
2494 4659 2666 4718 Seml.
2699 4657 2746 4696 3"
2766 4657 3043 4713 Pertinet
3067 4660 3236 4713 Fran.
3267 4658 3316 4697 ³⁵
3343 4657 3474 4726 Quae

169 4737 352 4795 Seml.
384 4735 434 4773 ³6
461 4735 703 4790 Maritata
732 4734 898 4794 Seml.
935 4735 980 4773 37
1014 4726 1137 4790 Post
1159 4735 1329 4792 Seml.
1362 4734 1411 4773 ³8
1433 4735 1822 4792 Couvertamur
1854 4733 2022 4790 Seml.
2056 4731 2104 4770 39
2132 4731 2330 4788 Eadem
2355 4732 2525 4790 Seml.
2557 4730 2608 4771 ἰο
2627 4728 2907 4787 Vocabulo
2951 4727 3120 4785 Se'ml.
3143 4726 3187 4766 41
3214 4728 3474 4786 Commu-

166 4807 360 4864 nionis
395 4807 563 4863 Seml.

1572 4877 1778 4942 Comm
1788 4877 2075 4939 entarius.

167 4986 359 5056 ἄρκυα,
409 4983 513 5056 hoc
541 4991 621 5041 est
677 4983 828 5050 retia,
891 4990 1055 5056 vocat
1085 4981 1507 5056 matrimonium,
1558 4993 1612 5056 ει
1644 4984 1773 5056 ἀφύ-

167 5005 359 5056 αρκυα,
409 5005 513 5038 nuc
541 5005 621 5041 es;
677 5005 828 5050 retia,
891 5005 1050 5040 vocat
1086 5005 1507 5052 matrimonium,
1558 5005 1612 5041 ει
1647 5005 1679 5036 α
1713 5005 1773 5036 υ-

163 5075 303 5117 met;
363 5055 544 5126 πάγαις
599 5057 965 5128 ἐγχρᾳτηῆναι,
1006 5054 1061 5109 id
1108 5064 1191 5111 est
1221 5096 1234 5120 ,
1294 5005 1776 5113 indissolubilizus

167 5128 400 5184 laqueis
427 5127 671 5184 irretiri.
703 5127 780 5182 L3
813 5130 908 5182 Pa.

277 5144 400 5183 uezs
427 5144 671 5184 irremz.
703 5144 780 5182 LE
813 5144 908 5182 ra.

193 5144 371 5266 Μέθη)
417 5200 709 5255 Mulierem
754 5213 958 5255 vocans
1006 5198 1303 5269 virginem.
1333 5195 1419 5252 Ad
1466 5196 1610 5266 quod
1655 5211 1778 5252 cum

165 5269 384 5324 afferat
425 5270 684 5326 duntaxat
732 5270 872 5326 duos
919 5268 1339 5336 locos,’alterum
1387 5269 1551 5323 Lucw
1582 5283 1621 5334 ι,
1653 5269 1780 5324 alte-

166 5357 309 5396 rum
364 5340 481 5395 Gal.
517 5357 598 5409 1v,
631 5339 811 5396 licebit
857 5340 963 5395 illis
1007 5339 1204 5395 addere
1249 5338 1378 5394 illud
1429 5341 1659 5397 Joannis
1690 5355 1778 5395 ιιι

174 5411 340 5480 Quid
371 5413 513 5482 mihi
543 5417 731 5470 tecum
751 5416 852 5477 est,
875 5414 1122 5470 mulier?
1142 5413 1275 5466 Item
1306 5410 1549 5479 ejusdem
1577 5427 1694 5482 cap.
1720 5427 1778 5476 ι,

167 5487 247 5539 26
283 5499 297 5535 :
334 5481 556 5556 Mulier,
589 5499 712 5540 ecce
742 5483 898 5556 ﬁlius
929 5489 1082 5541 tuus.
1117 5485 1254 5556 Pu.

252 5555 647 5634 (38_)__F_act_urr_t
674 5552 751 5634 egi
775 5552 1594 5634 muliere._Pamelioﬁadjunge.
1624 5552 1782 5634 etiam

174 5624 302 5683 haec
336 5624 550 5698 Ulpiani
590 5625 651 5684 if.
683 5627 751 5685 de
773 5626 962 5684 aedilit.
992 5627 1170 5686 edicto
1201 5643 1213 5684 :
1251 5647 1276 5677 α
1307 5625 1439 5697 Quae
1467 5624 1782 5684 mulieribus

1883 4981 2159 5052 legantur,
2200 4979 2362 5034 etiam
2423 4979 2725 5052 virginibus
2785 4976 2968 5034 deberi
3031 4983 3237 5034 certum
3302 4983 3400 5032 est.
3449 4995 3470 5024 ιο

1884 5054 2018 5108 Lac.

1956 5121 2071 5193 (39)
2103 5121 2404 5193 Benedicta
2435 5127 2501 5179 tu
2537 5123 2690 5180 inter
2717 5121 3004 5178 mulieres.
3037 5119 3356 5193 Expressior
3392 5122 3478 5175 est

1886 5191 2005 5250 haec
2033 5191 2233 5265 iversio
2284 5209 2443 5264 quam
2499 5196 2733 5265 vulgata,
2790 5195 2850 5249 in
2875 5191 3260 5265 _mulieribus,
3317 5207 3476 5263 quam

1886 5264 2102 5319 interim
2151 5263 2318 5319 etiam
2360 5265 2519 5320 habet
2561 5263 2946 5335 interpresB.
2971 5264 3330 5334 Hieronymus
3378 5277 3474 5318 eo-

1885 5337 2010 5392 dem
2041 5350 2088 5392 c.
2123 5335 2176 5389 in
2205 5336 2573 5392 benedictione
2601 5334 2897 5392 Elisabeth.
2931 5334 3068 5391 Pam.

1963 5409 2074 5478 (40)
2106 5409 2176 5463 Et
2207 5409 2292 5463 ita
2319 5414 2580 5466 unt-verso
2607 5408 2917 5465 mulierum
2945 5408 3136 5478 generi
3163 5406 3473 5476 defensam.

1886 5478 2002 5534 Hoc
2025 5487 2106 5534 est
2131 5479 2468 5537 vindicatam.
2496 5481 2619 5536 Rm.

1961 5550 2087 5630 (at).
2125 5551 2409 5630 Simulum
2452 5553 2721 5630 aemulum
2763 5553 2882 5608 Dei.
2914 5548 3188 5630 Saeculum
3227 5543 3478 5630 intelligit

1894 5614 2274 5678 Christianum.
2328 5624 2464 5680 Nam
2520 5624 2772 5679 aemulum
2838 5630 2892 5679 et
2957 5617 3192 5675 aemulari
3254 5614 3366 5671 fere
3405 5614 3476 5672 in
