4028 6188
525 286 632 346 947

523 425 727 465 caesum
783 408 1037 481 capillum
1078 409 1259 467 decori
1315 413 1571 468 mentitur
1596 413 1645 449 ⁴²
1682 412 1818 483 (42),
1852 412 2117 483 quemad-

527 497 747 553 modum
778 508 830 554 et
858 513 1025 569 puero
1054 498 1103 536 4³
1132 500 1449 570 permissum
1488 499 1627 570 (43).
1663 502 1809 572 Ergo
1848 501 1934 555 cui
1962 517 2117 573 aeque

527 602 634 644 non
657 589 906 644 convenit
928 587 1039 641 radi
1062 587 1174 643 sive
1198 588 1427 656 tonderi,
1450 604 1604 660 aeque
1624 588 1871 644 convenit
1891 590 2114 659 operiri.

530 675 586 730 Si
616 676 787 749 gloria
817 673 994 731 899
1030 676 1127 731 viri
1154 682 1234 731 est
1262 677 1476 747 mulier,
1507 686 1706 747 quanto
1735 677 1909 748 magis
1939 678 2114 751 virgo,

527 780 651 836 qua:
678 773 731 821 et
761 764 934 835 gloria
965 763 1067 820 sibi
1098 765 1209 820 est!
1247 765 1301 819 Si
1332 764 1523 819 mulier
1562 782 1627 819 ex
1668 766 1786 819 viro
1816 774 1869 821 et
1898 779 2119 838 prOpter

526 853 719 919 virum,
752 862 897 908 costa
945 852 1036 906 illa
1080 852 1215 907 Adae
1263 853 1415 923 virgo
1462 853 1694 923 primum
1742 854 1861 908 fuit.
1897 854 1953 909 Si
1996 871 2117 911 mu-

528 939 625 996 lier
665 948 981 1011 potestatem
1022 941 1218 995 habere
1269 956 1433 1010 super
1481 950 1641 1011 caput
1681 941 1835 997 debet
1863 943 2001 1014 (44),
2032 944 2115 1000 vel

526 1044 593 1084 eo
628 1030 829 1099 justius
875 1030 1046 1103 virgo,
1080 1029 1146 1082 ad
1195 1044 1359 1098 quam
1406 1031 1632 1099 pertinet
1671 1031 1817 1101 quod
1862 1030 1917 1086 in
1953 1048 2119 1087 causa

526 1127 626 1173 est.
660 1117 717 1173 Si
746 1119 888 1174 enim
919 1118 1031 1189 (45)
1064 1124 1285 1188 prepter
1321 1118 1543 1189 angelos
1574 1121 1624 1188 (Ι
1654 1121 1773 1177 Cor.
1807 1135 1882 1184 xx,
1914 1124 1965 1189 8,
2003 1117 2115 1187 10),

524 1207 729 1263 scilicet
766 1222 900 1279 quos
937 1206 1168 1277 legimus
1205 1222 1235 1259 a
1291 1206 1408 1263 Deo
1447 1216 1498 1262 et
1554 1208 1688 1263 coelo
1738 1208 1995 1264 excidisse
2047 1212 2116 1266 ob

526 1295 1017 1365 concupiscentiam
1078 1294 1429 1363 feminarum;
1476 1296 1594 1367 quis
1640 1313 1963 1366 prmsumere
2011 1314 2114 1368 po—

527 1390 631 1438 test
691 1383 824 1439 tales
877 1382 1121 1456 angelos,
1183 1384 1450 1440 maculata
1475 1386 1587 1452 jam
1640 1399 1869 1455 corpora
1908 1393 1961 1439 et
2009 1385 2117 1441 hu—

524 1486 695 1527 manae
761 1470 1001 1525 libidinis
1075 1470 1333 1542 reliquias
1396 1471 1755 1540 desiderasse,
1799 1484 1854 1529 ut
1900 1489 2005 1528 non
2050 1474 2116 1529 ad

524 1558 761 1631 virgines
798 1559 977 1628 potius
1039 1560 1354 1624 exarserint,
1387 1576 1611 1631 quarum
1652 1561 1753 1616 ﬂos
1806 1561 1968 1616 etiam
2017 1564 2117 1617 hu-

523 1663 737 1702 manam
784 1646 1057 1702 libidinem
1107 1656 1327 1703 excusat
1374 1650 1522 1719 (46)?
1563 1649 1693 1703 Nam
1742 1656 1796 1703 et
1843 1649 2117 1722 Scriptura

526 1737 602 1792 sic
629 1737 872 1811 suggerit
904 1754 917 1790 :
953 1739 1021 1793 Et
1051 1741 1272 1809 factum
1303 1742 1405 1803 est,
1441 1737 1632 1809 inquit,
1665 1756 1795 1795 cum
1822 1742 2115 1814 cmpissent

524 1826 777 1883 homines
813 1826 1004 1897 plures
1043 1828 1170 1896 ﬁeri
1204 1843 1374 1897 super
1422 1831 1655 1892 terram,
1688 1833 1743 1884 et
1781 1828 1922 1896 ﬁlice
1959 1832 2113 1885 natae

522 1921 655 1972 sunt
676 1917 753 1972 eis
784 1933 797 1969 :
828 1916 1141 1986 conspicati
1160 1919 1355 1972 autem
1380 1917 1492 1985 ﬁlii
1510 1918 1606 1973 Dei
1625 1918 1776 1986 ﬁlias
1800 1916 2113 1985 hominum,

523 2003 665 2078 quod
687 2003 946 2075 pulchrae
966 2007 1165 2068 essent,
1191 2008 1527 2076 acceperunt
1547 2005 1654 2059 sibi
1673 2021 1876 2062 uxores
1903 2022 1975 2062 ea:
1996 2024 2116 2063 0m-

522 2091 688 2149 nibus
730 2108 866 2164 quas
906 2092 1216 2165 elegerunt.
1249 2092 1344 2148 Hic
1390 2093 1532 2146 enim
1580 2109 1782 2149 nomen
1829 2095 2117 2151 mulierum

523 2180 775 2237 Grmcum
815 2196 1018 2237 uxores
1058 2182 1216 2252 sapit,
1246 2180 1375 2252 quia
1418 2180 1484 2235 de
1520 2182 1727 2251 nuptiis
1770 2183 1971 2239 mentio
2011 2192 2114 2238 est.

522 2271 659 2327 Cum
698 2286 826 2343 ergo
869 2270 1006 2326 filias
1048 2270 1326 2326 horminum
1372 2270 1523 2338 dicit,
1555 2271 1837 2329 manifeste
1876 2272 2119 2345 virgines

524 2360 819 2432 portendit,
852 2375 972 2431 quze
1010 2360 1184 2414 adhuc
1224 2358 1369 2429 apud
1414 2370 1666 2428 parentes
1709 2360 2113 2431 deputarentur.

520 2449 660 2505 Nam
702 2458 902 2520 nupta},
936 2446 1247 2502 maritorum
1295 2455 1690 2518 nuncupantur,
1723 2464 1845 2503 cum
1882 2448 2115 2518 potuerit

523 2536 724 2594 dixisse
756 2552 952 2592 uxores
990 2538 1285 2602 hominum,
1318 2552 1471 2607 aeque
1502 2550 1609 2592 non
1632 2537 1906 2592 adulteros
1934 2537 2110 2593 nomi-

524 2642 661 2683 nans
707 2627 949 2698 angelos,
988 2626 1085 2682 sed
1132 2625 1371 2692 maritos,
1414 2626 1547 2681 dum
1590 2625 1843 2695 innuptas
1890 2634 2113 2682 sumunt

1204 285 1642 347 TERTULLIANI
1678 286 1940 347 OPERUM
1980 287 2145 349 PARS
2183 288 2247 348 ll.
2288 321 2359 331 —
2396 288 2619 348 SERIES
2659 289 2723 358 ll,
2765 291 3077 353 MORALIA.

3707 298 3816 359 948

2151 436 2197 514 Α
2227 414 2365 470 ﬁlias
2402 415 2706 482 hominum,
2739 432 2875 488 quas
2913 426 3064 475 natas
3101 436 3265 493 supra
3304 423 3458 494 dixit,
3485 425 3566 481 sic
3594 441 3816 498 quoque

2227 502 2463 575 virgines
2499 505 2547 542 44
2592 503 2912 578 significavit
2957 525 3122 579 supra
3158 521 3329 569 natas.
3370 514 3438 568 At
3483 513 3569 569 hic
3608 514 3815 589 angelis

2224 602 2416 662 nuptas
2464 592 2607 647 aliud
2676 611 2768 649 eas
2823 596 3001 651 nescio
3056 615 3214 669 quam
3283 610 3459 671 natas,
3507 611 3562 657 et
3612 603 3811 659 dehinc

2225 689 2435 749 nuptas.
2470 682 2639 737 Debet
2674 699 2804 755 ergo
2843 684 3149 741 adumbrari
3178 690 3295 759 (47)
3326 689 3485 746 facies
3524 699 3634 745 tam
3661 691 3813 762 peri-

2224 769 2425 835 culosa,
2460 787 2579 840 quae
2616 787 2783 841 usque
2820 772 2886 826 ad
2924 774 3119 829 cmlum
3155 777 3407 832 scandala
3441 778 3675 850 jaculata
3706 789 3810 849 est,

2226 866 2283 913 ut
2312 875 2431 913 cum
2462 860 2579 914 Deo
2618 861 2896 928 assistens,
2925 863 3012 917 cui
3041 880 3131 918 rea
3169 873 3248 920 est
3285 868 3603 937 angelorum
3633 878 3813 925 exter-

2228 948 2571 1015 minatorum,
2620 951 2828 1005 caeteris
2877 967 3089 1023 quoque
3146 954 3356 1026 angelis
3412 957 3719 1023 erubescat,
3765 968 3818 1014 et

2225 1037 2415 1090 malam
2460 1036 2607 1091 illam
2649 1038 2938 1109 aliquando
2985 1041 3285 1096 libertatem
3332 1044 3522 1115 capitis
3553 1046 3636 1099 sui
3667 1062 3816 1101 com-

2224 1122 2438 1192 primat,
2472 1124 2581 1191 jam
2622 1141 2721 1180 nec
2768 1126 3043 1181 hominum
3090 1129 3259 1184 oculis
3305 1129 3659 1188 offerendam.
3706 1134 3813 1188 Sed

2224 1212 2351 1267 etsi
2395 1214 2782 1270 contaminatas
2813 1217 2929 1285 jam
2975 1217 3197 1274 feminas
3233 1220 3408 1293 angeli
3456 1220 3533 1275 illi
3562 1225 3811 1293 appetis-

2224 1308 2362 1369 sent,
2395 1310 2539 1357 tanto
2568 1304 2739 1377 magis
2770 1313 2988 1375 propter
3015 1306 3239 1377 angelos
3276 1308 3437 1364 velari
3467 1309 3803 1383 debuissent,

2226 1396 2424 1461 quanto
2473 1392 2643 1463 magis
2699 1400 2921 1463 prepter
2975 1394 3211 1465 virgines
3279 1397 3455 1471 angeli
3510 1397 3807 1470 deliquisse

2226 1480 2543 1549 potuissent.
2575 1479 2631 1534 Si
2669 1488 2849 1536 autem
2886 1489 2939 1537 et
2970 1491 3172 1538 naturae
3209 1485 3587 1555 prazjudicium
3626 1488 3813 1558 adjicit

2224 1568 2518 1637 Apostolus
2548 1568 2683 1637 (48),
2712 1567 2855 1637 quod
2902 1569 3071 1625 honor
3113 1572 3182 1628 sit
3231 1572 3471 1628 mulieris
3499 1574 3817 1630 redundan-

2223 1654 2293 1709 tia
2313 1655 2648 1725 capillorum,
2671 1654 2797 1726 quia
2821 1671 2973 1712 coma
2994 1674 3091 1729 pro
3109 1661 3438 1731 Operimento
3468 1670 3552 1717 est
3582 1680 3595 1719 :
3627 1660 3818 1718 900

2148 1777 2192 1854 Β
2224 1744 2405 1815 utique
2444 1744 2547 1798 hoc
2584 1743 2817 1799 maxime
2862 1746 3093 1817 virginis
3140 1747 3348 1820 insigne
3374 1757 3476 1815 est,
3508 1766 3741 1821 quarum
3770 1751 3821 1789 ἰδ

2230 1841 2268 1854 ,ι
2322 1842 2530 1854 -.._.-A--_
2581 1832 2694 1854 2..--
2729 1832 2778 1854 Μξ
2817 1836 3024 1854 μ..-μη“κ
3086 1835 3150 1854 s9-
3212 1853 3221 1854 κ
3268 1847 3278 1854 .
3381 1846 3389 1854 .
3616 1840 3625 1854 ι
3670 1846 3678 1854 .
3768 1839 3778 1849 ο

2223 1841 2275 1889 et
2318 1842 2535 1888 ornatus
2581 1832 2697 1903 ipse
2728 1832 2779 1870 46
2817 1836 3032 1905 proprie
3080 1835 3157 1892 sic
3202 1847 3306 1902 est,
3340 1846 3398 1892 ut
3448 1840 3719 1893 cumulata
3766 1839 3817 1894 in

2224 1922 2500 1989 verticem,
2529 1920 2701 1993 ipsam
2741 1921 2935 1991 capitis
2974 1938 3156 1980 arcem
3185 1925 3385 1981 ambitu
3431 1927 3656 1984 crinium
3688 1944 3817 1984 con-

2229 2018 2389 2081 tegat.

2821 2154 3042 2212 CAPUT
3081 2154 3217 2211 VIII.

2298 2276 2502 2331 Horum
2550 2286 2694 2334 certe
2739 2279 2981 2334 omnium
3022 2279 3288 2335 contraria
3331 2278 3590 2347 efﬁciunt,
3621 2295 3688 2335 ne
3738 2282 3820 2337 vir

2224 2373 2383 2432 caput
2427 2366 2568 2420 velet
2601 2384 2614 2420 :
2647 2366 2853 2422 scilicet
2899 2365 3023 2436 quia
3069 2381 3178 2421 non
3228 2368 3297 2423 sit
3339 2368 3658 2424 naturaliter
3686 2384 3818 2425 con-

2222 2460 2439 2506 secutus
2474 2454 2819 2509 ambitionem
2868 2453 3203 2524 capillorum,
3237 2454 3365 2525 quia
3406 2456 3521 2511 radi
3550 2457 3661 2515 sive
3692 2466 3814 2513 ton-

2218 2540 2334 2595 deri
2362 2556 2471 2598 non
2495 2541 2565 2596 sit
2593 2551 2745 2609 turpe
2778 2541 2871 2608 illi,
2906 2541 3031 2611 quia
3060 2556 3168 2596 non
3194 2551 3423 2613 prepter
3450 2544 3601 2599 illum
3633 2546 3820 2618 angeli

2218 2628 2586 2697 exorbitarint,
2636 2628 2766 2701 quia
2820 2630 2998 2701 gloria
3053 2638 3104 2684 et
3156 2629 3333 2703 imago
3389 2631 3484 2686 Dei
3540 2631 3633 2700 sit,
3692 2634 3823 2704 quia

1898 2726 2088 2788 Variae
2131 2728 2439 2788 lectiones.

593 2808 644 2847 42
670 2805 888 2862 Metitur
914 2806 1103 2887 Latin.
1139 2821 1244 2861 nec
1270 2805 1528 2886 displicet
1566 2806 1690 2876 Rig.
1730 2805 1779 2843 4³
1806 2805 2139 2887 Promissum
2170 2806 2336 2862 latin.
2368 2806 2417 2844 ω’
2447 2804 2789 2877 Significans.
2818 2806 2992 2874 Supra
3020 2814 3169 2861 natas
3202 2827 3215 2863 :
3262 2814 3317 2887 at
3348 2805 3442 2862 hic
3484 2809 3658 2887 Eran.
3690 2810 3816 2929 Bia.

593 2884 707 2929 tum
741 2878 923 2929 locum
952 2894 1032 2929 sic
1062 2879 1316 2929 restituit
1340 2877 1473 2929 Jun.
1506 2876 1640 2929 Cum
1678 2894 1734 2929 ι).
1766 2877 1824 2929 d.
1854 2891 1909 2929 v.
1943 2879 2256 2929 hominum:
2293 2892 2443 2929 azaue
2475 2892 2526 2929 n.
2560 2893 2610 2929 a.
2644 2893 2701 2929 n.
2734 2878 2981 2929 angelos.
3022 2877 3115 2929 sed
3158 2884 3398 2929 maritos.
3431 2876 3489 2929 d.
3516 2893 3553 2929 1.
3600 2893 3648 2929 s.
3685 2876 3725 2929 f.
3806 2921 3816 2929 .

525 2884 707 2937 totum
741 2878 923 2957 locum
952 2878 1032 2931 sic
1062 2877 1316 2956 restituit
1340 2877 1473 2957 =Iun.
1506 2876 1734 2957 Qumnp.
1854 2891 1909 2932 v.
1943 2876 2220 2957 hominum
2243 2892 2443 2957 ;_a_2que
2475 2876 2529 2929 n.’
2560 2893 2614 2957 at
2644 2893 2701 2930 n.
2734 2877 3115 2957 angeloshs’ed
3158 2876 3398 2957 maritos,
3431 2876 3489 2957 ᾳ.
3516 2876 3553 2957 ἱ..
3600 2893 3648 2930 s.
3685 2876 3725 2932 f.
3759 2876 3819 2933 h.

523 2967 580 3019 q.
604 2967 659 3003 ιι.
694 2966 739 3003 s.
772 2950 824 3002 d.
858 2949 934 3002 sic
978 2962 1194 3018 quoque
1220 2946 1458 3019 virgines
1488 2946 1807 3019 significavit
1842 2963 2005 3017 supra
2024 2954 2195 3016 natas,
2227 2955 2283 3001 at
2318 2946 2407 3002 hic
2439 2947 2647 3019 angelis
2670 2946 2930 3018 nuptas...
2963 2948 3014 2986 4⁵
3038 2946 3213 3017 Quare
3236 2948 3406 3004 Seml.
3438 2947 3488 2985 ⁸6
3526 2947 3650 3017 Ipsa
3686 2963 3819 3003 mss.

532 3023 734 3078 Wouw.
759 3021 877 3089 Rig.

1930 3090 2424 3157 Commentarius.

524 3174 719 3229 bonam
768 3177 975 3241 partem
1013 3168 1274 3237 accipitur
1317 3168 1384 3224 ab
1430 3170 1664 3225 Auctore
1706 3185 1806 3242 pro
1838 3170 2031 3225 imitari
2060 3178 2113 3226 et

525 3243 811 3298 imitatore.
845 3244 983 3297 PAM.

598 3315 889 3370 Emulum
918 3314 1038 3369 Dei.
1060 3310 1334 3381 Improbat
1352 3309 1558 3366 Auctor
1592 3309 1679 3365 hic
1711 3326 1916 3367 morem
1947 3312 2120 3366 ethni-

527 3402 708 3443 corum
748 3388 868 3457 quig
911 3385 1208 3455 puellarum
1254 3396 1454 3457 comas
1493 3381 1831 3457 _tondebant,
1870 3384 2121 3457 adeoque

527 3466 681 3515 vocat
726 3452 1065 3513 ethnicorum
1111 3452 1366 3509 saeculum
1407 3453 1507 3507 Dei
1553 3454 1826 3517 aemulum,
1870 3454 1972 3507 hoc
2017 3452 2117 3519 est,

528 3529 782 3603 quoniam
849 3527 1171 3603 permiserat
1235 3524 1404 3603 Deus_
1452 3524 1682 3603 tonderi-
1731 3524 2115 3590 adolescentes,

529 3592 741 3658 tbnderi
788 3592 1004 3669 quoque
1048 3595 1275 3669 feminas
1323 3592 1621 3669 voluerunt.
1644 3594 1908 3669 _lntonsas
1944 3605 2121 3650 autem

531 3687 651 3727 esse
697 3664 1166 3736 debere—puellas,
1207 3674 1260 3736 et
1306 3672 1491 3736 tensos
1537 3664 1927 3736 adolescentes,
1963 3680 2122 3720 nemo

532 3741 757 3807 dubitat,
782 3733 1327 3807 atque'attendendus
1346 3735 1475 3807 mihi
1504 3733 1716 3789 videtur
1736 3749 1854 3788 can.
1882 3736 2122 3807 l7_Gan-

531 3805 751 3885 grensis’
773 3805 960 3885 conc;
1008 3807 1171 3885 verba
1204 3812 1329 3858 sunt
1360 3823 1374 3857 :
1412 3806 1581 3885 Ei‘rt;
1614 3811 1863 3885 γυνααῶνῄ
1897 3805 1993 3885 διὲξ
2028 3825 2120 3857 νο-

583 3881 810 3951 ιζομένηνΔ
856 3879 1056 3951 dicitque;
1104 3875 1405 3951 ἀποχειροιτο
1450 3874 1547 3951 τὰς(
1578 3874 1780 3951 κόμαςᾳ,
1826 3876 1891 3951 ’ἃς
1944 3877 2122 3951 ἔδωκεγ

583 3905 797 3951 ιςομενην
856 3905 1056 3943 ασληυιν
1104 3905 1405 3945 αῖιυδιειὶιυιιυ
1461 3905 1536 3933 ιιις
1579 3905 1734 3946 lupus
1766 3915 1780 3942 ,
1838 3905 1891 3935 ας
1944 3905 2122 3929 ιυωκιν

532 3905 579 4003 ἵ
602 3950 723 4009 Θεὸς
772 3947 836 4007 εἰς
888 3948 1154 4016 ὓπόμνησιν
1201 3947 1597 4017 ῆςγῦποταγῆς,
1627 3947 1691 4005 ὡς
1735 3944 2013 3999 ἀναλύουσα
2066 3947 2125 3999 τὸ

531 4021 818 4104 προστάγμα
868 4023 952 4085 τῆς
996 4020 1260 4145 imo-raris,
1295 4015 1514 4088 ἀνάθεμά
1554 4015 1699 4070 ἔστω.
1750 4018 1811 4074 Si
1837 4035 1958 4090 quae
1998 4033 2126 4073 mu-

537 4095 644 4145 lier
697 4093 1025 4145 severiorem
1081 4106 1151 4145 cu
1183 4092 1305 4142 tum
1362 4093 1571 4145 putans
1625 4087 1885 4145 reddere.
1946 4092 2125 4145 crines

537 4087 644 4150 lier
697 4087 1025 4147 severiorem
1081 4087 1305 4145 cultum
1356 4087 1571 4159 putans
1625 4087 1885 4157 reddere,
1946 4092 2125 4147 crines

535 4163 854 4245 detondeat,
894 4178 1055 4245 θυοδ.
1081 4162 1143 4244 in
1171 4159 1566 4245 subiectionis.
1606 4164 1942 4245 memoriam
1986 4165 2129 4219 Deus

536 4236 720 4303 dedit;
751 4232 930 4290 veluti
969 4232 1330 4303 subjectionts
1372 4232 1667 4303 vinculum
1708 4232 1945 4298 solvens,
1990 4249 2130 4288 ana-

540 4308 730 4363 thema
777 4308 870 4361 sit.
930 4303 1211 4373 Repetitur
1272 4302 1325 4375 id
1394 4302 1690 4375 dist.g30,
1726 4319 2125 4375 quacumque.

538 4379 991 4434 Ornamentorum
1012 4372 1218 4444 nempe
1246 4372 1517 4428 affectatio
1544 4372 1597 4427 in
1629 4372 1942 4429 mulieribus
1972 4372 2126 4428 dam-

2289 3168 2413 3295 (441)Ι
2425 3169 2484 3225 Si
2507 3168 2713 3227 mulier
2734 3173 3078 3242 potestatem
3104 3168 3304 3250 habere
3319 3185 3500 3251 super
3519 3170 3695 3248 caput
3723 3166 3820 3247 de-

2296 3246 2337 3295 t.
2418 3255 2485 3295 oc
2530 3249 2631 3295 est.
2665 3250 2849 3295 notam
2899 3248 3212 3295 potestatis.
3248 3256 3333 3295 Clll
3376 3241 3605 3295 subiecn
3645 3239 3820 3294 multe-

2227 3241 2337 3296 bet.
2370 3239 2485 3295 Hoc
2530 3249 2631 3306 est,
2665 3239 2849 3295 notam
2899 3241 3175 3311 potestatis
3198 3283 3212 3306 ,
3248 3240 3333 3295 cui
3376 3239 3605 3308 subjecit
3645 3239 3823 3311 mulie-

2229 3312 2553 3437 remTDeas.
2585 3313 2716 3381 Ejus
2758 3310 2911 3368 vero
2939 3313 3213 3382 potestatis
3264 3318 3390 3367 nota
3436 3318 3520 3366 est
3575 3310 3821 3365 velamen

2229 3397 2437 3437 camus.
2538 3396 2595 3437 α.

2228 3382 2437 3437 canitis.
2468 3383 2595 3437 Rm.

2460 3398 2700 3523 Egpter
2744 3453 2991 3524 angelos.
3024 3453 3263 3524 Rursum
3310 3453 3414 3507 hoc
3468 3453 3534 3507 ad
3577 3466 3825 3524 errorem

2226 3522 2463 3605 Tertull:
2508 3522 2762 3605 pertinet,
2805 3522 2968 3605 cujus
3020 3523 3265 3605 meminit
3330 3539 3499 3605 supra
3546 3522 3706 3605 libris
3760 3522 3825 3605 de

2228 3592 2575 3662 Idololatria,
2606 3593 2672 3664 de
2717 3593 3096 3664 Habituimul.
3127 3601 3181 3647 et
3224 3594 3293 3649 de
3335 3596 3501 3651 Cultu
3531 3594 3729 3664 femin.
3763 3595 3821 3649 Β.

2230 3678 2358 3735 vero
2416 3663 2739 3735 Ambrosius
2793 3663 3013 3735 angelos
3076 3664 3366 3734 episcOpos
3423 3663 3825 3735 interpretatur,

2224 3732 2374 3801 juxta
2392 3732 2789 3805 jApocalypsim
2822 3732 2889 3788 Βῖ
2910 3733 3067 3788 Joan.
3100 3732 3351 3805 apostoli.
3385 3736 3523 3792 PAM.

2299 3803 2410 3874 (46)
2448 3804 2695 3872 Quarum
2734 3804 2834 3872 ﬂos
2864 3805 3041 3861 etiam
3073 3803 3385 3863 humanam
3417 3807 3707 3862 libidinem
3734 3822 3827 3862 ea:-

2230 3878 2413 3929 cusat.
2444 3876 2558 3929 Hoc
2604 3883 2705 3943 est,
2738 3883 2978 3945 recusat;
3010 3878 3467 3947 quemadmodum
3506 3878 3632 3931 alibi
3676 3876 3826 3943 dicit,

2232 3959 2505 4018 exponere
2546 3955 2777 4018 vestem,
2828 3947 2973 4018 quod
3015 3954 3125 4018 est,
3157 3948 3451 4018 deponere.
3495 3950 3731 4003 Excusat
3760 3947 3830 4001 li-

2232 4015 2468 4089 bidinem
2496 4016 2684 4089 virgo,
2715 4015 2860 4089 quae
2890 4016 3214 4088 virginitatis
3233 4015 3373 4073 'suaa
3420 4019 3555 4074 ﬂore

2234 4085 2305 4141 ita
2332 4094 2394 4142 ut
2422 4087 2554 4143 nolit

2236 4164 2291 4212 et
2319 4158 2550 4214 illibatus
2581 4176 2595 4215 :

2633 4033 2684 4083 ο,
2715 4033 2834 4089 quae
2890 4018 3214 4088 virginitatis
3263 4036 3373 4073 suae
3420 4019 3555 4074 ﬂore
3602 4018 3824 4089 gaudet,

2633 4087 2835 4162 ecerpi;
2868 4089 3043 4160 qualis
3089 4088 3179 4145 ille
3228 4090 3423 4146 Catulli
3468 4091 3567 4146 ﬂos
3596 4090 3828 4146 intactus

2362 4283 2568 4346 Ignotus
2596 4282 2791 4393 pecori,
2828 4283 2969 4333 nullo
3002 4291 3238 4333 contusus
3272 4292 3456 4345 aratro,

2362 4345 2460 4393 Oui
2492 4359 2592 4393 non
2631 4360 2716 4393 um
2752 4346 2913 4393 tennis
2941 4353 3143 4393 carptus
3176 4347 3405 4393 deﬂoruit
3433 4347 3586 4393 unnui

2362 4345 2460 4407 Qui
2492 4345 2716 4395 nondum
2752 4346 2913 4395 tennis
2941 4353 3143 4409 carptus
3176 4347 3405 4397 deﬂoruit
3433 4347 3608 4411 ungui.
3639 4354 3730 4397 etc.

538 4418 2125 4517 $525355:sagatus";anagniae:situas,
2162 4418 2207 4495 Β
2243 4445 2508 4517 Credibile
2560 4453 2661 4513 est,
2709 4444 2881 4516 inquit
2952 4445 3332 4517 Tertullianus,
3382 4447 3577 4503 talibus
3639 4446 3829 4517 puellis

540 4530 594 4576 et
622 4522 710 4585 33,
744 4528 933 4586 quiest.
967 4521 1017 4581 5,
1050 4516 1260 4572 Mulier.
1303 4515 1378 4568 LE
1411 4516 1509 4569 Pa.

610 4592 723 4658 (42)
755 4591 813 4647 Si
840 4591 925 4645 ita
948 4590 1379 4660 virginigcwsum
1402 4586 1677 4658 capillum
1706 4588 1893 4660 decori
1920 4588 2132 4645 menti-

546 4666 662 4717 tur.
698 4661 785 4717 Sic
814 4662 1012 4715 habent
1036 4658 1304 4713 editiones
1335 4672 1543 4722 omnes,
1568 4672 1747 4727 neque
1776 4658 1929 4712 aliter
1956 4675 2133 4713 exem-

543 4734 659 4803 plar
686 4732 1027 4788 Divionense.
1063 4727 1421 4803 Sed__laborat
1468 4744 1658 4803 sensus
1699 4728 1751 4803 in
1789 4729 1991 4803 verbis,
2025 4730 2131 4785 nisi

545 4798 607 4862 ea
636 4805 716 4861 sic
745 4804 1081 4874 explicentur
1112 4818 1125 4854 :
1156 4798 1665 4874 Videritsaaculum,
1697 4799 1892 4874 inquit,
1921 4802 2130 4874 sladeo

545 4877 799 4931 mentitur
819 4869 1040 4937 'decori,
1071 4872 1173 4926 hoc
1210 4878 1310 4934 est,
1343 4869 1387 4923 si
1420 4880 1527 4924 tam
1566 4887 1727 4940 prave
1755 4869 1933 4926 decori
1964 4871 2126 4937 favet,

544 4957 604 5001 ut
631 4962 829 5023 cmsum
872 4945 1073 5023 virgini
1118 4942 1368 5023 capillum
1407 4941 1587 4997 decori
1642 4957 1763 5023 esse
1803 4943 2130 5013 mentiatur;

545 5032 666 5072 cum
723 5016 792 5069 sit
861 5013 1043 5083 potius
1113 5014 1610 5069 dehonestamento.
1672 5013 1847 5068 Alium
1910 5029 2131 5069 sensum

546 5086 794 5157 quaesivit
839 5085 1098 5151 Latinius,
1131 5084 1301 5157 littera
1346 5084 1582 5141 detracta
1620 5101 1635 5138 :
1674 5106 1696 5134 α
1740 5086 1796 5140 Si
1824 5086 1897 5142 ita
1932 5085 2129 5153 virgini

548 5154 748 5213 (Ξαὶειιιη
794 5157 1049 5229 capillum
1097 5154 1279 5229 decori
1325 5158 1572 5221 metitur;
1609 5178 1634 5204 ι
1677 5164 1735 5211 ut
1782 5157 1851 5211 sit
1896 5172 2135 5229 sensus;

553 5229 759 5285 Viderit
794 5226 1069 5297 saeculum,
1102 5228 1146 5281 si
1180 5229 1335 5282 talem
1376 5229 1574 5282 tribuat
1620 5243 1925 5282 mensuram
1956 5226 2139 5282 decori

548 5317 749 5357 caesum
791 5300 989 5371 virgini
1025 5299 1297 5371 capillum,
1328 5304 1386 5371 ut
1422 5313 1593 5368 puero
1634 5298 1975 5369 promissum.
2008 5299 2139 5369 Qum

550 5373 857 5443 conjectura
880 5368 1000 5425 'non
1040 5368 1305 5443 displicet.
1340 5370 1462 5423 Rm.

622 5439 737 5516 (43)
766 5439 1241 5516 Quemadmodum
1262 5443 1317 5516 et
1331 5455 1506 5516 puero
1523 5442 1881 5511 permissum.
1904 5439 2140 5516 Latinius

552 5507 759 5581 scribit,
782 5507 1299 5587 promissum._Sed_
1327 5507 1457 5587 nihil
1501 5507 1584 5565 est
1629 5524 1869 5580 necesse,
1902 5526 2022 5568 cum
2073 5512 2144 5569 sit

549 5579 977 5655 eademutrique
1014 5579 1361 5653 signiﬁcatio.
1393 5580 1517 5638 ﬂre.

2239 4516 2461 4590 angelos
2518 4516 2712 4590 potius,
2767 4531 2927 4587 quam
3000 4516 3282 4572 maculatis
3324 4516 3455 4587 jam
3513 4516 3830 4590 corporibus

2238 4587 2522 4644 exarsisse.
2562 4587 2686 4642 Rm.

2311 4658 2448 4737 (47)_
2482 4658 2645 4737 Debet
2678 4673 2833 4737 ergo
2872 4657 3220 4727 adumbrari,
3251 4669 3352 4715 etc.
3383 4659 3443 4737 id
3498 4670 3583 4717 est
3634 4660 3819 4737 velari.

2238 4729 2373 4800 Nam
2408 4727 2586 4783 facies
2638 4727 2866 4800 virginis
2910 4737 3109 4800 aperta
3166 4731 3419 4800 peccandi
3482 4731 3823 4788 occasionem

2239 4798 2664 4873 offerregposset
2709 4798 3180 4873 pulchritudinem,
3230 4819 3351 4873 quae
3400 4802 3517 4857 ideo
3565 4803 3821 4858 Clementi

2238 4870 2526 4945 Alexandr.
2559 4885 2703 4945 _cap._
2757 4874 2809 4945 _2,
2843 4870 2952 4945 lib,
2980 4888 3061 4927 In.
3094 4870 3319 4945 Ριεάιίσ.
3383 4874 3602 4945 μοιχικὸν
3646 4874 3822 4933 κάλλος

2235 4940 2603 5012 pulchritudo
2634 4940 2906 4998 adulterii
2932 4944 3243 4999 incitatria:
3263 4940 3588 5001 'diciturl'LE
3616 4946 3713 4999 Ριι.

2313 5014 2422 5081 (48)
2461 5013 2693 5088 Naturae
2736 5015 3139 5083 prazjudicium
3177 5015 3377 5085 adjicit
3410 5016 3721 5088 Apostolus.
3748 5016 3826 5071 Ne

2239 5092 2389 5153 putet
2437 5082 2559 5152 quis
2608 5082 2794 5154 parum
2842 5082 3078 5139 attentus
3113 5088 3173 5141 B.
3226 5082 3393 5142 Paulo
3450 5082 3828 5142 contradicere

2247 5154 2573 5229 Septimium
2610 5172 2622 5211 :
2676 5155 2920 5223 quamvis
2966 5156 3107 5211 enim
3155 5159 3435 5229 abundans
3478 5172 3633 5213 coma
3676 5157 3828 5229 quasi

2245 5226 2487 5281 naturale
2534 5225 2600 5280 sit
2644 5235 3013 5281 ornamentum
3059 5227 3323 5295 mulieris,
3351 5230 3480 5283 nihil
3526 5225 3712 5284 tamen
3734 5228 3828 5284 etsi

2245 5304 2551 5361 censentur,
2600 5298 2946 5366 (quanquam,
2994 5307 3049 5351 ut
3114 5298 3217 5353 alio
3287 5301 3408 5356 loco
3466 5301 3826 5365 ostendimus,

2246 5368 2581 5442 consuetudo
2628 5368 3147 5442 contraria_t'uerit);
3178 5372 3405 5428 attonsis
3452 5372 3597 5426 enim
3627 5372 3831 5442 capillis

2248 5454 2465 5513 semper
2492 5438 2731 5513 velandae
2753 5447 2875 5513 sunt
2894 5436 3286 5513 fe_m_inaé,adeo
3315 5452 3373 5499 ut
3401 5443 3582 5500 velum
3612 5436 3831 5513 capillo-

2250 5508 2534 5567 rum’vices
2558 5510 2764 5565 subeat.
2796 5508 2951 5571 Quod
2991 5509 3045 5565 in
3075 5513 3402 5571 monialibus
3440 5513 3606 5571 etiam
3638 5508 3833 5571 nostris

2248 5580 2580 5655 temporibus
2606 5580 2721 5639 ﬁeri
2758 5580 2913 5644 solet.
2940 5580 3023 5641 LI:
3059 5583 3157 5642 Pa.
