4028 6188
196 352 298 414 949

1289 351 1485 412 LIBER
1558 347 1642 410 DE
1680 348 2052 413 VIRGINIBUS

2124 350 2472 414 VELANDIS.
3372 357 3480 420 950

199 483 354 548 caput
397 476 518 545 ejus
569 472 816 569 Christus
859 472 916 569 (ζ
941 475 1064 531 Cor.
1106 491 1183 533 χι.
1217 479 1270 546 2,
1306 478 1386 548 7).
1431 476 1619 546 Itaque
1653 491 1777 532 cum
1811 491 1858 569 Α
1890 483 2152 549 coguntur
2180 477 2364 546 velari,
2419 477 2492 532 ita
2545 474 2698 546 pueri
2733 489 2844 532 non
2887 478 3183 546 jubeantur
3222 482 3478 540 revelari.

195 568 262 623 de
317 565 434 622 viro
492 570 546 617 et
619 561 836 617 muliere
881 562 1178 634 Apostolus
1230 573 1436 633 tractet,
1484 581 1583 621 cur
1638 563 1781 619 illam

195 661 434 725 oporteat
483 649 676 719 velari,
732 648 882 706 illum
932 667 1062 709 vero
1119 668 1248 722 non,
1307 663 1530 726 apparet
1582 669 1678 709 cur
1735 663 1789 709 et

193 741 415 812 virginis
459 741 729 795 silentium
777 737 1015 795 fecerit:
1076 744 1265 797 eadem
1321 743 1533 798 ratione
1580 743 1787 800 scilicet

194 833 458 905 virginem
489 829 546 883 in
579 828 806 884 muliere
834 829 881 866 ἰἾ
915 829 1318 900 intelligendam
1348 831 1552 901 sinens,
1585 848 1689 902 qua
1733 840 1786 888 et

195 935 421 993 puerum
477 925 537 974 ut
599 918 654 973 in
709 917 826 975 viro
881 918 1249 989 deputandum
1305 935 1416 976 non
1471 921 1783 989 nominavit,

194 1018 363 1066 totum
409 1007 654 1064 ordinem
692 1005 974 1078 utriusque
1013 1023 1183 1063 sexus
1230 1008 1462 1079 pr0priis
1513 1007 1790 1065 vocabulis

197 1096 538 1167 complexus,
590 1094 840 1151 mulieris
901 1102 955 1150 et
997 1097 1117 1152 viri.
1179 1097 1269 1153 Sic
1313 1097 1510 1163 Adam,
1551 1096 1710 1152 etiam
1738 1099 1788 1136 48

194 1187 374 1242 adhuc
419 1186 649 1256 integer,
697 1184 780 1239 vir
833 1183 893 1238 in
943 1184 1145 1242 Genesi
1197 1193 1278 1241 est
1329 1185 1784 1258 cognominatus:

209 1273 511 1343 Vocabitur,
545 1272 739 1344 inquit,
767 1272 991 1339 mulier,
1024 1275 1160 1346 quia
1197 1275 1263 1331 de
1286 1276 1404 1329 viro
1432 1291 1531 1330 suo
1559 1280 1789 1346 sumpta

199 1370 276 1420 est
296 1363 456 1432 (Gen.
489 1377 550 1426 ιι,
582 1363 695 1431 23).
727 1360 816 1416 Sic
843 1361 924 1418 vir
956 1361 1131 1417 Adam
1161 1373 1284 1419 ante
1318 1363 1626 1434 nuptiarum
1650 1378 1786 1418 con-

197 1466 467 1524 gressum,
487 1448 949 1522 quemadmodum
979 1458 1034 1506 et
1061 1451 1170 1507 Eva
1197 1452 1412 1507 mulier.
1453 1453 1532 1507 De
1557 1459 1786 1522 utraque

201 1549 351 1613 parte
391 1540 523 1595 satis
564 1539 633 1594 ad
680 1541 984 1596 universam
1028 1539 1259 1610 speciem
1305 1541 1572 1613 cujusque
1626 1554 1789 1594 sexus

202 1631 490 1701 Apostolus
527 1629 911 1700 pronuntiavit,
968 1637 1023 1686 et
1078 1630 1314 1686 breviter
1361 1637 1416 1685 et
1463 1630 1638 1699 plene,
1683 1637 1788 1684 tam

201 1719 457 1776 instructa
472 1718 802 1776 deﬁnitione.
831 1720 1036 1785 Omnis,
1059 1719 1248 1790 inquit,
1265 1719 1470 1775 mulier
1489 1720 1540 1788 (I
1561 1720 1682 1776 Cor.
1705 1735 1787 1783 xx,

208 1810 288 1875 5).
317 1804 464 1873 Quid
491 1814 571 1863 est
598 1808 804 1873 omnis,
839 1805 946 1862 nisi
977 1806 1157 1862 omnis
1203 1805 1435 1877 generis,
1466 1805 1643 1862 omnis
1697 1820 1788 1862 or-

207 1892 374 1958 dinis,
425 1892 592 1948 omnis
641 1892 989 1964 conditionis,
1041 1893 1219 1950 omnis
1273 1893 1568 1967 dignitatis,
1617 1892 1794 1948 omnis

206 1984 434 2040 aetatis?
459 1983 735 2056 Siquidem
765 1999 924 2040 omne
953 1990 1120 2040 totum
1151 1993 1252 2050 est,
1303 1995 1357 2038 et
1404 1983 1694 2057 integrum,
1737 1993 1792 2038 et

204 2071 355 2127 nulla
383 2071 470 2128 sui
516 2079 668 2142 parte
711 2071 1005 2127 defectum.
1056 2073 1184 2126 Pars
1242 2080 1421 2127 autem
1466 2071 1711 2127 mulieris
1737 2080 1791 2126 et

203 2159 361 2232 virgo
403 2171 502 2216 est.
535 2161 708 2231 Eque
747 2169 802 2216 et
829 2161 897 2217 de
941 2160 1062 2217 viro
1104 2175 1213 2216 non
1243 2160 1470 2216 velando
1502 2178 1514 2217 :
1579 2162 1798 2223 Omnis,

199 2248 378 2319 inquit
397 2249 447 2320 (ι
462 2250 584 2305 Cor.
616 2265 700 2318 ιιι,
732 2250 812 2320 4).
842 2249 979 2305 Ecce
1005 2249 1112 2304 duo
1140 2249 1355 2305 diversa
1378 2248 1614 2316 nomina,
1635 2248 1718 2306 vir
1737 2256 1794 2303 et

202 2337 418 2404 mulier,
443 2337 619 2392 omnis
639 2346 886 2409 uterque.
918 2338 1050 2393 Duae
1078 2337 1231 2410 leges
1257 2337 1504 2394 obnoxia
1531 2337 1786 2406 invicem,

199 2424 324 2480 hinc
350 2427 588 2498 velandi,
609 2425 738 2484 inde
768 2427 1025 2482 nudandi.
1059 2427 1231 2500 Igitur
1262 2428 1308 2482 si
1337 2443 1399 2482 eo
1421 2425 1568 2498 quod
1588 2427 1786 2482 dictum

197 2515 267 2570 sit
292 2516 472 2572 omnis
497 2516 604 2587 vir,
645 2533 930 2574 commune
951 2527 1034 2574 est
1062 2534 1258 2575 nomen
1286 2519 1408 2586 viri,
1439 2519 1599 2574 etiam
1644 2535 1786 2576 non-

195 2605 326 2660 dum
355 2606 475 2671 viri,
495 2606 715 2662 masculi
737 2607 1088 2679 investis(49)
1115 2623 1432 2664 :commuue
1461 2615 1644 2664 autem
1663 2624 1786 2664 cum

195 2695 267 2750 sit
293 2708 494 2752 nomen
522 2695 819 2752 secundum
853 2706 1118 2764 naturam,
1150 2697 1453 2753 communis
1488 2705 1570 2753 est
1617 2704 1670 2752 et
1700 2697 1785 2752 lex

195 2799 303 2839 non
323 2784 535 2842 velandi
561 2787 702 2855 ejus,
724 2783 898 2840 90!
937 2786 1032 2858 qui
1064 2786 1202 2842 inter
1221 2786 1367 2843 viros
1400 2787 1554 2859 virgo
1585 2796 1668 2841 est
1700 2800 1786 2840 se-

195 2873 434 2929 cundum
461 2874 799 2944 disciplinam
834 2893 846 2929 :
879 2892 976 2932 cur
1004 2890 1112 2930 non
1146 2873 1539 2946 prejudicatum
1569 2873 1642 2930 sit
1671 2874 1784 2944 (50)

192 2961 423 3032 proinde
452 2970 507 3017 et
535 2963 813 3018 mulierem
841 2963 1105 3036 virginem
1151 2979 1366 3018 omnem
1414 2962 1640 3018 muliere
1686 2978 1787 3018 no-

1895 565 2006 621 Cur
2042 582 2108 621 ex
2151 574 2300 638 parte
2329 565 2694 623 deﬁnitionem
2721 563 2770 602 49
2807 567 3050 637 Apostoli
3080 570 3194 641 (51)
3225 572 3477 644 agnosci.

1894 671 2016 710 mus
2045 657 2346 711 absolutam
2391 655 2532 711 circa
2576 669 2792 709 omnem
2835 655 3030 722 virum,
3080 673 3174 712 nec
3211 668 3473 717 retracta-

1896 760 2017 799 mus
2043 743 2094 782 ⁵ο
2121 760 2290 816 quare
2319 760 2428 799 non
2469 751 2521 799 et
2559 758 2786 812 puerum
2815 743 3108 800 nominarit
3141 763 3155 800 :
3208 763 3272 802 ex
3327 759 3482 820 parte

1895 839 2072 888 autem
2102 833 2533 903 praevaricamur,
2563 847 2717 902 {eque
2744 830 2990 886 absoluta
3010 848 3074 886 ea
3099 832 3241 890 circa
3271 851 3485 894 omnem

1895 921 2212 976 mulierem?
2255 923 2314 979 Si
2361 923 2508 994 quis,
2560 920 2752 990 inquit,
2811 922 3192 978 contentiosus
3242 931 3344 991 est,
3389 944 3486 983 nos

1899 1009 2064 1066 talem
2093 1011 2558 1067 consuetudinem
2587 1025 2696 1066 non
2726 1007 3008 1076 habemus,
3041 1027 3217 1083 neque
3242 1014 3488 1069 Ecclesia

1896 1099 1996 1152 Dei
2024 1098 2077 1169 (Ι
2109 1100 2230 1156 Cor.
2261 1113 2342 1164 vr,
2375 1099 2487 1169 16).
2520 1096 2766 1153 Ostendit
2807 1099 3205 1155 contentionem
3246 1101 3486 1172 aliquam

1896 1187 1964 1240 de
1993 1186 2101 1242 ista
2138 1186 2320 1259 specie
2368 1187 2554 1253 fuisse,
2587 1185 2652 1240 ad
2692 1202 2851 1256 quam
2885 1188 3344 1260 exstinguendam
3375 1198 3488 1248 toto

1897 1277 2219 1348 compendio
2263 1293 2390 1332 usus
2436 1284 2516 1332 est
2545 1294 2560 1332 :
2591 1292 2766 1349 neque
2792 1277 3061 1349 virginem
3091 1280 3393 1350 nominans,
3428 1287 3490 1337 ut

1897 1365 2208 1422 ostenderet
2262 1365 2616 1421 dubitandum
2663 1364 2732 1420 de
2784 1366 3014 1422 velanda
3067 1382 3176 1422 non
3222 1383 3364 1435 esse,
3432 1376 3488 1426 et

1896 1467 2109 1508 omnem
2147 1452 2432 1509 nominans
2459 1452 2758 1518 mulierem,
2792 1469 2913 1508 cum
2943 1454 3276 1511 nominasset
3296 1456 3480 1528 virgi-

1895 1557 2042 1596 nem.
2101 1542 2190 1597 Sic
2245 1548 2298 1598 et
2348 1541 2452 1613 ipsi
2508 1541 2774 1596 Corinthii
2816 1541 3226 1600 intellexerunt.
3306 1544 3485 1601 Hodie

1895 1629 2126 1700 denique
2176 1628 2414 1700 virgines
2466 1645 2590 1684 suas
2642 1628 2907 1686 Corinthii
2951 1631 3169 1701 velant;
3201 1631 3328 1703 quid
3381 1631 3519 1688 do-,

1899 1718 2111 1774 cuerint
2202 1716 2468 1788 Apostoli,
2575 1716 2670 1789 qui
2781 1718 3108 1791 didicerunt,
3183 1723 3487 1792 approban-

1897 1815 1979 1863 tes
2006 1808 2076 1865 51.

2517 1925 2742 2008 CAPUT
2779 1949 2879 2007 1x.

1968 2072 2260 2129 Videamus
2308 2087 2474 2142 nunc,
2525 2088 2616 2144 an,
2672 2073 2815 2129 sicut
2840 2080 3046 2129 natura:
3084 2081 3138 2128 et
3191 2089 3365 2130 causae
3397 2093 3487 2132 ar-

1896 2170 2151 2234 gumenta
2173 2161 2370 2235 virgini
2415 2177 2628 2233 quoque
2682 2171 2992 2233 competere
3049 2163 3488 2230 monstravimus,

1898 2251 1975 2306 ita
2005 2252 2168 2307 etiam
2198 2251 2499 2323 disciplina
2528 2251 2908 2307 ecclesiasticae
2935 2253 3251 2323 praescripta
3281 2252 3350 2310 de
3370 2270 3492 2310 mu-

1895 2341 2028 2396 liere
2057 2341 2109 2395 in
2131 2341 2394 2413 virginem
2441 2349 2682 2412 spectent
2723 2343 2791 2396 ⁵2.
2839 2344 2956 2397 Νοιι
2987 2343 3321 2414 permittitur
3367 2361 3490 2400 mu-

1894 2429 2010 2486 lieri
2037 2428 2212 2486 902
2258 2431 2313 2484 in
2341 2429 2568 2486 ecclesia
2606 2430 2752 2501 loqui
2801 2431 2917 2502 (52)
2958 2433 3009 2500 (Ι
3049 2433 3172 2489 Cor.
3231 2448 3356 2500 xw,
3387 2435 3488 2499 34;

1895 2521 1925 2576 Ι
1955 2521 2087 2575 Tim.
2119 2533 2181 2583 ιι,
2235 2518 2345 2589 l2),
2379 2519 2477 2574 sed
2524 2535 2625 2576 nec
2670 2519 2883 2587 docere,
2934 2535 3035 2575 nec
3086 2519 3359 2592 tinguere,
3389 2537 3492 2579 nec

1893 2607 2088 2664 offerre
2115 2607 2252 2678 (53),
2283 2623 2381 2664 nec
2410 2607 2572 2663 ullius
2602 2607 2772 2665 virilis
2799 2610 3055 2676 muneris,
3091 2610 3292 2665 nedum
3312 2612 3362 2650 53
3416 2628 3492 2668 sa-

1893 2695 2182 2752 cerdotalis
2209 2694 2374 2751 ofﬁcii
2403 2705 2603 2751 sortem
2634 2696 2926 2752 vindicare.
2946 2697 3265 2765 Quaeramus
3286 2715 3355 2752 an
3381 2699 3484 2754 ali-

1893 2785 2025 2856 quid
2054 2785 2244 2840 horum
2271 2784 2472 2860 virgini
2502 2784 2678 2840 liceat.
2701 2783 2756 2838 Si
2787 2785 2987 2856 virgini
3017 2801 3128 2841 non
3152 2786 3274 2841 licet
3294 2788 3365 2855 5“,
3387 2788 3486 2842 sed

1895 2875 1950 2928 in
1995 2873 2244 2928 omnibus
2299 2871 2490 2927 eadem
2519 2871 2828 2928 conditione
2857 2872 3170 2943 subjicitur,
3199 2881 3253 2926 et
3289 2888 3486 2930 neces-

1894 2961 2023 3017 sitas
2077 2960 2392 3016 humilitatis
2437 2975 2562 3015 cum
2605 2960 2829 3016 muliere
2879 2967 3150 3026 censetur,
3209 2963 3352 3017 unde
3403 2961 3485 3017 illi

193 3051 398 3104 minata
425 3050 684 3106 contineri
723 3053 992 3108 consortio
1030 3052 1279 3113 nominis,
1335 3059 1396 3108 ut
1449 3051 1787 3108 contineatur
1818 3060 1860 3139 ο
1891 3066 2054 3106 unum
2085 3050 2188 3104 hoc
2217 3047 2423 3113 licebit,
2445 3048 2589 3119 quod
2611 3048 2759 3104 omni
2782 3048 2997 3104 feminae
3022 3064 3131 3106 non
3152 3049 3318 3106 licet?
3341 3050 3486 3120 Quid

191 3147 246 3194 et
267 3139 647 3196 communione
677 3139 866 3214 legis?
921 3141 976 3196 Si
1023 3158 1151 3199 vero
1197 3140 1386 3196 mulier
1423 3156 1528 3196 non
1557 3147 1656 3211 est,
1688 3155 1788 3195 nec

189 3227 275 3283 vir
304 3228 528 3284 investis
575 3236 675 3285 est.
708 3229 765 3285 Si
795 3244 906 3284 non
947 3230 1189 3300 Operitur
1219 3231 1392 3300 virgo,
1436 3230 1566 3301 quia
1592 3227 1787 3284 mulier

182 3332 294 3372 non
328 3316 417 3387 sit,
453 3318 729 3389 cperiatur
758 3317 996 3390 investis,
1027 3320 1155 3390 quia
1192 3319 1274 3375 vir
1311 3333 1420 3373 non
1476 3320 1564 3373 sit.
1608 3318 1776 3389 Ejus-

183 3406 310 3461 dem
343 3405 662 3478 virginitatis
689 3424 842 3480 aequa
867 3408 936 3463 sit
981 3408 1158 3465 venia.
1192 3406 1341 3464 Sicut
1387 3407 1622 3482 virgines
1669 3422 1778 3463 non

1894 3136 2271 3210 praerogativae
2301 3145 2536 3192 meretur
2581 3137 2848 3193 adversus
2893 3137 3254 3193 conditionem
3306 3154 3480 3206 suam,

1894 3227 2074 3297 siqua
2102 3225 2254 3295 virgo
2283 3233 2385 3289 est,
2425 3233 2478 3279 et
2512 3240 2730 3280 carnem
2769 3240 2921 3280 suam
2977 3225 3312 3283 sanctificare
3366 3228 3481 3300 (54)

1887 3313 2211 3386 prOposuit?
2242 3312 2450 3368 ldcirco
2490 3311 2776 3368 velaminis
2796 3312 2952 3369 venia
2984 3313 3043 3367 ﬁt
3072 3313 3170 3384 illi,
3205 3321 3263 3370 ut
3288 3313 3343 3368 in
3383 3331 3476 3370 ec-

1886 3402 2106 3459 clesiam
2167 3401 2422 3458 notabilis
2463 3408 2515 3456 et
2542 3400 2775 3475 insignis
2817 3401 3064 3471 introeat,
3113 3409 3173 3458 ut
3221 3402 3482 3458 honorem

1575 3507 1770 3568 Variae
1818 3507 2132 3567 lectiones.

260 3612 310 3650 57
366 3609 650 3667 Mulierem
685 3613 852 3670 Seml.
911 3613 960 3651 48
989 3613 1158 3668 Etiam
1206 3613 1354 3670 delet
1395 3613 1563 3670 Seml.
1603 3613 1654 3651 ’⁸9
1691 3609 2081 3666 Difﬁnitionem
2121 3608 2293 3666 Seml.
2324 3606 2374 3646 ⁵ο
2422 3608 2795 3663 Detractamus
2835 3608 3010 3664 Seml.
3061 3606 3105 3645 ⁵1
3150 3606 3480 3677 Approbant

180 3684 362 3740 Seml.
383 3684 434 3757 δῖ
462 3683 716 3757 Spectant
744 3685 914 3742 Seml.
957 3687 1113 3757 Le0p.
1148 3687 1296 3755 forte
1331 3684 1574 3756 speciant
1605 3685 1737 3741 Jun.
1771 3683 1820 3720 ⁵3
1847 3683 1926 3736 Ne
1954 3681 2062 3735 duo
2092 3678 2438 3735 sacerdotalis
2465 3677 2627 3734 ofﬁcii
2657 3678 2828 3736 Seml.
2861 3679 2909 3716 ⁵4
2940 3677 2995 3734 Si
3028 3677 3224 3751 virgini
3259 3693 3369 3735 non
3403 3677 3479 3734 li-

176 3764 306 3810 ccat
344 3754 441 3810 sed
470 3754 640 3812 Seml.

1585 3826 2084 3892 Commentarius.

264 3930 386 3999 (49)
415 3931 640 4006 plusculi
676 3934 927 3989 investis.
978 3933 1063 4006 Ab
1107 3933 1250 4000 aliis,
1291 3942 1578 4006 antequam
1632 3935 1781 3989 hisce

168 4001 638 4073 adnotatiunculis
686 4019 903 4058 manum
951 4004 1378 4073 admoveremus,
1436 4001 1777 4061 observatum

167 4074 318 4148 vidi,
363 4072 778 4148 investemesse
809 4076 1164 4148 impuberem,
1215 4085 1268 4132 et
1319 4072 1576 4148 puberem
1602 4075 1774 4148 vcsti-

166 4145 360 4215 cipem
381 4160 526 4218 esse.
541 4145 641 4218 Ad
675 4161 800 4200 eum
831 4145 1194 4216 significatum
1223 4145 1565 4218 accipiendus
1592 4147 1774 4201 forsan

164 4215 485 4285 Lucretius,
514 4216 612 4271 lib.
634 4233 666 4271 v
700 4234 713 4270 :

439 4328 753 4392 Impuberem
789 4332 930 4382 molli
959 4333 1232 4397 pubescere
1257 4340 1414 4384 veste.

256 4427 378 4498 (50)
411 4427 524 4510 cur
553 4443 664 4510 non
687 4427 1133 4510 prmjudicatum
1166 4431 1265 4495 sit,
1298 4437 1416 4510 etet
1433 4427 1610 4510 Pergit
1638 4430 1691 4484 in
1718 4441 1782 4510 eo

166 4499 606 4573 argumentandi
663 4501 858 4573 modo,
896 4517 1004 4573 quo
1058 4509 1319 4573 perpetuo
1368 4501 1466 4573 hic,
1492 4499 1688 4567 utitur;
1723 4509 1779 4552 ut

164 4571 444 4642 mulieris
491 4584 686 4624 nomen
715 4571 782 4626 de
813 4571 1020 4640 virgine
1051 4571 1113 4628 ac
1142 4571 1330 4629 marito
1350 4571 1635 4640 conjuncta
1657 4584 1778 4642 pro-

167 4641 398 4697 miscue
427 4648 737 4710 usurpetur.
770 4643 846 4696 LE
871 4644 967 4702 Pa.

258 4714 378 4787 (Si)
411 4715 495 4787 Eia:
517 4716 683 4783 parte
710 4711 1094 4787 deﬁnitionem
1117 4714 1384 4787 Apostoli.
1417 4713 1778 4787 Quamobrem

166 4784 327 4856 parti
358 4781 454 4856 uni
479 4781 733 4856 praecepti
761 4781 906 4839 illius
937 4786 1116 4856 potius
1145 4781 1457 4842 haereticus
1481 4802 1641 4856 quam
1694 4781 1778 4839 al-

170 4854 312 4910 teri.
362 4853 494 4927 Cum
524 4854 666 4927 enim
701 4856 879 4910 omnis
908 4853 1114 4912 mulier
1142 4857 1374 4925 scripsit,
1408 4853 1783 4927 cujuscunque

164 4925 804 5051 1Ξξιιεῗὶειῖξιοιιάἰιὶοιιὶε,
847 4935 900 4984 et
930 4929 1102 4984 aetatis
1156 4928 1392 4984 feminas
1437 4925 1783 4998 comprehen-

207 5015 234 5050 ι
266 5036 282 5050 .
368 5011 400 5048 e
475 5010 530 5049 ιι.

207 5007 282 5051 ιι.
318 5007 400 5050 LE
432 5007 530 5049 ΡΠ.

255 5067 378 5136 (52)
401 5067 520 5123 Non
539 5069 904 5148 permittitur
918 5073 1144 5128 mulieri
1163 5072 1224 5149 ip
1235 5070 1656 5149 ecclesialoqui.
1674 5068 1781 5149 Μιχ-

166 5139 346 5210 ribus
378 5139 617 5210 romanis
645 5151 923 5210 receptum
959 5150 1064 5208 est,
1097 5151 1154 5197 ut
1182 5141 1392 5197 femina
1430 5139 1677 5210 civilibus
1705 5139 1783 5193 of-

167 5208 326 5264 ﬁciis
357 5224 466 5264 non
496 5207 817 5280 fungantur;
845 5228 954 5267 non
981 5213 1108 5281 quia
1137 5227 1244 5266 non
1275 5213 1472 5266 habent
1495 5209 1778 5281 judicium,

165 5282 278 5355 sed
313 5295 386 5355 ne
410 5290 597 5355 contra
620 5281 883 5355 pudorem
925 5280 1076 5339 sexui
1106 5290 1494 5355 congruentem
1537 5280 1781 5355 virilibus

167 5349 401 5425 ofﬁciis
419 5366 478 5404 se
508 5349 867 5425 immisceant.
906 5356 1193 5425 Pr0pterea
1213 5349 1349 5409 Vero
1385 5353 1624 5409 Ecclesia
1641 5367 1781 5425 quo-

215 5438 294 5500 ue
333 5421 1092 5500 .ablvirilibusumuueribus
1143 5426 1494 5500 removendas
1536 5421 1774 5500 censuit.

232 5492 408 5548 tenim
431 5490 675 5560 Apostoli
695 5495 871 5553 edicto
889 5498 1221 5554 continetur:
1247 5496 1506 5552 Mulieres
1525 5498 1586 5549 in
1613 5495 1782 5551 eccle—

177 5568 274 5619 sia
289 5565 401 5643 -loq
411 5565 631 5643 uincla.
646 5564 1080 5643 _Quod__verbum,
1104 5585 1233 5643 cum
1253 5569 1323 5622 sit
1340 5567 1609 5638 generale,
1632 5581 1781 5643 com-

181 5633 486 5707 prehendit
513 5638 693 5694 omnia
716 5639 908 5708 virilia,
940 5641 994 5696 in
1025 5641 1221 5712 quibus
1264 5633 1389 5695 sunt
1435 5646 1490 5696 et
1525 5633 1783 5695 sacerdo-

1888 3930 2031 3986 talia.
2078 3930 2200 3984 Non
2249 3927 2575 3999 permittitur
2613 3927 2830 3982 mulieri
2885 3927 2940 3983 in
2996 3927 3228 3984 ecclesia
3284 3928 3476 3999 loqui;

1924 4012 2012 4056 uta
2040 4016 2140 4056 nec
2166 4000 2450 4065 sciscitari,
2501 4015 2598 4054 nec
2623 3999 2900 4069 disputare
2941 4016 2956 4054 :
3011 4015 3135 4054 nam
3185 3999 3301 4054 haec
3342 4001 3478 4055 viri-

1909 4073 2017 4127 ium
2057 4080 2181 4126 sunt
2210 4087 2512 4136 munerum,
2559 4079 2614 4124 et
2641 4070 2772 4125 viris
2827 4077 3033 4126 tantum
3081 4071 3473 4126 conceduntur.

1887 4143 1994 4197 Sed
2024 4158 2124 4197 nec
2151 4142 2365 4206 docere,
2397 4156 2493 4195 nec
2525 4143 2784 4211 tinguere,
2808 4157 2906 4195 nec
2933 4141 2992 4211 of
2998 4141 3136 4195 ferre
3162 4158 3175 4194 :
3199 4157 3318 4210 quae
3347 4155 3478 4211 sane

1889 4221 2016 4267 sunt
2053 4212 2232 4267 ofﬁcia
2260 4211 2573 4281 sacerdotis,
2608 4210 2706 4266 seu
2751 4210 3023 4279 praesidis,
3063 4220 3155 4266 aut
3194 4210 3476 4279 praepositi

1816 4275 1859 4350 Β
1893 4284 2155 4338 ecclesiae.
2173 4285 2375 4338 Auctor
2400 4275 2787 4349 Quaestionum
2802 4297 2876 4337 eae
2903 4275 3082 4337 Veteri
3103 4275 3471 4350 Te.si.,quzest.

1890 4356 1979 4419 45,
2015 4363 2142 4408 tom.
2165 4353 2235 4408 IV
2265 4351 2366 4423 Op.
2393 4353 2644 4422 August.,
2677 4352 2992 4423 absurdum!
3008 4353 3082 4405 ait
3118 4367 3239 4423 esse
3274 4351 3478 4423 dicere,

1889 4425 2106 4480 mulieri
2132 4421 2329 4478 datum‘
2355 4421 2503 4489 esse,
2540 4429 2598 4475 ut
2639 4421 3091 4492 quemadmodum
3130 4422 3230 4492 vir,
3289 4421 3372 4476 sic
3425 4431 3479 4476 et

1889 4496 2007 4566 ipsa
2038 4497 2219 4566 imago
2263 4495 2358 4550 Dei
2416 4494 2486 4549 sit
2510 4491 2834 4566 dominandi
2875 4493 3043 4566 jure:
3108 4514 3129 4541 α
3187 4491 3472 4566 Quomodo

1893 4561 2036 4623 enim
2066 4561 2242 4637 ροῶδι
2278 4566 2362 4637 de,
2393 4563 2618 4637 muliere
2662 4562 2788 4637 dici,
2838 4562 2961 4637 quia
2998 4561 3174 4632 imago
3229 4564 3325 4617 Dei
3353 4572 3472 4637 est,

1887 4633 2300 4709 quam—constat
2337 4633 2735 4709 dominio_viri
2784 4633 3097 4709 subjectam,
3175 4641 3227 4687 et
3272 4634 3474 4688 nullam

1887 4704 2259 4765 auctoritatem
2297 4709 2532 4762 habere!
2567 4707 2676 4761 Nec
2719 4705 2862 4760 enim
2899 4704 3094 4759 docere
3125 4712 3319 4775 potest,
3377 4719 3478 4759 nec

1891 4783 2040 4836 testis
2095 4796 2254 4856 esse,‘
2282 4794 2456 4848 neque
2485 4776 2663 4856 ﬁdem.
2701 4775 2903 4840 dicere,
2936 4773 3139 4856 meque
3175 4773 3470 4854 judicare;

1887 4861 2088 4922 quanto
2116 4847 2287 4920 magis
2307 4847 2416 4922 non
2448 4854 2628 4918 potest
2650 4847 2948 4922 imperare!
2985 4866 3008 4896 »
3043 4847 3316 4922 Denique,
3351 4859 3473 4898 mu-

1888 4917 2007 4980 lieri
2045 4937 2152 4977 non
2202 4917 2586 4991 permittuntur
2638 4917 2821 4991 civilia
2865 4933 2968 4972 nec
3005 4918 3180 4974 virilia
3226 4931 3471 4983 munera,

1887 4995 2055 5049 multo
2087 4989 2264 5046 autem
2295 4991 2470 5045 minus
2501 4989 2867 5044 sacerdotalia.
2902 4991 3026 5044 me.

1959 5066 2074 5136 (35)
2106 5061 2476 5136 Neap/ferre.
2518 5061 2645 5136 Post
2678 5061 2998 5136 Bhenanum
3041 5061 3310 5136 Pamelius
3365 5076 3468 5136 ex-

1889 5131 2063 5207 plicat
2085 5131 2416 5207 sacriﬁcare;
2448 5132 2609 5207 quod
2635 5132 2726 5186 vix
2754 5131 3089 5207 admitterem
3124 5151 3139 5188 :
3171 5134 3300 5205 quid
3327 5135 3474 5188 enim

1887 5202 1989 5264 sibi
2021 5206 2136 5261 vult
2164 5205 2256 5260 illa
2281 5202 2671 5274 interpretatio,
2713 5218 2833 5274 qua
2881 5203 3092 5258 mulieri
3132 5202 3352 5261 missam
3381 5220 3472 5260 ce-

1887 5279 2094 5335 lebrare
2169 5273 2616 5346 nonrpermittit?
2687 5273 2809 5344 quis
2887 5291 3126 5345 unquam
3199 5273 3476 5346 permisit?

1894 5351 2113 5420 Offerre
2141 5345 2368 5418 intelligi
2397 5346 2555 5400 debet
2573 5345 2639 5400 de
2667 5347 2807 5420 votis
2820 5351 2871 5400 et
2901 5345 3251 5420 orationibus.
3282 5348 3359 5400 LE
3381 5348 3473 5400 Pa.

1959 5416 2070 5492 (54)
2099 5416 2336 5476 Carnem
2351 5434 2511 5492 suam
2533 5416 3087 5492 sanctiﬁcare._lnfra,
3110 5421 3291 5492 Ipsam
3307 5421 3476 5470 natu—

1889 5487 2011 5566 ram
2032 5487 2372 5566 consecrare.
2399 5491 2729 5566 [iamautem
2747 5489 2890 5559 apud
2913 5487 3179 5566 lsidoruin
3203 5487 3472 5566 leguntur,

1889 5565 1980 5619 sed
2013 5562 2397 5618 absurdissime
2427 5560 2482 5616 in
2502 5558 2664 5616 alium
2703 5557 2924 5616 sunsum
2950 5559 3184 5616 detorta.
3217 5557 3310 5616 lib.
3342 5572 3379 5612 ιι
3409 5557 3476 5612 de

1898 5635 2058 5703 Ofﬁc.
2091 5634 2224 5692 eccl.
2266 5632 2392 5687 illa.
