4028 6188
402 232 508 294 .953

1477 225 1679 288 LIBER
1717 224 1803 286 DE
1866 225 2242 290 VIRGINIBUS
2279 228 2628 291 VELANDIS.

3592 227 3701 290 954

402 371 525 412 ιιιιιε
561 354 632 410 de
661 349 908 442 Apostoli
936 349 1180 442 absoluta
1204 347 1539 442 definitione,
1561 364 1778 442 omnem
1807 348 1996 442 mulie-
2026 363 2080 442 ,⁸
2111 350 2308 442 gustiis
2336 353 2451 442 (67)
2481 348 2570 406 vel
2605 349 3016 442 scrupulositate
3068 350 3188 442 (68)
3231 350 3586 442 descendens,
3613 349 3697 442 vi-

402 461 524 504 rem
551 443 715 500 etiam
744 440 918 497 omnis
943 438 1118 496 aetatis
1144 438 1545 512 intelligendam
1573 440 1621 509 (ι
1653 441 1778 497 Cor.
1808 453 1889 508 χι,
1922 438 2000 510 ὅ),
2033 438 2079 470 ῖ’
2111 438 2252 494 derit
2287 448 2342 495 et
2370 439 2546 510 ipsum
2581 439 2920 497 continentia
2947 447 3130 496 votum
3159 439 3298 512 (69).
3344 439 3490 495 Nihil
3527 438 3697 511 perti-

402 531 728 605 responderi
762 546 829 586 ex
862 528 1071 587 diverso
1101 529 1351 598 habebat,
1391 543 1522 600 ergo
1568 544 1602 583 a
1645 528 1918 586 nativitate
1948 537 2004 586 et

402 642 436 684 α
464 621 642 694 primo
669 619 884 676 nomine
929 619 1106 674 aetatis
1153 617 1420 693 virginem
1468 616 1673 686 operiri
1727 627 1999 688 oportere.

404 713 531 770 Non
560 711 637 767 ita
664 717 744 765 est
771 715 970 775 autem,
1004 707 1100 764 sed
1127 722 1191 764 ex
1223 723 1335 779 quo
1383 721 1444 763 se
1481 707 1782 780 intelligere
1811 723 2002 780 cape-

405 801 497 867 rit,
528 808 581 856 et
607 813 830 854 censum
859 805 1062 851 natura
1104 812 1218 852 sua
1244 796 1467 865 intrare,
1498 804 1554 851 et
1581 795 1650 850 de
1696 795 1922 867 virginis
1952 797 2002 838 59

407 891 571 957 exire,
601 894 654 943 et
683 885 794 956 pati
824 899 1025 941 novum
1054 884 1190 940 illud
1218 884 1365 955 quod
1411 883 1637 940 alterius
1679 883 1860 940 atatis
1897 892 2002 944 est.

403 978 539 1034 Nam
567 983 620 1030 et
647 973 921 1046 principes
973 972 1193 1045 generis
1231 970 1409 1028 Adam
1452 981 1507 1027 et
1549 972 1661 1031 Eva
1718 975 1882 1044 (Gen.
1914 976 2000 1044 ιι),

374 1111 378 1119 ,
402 1062 659 1138 quamdiu
689 1060 964 1117 intellectu
990 1061 1265 1127 carebant,
1309 1059 1440 1115 nudi
1468 1060 1701 1132 agebant
1724 1061 1885 1134 (Gen.
1917 1063 2002 1133 ιι).

401 1154 475 1210 At
506 1151 602 1210 ubi
632 1151 699 1207 de
727 1149 922 1207 arbore
961 1149 1256 1222 agnitionis
1293 1159 1667 1221 gustaverunt,
1725 1151 1855 1206 nihil
1887 1152 2003 1224 pri-

400 1259 552 1300 mum
598 1248 888 1298 senserunt
932 1255 1093 1311 quam
1141 1237 1594 1296 erubescendum.
1625 1239 1814 1310 Itaque
1839 1239 1890 1279 ϐο
1917 1239 2004 1296 sui

401 1333 609 1406 quique
656 1347 817 1389 sexus
848 1328 1182 1386 intellectum
1221 1327 1459 1402 tegmine
1503 1335 1842 1386 notaverunt.
1899 1330 2006 1387 Sed

401 1432 458 1478 et
485 1421 534 1478 si
562 1428 782 1492 pr0pter
810 1419 1032 1491 angelos
1061 1417 1292 1476 velanda
1327 1423 1432 1484 est,
1461 1415 1581 1474 sine
1628 1416 1794 1474 dubio
1821 1417 1891 1473 ab
1943 1434 2007 1474 ea

403 1517 559 1568 atate
594 1509 684 1565 lex
715 1507 995 1565 velaminis
1049 1505 1386 1579 operabitur,
1445 1522 1477 1561 a
1539 1522 1644 1577 qua
1707 1513 2005 1578 potuerunt

401 1597 526 1655 ﬁlia
585 1596 865 1654 hominum
912 1594 1406 1668 concupiscentiam
1464 1593 1547 1651 sui
1609 1593 1896 1666 adducere,
1954 1601 2008 1651 et

402 1687 616 1757 nuptias
641 1685 752 1756 pati
781 1685 922 1756 (63).
950 1684 1034 1739 Ex
1063 1684 1160 1740 illo
1187 1684 1331 1741 enim
1355 1685 1514 1755 virgo
1545 1684 1659 1753 jam
1687 1683 1905 1756 desinit,
1937 1699 2005 1739 ex

2111 534 2203 582 net
2229 527 2297 583 ad
2326 534 2536 584 atatem
2564 543 2660 583 sua
2696 528 2869 599 spatia
2896 536 3223 601 currentem,
3264 543 3474 602 suaque
3515 527 3700 584 debita

2113 614 2411 671 maturitati
2449 615 2703 673 luentem.
2735 618 2856 673 Alia
2902 619 2954 673 in
3002 617 3214 676 occulto
3257 625 3453 686 mater,
3485 624 3695 684 natura,

2111 713 2166 761 et
2201 703 2339 760 alius
2365 704 2420 758 in
2447 703 2627 762 latenti
2657 715 2823 777 pater,
2857 714 3088 779 tempus,
3117 707 3281 764 ﬁliam
3308 723 3459 763 suam
3490 707 3700 778 legibus

2112 793 2226 851 suis
2253 795 2585 851 maritarum.
2617 796 2812 869 Aspice
2841 805 3063 870 nuptam
3091 799 3201 868 jam
3231 797 3380 854 illam
3411 806 3556 853 tuam
3591 795 3700 852 vir-

2109 884 2295 959 ginem
2338 885 2474 956 (70),
2525 896 2577 941 et
2627 886 2862 941 animam
2908 887 3329 958 exspectatione,
3379 895 3434 943 et
3477 900 3695 943 carnem

2113 975 2584 1048 transfiguratione
2629 974 2698 1040 6⁵,
2744 975 2830 1029 ειιὶ
2877 983 2937 1032 ιιι
2983 977 3276 1033 secundum
3328 992 3482 1048 paras
3537 975 3701 1030 mari-

2111 1071 2226 1120 tum
2258 1065 2392 1134 (7t).
2438 1065 2556 1120 Jam
2597 1073 2651 1120 et
2698 1079 2801 1120 vox
2845 1065 3171 1122 obsolefacta
3214 1074 3312 1132 est,
3363 1073 3416 1122 et
3463 1065 3702 1121 membra

2115 1151 2380 1223 completa
2423 1160 2571 1218 sunt,
2621 1161 2673 1207 et
2716 1151 2889 1224 pudor
2935 1153 3136 1225 ubique
3179 1155 3404 1211 vestitur
3454 1152 3600 1224 (72),
3648 1159 3704 1208 et

2114 1256 2328 1298 menses
2357 1241 2552 1297 tributa
2566 1241 2876 1310 dependunt
2901 1242 2951 1280 66
2979 1243 3094 1313 (73)
3119 1261 3132 1297 :
3155 1252 3294 1299 actu
3319 1242 3594 1298 mulierem
3611 1256 3708 1297 ne-

2115 1345 2232 1400 gas,
2263 1345 2420 1401 quam
2450 1327 2733 1384 muliebria
2779 1328 2889 1400 pati
2934 1329 3098 1386 dicisl
3140 1330 3198 1386 Si
3243 1329 3557 1404 congressio
3601 1327 3706 1387 viri

2115 1417 2399 1475 mulierem
2429 1417 2574 1489 facit,
2603 1433 2712 1474 non
2761 1426 3029 1492 lcgantur,
3077 1419 3182 1474 nisi
3217 1426 3342 1492 post
3385 1419 3554 1488 ipsam
3600 1433 3706 1473 nu-

2113 1507 2348 1580 ptiarum
2376 1508 2703 1578 passionem.
2741 1507 2943 1580 Atquin
2980 1509 3142 1565 etiam
3171 1509 3315 1580 apud
3345 1507 3592 1563 ethnicos
3610 1521 3705 1562 ve-

2115 1593 2238 1652 lata
2265 1595 2334 1652 ad
2361 1595 2534 1652 virum
2563 1595 2858 1653 ducuntur.
2896 1597 2953 1654 Si
2981 1605 3157 1653 autem
3203 1596 3272 1651 ad
3319 1593 3707 1668 desponsatio-

2115 1700 2237 1741 nem
2267 1685 2529 1754 velantur,
2582 1684 2708 1758 quia
2752 1696 2807 1742 et
2859 1701 3086 1758 corpore
3121 1693 3177 1742 et
3231 1684 3422 1757 spiritu
3468 1683 3707 1738 masculo

404 1756 513 1848 quo
543 1783 716 1844 potest
741 1789 849 1829 non
877 1788 1020 1829 esse.
1064 1774 1131 1828 Et
1178 1773 1300 1829 ideo
1331 1789 1498 1844 penes
1543 1774 1706 1828 Israel
1743 1773 1859 1844 (6i)
1899 1773 2008 1829 illi-
2043 1756 2087 1833 Β
2117 1775 2294 1830 mixta
2323 1783 2448 1830 sunt
2475 1791 2577 1846 per
2603 1756 2848 1834 osculum
2891 1756 3238 1840 etldexteras,
3263 1756 3388 1846 iper
3431 1787 3552 1844 qua
3591 1769 3710 1841 pri-

408 1863 578 1920 citum
615 1872 697 1918 est
748 1861 817 1916 ad
855 1861 1030 1917 virum
1084 1861 1312 1927 tradere,
1362 1861 1466 1916 nisi
1496 1870 1618 1932 post
1667 1870 2016 1920 contestatam

407 1950 668 2023 sanguine
698 1948 1060 2004 maturitatem
1093 1963 1107 2002 :
1141 1947 1219 2003 ita
1245 1956 1368 2004 ante
1413 1949 1558 2005 hunc
1592 1949 1829 2006 indicem
1858 1965 2016 2006 acer-

414 2040 486 2096 ba
512 2054 602 2096 res
632 2046 734 2095 est.
777 2037 947 2110 Igitur
984 2037 1030 2093 si
1072 2037 1275 2093 tamdiu
1306 2035 1478 2109 virgo,
1519 2038 1778 2110 quamdiu
1815 2040 2012 2096 acerba

413 2134 518 2194 est,
550 2125 751 2182 desinit
803 2123 1073 2197 virginem
1131 2140 1252 2181 cum
1294 2132 1507 2180 matura
1549 2126 1598 2166 δι
1643 2127 2011 2201 cOgnoscitur,

410 2223 467 2272 ct
496 2223 553 2271 ut
581 2229 687 2271 non
716 2211 868 2287 virgo
894 2214 1008 2284 jam
1027 2212 1140 2286 legi
1170 2212 1489 2286 applicatur,
1521 2215 1664 2271 sicut
1708 2223 1763 2273 et
1790 2216 2008 2288 nuptiis.

411 2303 476 2360 Et
501 2305 840 2373 desponsata
878 2302 1102 2374 quidem
1141 2303 1342 2359 habent
1396 2304 1706 2374 exemplum
1754 2305 2011 2364 Rebecca

409 2392 572 2463 (Gen.
617 2407 788 2460 xxtv,
848 2393 962 2460 6L),
1011 2407 1133 2463 qua
1193 2408 1314 2448 cum
1365 2392 1432 2446 ad
1460 2408 1722 2463 sponsum
1768 2396 2010 2467 ignotum

416 2483 594 2540 adhuc
629 2483 810 2552 ignota
847 2481 1253 2554 perduceretur,
1316 2480 1478 2537 simul
1533 2483 1714 2554 ipsum
1760 2486 2012 2558 cognovit

417 2587 560 2643 esse,
590 2585 754 2642 quem
783 2568 852 2624 de
881 2569 1175 2643 longinquo
1223 2579 1578 2642 prospexerat
1604 2571 1675 2640 ⁵2,
1711 2588 1818 2628 non
1847 2573 2010 2631 susti-

412 2661 529 2717 nuit
573 2661 813 2716 dextera
861 2658 1289 2715 colluctationem
1321 2659 1458 2733 (65),
1492 2675 1590 2715 nec
1644 2661 1818 2717 osculi
1872 2677 2008 2718 con-

410 2749 772 2824 gressionem,
815 2763 916 2804 nec
956 2748 1298 2804 salutationis
1341 2748 1888 2806 communicationem
1935 2751 2005 2818 63,

411 2837 511 2894 sed
540 2835 788 2892 confessa
817 2834 965 2907 quod
1010 2843 1274 2902 senserat,
1304 2834 1359 2890 id
1395 2841 1480 2892 est
1523 2835 1711 2906 spiritu
1764 2845 2006 2908 nuptam,

411 2923 636 2997 negavit
673 2922 941 2994 virginem
989 2923 1165 2980 velata
1209 2922 1430 2979 ibidem.
1477 2923 1524 2980 Ο
1573 2923 1852 2979 mulierem
1899 2925 2012 2994 jam

414 3014 486 3070 de
513 3009 714 3069 Christi
762 3010 1074 3082 disciplina!
1123 3010 1374 3068 Ostendit
1417 3009 1563 3068 enim
1617 3008 1798 3068 905
1853 3013 2016 3072 etiam

413 3099 628 3170 nuptias
664 3097 734 3154 de
781 3105 998 3169 aspectu
1052 3105 1106 3154 et
1141 3097 1320 3154 animo
1363 3096 1504 3166 fieri,
1561 3100 2012 3171 quemadmodum

415 3197 684 3260 stuprum.
712 3184 831 3242 Nisi
851 3184 996 3258 quod
1039 3184 1201 3241 etiam
1230 3183 1530 3242 Rebeccam
1576 3185 1797 3259 quidam
1827 3188 2006 3247 adhuc

415 3277 595 3337 velant
621 3276 760 3349 (66).
787 3275 866 3332 De
888 3274 1098 3332 caeteris
1129 3290 1279 3346 vero,
1311 3275 1480 3345 idest,
1512 3292 1634 3349 qua
1665 3275 2009 3350 desponsata

415 3382 524 3426 non
545 3373 690 3432 sunt,
721 3364 918 3425 viderit
944 3365 994 3406 64
1019 3375 1306 3439 parentum
1338 3365 1749 3437 procrastinatio
1790 3383 1858 3424 ex
1907 3385 2010 3425 an-

2120 1879 2267 1919 mum
2297 1863 2644 1936 resignarunt
2664 1865 2924 1935 pudorem
2951 1863 3173 1937 Spiritus
3198 1863 3268 1932 5",
3299 1877 3400 1933 per
3425 1873 3708 1918 commune

2119 1951 2465 2008 conscientia
2493 1952 2713 2024 pignus,
2745 1968 2853 2025 quo
2876 1962 3038 2009 totam
3058 1952 3411 2009 condixerunt
3438 1947 3710 2006 confusio-

2119 2055 2242 2115 nem
2275 2041 2411 2112 (74),
2449 2048 2652 2113 quanto
2699 2042 2870 2115 magis
2911 2050 3127 2114 tempus
3173 2041 3287 2096 illas
3336 2037 3558 2106 velabit,
3591 2037 3708 2094 sine

2118 2144 2228 2200 quo
2255 2131 2502 2202 sponsari
2527 2145 2637 2186 non
2663 2138 2906 2201 possunt,
2934 2141 2989 2188 et
3017 2147 3128 2203 quo
3151 2136 3376 2203 urgente
3407 2129 3525 2184 sine
3553 2141 3710 2197 spon-

2117 2216 2324 2273 salibus
2360 2217 2605 2293 virgines
2638 2219 2896 2276 desinunt
2934 2221 3080 2275 esse!
3113 2221 3349 2289 Tempus
3379 2218 3542 2273 etiam
3589 2216 3709 2271 eth-

2117 2305 2225 2363 nici
2254 2307 2568 2380 observant,
2597 2316 2658 2364 ut
2684 2324 2749 2365 ex
2777 2308 2894 2381 lege
2923 2315 3126 2365 natura
3150 2310 3276 2380 jura
3321 2324 3420 2364 sua
3456 2305 3709 2363 aetatibus

2116 2394 2359 2451 reddant.
2391 2396 2526 2451 Nam
2570 2396 2800 2453 feminas
2842 2397 3062 2469 quidem
3111 2414 3143 2453 a
3195 2396 3481 2454 duodecim
3529 2395 3707 2458 annis,

2116 2484 2413 2541 masculum
2445 2500 2572 2544 vero
2603 2501 2636 2541 a
2669 2487 2880 2542 duobus
2926 2488 3156 2560 amplius
3203 2487 3272 2543 ad
3315 2485 3534 2558 negotia
3577 2483 3708 2539 mit-

2115 2579 2252 2641 tunt,
2283 2571 2462 2630 906
2496 2576 2833 2646 pubertatem
2875 2575 2929 2631 in
2976 2577 3155 2641 annis,
3207 2593 3316 2632 non
3361 2571 3706 2645 sponsalibus

2116 2670 2207 2714 aut
2239 2663 2440 2732 nuptiis
2468 2662 2839 2720 decernentes.
2872 2665 3041 2720 Mater
3071 2664 3283 2720 familia
3332 2671 3555 2723 vocatur
3583 2662 3707 2718 licet

2114 2746 2296 2820 virgo,
2348 2757 2402 2805 ct
2443 2752 2817 2823 paterfamiliae
2872 2752 2999 2809 licet
3045 2753 3283 2810 investis.
3329 2752 3380 2808 Α
3417 2751 3574 2807 nobis
3605 2764 3703 2806 nec

2111 2837 2371 2894 naturalia
2406 2838 2458 2878 δε
2484 2840 2853 2908 observantur,
2883 2842 3039 2914 quasi
3069 2840 3209 2898 alius
3253 2841 3325 2898 sit
3353 2840 3499 2897 Deus
3541 2845 3697 2895 natu-

2118 2939 2193 2981 ra
2221 2941 2382 2997 quam
2406 2937 2609 2985 noster.

2733 3071 2958 3129 CAPUT
2993 3073 3116 3129 xu.
3186 3056 3205 3071 ’

2201 3191 2458 3267 Agnosco
2502 3203 2555 3252 et
2598 3196 2904 3266 mulierem,
2960 3214 3188 3273 agnosce
3245 3206 3300 3256 et
3348 3206 3592 3272 nuptam,
3655 3199 3723 3256 de

2125 3283 2446 3340 testimoniis
2504 3293 2558 3342 et
2613 3288 2932 3358 corporiset
2975 3288 3218 3359 spiritus,
3275 3305 3396 3361 qua
3435 3291 3639 3362 patitur
3671 3300 3726 3348 et

2121 3370 2177 3428 in
2227 3374 2556 3432 conscientia
2584 3385 2637 3434 et
2681 3377 2737 3434 in
2777 3393 2959 3435 carne.
3010 3377 3104 3434 Ha
3151 3385 3275 3434 sunt
3316 3378 3525 3434 tabellae
3564 3377 3720 3450 prio-

1800 3494 1996 3557 Varia
2038 3479 2352 3563 lectiOnes.

486 3600 537 3684 5_9
559 3599 826 3684 virgineis
855 3602 1030 3684 Enen;
1057 3597 1110 3684 62
1134 3599 1211 3654 Ita
1237 3599 1410 3684 Sami.
1441 3597 1487 3638 ⁶¹
1520 3599 1724 3684 Ιδᾷιιιιιιξἶ
1750 3603 1932 3684 Paris.
1967 3603 2016 3641 ⁶²
2049 3604 2400 3684 Perspeigerat
2421 3609 2594 3668 Rhen.
2628 3610 2679 3649 ⁵³
2707 3609 3153 3684 Communionern
3195 3613 3438 3684 Franeq.
3468 3609 3708 3684 αγγίᾀε-

421 3669 527 3729 rint
544 3669 804 3755 plerique
831 3670 1033 3755 edd;§5
1064 3671 1518 3755 Expectationem
1545 3671 2078 3755 transﬁgurat-i‘onem
2125 3669 2294 3755 Sami.
2331 3681 2452 3753 Rig.
2479 3697 2540 3738 ex
2584 3685 2937 3755 spectatione.
2967 3684 3018 3722 66
3047 3669 3560 3755 DefenduntSemt.
3607 3682 3703 3738 de-

417 3743 658 3828 pendunt
689 3743 1187 3828 :Jtanq'Ciacconi
1232 3745 1623 3804 coniecturam
1669 3743 2019 3803 auctoritate
2055 3743 2459 3820 conﬁrmatam
2499 3743 2631 3812 cod.‘
2665 3770 2776 3812 ms.
2826 3744 2984 3828 prob.
3041 3757 3161 3827 Rig.
3194 3755 3242 3794 6⁷
3292 3753 3495 3828 Spiritu
3545 3755 3718 3812 Se—ml.

417 3814 470 3855 ⁵⁸
491 3813 838 3872 Naturalibus
872 3814 1060 3868 Venet.

1835 3913 2338 3985 Commentarius.

491 4013 871 4093 (63)‘antias
906 4013 1053 4093 pati.
1083 4011 1240 4083 Sape
1283 4012 1388 4093 hoc
1414 4013 1638 4093 verbum
1665 4018 1930 4093 “occurrit
1959 4019 2015 4073 in

423 4083 652 4140 Tertull.
686 4083 753 4137 de
784 4083 994 4150 virgine
1034 4085 1146 4150 jam
1206 4088 1418 4137 matura
1456 4091 1510 4138 et
1547 4085 1738 4140 nubili.
1795 4089 2010 4144 Petron.

419 4154 780 4224 Satir.annis
811 4154 882 4208 ad
898 4154 1240 4224 patiendum
1269 4154 1655 4224 gestientibus.
1698 4158 1830 4212 Lac.

491 4223 813 4306 (6§)_fenes
843 4222 1334 4306 Israel.“Quonlo'ci
1370 4224 1474 4306 hoc
1518 4226 1780 4306 scriptum
1820 4229 1874 4306 in
1919 4242 2010 4306 sa-_

421 4293 528 4356 oris
549 4293 752 4368 bibliis,
787 4295 979 4368 quaerit
1016 4293 1328 4368 Pamelius;
1361 4294 1460 4349 sed
1493 4293 1682 4352 monet
1730 4297 1924 4354 Junius
1956 4297 2010 4351 id

420 4385 530 4426 non
559 4367 744 4424 haberi
771 4365 837 4422 ei:
865 4367 985 4438 lege
1013 4365 1136 4432 Dei,
1168 4366 1263 4438 sed
1294 4373 1497 4421 tantum
1527 4383 1594 4423 ex
1620 4369 2011 4426 consuetudine

420 4441 738 4512 Judaorum
765 4437 987 4512 fundata
1015 4437 1247 4493 naturali
1269 4438 1414 4507 jure,
1437 4447 1490 4512 et
1525 4454 1648 4495 cum
1677 4450 1896 4512 aspectu
1945 4439 2012 4494 ad

422 4529 487 4570 ea
514 4527 637 4582 quae
667 4511 919 4568 dicuntur
947 4511 1250 4579 Deuteron,
1279 4525 1414 4564 χχιι.
1444 4509 1573 4566 Lac.

493 4581 608 4655 (65)
629 4585 752 4640 Non
769 4584 1045 4655 sustinuit
1064 4581 1285 4639 dextrae
1310 4582 1794 4639 colluctationem.
1824 4581 1884 4636 Id
1903 4591 2006 4647 εει,

419 4669 529 4711 non
557 4653 905 4726 exspectavit.
936 4653 1057 4709 Bm.

495 4726 610 4798 (66)
637 4723 938 4798 Rebeccam
992 4723 1220 4798 quidam
1263 4723 1445 4781 adhuc
1494 4725 1704 4798 velant.
1740 4723 1858 4798 Hoc
1909 4731 2011 4791 est,

421 4795 683 4871 virgines
706 4795 929 4871 quidem
976 4795 1328 4868 desponsatas
1384 4795 1626 4871 nonnulli
1689 4795 1865 4871 adhuc
1915 4811 2013 4851 ve-

424 4866 555 4933 lant,
613 4867 832 4922 minime
887 4866 1090 4922 autem'
1125 4875 1367 4922 caeteras.
1415 4869 1483 4922 At
1540 4866 1908 4924 Tertullianus
1967 4875 2019 4924 et

417 4949 636 4998 caeteras
661 4955 879 5009 quoque
897 4937 1162 5009 velandas
1187 4953 1309 4993 esse
1334 4938 1630 4994 contendit.
1669 4940 1794 4994 Rm.

503 5011 619 5082 (67)
648 5008 735 5067 Ex
782 5008 1082 5082 angustiis.
1117 5008 1233 5064 Hoc
1277 5017 1360 5064 est
1386 5009 1646 5082 tenuitate
1702 5009 2020 5066 facultatum

429 5081 544 5142 sive
584 5081 942 5139 fortunarum.
965 5081 1125 5150 Nam,
1156 5087 1217 5136 ut
1267 5088 1352 5136 est
1397 5081 1540 5152 apud
1573 5081 2017 5156 Satrographum,

551 5171 662 5221 Non
692 5169 840 5220 facile
869 5169 1145 5234 emergunt,
1171 5181 1388 5234 quorum
1413 5167 1692 5220 virtutibus
1727 5170 1897 5220 obstat

549 5234 647 5284 Res
679 5240 893 5296 angusta
925 5232 1078 5282 domi.

427 5313 742 5384 Hujusmodi
794 5311 988 5384 puella
1069 5311 1435 5382 pauperiores,
1509 5309 1780 5368 difﬁcilius
1853 5311 2018 5369 etiam

427 5383 673 5441 maritum
703 5383 998 5440 inveniunt.
1030 5384 1216 5440 RHEN.

499 5457 610 5527 (68)
647 5457 734 5528 Vel
763 5457 1217 5528 scrupulositate.
1250 5455 1362 5528 Hoc
1392 5461 1471 5510 est
1486 5453 1799 5513 morositate
1826 5471 2021 5528 paren-

429 5537 563 5598 tum,
591 5527 792 5601 quibus
823 5527 1002 5584 nullus
1027 5528 1222 5600 placet.
1257 5527 1446 5585 nam.

898 5611 902 5618 \

2193 4026 2307 4108 (69)
2331 4029 2723 4108 ⁸(Σοηιζτιεηιὶίε
2750 4035 2974 4108 potum.
3007 4031 3351 4108 Notetur_hic_
3387 4032 3541 4108 locus
3587 4030 3718 4086 dili—

2122 4099 2455 4175 gentissime.
2489 4099 2630 4175 Ecce
2678 4101 3102 4175 enimscriptor
3149 4101 3721 4175 antiquissimus‘rne-

2122 4168 2416 4291 ininitlvoti
2443 4170 2806 4239 continentia,
2836 4172 2946 4240 jam
2976 4168 3091 4230 tum
3131 4168 3454 4228 mitti‘soliti
3493 4186 3524 4224 a
3554 4169 3722 4226 ﬁdeli-

2164 4251 2245 4290 us.
2330 4251 2413 4291 ac.

2164 4251 2245 4290 IIS.
2287 4251 2413 4291 LAC.

2171 4305 2525 4387 _(70)-{l_spice
2563 4314 2806 4387 nuptam
2821 4314 2962 4387 jam
3009 4314 3174 4368 illam
3212 4317 3370 4387 tuam
3415 4313 3712 4384 virginem.

2119 4377 2287 4462 Virgo
2318 4377 2412 4433 illa
2444 4389 2552 4462 tua,
2586 4377 2780 4462 inquit,
2813 4377 2922 4452 jam
2954 4394 3116 4452 nupta
3145 4392 3227 4438 est
3263 4377 3717 4462 animam'exspe-

2123 4451 2572 4526 stationemari‘ti,
2619 4451 2786 4521 nupta
2818 4451 2932 4517 est,
2987 4451 3043 4508 et
3089 4468 3306 4526 carnem
3356 4451 3717 4526 transﬁgura-

2119 4520 2261 4577 tione
2290 4521 2466 4592 pubis.
2509 4520 2708 4595 Nupta
2736 4539 2952 4580 carnem
2981 4532 3036 4579 et
3082 4523 3336 4588 animam,
3369 4533 3447 4591 ut,
3495 4520 3587 4582 os"
3613 4524 3716 4582 hu-

2118 4609 2410 4666 merosque
2462 4596 2568 4652 Deo
2625 4596 2852 4651 similis.
2884 4595 3013 4652 RIG.

2193 4663 2327 4739 (7t)
2352 4665 2459 4722 Cui
2507 4671 2572 4723 tu
2613 4667 3142 4739 socundumqparas
3187 4667 3503 4739 maritum.
3526 4665 3724 4739 sensus

2123 4742 2224 4800 est,
2258 4735 2413 4808 virgo
2461 4745 2546 4792 tua
2593 4754 2756 4811 quam
2804 4747 2860 4793 tu
2907 4735 3173 4811 virginem
3211 4735 3718 4811 adhucexistimas,

2125 4807 2773 4891 propter’atatem‘desiit
2801 4825 2922 4866 esse
2947 4807 3119 4891 virgoz
3154 4823 3260 4864 non
3290 4807 3512 4889 quidem
3541 4824 3569 4861 a
3600 4807 3717 4888 viro

2127 4886 2398 4952 corrupta,
2432 4883 2523 4936 scd
2570 4880 2637 4934 ab
2675 4888 2829 4935 atate
2877 4900 2892 4937 :
2927 4878 3155 4952 proinde
3193 4879 3438 4950 maritus,
3470 4893 3627 4951 quem
3665 4878 3717 4934 ei

2128 4949 2322 5019 trades,
2351 4952 2616 5007 secundus
2646 4952 2765 5008 erit.
2790 4949 2976 5009 Ensis.

2199 5022 2410 5106 ('72)'Et_
2428 5022 2613 5106 ﬁndor
2642 5023 2852 5106 ubique
2877 5025 3139 5106 vestitur.
3171 5024 3292 5096 Ipse
3320 5020 3459 5080 libro
3488 5020 3554 5080 de
3582 5023 3720 5080 Ani-

2127 5109 2222 5148 ma
2248 5109 2260 5146 :
2295 5095 2548 5152 Vestitior
2577 5095 2869 5152 sexus'est.
2896 5097 3021 5153 Rm.

2204 5165 2317 5248 (33)
2346 5168 2413 5248 ιξέ
2441 5181 2660 5248 menses
2692 5167 2910 5248 tributa
2946 5167 3291 5248 dependunt.
3319 5166 3411 5248 _Sic
3436 5165 3634 5248 legitur
3677 5165 3728 5248 in

2130 5235 2317 5292 codice
2367 5237 2486 5294 Ful.
2531 5237 2734 5294 Ursini.
2770 5239 2840 5294 At
2887 5239 2942 5293 in
2989 5235 3176 5295 codice
3213 5235 3529 5294 Divionensi
3577 5245 3631 5293 et
3677 5237 3729 5291 in

2130 5307 2457 5382 edi‘tionibus
2485 5309 2746 5378 Rhenani,
2780 5309 3110 5382 defendunt.
3153 5310 3278 5366 Ric.

2201 5379 2314 5449 (7i)
2352 5381 2579 5452 "Totam
2635 5375 3020 5439 condix'erunt
3093 5382 3505 5452 confusionem.
3545 5375 3719 5452 Quam

2130 5466 2299 5522 prope
2330 5451 2506 5522 dixit:
2537 5452 2728 5509 Totam
2764 5454 3116 5511 condixerunt
3151 5449 3485 5509 contumelia
3526 5451 3716 5521 conju-

2132 5521 2268 5594 galis
2297 5521 2686 5594 impudentiam
2706 5523 2718 5577 l
2750 5525 2879 5580 Rm.
