4028 6188
364 225 469 285 955

366 441 611 499 velamen
640 440 997 507 extrinsecus,
1047 437 1260 493 habenti
1311 444 1569 507 tegumen
1618 437 1958 494 intrinsecus.

369 532 644 602 Tegantur
704 528 863 583 etiam
933 529 1231 597 superiora,
1282 527 1440 595 cujus
1504 524 1755 583 inferiora
1819 527 1963 582 nuda

368 634 476 675 non
505 624 658 673 sunt.
696 617 792 671 Vis
822 617 957 673 scire
987 632 1109 686 quae
1163 614 1231 670 sit
1277 615 1443 670 aetatis
1470 614 1798 671 auctoritas?
1826 616 1960 671 Pro-

366 723 509 780 pone
551 717 854 776 utramque,
916 705 1203 760 immature
1248 720 1614 775 compressam
1670 704 1722 758 in
1776 704 1961 761 habitu

369 797 632 865 mulieris,
660 803 715 850 et
743 810 863 863 quae
892 793 1195 848 maturitate
1238 808 1519 865 pregressa
1563 793 1617 847 in
1654 792 1961 862 virginitate

369 888 525 941 duret
553 900 673 939 cum
712 896 814 937 suo
846 880 1052 946 habitu,
1084 880 1289 936 facilius
1321 882 1407 935 illa
1439 881 1632 935 mulier
1658 883 1958 953 negabitur,

366 988 525 1046 quam
596 971 703 1025 ista
760 969 912 1041 virgo
979 968 1244 1023 credetur.
1293 967 1461 1021 Tanta
1506 976 1589 1023 est
1635 970 1771 1024 adeo
1829 968 1962 1023 fides

370 1062 563 1127 aetatis,
615 1068 673 1115 ut
720 1075 819 1114 nec
870 1057 1056 1112 habitu
1123 1055 1331 1111 obstrui
1398 1056 1581 1128 possit.
1634 1056 1774 1125 Quid
1820 1058 1962 1128 quod

373 1152 537 1209 etiam
610 1150 694 1204 hae
768 1155 969 1203 nostrae
1033 1145 1082 1183 09
1148 1145 1311 1200 etiam
1378 1145 1559 1200 habitu
1608 1145 1961 1202 mutationem

370 1241 549 1297 (etatis
584 1238 927 1305 conﬁtentur,
957 1234 1223 1305 simulque
1269 1249 1326 1289 se
1374 1234 1630 1290 mulieres
1675 1235 1962 1291 intellexe-

370 1339 516 1395 runt,
574 1328 641 1383 de
696 1326 1002 1399 virginibus
1058 1324 1357 1381 educantur
1413 1324 1464 1361 ἰο
1521 1325 1654 1393 (75),
1715 1339 1749 1379 a
1791 1323 1963 1393 capite

376 1417 596 1490 quidem
652 1416 770 1486 ipso
835 1413 1166 1483 deponentes
1214 1412 1360 1484 quod
1403 1410 1619 1468 fuerunt
1669 1430 1682 1467 :
1748 1418 1966 1468 vertunt

372 1508 625 1580 capillum
655 1505 792 1576 (76),
821 1510 873 1559 et
901 1519 1001 1558 acu
1026 1501 1307 1558 lasciviore
1324 1516 1534 1558 comam
1564 1500 1666 1556 sibi
1696 1501 1960 1566 inserunt,

370 1596 609 1653 crinibus
637 1610 667 1648 a
712 1592 889 1649 fronte
938 1592 1125 1648 divisis
1169 1598 1411 1662 apertam
1460 1588 1715 1661 professae
1762 1589 1958 1645 mulie-

370 1685 602 1741 ritatem.
643 1685 763 1739 Jam
792 1691 845 1737 ct
869 1680 1154 1737 consilium
1184 1678 1372 1734 formae
1411 1694 1442 1733 a
1480 1679 1698 1748 speculo
1744 1686 1955 1750 petunt,

372 1784 422 1831 et
470 1773 665 1829 faciem
705 1769 1061 1827 morosiorem
1111 1768 1326 1825 lavacro
1384 1776 1672 1834 macerant,
1741 1768 1964 1823 forsitan

371 1872 425 1919 et
470 1861 651 1933 aliquo
719 1875 838 1916 eam
901 1857 1255 1912 medicamine
1319 1856 1668 1927 interpolant,
1736 1856 1958 1927 pallium

372 1951 707 2007 extrinsecus
742 1948 967 2018 jactant,
1025 1946 1263 2003 calceum
1311 1944 1507 2014 stipant
1552 1945 1955 2013 multiformem,

372 2040 493 2112 plus
542 2036 879 2093 instrumenti
929 2036 1000 2090 ad
1048 2034 1267 2089 balneas
1321 2032 1569 2089 deferunt
1625 2035 1761 2106 (77).
1821 2034 1959 2105 Quid

373 2128 583 2200 singula
615 2126 949 2196 persequar?
983 2125 1127 2182 Sola:
1166 2122 1210 2161 ⁷1
1242 2130 1421 2177 autem
1469 2122 1768 2179 manifesta)
1807 2140 1963 2194 para-

376 2229 508 2274 tura:
552 2215 723 2273 907
774 2222 936 2270 totam
984 2213 1365 2270 circumferunt
1409 2212 1785 2268 mulieritatem
1824 2213 1955 2284 (78).

373 2306 482 2363 Sed
510 2304 768 2379 virginari
798 2303 981 2361 volunt
1010 2304 1129 2374 (79)
1160 2304 1275 2357 sola
1319 2300 1518 2371 capitis
1561 2302 1819 2371 nuditate,
1852 2317 1959 2358 uno

374 2394 558 2451 habitu
586 2394 702 2466 (80)
730 2401 990 2466 negantes
1014 2390 1161 2463 quod
1188 2400 1300 2447 toto
1331 2397 1585 2462 suggestu
1616 2389 1956 2460 profitentur.

1101 218 1539 281 TERTULLIANI
1576 219 1841 282 OPERUM
1878 220 2045 282 PARS
2082 221 2149 281 ll.
2195 254 2269 268 —
2302 221 2528 286 SERIES
2566 226 2637 301 ΙΙ,
2675 226 2993 289 MORALIA.

363 367 452 408 res
495 348 815 407 naturalium
872 348 1203 419 sponsalium
1249 356 1302 404 et
1358 347 1683 418 nuptiarum.
1734 349 1959 419 Impone
1991 365 2039 442 Α

3542 230 3650 295 956

2654 354 2876 412 CAPUT
2916 356 3065 411 XIII.

2140 439 2196 494 Si
2269 449 2487 513 propter
2549 442 2796 499 homines
2888 444 3071 499 habitu
3151 445 3445 502 abutuntur
3515 448 3652 520 (81),

2070 528 2325 600 impleant
2352 530 2499 584 illum
2538 530 2698 586 etiam
2748 532 2801 586 in
2841 534 2963 597 hoc,
3008 542 3069 589 ut
3105 541 3158 589 et
3212 535 3351 604 apud
3407 537 3656 593 ethnicos

2068 625 2229 687 caput
2258 619 2454 675 velent.
2497 619 2653 675 Certe
2702 620 2757 674 in
2805 621 3034 677 ecclesia
3086 622 3447 694 virginitatem
3508 641 3656 681 suam

2067 708 2415 776 abscondant,
2465 724 2627 778 quam
2683 718 2835 764 extra
2882 710 3165 765 ecclesiam
3213 713 3411 768 celant.
3444 714 3658 769 Timent

2069 803 2379 861 extraneos,
2422 807 2769 853 revereantur
2816 808 2868 853 ρι
2917 800 3155 858 fratres:
3206 812 3299 858 aut
3344 812 3660 860 constanter

2066 884 2311 951 audeant,
2367 894 2420 942 et
2469 887 2523 942 in
2577 886 2712 943 vicis
2761 887 2999 957 virgines
3046 888 3219 944 videri
3275 890 3411 947 sicut
3454 893 3657 947 audent

2068 973 2123 1028 in
2170 973 2440 1030 ecclesiis.
2480 975 2733 1032 Laudabo
2775 976 3039 1048 vigorem,
3082 978 3127 1032 si
3173 978 3371 1049 aliquid
3411 988 3463 1033 et
3510 979 3659 1051 apud

2069 1062 2316 1119 ethnicos
2337 1063 2663 1137 virginitatis
2683 1065 3038 1123 nundinarent
3072 1068 3204 1137 (82).
3230 1066 3430 1122 Eadem
3461 1078 3660 1123 natura

2069 1152 2199 1208 foris
2226 1168 2345 1223 quae
2368 1161 2420 1207 et
2450 1154 2615 1220 intus,
2645 1154 2830 1208 eadem
2863 1154 3122 1211 institutio
3154 1156 3295 1227 apud
3320 1156 3563 1211 homines
3593 1163 3650 1212 et

2070 1239 2214 1309 apud
2242 1240 2531 1295 Dominum
2560 1242 2746 1296 eadem
2795 1241 3037 1298 libertate
3089 1252 3316 1299 constat.
3353 1244 3471 1312 Quo
3514 1259 3651 1317 ergo

2070 1328 2201 1384 foris
2222 1329 2442 1401 quidem
2466 1329 2665 1385 bonum
2685 1344 2841 1385 suum
2855 1331 3197 1403 abstrudunt,
3211 1331 3265 1387 in
3284 1332 3507 1388 ecclesia
3525 1348 3655 1390 vero

2068 1418 2430 1489 provulgant?
2474 1418 2720 1488 Exposco
2777 1419 3071 1485 rationem;
3123 1428 3374 1476 utrumne
3434 1429 3493 1477 ut
3547 1420 3658 1475 fra-

2069 1504 2235 1560 tribus
2256 1506 2368 1560 suis
2399 1506 2660 1575 placeant,
2693 1522 2759 1563 an
2790 1514 2849 1562 ut
2876 1506 2979 1579 ipsi
3010 1508 3167 1565 Deo?
3196 1510 3253 1564 Si
3275 1516 3334 1564 ut
3366 1510 3471 1581 ipsi
3492 1510 3611 1567 Deo
3642 1528 3658 1566 :

2068 1600 2175 1649 tam
2230 1595 2461 1650 idoneus
2504 1604 2586 1651 est
2631 1596 2696 1649 ad
2747 1596 3126 1667 conspicienda
3170 1614 3292 1670 quae
3339 1599 3397 1653 in
3441 1597 3658 1655 occulto

2071 1681 2222 1752 ﬁunt,
2253 1698 2413 1753 quam
2441 1683 2621 1753 justus
2668 1684 2735 1738 ad
2790 1685 3189 1742 remuneranda
3243 1702 3363 1757 quae
3410 1684 3512 1741 soli
3557 1684 3661 1741 sibi

2072 1770 2228 1826 ﬁunt.
2258 1770 2501 1843 Denique
2530 1770 2790 1843 praecipit,
2822 1771 2961 1829 nihil
3007 1773 3431 1830 debuccinemus
3469 1787 3663 1830 eorum

2065 1877 2188 1932 quae
2215 1861 2359 1931 apud
2387 1860 2535 1917 illum
2566 1862 2863 1918 mercedem
2910 1864 3281 1933 merebuntur,
3331 1878 3433 1919 nec
3479 1878 3542 1919 ea
3588 1862 3657 1917 ab

2067 1950 2379 2006 hominibus
2427 1965 2864 2020 compensemus.
2913 1950 3073 2019 Quod
3156 1952 3203 2007 si
3257 1951 3418 2007 unius
3486 1950 3659 2007 victo-

2068 2035 2189 2091 riati
2220 2036 2356 2107 (83),
2386 2038 2469 2091 vel
2494 2053 2865 2110 quamcunque
2884 2039 3245 2109 eleemosynae
3275 2041 3656 2110 operationem,

2068 2124 2283 2180 sinistra
2321 2126 2535 2181 conscia
2576 2127 2624 2163 ⁷2
2656 2126 2772 2197 (84)
2810 2126 2985 2182 facere
3043 2128 3388 2198 prohibemur
3432 2127 3657 2199 (Matth.

2069 2214 2169 2282 v1),
2203 2221 2462 2283 quantum
2492 2216 2837 2269 tenebrarum
2896 2216 3330 2273 circumfundare
3374 2218 3657 2284 debemus,

2068 2316 2191 2357 cum
2228 2308 2424 2355 tantam
2470 2302 2796 2357 oblationem
2832 2305 2947 2359 Deo
2977 2304 3274 2375 offerimus,
3330 2306 3503 2375 ipsius
3530 2322 3659 2362 θοι-τ

2068 2389 2215 2460 poris
2260 2398 2314 2445 et
2358 2389 2530 2461 ipsius
2585 2390 2811 2461 Spiritus
2857 2392 3048 2459 nostri,
3102 2409 3225 2448 cum
3281 2394 3431 2448 illam
3487 2395 3660 2465 ipsam

1741 2519 1933 2583 Variae
1974 2523 2281 2599 lectiones.

441 2635 490 2673 69
519 2632 659 2704 Quid
690 2632 833 2705 quod
860 2639 913 2688 et
936 2632 1053 2705 jam
1078 2632 1209 2687 Jun.
1242 2630 1293 2668 ⁷ο
1320 2630 1638 2705 Educuntur
1666 2628 1746 2705 at.
1796 2626 1843 2705 τί
1868 2627 2181 2705 Solemnem
2213 2631 2381 2705 Fran.
2414 2628 2593 2705 Raris.
2639 2627 2770 2705 solae
2800 2628 3160 2705 enim_La_t_in_.
3183 2630 3322 2684 Jun.
3363 2627 3654 2705 solaenim

374 2698 657 2761 manifesta
708 2698 967 2777 paratura
1024 2704 1277 2760 Ciaccon.
1347 2700 1473 2755 sola}
1540 2701 1603 2754 in
1642 2698 1757 2754 cod.
1808 2699 2150 2766 Divionensi,
2214 2700 2356 2771 quod
2421 2701 2538 2770 Rig.
2604 2702 2860 2771 praefert.
2920 2700 2969 2737 ’³2
3030 2698 3259 2756 Sinistra
3320 2698 3655 2757 conscientia

376 2778 543 2835 Semi.

1764 2841 2263 2905 Commentarius.

441 2956 556 3027 (75)
585 2958 660 3012 De
680 2955 989 3040 virginibus
1019 2952 1361 3009 educantur.
1392 2948 1644 3008 Educunt
1666 2965 1785 3007 sese
1802 2948 1963 3021 virgi—
1995 2963 2037 3040 ε
2151 2946 2516 3040 obscenitates‘
2531 2946 2676 3002 mille
2715 2946 3001 3040 obtrudluttt
3040 2954 3101 3002 ut
3133 2945 3342 3040 scilicet
3368 2943 3658 3040 glpt'iolam

802 3026 926 3081 Rm.

443 3098 558 3180 (Ἶςξ)
595 3097 831 3154 Vcrtunt
858 3095 1160 3180 capillum.
1173 3092 1349 3149 Nolim
1380 3090 1962 3180 affirmaretidem

372 3163 700 3239 significare,
749 3184 812 3224 ac
858 3163 1033 3223 crines
1090 3167 1419 3239 intorquere.
1469 3166 1601 3239 tium
1650 3163 1791 3216 enim
1836 3163 1959 3232 lego

370 3235 466 3295 lib.
502 3255 543 3295 ιι
570 3240 636 3297 de
670 3240 837 3296 Cultu
867 3243 1000 3310 tem.
1033 3252 1151 3305 cap.
1184 3240 1215 3290 6
1252 3235 1264 3290 ὲ
1304 3256 1325 3285 α
1367 3235 1613 3304 Capitum
1644 3248 1807 3287 croco
1832 3249 1958 3287 ver-

371 3321 508 3379 tere,
557 3332 579 3361 »
635 3310 768 3365 illud
808 3310 862 3365 in
902 3310 1209 3363 memoriam
1258 3313 1473 3362 revocat
1523 3320 1703 3379 curant
1737 3313 1960 3379 mutan—

372 3383 457 3438 dis
487 3373 867 3456 tingendisque
895 3381 1136 3456 crinibus
1182 3380 1325 3456 apud
1362 3385 1594 3456 veteres,
1611 3373 1961 3456 'tIerodian‘us

375 3456 441 3511 de
497 3443 821 3510 Αῐῖἱοιιίῐιοῖ
852 3455 1007 3526 κόμπος
1044 3471 1095 3505 τι
1143 3443 1441 3526 ’δεφςιλῇ
1491 3443 1958 3526 ἐπετίθετο-ξέγοὰς·

373 3543 560 3584 crmes
599 3531 775 3583 etiam
812 3515 987 3594 capiti
1023 3515 1293 3594 imposuit
1320 3515 1588 3594 ﬂauentet
1616 3518 1757 3587 apud
1789 3515 1957 3594 _C_lem.

374 3598 531 3678 Alex.
559 3599 749 3679 τρίχας,
791 3587 962 3679 gavia;
1018 3587 1199 3679 ﬁctét'tv.
1246 3587 1431 3647 crines
1485 3591 1657 3679 [latras
1703 3587 1958 3679 (elidens.

374 3657 706 3739 Capitolinus
736 3666 792 3739 in
813 3667 952 3719 Vero
983 3682 995 3717 :
1025 3686 1070 3739 _«g_
1090 3664 1290 3716 Dicitur
1320 3676 1453 3739 sane
1484 3657 1962 3739 tantam-habuisse

375 3726 555 3795 curam
582 3737 892 3791 ﬂaventium
920 3734 1253 3805 capillorum,
1288 3752 1313 3781 »
1356 3738 1455 3805 etc.
1489 3731 1563 3783 Ea
1600 3728 1716 3805 fuit
1748 3726 1959 3805 flaven-

379 3811 443 3864 tis
471 3808 708 3877 capillitii
737 3798 1026 3877 affectatio,
1055 3812 1118 3877 ut
1139 3804 1335 3877 Laetam
1367 3800 1651 3877 admoneat
1682 3798 1739 3851 Β.
1773 3798 1961 3851 Hiero-

377 3872 569 3949 nymus
601 3895 613 3930 :
644 3892 715 3949 ne
745 3875 1018 3949 capillum
1040 3876 1283 3949 irr_ufc_s._
1308 3873 1381 3949 La
1416 3872 1508 3923 Pa.

449 3946 560 4015 (77)
586 3948 724 4002 Plus
762 3938 1138 3999 instrumenti
1165 3938 1493 4015 adtbalneas
1524 3938 1965 4015 deferunt.‘Clg—

379 4004 568 4086 nic‘ns',
636 4016 853 4086 Pwdag.
905 4030 1002 4083 ιιι,
1051 4018 1130 4069 5:
1183 4013 1256 4086 Tot
1286 4034 1336 4065 τι
1376 4004 1707 4086 ἀργυρώματῆ
1764 4010 1864 4079 μεθ’
1894 4004 1963 4061 ὧν

380 4080 766 4163 ἑμπομᾶτεύουσιν
804 4080 824 4086 ﬂ
850 4080 1175 4157 ἀπειρὸκάλως
1240 4083 1285 4138 ἐν
1364 4080 1464 4144 τοῗέ
1507 4080 1781 4148 ’βαλανείοις
1843 4100 1960 4152 προ-

388 4162 586 4217 τοέασι.
621 4162 745 4215 R16.

446 4232 561 4303 (78)
592 4234 734 4289 Scite
764 4230 1304 4305 autemmanifestce
1330 4231 1625 4305 paratum:
1659 4230 1836 4305 totam
1857 4225 1969 4279 cir-

378 4297 709 4375 cuiri/erunt
736 4297 1169 4376 mulieritatem.
1201 4297 1544 4376 Sic_omni_no
1574 4297 1774 4376 legitur
1799 4297 1970 4376 ineo:

381 4366 857 4436 dice'Divionensi,
891 4388 990 4428 nec
1018 4372 1200 4447 dubito
1232 4370 1406 4447 talem
1455 4366 1969 4447 fuisse—Tertulliani

383 4463 620 4501 manum.
680 4447 771 4500 lla:
831 4452 1048 4510 nostrae,
1098 4443 1289 4514 inquit,
1346 4442 1601 4514 virgines.
1654 4440 1971 4514 Christianae

380 4517 644 4590 videlicet,
674 4517 830 4590 etiam
858 4516 1046 4570 habitu
1068 4509 1961 4590 mutationemEetatiscontitentur,

382 4588 651 4658 simulque
680 4588 1016 4657 pubertatem
1065 4586 1312 4640 subnasci
1354 4586 1805 4658 suam_sentiunt,
1856 4586 1964 4658 iam

382 4676 441 4714 se
485 4654 604 4714 esse
651 4654 938 4722 mulieres,
985 4666 1168 4730 atque
1202 4673 1281 4730 ex_
1324 4654 1622 4730 virginibus
1670 4654 1965 4730 excessisse

383 4730 706 4802 intelligunt.
753 4731 937 4799 Itaque
982 4744 1013 4782 a
1058 4722 1230 4802 capite
1268 4726 1385 4797 ipso
1412 4722 1696 4802 deponunt
1724 4722 1966 4776 habitum

382 4795 719 4873 virginalem,
748 4795 964 4873 vertunt
999 4795 1406 4873 capillumgaeu
1443 4795 1719 4873 laseiviore
1762 4806 1966 4873 comam

385 4868 495 4927 sibi
541 4874 814 4935 inserunt,
880 4868 1113 4927 crinibus
1170 4886 1202 4924 a
1257 4869 1432 4925 fronte
1488 4868 1674 4922 divisis
1726 4870 1965 4935 apertam

384 4942 643 5016 professae
680 4932 1080 5016 mulieritatem.
1123 4940 1337 5016 Deinde
1384 4938 1587 5016 colligit
1633 4956 1647 4991 :
1699 4932 1809 4989 lm‘o
1839 4932 1968 5016 solae

383 5010 620 5085 virgines
681 5020 857 5085 totam
910 5012 1312 5085 circumferunt
1353 5010 1643 5085 manifesta:
1696 5013 1968 5085 paratttra}

386 5079 784 5154 mulieritatem.
818 5083 1028 5137 Etenim
1081 5083 1252 5154 capite
1301 5080 1557 5154 incedunt
1603 5079 1767 5145 nudo,
1817 5079 1968 5145 prin-

385 5155 545 5227 cipali
573 5153 870 5227 manifestae
913 5153 1190 5227 ‘paraturie
1251 5153 1532 5227 muliebris
1592 5158 1766 5227 parte,
1812 5163 1969 5226 quam

386 5224 570 5298 regere
607 5226 778 5298 solent
820 5224 1093 5298 mulieres.
1140 5226 1322 5298 itaque
1372 5224 1493 5298 plus
1521 5224 1773 5298 exhibent
1801 5224 1973 5270 mani-

386 5294 533 5355 festae
562 5295 918 5360 mulieritatis,
949 5312 1106 5366 quam
1140 5296 1271 5365 ipsa:
1302 5294 1576 5366 mulieres.
1611 5294 1734 5366 the.

608 5370 718 5451 Sed.
736 5356 1010 5451 uirginari
1036 5356 1257 5423 volunt.
1278 5366 1529 5451 Yirgines
1548 5356 1970 5451 haberiugpltlfft

389 5429 592 5517 inutilis
631 5442 760 5517 mihi
808 5429 1018 5517 videtur
1065 5429 1448 5517 eorum-labor
1483 5451 1544 5489 ac
1584 5429 1973 5517 propudiosus,

389 5513 480 5584 qui
528 5515 705 5571 statim
761 5513 1027 5584 explicant
1072 5509 1403 5584 devirginari
1459 5522 1579 5563 esse
1620 5509 1971 5564 contrarium,

373 3044 499 3084 num
557 3042 719 3081 censu
731 3066 743 3079 .

2067 3018 2211 3072 illam
2250 3026 2591 3087 aucupentur
2636 3033 2739 3091 qua
2792 3017 2982 3091 eruditi
3037 3017 3341 3091 credanturf
3376 3016 3661 3091 ’Adeoque

2067 3106 2249 3144 rerum
2279 3105 2632 3145 venerearum
2654 3088 2730 3146 ‘ct
2777 3089 3010 3159 antiquae
3047 3088 3373 3160 impuritatis
3429 3088 3659 3159 indaga-

2070 3161 2276 3216 toribus
2314 3162 2444 3216 illud
2496 3162 2761 3231 relinquo,
2792 3154 3142 3231 devi'rginarc'
3176 3168 3267 3231 est
3321 3154 3656 3231 διαπαρθιῖιιῖν

2068 3231 2411 3301 imminuere,
2445 3229 2795 3304 depudicare,
2815 3240 2883 3304 ut
2931 3229 3130 3304 glossae
3159 3229 3547 3304 docent,__qua_
3569 3229 3657 3284 in-

2068 3304 2449 3374 terpretatione
2506 3300 2638 3357 nihil
2696 3303 2763 3357 ad
2784 3300 2791 3302 “
2812 3300 2960 3357 hunc
2985 3372 2996 3374 ῃ
3020 3302 3221 3374 locum.
3241 3371 3267 3374 _
3288 3300 3450 3356 nihil_
3481 3301 3657 3357 minus

2068 3371 2399 3429 conveniens
2431 3389 2443 3429 :
2478 3374 2575 3428 sed
2604 3374 2746 3429 violo
2778 3382 2849 3437 te,
2888 3372 3102 3444 pudor!
3137 3372 3211 3426 LE
3240 3371 3339 3444 Pa.
3528 3430 3534 3436 ,

2139 3445 2248 3513 (8οὶ
2284 3447 2393 3502 Uno
2425 3444 2638 3501 habitu.
2670 3444 2871 3514 Capitis
2889 3442 3143 3500 'videlicet
3166 3442 3366 3514 aperti.
3390 3444 3512 3497 Rm.

2140 3520 2252 3582 (81)
2284 3518 2343 3571 Si
2377 3520 2611 3587 prapter
2626 3512 2876 3587 homines
2906 3514 3101 3587 habitu
3116 3512 3455 3587 abutuntur.
3486 3515 3655 3587 Totus

2068 3585 2167 3639 iste
2202 3586 2350 3666 locus
2377 3583 2563 3664 sicest
2602 3585 2868 3666 legendus.
2898 3600 2960 3666 ac
3005 3583 3469 3666 distinguendus:
3506 3605 3563 3666 ης
3596 3586 3651 3641 Si

2068 3664 2288 3726 prepter
2326 3653 2567 3726 homines
2606 3653 2787 3709 habitu
2825 3654 3138 3726 abutuntur,
3179 3653 3443 3725 impleant
3502 3655 3653 3711 illum

2069 3725 2229 3779 etiam
2258 3726 2310 3797 in
2358 3725 2479 3797 hoc,
2526 3736 2599 3797 et,
2655 3734 2715 3797 ut
2768 3725 2910 3797 apud
2954 3725 3196 3781 ethnicos
3240 3738 3402 3797 caput
3450 3727 3649 3795 velant,

2069 3804 2211 3851 certe
2266 3796 2320 3849 in
2374 3796 2601 3851 ecclesia
2656 3796 3015 3869 virginitatem
3070 3813 3225 3851 suam
3298 3796 3653 3864 abscondant,

2070 3883 2229 3937 quam
2287 3875 2435 3922 extra
2482 3867 2767 3923 ecclesiam
2806 3867 3001 3923 celant.
3060 3869 3274 3923 Timent
3347 3878 3649 3937 extraneos,

2071 3951 2416 3994 revereantur
2462 3949 2517 3993 et
2554 3940 2760 3995 fratres.
2816 3941 2925 3993 Aut
2973 3950 3278 3994 constanter
3333 3940 3562 3995 audeant
3599 3948 3655 3996 et

2072 4009 2127 4062 in
2155 4009 2289 4065 vicis
2319 4009 2555 4081 virgines
2600 4010 2791 4075 videri,
2831 4010 2969 4064 sicut
3006 4011 3204 4066 audent
3231 4010 3287 4064 in
3315 4010 3579 4066 ecclesiis.
3617 4030 3644 4062 ι)

2072 4081 2386 4137 Christianae
2436 4082 2686 4151 virgines,
2758 4081 3004 4153 quamvis
3061 4082 3115 4136 in
3188 4082 3413 4137 ecclesia
3478 4082 3657 4153 capite

2071 4162 2251 4207 essent
2278 4152 2498 4221 intecto,
2531 4162 2702 4208 tamen
2748 4152 3177 4223 apudethnicos
3214 4162 3267 4208 et
3305 4153 3359 4207 in
3399 4153 3532 4209 vicis
3566 4154 3654 4206 in-

2076 4223 2337 4296 cedebant
2392 4224 2576 4279 velatae
2632 4232 2811 4296 caput.
2855 4222 3345 4296 Dicebantiautem
3399 4239 3458 4278 se
3506 4224 3654 4279 abuti

2078 4294 2281 4360 habitu,
2322 4295 2427 4351 hoc
2453 4307 2551 4363 est,
2580 4312 2638 4350 se
2683 4294 2951 4349 ambulare
2996 4294 3049 4349 in
3106 4295 3279 4349 alieno
3328 4296 3555 4349 habitu:
3591 4311 3660 4350 ne

2078 4365 2281 4437 scilicet
2336 4365 2390 4419 in
2438 4366 2685 4437 virginali
2738 4382 2835 4421 suo
2890 4367 2957 4420 ab
3001 4366 3229 4421 ethnicis
3283 4374 3659 4437 appeterentur

2079 4436 2368 4491 ardentius.
2396 4436 2594 4493 Laudat
2621 4438 2903 4493 consilium
2942 4437 3296 4508 Tertullianus
3317 4454 3331 4508 ;
3354 4436 3467 4492 ised
3515 4453 3659 4507 prae-

2073 4514 2215 4561 terea
2247 4508 2488 4578 requirit,
2534 4519 2594 4564 ut
2633 4508 2688 4561 in
2739 4510 2841 4562 hoc
2894 4506 3052 4562 etiam
3113 4506 3369 4578 impleant
3414 4508 3657 4563 habitum

2072 4578 2222 4632 illum
2260 4594 2369 4634 non
2401 4596 2576 4644 suum,
2610 4596 2730 4634 cum
2760 4580 2813 4633 in
2858 4578 3137 4633 ecclesiam
3168 4580 3460 4647 ventitant;
3492 4578 3659 4632 nimi-

2072 4666 2189 4703 rum
2233 4658 2445 4717 prOptcr
2478 4649 2683 4718 fratres,
2716 4650 2803 4719 qui
2849 4650 3006 4703 etiam
3058 4651 3301 4705 homines
3350 4658 3494 4706 sunt.
3528 4652 3655 4704 RtG.

2144 4722 2258 4788 t82)
2277 4723 2335 4775 Si
2362 4722 2575 4793 ahquid
2606 4726 2659 4775 ct
2680 4720 3101 4793 apudrctlmicos
3127 4724 3477 4791 virginitatis
3498 4738 3660 4776 nun-

2144 4739 2258 4788 tsz)
2277 4739 2333 4775 ot
2362 4739 2575 4793 augura
2606 4739 2659 4775 cr
2680 4739 2829 4845 apua
2846 4739 3101 4777 cmmcos
3127 4739 3477 4791 virginitatis
3498 4739 3660 4776 mm-

2074 4792 2352 4865 dinarint.
2384 4792 2439 4844 Si
2465 4799 2666 4846 tantum
2687 4792 2714 4865 ti
2744 4791 2805 4845 lis
2826 4792 2879 4845 in
2901 4808 2994 4845 sua
3008 4792 3321 4865 ivirginitatc
3346 4792 3661 4848 constantia:

2075 4862 2327 4931 suppetit,
2362 4870 2420 4933 ut
2464 4866 2581 4931 ejus
2628 4864 2787 4918 etiam
2815 4864 3056 4932 exempla
3095 4862 3393 4933 proponere
3429 4865 3661 4919 audeant

2076 4933 2219 4988 unde
2244 4932 2439 4988 ethnici
2471 4944 2682 4989 sumant
2710 4936 2853 5003 quod
2885 4932 3177 4991 imitentur.
3198 4932 3336 4990 'th.

2148 5006 2260 5077 (8A3)
2296 5007 2467 5077 Unius
2499 5007 2804 5062 victoriati.
2823 5006 3040 5060 Nummi
3060 5023 3230 5077 genus
3252 5024 3318 5062 ex
3337 5006 3554 5077 Illyrico
3569 5004 3658 5059 ad-

2076 5075 2233 5138 vecti,
2265 5076 2357 5148 qui
2385 5077 2581 5131 mercis
2611 5079 2725 5133 loco
2755 5086 2896 5144 erat;
2942 5078 3011 5133 de
3040 5075 3107 5133 eo
3136 5078 3297 5143 Plin.,
3331 5075 3422 5133 lib;
3463 5092 3660 5141 χχχιιι,

2077 5162 2193 5215 cap.
2230 5151 2280 5202 3.
2313 5148 2387 5202 LE
2417 5150 2514 5203 Pa.

2153 5217 2265 5288 (84)
2287 5220 2531 5274 Sinistra
2548 5222 2786 5277 conscia.
2803 5219 3123 5275 Rcducenda
3140 5229 3381 5276 veterum
3402 5218 3667 5286 exempla-

2080 5288 2215 5342 rium
2250 5290 2511 5359 scriptura
2560 5292 2868 5359 hujusmodi
2911 5309 2923 5344 :
2986 5292 3237 5347 Sinistra
3293 5291 3663 5347 conscientia.

2081 5360 2227 5414 Dixit
2284 5372 2454 5416 autem
2513 5362 2777 5417 sinistram
2829 5361 3231 5427 conscientiam,
3285 5380 3380 5432 pro
3452 5361 3669 5415 sinistra

2080 5432 2315 5501 conscia,
2347 5435 2797 5505 quemadmodum
2838 5433 2975 5505 libro
3004 5432 3068 5488 de
3098 5434 3297 5499 Paillo,
3332 5434 3668 5489 sacerdotem

2084 5504 2421 5577 suggestum,
2464 5520 2560 5575 pro
2592 5504 2905 5562 sacerdotali
2934 5513 3211 5577 suggestu.
3243 5505 3367 5561 RIG.
