4028 6188
396 297 504 358 957

1467 283 1664 347 LIBER
1701 285 1789 347 DE
1853 283 2228 348 VIRGlNIBUS
2265 283 2617 345 VELANDIS.

3595 282 3703 343 938

398 429 650 479 naturam
695 429 1072 475 consecramus
1116 416 1246 486 (85).
1287 413 1432 490 Ergo
1479 415 1623 486 quod
1670 428 1777 470 non
1823 420 1998 484 potest
2029 429 2077 508 Α
2104 413 2312 468 honore
2337 419 2391 468 et
2417 410 2690 508 charitatis
2731 409 3042 482 operatione
3077 409 3384 478 cumulatae,
3414 410 3544 467 dum
3590 426 3700 468 non

397 507 576 567 videri
603 512 829 576 pr0pter
872 506 1041 560 Deum
1072 502 1213 569 ﬁeri,
1260 503 1392 576 quia
1418 503 1496 559 sic
1537 501 1655 558 fieri
1711 503 1856 558 Deus
1886 518 1996 558 non

401 593 578 652 908
617 592 749 658 vult,
795 591 1036 663 sequitur
1065 600 1122 646 ut
1152 591 1428 647 hominum
1449 590 1619 661 gratia
1647 589 1776 656 ﬁat;
1810 590 1996 662 utique

2106 503 2274 558 latent
2299 500 2390 554 ubi
2433 500 2559 571 quid
2590 495 2637 538 ’Π
2689 499 2979 556 admissum
3024 507 3127 565 est,
3172 505 3380 555 tantum
3420 499 3703 555 dedecoris

2106 589 2375 662 cogitant,
2420 596 2683 661 quantum
2721 588 2940 644 honoris
2983 588 3300 643 habuerunt.
3337 587 3394 642 Si
3441 586 3704 642 intectum

405 683 585 753 primo
616 679 880 747 illicitum,
913 686 972 734 ut
998 679 1186 752 gloriae
1226 679 1590 736 libidinosum.
1621 678 1809 734 Gloria
1848 678 1994 734 enim
2108 686 2269 750 caput
2296 677 2587 750 virginitati
2630 677 2973 746 adscribitur,
3003 678 3050 733 si
3098 694 3203 750 qua
3249 677 3402 751 virgo
3445 676 3703 732 exciderit

409 770 656 827 illicitum
702 776 783 822 est
828 766 928 835 eis,
972 782 1198 838 quorum
1237 767 1481 839 probatio
1526 766 1580 820 in
1628 766 1774 823 omni
1822 765 2000 820 humi-

413 859 628 915 liatione
670 856 719 895 73
743 864 969 912 constat.
1002 856 1068 911 Et
1114 855 1158 910 si
1204 872 1234 910 a
1263 858 1376 912 Deo
1413 856 1692 912 confertur
1719 856 1998 912 continen-

416 947 502 1004 tiae
565 945 760 1002 virtus.
828 944 970 1014 Quid
1023 945 1287 1017 gloriaris
1343 947 1501 1019 quasi
1552 961 1667 1001 non
1721 946 2002 1018 acceperis

415 1037 460 1107 (t
495 1036 612 1091 Cor.
638 1049 716 1098 tv,
737 1035 793 1103 ’7)
817 1051 831 1088 :
857 1035 918 1090 Si
937 1049 1064 1091 vero
1083 1051 1199 1090 non
1216 1035 1502 1107 accepisti,
1525 1034 1658 1108 quid
1679 1033 1842 1091 habes
1862 1033 2006 1107 quod

415 1123 614 1178 datum
651 1121 756 1178 tibi
783 1139 897 1180 non
935 1119 1064 1180 est?
1094 1123 1207 1179 Hoc
1236 1123 1353 1194 ipso
1387 1131 1567 1179 autem
1593 1130 1802 1179 constat
1830 1139 1862 1178 a
1889 1124 2005 1179 Deo

411 1213 590 1269 datam
637 1212 685 1250 7"
740 1211 837 1266 tibi
883 1228 992 1268 non
1047 1228 1188 1280 esse,
1240 1213 1382 1283 quod
1431 1213 1575 1268 illam
1601 1228 1710 1268 non
1738 1212 1840 1269 soli
1888 1216 2005 1270 Deo

414 1308 658 1373 praestas.
711 1300 1004 1358 Videamus
1047 1316 1184 1374 ergo
1229 1301 1374 1375 quod
1429 1301 1720 1358 humanum
1767 1310 1872 1369 est,
1938 1318 2007 1358 an

415 1387 631 1446 ﬁrmum
659 1389 729 1445 sit
756 1395 810 1446 et
841 1405 1052 1447 verum.

1003 1532 1230 1590 CAPUT
1266 1532 1393 1590 XIV
1405 1578 1419 1592 .

486 1657 750 1716 Referunt
793 1658 1082 1732 aliquando
1129 1659 1330 1717 dictum
1393 1676 1426 1714 a
1469 1659 1699 1732 quadam
1747 1659 1835 1725 75,
1887 1674 2011 1714 cum

417 1743 651 1816 primum
710 1747 933 1817 quaestio
991 1746 1093 1802 ista
1149 1755 1350 1803 tentata
1387 1754 1471 1802 est
1528 1767 1540 1803 :
1601 1747 1668 1801 Et
1737 1746 2011 1818 quomodo

415 1839 637 1888 caeteras
664 1832 1080 1889 sollicitabimus
1114 1835 1182 1889 ad
1218 1835 1531 1904 hujusmodi
1571 1849 1712 1906 opus
1739 1837 1873 1904 (86).
1897 1835 2011 1891 Sci-

419 1916 544 1974 licet
569 1919 752 1974 felices
777 1935 877 1974 nos
907 1920 1122 1987 facient,
1155 1922 1200 1976 si
1230 1923 1411 1992 plures
1452 1929 1630 1987 erunt,
1687 1931 1741 1977 et
1774 1938 1885 1978 non
1914 1923 2013 1978 Dei

419 2006 592 2080 gratia
626 2009 712 2062 vel
765 2008 955 2064 merita
1001 2009 1281 2083 cujusque.
1321 2010 1571 2085 Virgines
1607 2010 1913 2078 ecclesiam,
1946 2026 2014 2066 an

419 2093 648 2150 ecclesia
719 2094 957 2168 virgines
1009 2108 1166 2154 ornat
1237 2101 1374 2164 Deo,
1451 2099 1564 2156 sive
1626 2099 2011 2156 commendat?

423 2182 683 2240 Confessa
752 2191 836 2240 est
900 2186 1065 2259 igitur
1130 2189 1355 2260 gloriam
1417 2187 1468 2227 ⁷6
1538 2205 1662 2246 esse
1719 2189 1775 2244 in
1830 2204 2014 2246 causa.

422 2271 590 2326 Porro
619 2271 710 2328 ubi
770 2273 962 2344 gloria,
995 2274 1105 2331 illic
1141 2276 1446 2332 sollicitatio
1499 2279 1648 2348 (8'7);
1684 2279 1775 2334 ubi
1806 2277 2015 2334 sollici-

422 2359 571 2425 tatio,
615 2359 725 2416 illic
781 2364 1026 2433 coactio;
1088 2364 1182 2420 ubi
1236 2365 1466 2432 coactio,
1521 2366 1628 2423 illic
1682 2366 2016 2435 necessitas;

423 2446 518 2503 ubi
575 2449 888 2516 necessitas,
951 2451 1063 2508 illic
1085 2451 1386 2509 infirmitas.
1432 2454 1625 2510 Merito
1652 2454 1838 2527 itaque
1887 2455 2016 2512 dum

422 2544 582 2608 caput
636 2552 745 2594 non
803 2547 995 2613 tegunt
1049 2548 1109 2597 ut
1166 2541 1520 2600 sollicitentur
1591 2544 1778 2616 gloriae
1832 2559 2019 2618 causa,

422 2634 637 2682 ventres
703 2635 887 2700 tegere
942 2638 1213 2702 cOguntur
1269 2632 1379 2703 (88)
1460 2631 1784 2688 infirmitatis
1842 2633 2016 2690 ruina.

421 2712 708 2770 Emulatio
763 2715 909 2770 enim
961 2717 1107 2786 illas,
1164 2733 1274 2774 non
1333 2721 1522 2792 religio
1580 2721 1857 2791 producit:
1915 2721 2017 2777 ali-

421 2802 636 2873 quando
677 2811 732 2858 et
774 2802 891 2873 ipse
927 2814 1112 2861 venter
1141 2807 1290 2863 Deus
1325 2823 1510 2864 earum
1545 2810 1685 2880 (89),
1714 2811 1840 2881 quia
1868 2810 2024 2868 facile

2111 767 2179 822 de
2207 766 2382 840 gratia
2407 767 2755 840 virginitatis,
2786 784 2852 823 ne
2888 767 3168 838 prodatur,
3193 767 3391 821 intecto
3423 775 3703 837 permanet

2112 857 2286 928 capite
2318 875 2332 910 :
2365 865 2421 912 et
2465 864 2592 912 tunc
2622 858 2737 925 jam
2775 856 2950 911 alieno
2980 855 3213 912 ambulat
3260 853 3466 923 habitu,
3524 853 3576 908 id
3622 861 3707 910 est

2112 962 2272 1017 quem
2303 945 2405 1001 sibi
2435 944 2669 1000 vindicat
2696 944 2976 1016 virginitas
3006 962 3020 998 :
3054 952 3332 1014 permanet
3360 942 3708 1000 nihilominus

2113 1035 2170 1090 in
2201 1034 2408 1104 habitu,
2437 1034 2518 1090 vel
2547 1041 2674 1089 tunc
2721 1034 2907 1089 saltem
2942 1033 3139 1102 alieno,
3170 1050 3238 1090 ne
3283 1033 3490 1089 scilicet
3535 1039 3708 1086 muta-

2116 1124 2260 1178 tione
2306 1121 2562 1192 prodatur
2619 1120 2754 1191 (92).
2811 1121 3054 1177 Conscia
3096 1120 3440 1176 mulieritatis
3493 1120 3542 1158 ⁷8
3595 1120 3709 1188 jam

2117 1211 2452 1277 indubitatae,
2487 1211 2693 1266 audent
2721 1209 2868 1265 nudo
2893 1208 3072 1280 capite
3102 1210 3170 1264 ad
3197 1211 3368 1264 Deum
3399 1208 3566 1264 adire.
3598 1206 3709 1263 Sed

2118 1299 2394 1354 aemulator
2422 1299 2568 1353 Deus
2595 1306 2649 1352 et
2678 1297 2962 1365 Dominus,
2997 1299 3086 1369 qui
3125 1296 3262 1352 dixit
3292 1315 3305 1350 :
3341 1297 3495 1354 Nihil
3514 1297 3709 1353 occul-

2119 1394 2245 1446 tum
2265 1388 2407 1460 quod
2433 1403 2551 1450 non
2577 1386 2921 1444 revelabitur
2947 1388 3060 1456 (93)
3099 1387 3313 1458 (Matth.
3347 1402 3408 1454 x,
3441 1385 3555 1455 26),
3602 1382 3714 1456 ple-

2121 1492 2314 1548 rasque
2369 1476 2532 1533 etiam
2587 1475 2644 1530 in
2699 1482 3039 1544 conspectum
3098 1473 3333 1529 deducit.
3392 1473 3513 1528 Non
3566 1473 3712 1528 enim

2123 1566 2551 1630 conﬁtebuntur,
2621 1564 2725 1621 nisi
2807 1564 3044 1634 ipsorum
3128 1560 3410 1616 infantium
3485 1575 3708 1616 suorum

2122 1656 2393 1728 vagitibus
2446 1654 2691 1727 proditae.
2747 1653 3021 1723 Quantum
3080 1660 3259 1707 autem
3329 1651 3551 1722 plures,
3603 1665 3714 1705 non

2117 1747 2274 1804 etiam
2334 1745 2404 1801 de
2457 1744 2710 1818 pluribus
2754 1744 3047 1799 sceleribus
3101 1750 3384 1812 suspectas
3431 1738 3708 1794 habebis?

2121 1835 2324 1899 Dicam,
2383 1833 2509 1888 licet
2558 1831 2746 1902 nolim,
2808 1829 3029 1886 difficile
3085 1829 3278 1884 mulier
3326 1827 3496 1884 semel
3552 1825 3615 1881 fit
3640 1828 3711 1896 79,

2121 1939 2241 1993 quae
2271 1937 2378 1976 non
2409 1923 2563 1978 timet
2604 1921 2723 1976 ﬁeri
2753 1921 2892 1993 (94),
2921 1933 3149 1991 quasque
3188 1918 3302 1986 jam
3354 1916 3488 1972 facta
3537 1922 3719 1986 potest

2121 2009 2388 2082 virginem
2443 2010 2659 2065 mentiri
2703 2011 2803 2064 sub
2846 2011 2982 2064 Deo.
3011 2007 3224 2075 Quanta
3251 2006 3381 2061 item
3427 2004 3569 2060 circa
3595 2012 3718 2060 ute-

2123 2115 2242 2153 rum
2270 2115 2428 2154 suum
2456 2097 2695 2163 audebit,
2728 2112 2796 2152 ne
2835 2097 3000 2152 etiam
3046 2105 3219 2149 mater
3263 2091 3576 2166 delegatur!
3610 2092 3721 2147 Scit

2124 2187 2270 2243 Deus
2298 2189 2350 2226 ⁸ο
2376 2187 2524 2259 quod
2551 2188 2660 2255 jam
2701 2185 2935 2240 infantes
2974 2193 3027 2238 et
3057 2181 3239 2252 perfici
3285 2189 3339 2238 et
3387 2180 3609 2252 perduci
3651 2180 3719 2235 ad

2125 2287 2338 2347 partum
2385 2275 2630 2347 integros
2678 2273 2913 2338 duxerit,
2960 2271 3259 2329 debellatos
3320 2267 3631 2342 aliquandiu
3688 2283 3721 2322 a

2124 2364 2402 2421 matribus.
2451 2363 2727 2419 Facillime
2781 2377 2998 2434 semper
3045 2359 3373 2432 concipiunt,
3417 2367 3472 2413 et
3521 2356 3719 2414 felicis-

2122 2453 2257 2511 sime
2287 2453 2502 2525 pariunt
2529 2451 2842 2523 hujusmodi
2888 2451 3153 2524 virgines,
3184 2458 3237 2505 et
3279 2447 3494 2522 quidem
3541 2447 3718 2504 simil-

2126 2543 2285 2600 limos
2315 2543 2575 2610 patribus.
2611 2543 2734 2597 Haec
2777 2541 3009 2597 admittit
3045 2538 3254 2613 ﬂagitia
3299 2544 3484 2594 coacta
3531 2545 3586 2592 et
3633 2536 3719 2591 in-

2125 2632 2235 2688 vita
2288 2631 2333 2670 θι
2392 2630 2672 2701 virginitas
2725 2631 2859 2702 (95).
2928 2630 3051 2700 Ipsa
3123 2625 3558 2698 concupiscentia
3609 2640 3716 2680 non

2130 2718 2327 2775 latendi
2355 2733 2463 2774 non
2491 2723 2574 2772 est
2622 2718 2837 2786 pudica,
2870 2715 3073 2786 patitur
3107 2714 3308 2786 aliquid
3354 2713 3499 2784 quod
3545 2713 3718 2784 virgi-

2131 2809 2213 2864 nis
2267 2821 2378 2863 non
2435 2806 2522 2871 sit,
2581 2805 2819 2860 studium
2878 2801 3154 2874 placendi,
3214 2803 3400 2872 utique
3462 2808 3516 2856 et
3569 2800 3718 2855 viris.

423 2888 663 2961 virgines
708 2889 1017 2947 fraternitas
1074 2894 1300 2966 suscipit
1351 2896 1493 2965 (90).
1533 2897 1646 2952 Nec
1674 2906 1875 2953 tantum
1926 2915 2022 2954 au-
2055 2897 2098 2976 ε
2126 2897 2400 2966 Quantum
2454 2895 2589 2952 velis
2644 2895 2787 2951 bona
2839 2901 3023 2948 mente
3070 2898 3314 2955 conetur,
3363 2905 3589 2946 necesse
3635 2892 3723 2946 est

428 2985 539 3032 tem
593 2986 776 3042 ruunt,
835 2979 930 3034 sed
971 2989 1028 3036 et
1066 2980 1250 3037 funem
1296 2981 1517 3056 longum
1548 2984 1866 3040 delictorum
1919 2987 2022 3042 sibi

425 3061 729 3118 adtrahunt.
779 3066 1002 3121 Prolataa
1049 3068 1196 3122 enim
1224 3069 1280 3123 in
1328 3071 1592 3139 medium,
1647 3082 1701 3128 et
1756 3075 2023 3146 publicato

428 3150 573 3206 bono
630 3166 730 3207 suo
784 3154 892 3223 (9t)
929 3153 1104 3225 elatae,
1169 3165 1228 3211 et
1271 3173 1304 3212 a
1349 3157 1601 3216 fratribus
1653 3157 1834 3218 909
1877 3165 2022 3218 omni

2131 2984 2492 3056 publicatione
2533 2982 2618 3038 sui
2667 2981 3010 3053 periclitetur,
3057 2981 3188 3036 dum
3221 2978 3516 3052 percutitur
3554 2978 3725 3036 oculis

2131 3071 2349 3129 incertis
2403 3078 2458 3126 et
2513 3070 2715 3135 multis,
2791 3070 2918 3126 dum
2982 3069 3170 3143 digitis
3236 3067 3724 3126 demonstrantium

2133 3159 2392 3227 titillatur,
2432 3159 2562 3215 dum
2607 3157 2830 3215 nimium
2876 3167 3102 3224 amatur,
3150 3159 3281 3214 dum
3324 3157 3466 3214 inter
3512 3157 3725 3229 ample-

1804 3235 1851 3294 V
1928 3239 1939 3250 '
2038 3230 2346 3294 lectiones.

498 3309 548 3347 73
575 3305 635 3359 In
666 3302 813 3359 omni
841 3303 1137 3362 humilitate
1162 3310 1343 3379 affert
1376 3311 1550 3367 Rhcn.
1582 3312 1630 3350 74'
1671 3254 2088 3373 Datumarggml.
2133 3311 2182 3349 ⁷⁵
2231 3313 2498 3368 Wouwcri
2532 3329 2639 3368 ms.
2671 3316 2726 3368 et
2758 3313 2876 3385 Rig.
2910 3309 3143 3383 quadam
3180 3326 3195 3366 :
3230 3311 3424 3368 caeteri
3491 3308 3723 3416 quodam

516 3378 685 3416 [illam
731 3375 975 3416 pnnfnccn
1060 3381 1254 3416 pudori
1332 3382 1612 3416 nnnfnnana
1666 3385 1714 3416 ἽἽ
1776 3389 1868 3416 In!
1933 3389 2058 3416 ,ηιμ-ἱ
2129 3383 2420 3416 ΑιιωωΛι-ΙΛ
2466 3383 2622 3416 ιθθοηο
2706 3383 2796 3416 “lx:
2840 3382 2964 3416 ηηῖίΙ
3025 3380 3322 3416 orlmiacnm
3379 3389 3457 3416 ne!
3537 3380 3561 3416 8
3600 3382 3693 3416 "an

427 3380 480 3420 ’³⁵
509 3378 685 3458 fidem
731 3375 979 3458 confessa
1011 3375 1272 3458 austeri,
1331 3382 1632 3458 confessus.
1666 3385 1714 3424 77
1767 3389 1888 3443 Lat.
1928 3389 2078 3458 conj.
2128 3383 2420 3458 dummodo
2466 3383 2644 3458 lateat,
2706 3383 2799 3439 ubi
2824 3375 2973 3458 Tquid
3024 3380 3324 3458 admissum
3379 3389 3479 3458 est.

426 3449 700 3518 consciae,
740 3447 1081 3504 mulieritatis
1153 3451 1271 3518 jam
1353 3453 1670 3511 indubitatae
1745 3458 1919 3514 Rhen.
2002 3447 2087 3513 ed.

2182 3384 2420 3438 immodo
2466 3383 2644 3449 lateat,
2706 3383 2799 3439 ubi
2826 3382 2970 3454 'quid
3024 3382 3324 3437 admissum
3379 3382 3561 3436 est."8
3593 3382 3717 3450 Rig.

2182 3455 2227 3508 Ι.
2312 3454 2654 3510 conscientia:
2728 3453 3108 3508 muliebritatis
3213 3454 3325 3519 jam
3400 3449 3720 3504 indubitate.

427 3521 613 3602 etc._79
667 3517 800 3587 Quae
829 3519 984 3575 timet
1010 3519 1127 3576 ﬁeri
1155 3517 1332 3580 Rhen.
1397 3524 1450 3564 ⁸ο
1493 3526 1668 3584 Rhen.
1701 3539 1830 3598 quot
1894 3545 1996 3602 pro
2058 3524 2204 3601 quod
2255 3529 2570 3598 supposuit.
2603 3526 2649 3564 δι
2719 3527 2838 3583 Νοη
2883 3525 3104 3580 invitata
3169 3517 3234 3579 ut
3278 3522 3458 3578 Rhen.
3493 3525 3548 3578 et
3605 3521 3724 3579 cod.

428 3595 648 3653 Divion.

1828 3670 2328 3736 Commentarius.

494 3744 613 3825 (εξ),
639 3742 777 3823 Cum
796 3741 961 3825 illam
980 3745 1162 3825 ipsum
1181 3749 1458 3825 naturam
1480 3751 2016 3825 consecremuspo-

429 3813 531 3888 dex
551 3813 764 3888 Divion.
786 3833 818 3888 _¢
848 3813 980 3868 Cum
1000 3813 1076 3870 illi
1099 3815 1204 3884 ipsi
1227 3826 1472 3872 naturam
1491 3835 1730 3877 consecr.
1758 3845 1784 3871 ι
1813 3823 2014 3888 Malim,

436 3906 461 3940 α
493 3887 627 3942 Cum
668 3883 746 3937 illi
785 3884 956 3952 ipsam
985 3895 1228 3940 naturam
1256 3903 1652 3949 consecramus.
1693 3914 1712 3940 ι»
1746 3893 1872 3950 th.

503 3955 634 4034 (86)
664 3954 1111 4034 Ad‘hujusmpdi
1151 3973 1306 4028 Opus.
1357 3961 1606 4032 Intellige
1652 3966 2022 4034 Operationem

431 4024 830 4104 sanctiﬁcandae
861 4024 1062 4104 carnis
1126 4024 1194 4080 et'
1243 4024 1618 4085 consecranda:
1651 4024 2017 4104 virginitatis.

431 4099 524 4177 Sic
555 4095 919 4220 (aperationem
961 4095 1341 4166 eleemosynaa',
1373 4107 1428 4154 et
1455 4095 1825 4171 operationevm
1866 4106 2012 4174 jeju-

434 4182 530 4220 nti.
615 4181 691 4220 ια.

434 4182 530 4220 οιι.
564 4181 691 4221 ιίια.

509 4201 774 4314 isi/3W1):
806 4235 1005 4314 gloria,
1065 4235 1201 4314 illic_
1235 4238 1586 4314 sollicitatio.
1645 4243 1770 4298 Haec
1826 4242 2023 4298 indicio
2057 4201 2102 4276 ο

434 4315 580 4374 sunt,
602 4305 842 4379 virgines
862 4305 951 4361 illo
966 4321 1104 4371 aevo,
1137 4306 1292 4364 etiam
1319 4309 1434 4379 Deo
1463 4309 1630 4367 fuisse
1653 4321 2016 4379 consecratas,

435 4393 535 4434 nec
564 4386 737 4450 tamen
762 4377 980 4442 velatas,
1013 4393 1192 4450 neque
1223 4378 1474 4434 reclusas.
1510 4382 1634 4436 Ric.

508 4449 626 4521 (88)
668 4449 890 4504 Vcntres
941 4449 1126 4521 tegere
1170 4455 1472 4520 coyuntur.
1507 4452 1741 4507 Ventrcs
1789 4453 1938 4521 dicit,
1969 4463 2030 4509 ut

443 4519 620 4596 solen_t
648 4528 897 4574 auctores
937 4519 1096 4590 juris,
1129 4519 1306 4578 uteros
1337 4522 1572 4596 admisso
1618 4523 1734 4579 viro
1783 4519 2028 4596 gravida-

439 4599 566 4668 t_os._
592 4590 796 4668 Itaque,
837 4600 1063 4668 ventres
1111 4599 1314 4664 tegere,
1365 4593 1470 4650 hoc
1522 4603 1624 4662 est,
1684 4590 2031 4668 graViditates

439 4660 799 4717 dissimulare.
837 4661 965 4716 Rm.

443 4732 556 4803 (89)
616 4734 736 4804 Ipse
781 4737 976 4809 venter
1019 4736 1161 4809 Deus
1209 4752 1430 4809 earum.
1478 4736 1578 4794 Hie
1619 4737 1828 4809 vulgari
1862 4753 2026 4796 sensu

443 4811 694 4878 ventrem
711 4805 888 4878 posuit
919 4821 1020 4878 pro
1050 4806 1195 4878 gula.
1227 4808 1349 4863 RIG.

511 4874 632 4954 (90)
663 4876 802 4954 Quia
821 4876 993 4945 facile
1013 4874 1613 4954 virgincsfraternitas
1635 4882 1892 4954 suscipit.
1921 4882 2027 4937 Re-

444 4945 1067 5026 tuliadeleemosynam
1100 4945 1220 5020 'qua
1250 4945 1438 5026 fratres
1478 4952 1766 5026 Christiani
1785 4945 2025 5026 libenter

441 5016 776 5087 accipiebant
798 5016 1074 5090 ivirg‘incs;
1117 5016 1181 5075 eo
1237 5021 1380 5077 enim
1437 5039 1521 5078 me
1578 5022 1781 5078 ducunt
1836 5025 2020 5090 verba,

442 5102 564 5158 qua;
602 5089 911 5157 praacedunt
939 5089 1005 5143 de
1043 5100 1249 5156 ventre,
1281 5099 1341 5146 ut
1382 5091 1560 5147 dicat:
1607 5093 1862 5150 Producit
1905 5089 2023 5150 illas

441 5159 727 5243 aliquando
755 5169 956 5243 venter,
986 5159 1378 5243 idoestugula,
1419 5165 1542 5236 quia
1597 5165 1782 5220 vident
1835 5163 2023 5223 fratres

441 5231 786 5299 suppeditare
812 5231 966 5314 cibos
1003 5231 1323 5315 virginibus.
1357 5231 1495 5289 LA'c.

444 5370 483 5378 __
512 5301 640 5378 (91),
671 5301 913 5378 Ρῖοιτὲἰςε
941 5319 1004 5358 ιη
1027 5305 1280 5378 medium
1320 5311 1372 5378 et
1397 5307 1685 5378 publicato
1727 5307 1864 5366 bono
1900 5324 2017 5364 suo.

444 5370 568 5450 Etet:
609 5370 999 5450 fieri_solebant_
1025 5373 1077 5428 in
1117 5370 1457 5450 professione
1497 5377 1720 5450 virginis
1749 5380 2016 5450 religiosa.

2135 3747 2515 3818 consecranda;
2573 3747 2892 3818 virginitatis
2930 3744 3269 3818 iconsilium.
3330 3743 3438 3818 Ac
3479 3742 3738 3814 deinceps

2126 3836 2156 3873 a
2204 3817 2475 3887 fratribus,
2524 3819 2630 3874 hoc
2660 3816 2761 3883 est,
2811 3821 2879 3872 ab
2927 3817 3190 3882 Ecclesia,
3234 3817 3379 3872 omni
3430 3816 3637 3872 honore
3686 3821 3740 3871 et

2125 3890 2398 3946 charitatis
2427 3889 2735 3960 operatione
2767 3889 3195 3944 cumulabantur.
3234 3889 3358 3945 Bia.

2199 3962 2313 4030 (92)
2342 3963 2401 4018 Id
2437 3967 2522 4017 est
2543 3979 2709 4034 quem
2738 3961 3134 4034 sibivindicat
3165 3961 3491 4032 virginitas,
3513 3975 3730 4034 perma-

2128 4036 2224 4088 net
2256 4030 2630 4090 nihilominus
2664 4035 2726 4087 in
2776 4032 2974 4089 habitu
3001 4034 3086 4089 vel
3112 4030 3486 4089 tunc’saltem
3515 4030 3730 4100 alie-no,

2135 4119 2208 4181 ne
2235 4104 2451 4181 scilicet
2481 4105 2802 4181 mutatione
2831 4103 3143 4181 prodatur._
3165 4105 3290 4181 Haec
3317 4101 3518 4181 omnia,
3549 4117 3737 4181 quam-

2135 4173 2218 4226 vis
2246 4173 2582 4242 reperiantur
2603 4175 2656 4227 in
2689 4170 2924 4242 antiquis
2939 4173 3352 4242 exemplaribus,
3377 4170 3508 4242 mihi
3539 4170 3733 4242 viden-

2139 4249 2222 4297 tur
2248 4240 2579 4314 importuna,
2609 4249 2771 4314 atque
2801 4240 2864 4298 ex
2896 4243 3079 4312 aliqua
3098 4240 3246 4298 forte
3281 4243 3349 4296 ad
3391 4240 3511 4295 libri
3538 4241 3738 4314 margi-

2137 4327 2259 4366 nem
2290 4312 2727 4380 interpretatione
2755 4313 2984 4368 invecta.
3019 4314 3143 4367 Ιίια.

2210 4383 2505 4454 (93)Νίμ1ιτι
2537 4384 2823 4454 occultum
2847 4383 2988 4454 quod
3007 4400 3123 4454 non
3153 4381 3516 4454 revelabitur.
3546 4383 3736 4438 Graeca

2139 4452 2464 4524 exemplaria
2493 4452 2731 4524 imitatur
2753 4451 3362 4524 dnoialuchﬁotratt.Sunt
3391 4451 3737 4508 nihilominus

2137 4523 2659 4597 etiam’oxcmplaria
2682 4523 2845 4578 latina
2879 4525 2976 4578 Ms.
3022 4523 3271 4578 editionis
3315 4523 3579 4594 Vulgata},
3613 4542 3734 4597 quae

2138 4595 2219 4652 sic
2249 4594 2432 4668 legunt
2462 4594 2816 4652 (reveletur.
2842 4597 2980 4650 Pan.

2211 4666 2328 4736 (94)
2340 4668 2583 4736 Difﬁcile
2603 4668 2812 4723 mulier
2829 4667 3000 4723 semel
3017 4666 3103 4736 ﬁt,
3119 4681 3242 4737 quae
3263 4681 3378 4737 non
3399 4667 3564 4737 timet
3583 4668 3730 4736 fieri.

2137 4737 2237 4793 Vix
2266 4735 2346 4793 est
2375 4735 2439 4792 ut
2460 4737 2706 4792 admittat
2735 4739 2923 4804 semel,
2969 4753 3088 4807 qua:
3127 4735 3302 4791 semel
3341 4735 3600 4807 admisso:
3625 4752 3732 4807 non

2135 4809 2288 4864 timet
2328 4808 2440 4863 ﬁcri
2480 4809 2692 4874 mulier,
2731 4824 2958 4879 qumque
2993 4806 3116 4878 ’jam
3148 4808 3283 4863 facta
3332 4812 3508 4879 potest
3553 4806 3728 4879 virgi-

2134 4896 2260 4935 nem
2290 4880 2506 4935 mentiri
2557 4881 2657 4934 sub
2697 4875 2832 4947 Deo,
2874 4875 2978 4934 hoc
3008 4875 3126 4946 est,
3159 4879 3214 4934 in
3261 4875 3518 4950 Ecclesia.
3549 4875 3730 4950 Nega-

2135 4951 2335 5077 tipnelm
2382 4951 2617 5077 reﬁosui,
2666 4968 2786 5023 qua:
2835 4951 3037 5007 excidit
3073 4952 3234 5007 etiam
3272 4948 3509 5020 antiquis
3552 4948 3732 5004 excin-

2136 5038 2398 5077 nariius.
2483 5039 2558 5077 ια.

2195 5024 2398 5079 aribus.
2432 5024 2558 5078 RIG.

2136 5041 2398 5094 piariuus.
2435 5041 2558 5078 me.

2202 5096 2318 5164 (95)
2353 5096 2475 5167 (lare
2504 5093 2770 5167 admittit
2795 5095 3234 5167 ﬂagitiacoacta
3263 5098 3319 5150 et
3350 5094 3537 5149 invita
3563 5094 3732 5167 virgtj

2130 5163 2305 5221 nitas.
2351 5166 2419 5238 Aln
2474 5165 2594 5238 cod.
2654 5163 2966 5220 Divione’nsi
3021 5165 3240 5238 legitur,
3273 5163 3733 5238 Invitata,‘qu_od

2135 5235 2460 5317 respondere
2473 5237 2682 5317 videtur
2696 5235 3109 5293 sollicitationi.
3129 5238 3372 5317 Coactam
3385 5244 3438 5292 et
3458 5235 3734 5317 invitatam

2136 5306 2266 5381 dicit
2295 5307 2656 5381 virginitatem
2683 5324 2890 5381 earum,
2927 5325 3065 5381 quas
3093 5307 3384 5381 aemulatio,
3408 5306 3734 5381 nongreligio

2137 5377 2409 5450 produxit,
2441 5386 2496 5450 et
2527 5378 2830 5435 sollicitavit
2859 5381 2926 5434 ad
2945 5377 3266 5450 hujusmodi
3303 5393 3440 5448 Opus
3487 5377 3731 5450 dicanda;

442 5441 700 5532 {Ecclesia
733 5442 1001 5532 frequenti
1073 5441 1463 5532 proferebatur_
1505 5447 1558 5503 in
1579 5441 1875 5532 "mediumv
1903 5449 2020 5532 talis
2124 5441 2609 5532 consecrandaeque
2636 5451 2756 5532 Deo.
2791 5441 3534 5532 virginitatis:Allialetuentur
3583 5449 3734 5518 quod

441 5514 888 5590 pr0positi_virgo
919 5514 1097 5573 coram
1146 5518 1376 5590 przeside
1421 5519 1536 5575 sive
1583 5521 1892 5590 praeposito,
1952 5521 2018 5574 ab

2125 5521 2371 5576 humanm
2402 5520 2588 5594 gloriae
2618 5522 2817 5590 studio,
2848 5520 2957 5579 non
2988 5520 3286 5578 sanctitatis
3314 5534 3495 5576 amore
3535 5533 3729 5576 susce-

439 5597 613 5655 coque
638 5585 1008 5656 publicabatur
1035 5585 1263 5660 virginis
1291 5591 1512 5660 bonum,
1570 5585 1764 5663 nempe
1809 5591 2014 5648 bonum
2125 5603 2340 5663 perunt.
