4028 6188
456 335 563 397 967

1139 334 1570 397 ΤΕΒΤΠΙᾸᾸΑΜ
1607 335 1874 398 OPERUM
1912 335 2048 397 PAR}

2153 336 2193 397 [ι
2223 360 2295 381 --
2330 334 2556 397 SERIES
2593 335 2661 406 ll,
2699 335 3014 396 MOBALIA.

3652 337 3763 400 968

455 467 509 517 et
536 460 586 498 6"
635 457 876 530 innuptis
908 458 1114 516 deﬁniit
1161 461 1242 517 uti
1278 461 1505 532 nubant,
1544 461 1591 518 si
1626 464 1900 520 continere
1936 478 2045 519 non
2074 476 2120 556 Α
2152 462 2471 534 Apostolum
2512 462 2919 536 pronuntiasse,
2967 461 3200 521 Solutus
3246 478 3307 521 es
3346 462 3414 519 ab
3454 478 3653 532 uxore,
3682 482 3756 524 ne

453 556 704 620 possunt,
737 548 861 622 quia
888 550 1096 609 melius
1112 553 1189 609 sit
1231 551 1441 609 nubere
1462 570 1632 625 quam
1669 556 1795 621 uri;
1821 567 2045 611 conver-

455 654 547 693 sus
567 638 635 694 ad
656 638 705 677 6⁵
726 639 945 694 alteram
996 642 1232 712 speciem
1256 658 1269 696 :
1292 643 1509 716 Nuptis
1530 648 1726 701 autem
1745 644 2045 713 denuntio,

453 726 647 799 inquit,
672 744 786 785 non
809 729 1037 800 quidem
1059 746 1172 802 ego,
1195 732 1289 788 sed
1309 734 1584 790 Dominus
1606 734 1659 803 (Ι
1679 732 2047 804 Cor.vn,10).

450 818 530 873 Ita
575 817 830 886 ostendit,
863 834 926 874 ex
957 819 1242 875 tralatione
1270 820 1320 859 66
1382 836 1632 893 personae
1685 838 1797 877 sua:
1856 821 1911 877 in
1939 822 2048 876 Do-

452 906 679 977 minum,
730 907 782 961 id
838 908 983 979 quod
1030 924 1196 980 supra
1250 908 1478 976 dixerat,
1553 927 1663 967 non
1728 926 1799 966 ex
1828 911 2047 967 Domini

451 1011 701 1065 persona,
741 998 836 1052 sed
866 1012 931 1051 ex
978 1011 1076 1052 sua
1102 997 1504 1068 pronuntiasse.
1553 1000 1750 1056 Melius
1790 1005 1875 1058 est
1934 1016 2049 1057 nu-

452 1084 577 1142 bere
596 1084 643 1123 57
680 1102 854 1158 quam
898 1088 1016 1143 uri.
1048 1084 1179 1153 Qua:
1232 1101 1335 1143 vox
1359 1086 1483 1144 licet
1511 1088 1577 1145 ad
1623 1104 1717 1144 eos
1763 1090 2045 1161 pertineat,

451 1174 545 1247 qui
599 1174 809 1247 innupti
850 1176 922 1242 68,
953 1175 1036 1232 vel
1065 1174 1219 1232 vidui
1264 1177 1313 1216 69
1342 1193 1374 1232 a
1404 1177 1507 1233 fide
1537 1178 2044 1248 deprehenduntur;

453 1264 577 1337 quia
604 1264 654 1303 7°
684 1271 862 1321 tamen
890 1281 1078 1322 omnes
1111 1282 1233 1323 eam
1281 1266 1348 1321 ad
1376 1266 1422 1306 τί
1483 1268 1721 1323 nubendi
1778 1268 2049 1325 licentiam

452 1354 862 1425 amplectuntur,
945 1355 1107 1414 velim
1154 1362 1505 1428 pertractare,
1549 1357 1598 1395 92
1635 1356 1795 1429 quale
1846 1358 2095 1413 bonum~

451 1444 722 1509 ostendat,
789 1444 933 1515 quod
987 1444 1183 1500 melius
1229 1451 1312 1500 est
1357 1460 1518 1517 poena
1549 1445 1632 1517 (5)
1672 1461 1687 1502 :
1744 1445 1893 1516 quod
1939 1460 2047 1502 non

451 1539 632 1603 potest
677 1531 849 1589 videri
880 1533 1103 1600 bonum,
1134 1532 1233 1587 nisi
1283 1533 1516 1605 pessimo
1555 1540 1956 1605 comparatum;
1988 1540 2047 1589 ut

450 1620 576 1676 ideo
612 1621 815 1677 bonum
862 1621 930 1677 sit
977 1623 1204 1689 nubere,
1253 1620 1378 1693 quia
1404 1622 1643 1677 deterius
1684 1628 1767 1676 est
1820 1621 2035 1677 ardere.

451 1709 658 1765 Bonum
686 1708 761 1765 ita
794 1718 879 1766 est
907 1710 976 1777 73,
1010 1709 1055 1763 si
1082 1720 1389 1781 perseveret
1418 1725 1610 1766 nomen
1643 1710 1893 1767 obtinens
1922 1711 2040 1768 sine

452 1800 873 1873 comparatione,
906 1815 1013 1855 non
1040 1800 1160 1856 dico
1216 1800 1364 1866 mali,
1396 1800 1488 1857 sed
1534 1799 1697 1855 etiam
1725 1800 1852 1856 boni
1899 1801 2039 1858 alte-

449 1888 561 1943 rius
594 1906 607 1945 :
639 1896 701 1945 ut
729 1894 783 1943 et
812 1887 856 1942 si
885 1888 1029 1943 bono
1068 1888 1156 1942 alii
1193 1890 1538 1961 comparatur
1572 1896 1627 1945 et
1677 1889 1782 1945 alio
1840 1889 2040 1947 adum-

452 1975 657 2034 bratur
689 1976 762 2046 75,
802 1976 1154 2033 nihilominus
1202 1985 1475 2033 remaneat
1530 1978 1585 2033 in
1623 1977 1754 2035 boni
1803 1980 2041 2037 nomine.

448 2064 735 2132 Caeterum,
768 2063 815 2119 si
842 2080 940 2136 per
988 2065 1112 2123 mali
1143 2064 1509 2124 conditionem
1564 2066 1613 2105 ’³⁵
1672 2067 1888 2139 cOgitur
1949 2068 2042 2124 bo-

447 2170 579 2211 num
627 2153 759 2226 dici,
809 2170 917 2210 non
949 2158 1058 2210 tam
1089 2156 1294 2211 bonum
1345 2164 1426 2212 est
1479 2173 1641 2229 quam
1690 2173 1866 2229 genus
1912 2157 2040 2213 mali

446 2242 732 2313 inferioris,
771 2243 915 2316 quod
977 2260 1007 2299 a
1045 2244 1326 2315 superiore
1381 2245 1521 2302 malo
1576 2246 1918 2304 obscuratum
1973 2248 2040 2303 ad

446 2346 642 2388 nomen
674 2331 802 2387 boni
852 2331 1145 2403 impellitur
1178 2333 1249 2389 ⁷6.
1296 2333 1465 2389 Aufer
1494 2334 1729 2406 denique
1776 2335 2043 2393 conditio-

446 2436 571 2477 nem
600 2420 1032 2491 comparationis,
1066 2428 1125 2477 ut
1166 2436 1275 2477 non
1301 2422 1482 2479 dicas:
1513 2425 1721 2482 melius
1781 2429 1865 2483 est
1923 2442 2041 2483 nu-

450 2509 576 2568 bere
615 2525 784 2582 quam
823 2509 967 2577 uri;
997 2518 1051 2566 et
1073 2525 1278 2581 quaero,
1310 2527 1379 2567 an
1407 2512 1590 2569 dicere
1618 2512 1818 2569 audeas
1864 2531 1878 2568 :
1919 2530 2040 2571 me-

455 2598 566 2654 lius
584 2602 666 2654 est
693 2597 922 2667 nubere;
952 2613 1063 2654 non
1089 2598 1351 2671 adjiciens
1377 2600 1505 2673 quid
1533 2600 1602 2657 sit
1640 2600 1718 2671 id,
1747 2601 1891 2673 quod
1919 2619 2041 2659 me-

448 2685 552 2742 lius
581 2693 684 2743 est.
714 2686 856 2758 Ergo
874 2689 1022 2759 quod
1060 2703 1169 2744 non
1196 2689 1412 2761 melius,
1444 2690 1628 2765 utique
1654 2708 1752 2750 nec
1801 2695 2037 2765 bonum;

449 2775 577 2847 quia
630 2775 897 2832 abstulisti
934 2784 987 2833 et
1041 2779 1317 2835 removisti
1352 2780 1714 2837 conditionem
1758 2798 2041 2857 compara-

449 2858 632 2928 tionis,
671 2878 793 2934 quae
823 2864 950 2921 dum
990 2866 1183 2923 melius
1212 2866 1343 2923 illud
1379 2867 1536 2938 facit,
1583 2869 1657 2927 ita
1704 2873 1905 2930 bonum
1946 2876 2043 2932 ha-

450 2947 565 3004 beri
584 2950 631 2988 ’⁷⁷
654 2951 814 3025 cogit.
847 2953 1037 3009 Melius
1082 2962 1164 3011 est
1214 2958 1418 3013 nubere
1448 2974 1608 3030 quam
1658 2960 1741 3017 uri
1755 2982 1775 3032 ;
1822 2962 1899 3020 sic
1953 2980 2041 3021 ao-

449 3035 752 3108 cipiendum
801 3047 902 3109 est,
934 3045 1206 3113 quomodo
1234 3047 1297 3113 78,
1333 3048 1530 3104 melius
1568 3058 1652 3107 est
1715 3067 1826 3108 uno
1885 3053 2040 3110 oculo

449 3141 610 3197 quam
694 3127 906 3185 duobus
962 3146 1171 3200 carere;
1240 3134 1287 3190 si
1336 3145 1514 3192 tamen
1562 3153 1594 3194 a
1643 3140 2040 3211 comparatione
2071 3110 2115 3191 θ

453 3212 726 3281 discedas,
749 3231 858 3272 non
913 3218 1016 3274 erit
1078 3220 1275 3277 melius
1330 3239 1498 3282 unum
1549 3226 1767 3283 oculum
1820 3228 2038 3297 habere,

451 3304 582 3379 quia
609 3322 709 3363 nec
736 3307 937 3365 bonum
964 3310 1035 3365 79.
1067 3310 1244 3367 Nemo
1274 3306 1439 3385 igitur
1495 3323 1670 3387 captet
1718 3333 1783 3375 ex
1811 3318 1917 3376 hoc
1962 3336 2044 3378 ca-

451 3394 622 3468 pitulo
653 3396 1043 3471 defensionem,
1072 3397 1249 3457 919
1276 3403 1421 3474 quod
1447 3405 1667 3477 proprie
1689 3408 1754 3463 ad
1786 3408 2043 3482 innuptos

451 3492 507 3543 et
524 3486 803 3545 viduos80
847 3497 1071 3563 spectat,
1130 3492 1324 3563 quibus
1360 3493 1507 3551 nulla
1563 3496 1736 3555 adhuc
1789 3500 2045 3571 conjunc-

449 3573 526 3631 tio
583 3584 924 3634 numeratur.
991 3578 1309 3654 Quanquam
1347 3584 1678 3642 ostenderim
1732 3588 1891 3646 etiam
1936 3590 2044 3648 illis

451 3661 849 3737 intelligendam
875 3666 921 3705 δι
953 3683 1071 3725 esse
1111 3672 1363 3740 permissi
1396 3674 1790 3735 conditionem.

1052 3791 1275 3851 CAPUT
1341 3795 1429 3856 IV.

520 3909 803 3981 Caeterum,
840 3913 910 3972 de
961 3919 1197 3976 secundo
1243 3921 1587 3980 matrimonio
1634 3923 1834 3983 scimus
1881 3926 2041 3999 plane

2152 555 2439 626 quaesieris
2483 570 2719 611 uxorem
2753 571 2770 609 :
2799 552 2897 609 sed
2935 553 2986 609 si
3016 552 3270 621 duxeris,
3299 569 3417 610 non
3446 553 3755 629 delinquis.

2156 642 2379 698 Perinde
2410 650 2587 697 tamen
2618 648 2673 697 et
2715 642 2876 710 hujus
2918 640 3185 698 sermonis
3222 641 3489 713 ordinem,
3523 644 3592 700 de
3628 660 3759 701 con-

2156 730 2275 786 silio
2304 746 2422 798 suo,
2451 746 2561 786 non
2611 730 2679 785 de
2725 729 2911 785 divino
2958 737 3235 800 praecepto
3277 730 3585 790 introducit.
3618 735 3762 791 Mul-

2160 827 2270 875 tum
2304 828 2479 875 autem
2519 819 2746 875 interest
2792 819 2931 875 inter
2959 818 3060 875 Dei
3106 828 3460 892 praeceptum,
3492 831 3546 878 et
3577 826 3760 881 consi-

2158 906 2286 962 lium
2306 907 2928 982 hominis.Prceceptum
2949 909 3195 975 Domini,
3212 907 3408 982 inquit,
3422 927 3539 969 non
3561 911 3759 983 habeo;

2156 997 2252 1053 sed
2281 998 2591 1055 consilium
2620 997 2709 1065 do,
2741 999 2907 1071 quasi
2951 998 3405 1056 misericordiam
3432 1008 3761 1062 consecutus

2157 1103 2194 1143 α
2220 1087 2455 1146 Domino
2483 1087 2667 1156 ﬁdelis
2686 1101 2819 1143 esse.
2843 1086 3127 1157 Caeterum,
3149 1103 3328 1160 neque
3356 1089 3411 1144 in
3440 1090 3757 1165 Evangelio,

2156 1190 2333 1246 neque
2382 1175 2438 1231 in
2484 1175 2655 1247 ipsius
2696 1176 2846 1231 Pauli
2900 1176 3179 1247 Epistolis,
3210 1192 3276 1234 ex
3325 1188 3599 1251 praecepto
3648 1183 3758 1240 Dei

2156 1261 2397 1320 invenias
2429 1265 2748 1335 permissam
2792 1264 3121 1321 matrimonii
3158 1267 3578 1336 separationem.
3607 1272 3761 1328 Unde

2156 1368 2324 1408 unum
2352 1352 2662 1409 habendum
2708 1352 3087 1423 conﬁrmatur;
3116 1355 3241 1427 quia
3286 1357 3432 1429 quod
3460 1374 3493 1413 a
3518 1359 3747 1415 Domino

2158 1443 2485 1516 permissum
2514 1459 2623 1500 non
2650 1442 2947 1510 invenitur,
2976 1443 3033 1501 id
3074 1443 3393 1518 ignoscitur.
3430 1447 3579 1504 Adde
3603 1449 3745 1520 quod

2157 1539 2211 1587 et
2254 1531 2372 1586 haec
2416 1532 2534 1603 ipsa
2576 1532 2800 1588 humani
2845 1533 3056 1590 consilii
3105 1534 3401 1604 interjectio
3446 1535 3596 1607 quasi
3630 1536 3746 1606 jam

2156 1619 2213 1675 in
2243 1620 2688 1693 rec0gitationem
2734 1636 2986 1679 excessus
3020 1621 3104 1678 sui
3146 1638 3323 1693 passa,
3353 1623 3525 1679 statim
3571 1641 3631 1682 se
3657 1641 3750 1681 re-

2150 1707 2327 1765 frenat
2368 1716 2422 1765 et
2468 1717 2704 1776 revocat,
2757 1725 2885 1766 cum
2941 1711 3231 1783 subjungit
3278 1730 3294 1769 :
3356 1713 3750 1773 Verumtamen

2151 1797 2490 1870 hujusmodi,
2500 1814 2829 1871 pressuram
2840 1800 3033 1857 carnis
3054 1799 3362 1870 habebunt,-
3380 1817 3501 1859 cum
3520 1819 3752 1876 parcere

2145 1903 2206 1945 se
2234 1885 2314 1943 eis
2345 1886 2499 1957 dicit;
2535 1903 2661 1943 cum
2698 1892 2918 1961 tempus
2949 1890 3012 1945 in
3039 1890 3340 1949 collectum
3368 1891 3421 1929 ⁸2
3459 1909 3575 1951 esse
3606 1892 3752 1963 adji-

2146 1975 2237 2042 cit,
2270 1990 2380 2047 quo
2433 1984 2680 2048 oporteat
2714 1976 2878 2033 etiam
2927 1977 3192 2037 habentes
3236 1981 3609 2040 matrimonia
3648 1999 3750 2055 pro

2145 2081 2265 2122 non
2293 2063 2630 2123 habentibus
2652 2082 2816 2139 agere
2836 2087 2855 2124 :
2877 2082 2999 2124 cum
3028 2067 3439 2125 sollicitudinem
3461 2078 3749 2141 nuptorum

2147 2160 2202 2209 et
2238 2152 2596 2225 innuptorum
2622 2152 2673 2194 8³
2702 2156 3001 2213 committit.
3032 2157 3134 2213 Per
3178 2157 3295 2215 haec
3338 2158 3486 2214 enim
3532 2160 3746 2231 docens,

2144 2253 2243 2294 cur
2270 2254 2377 2295 non
2415 2240 2667 2309 expediat
2694 2239 2922 2307 nubere,
2954 2240 3236 2300 dissuadet
3272 2242 3341 2297 ab
3380 2258 3447 2300 eo
3475 2245 3624 2316 quod
3653 2259 3749 2299 su-

2146 2342 2245 2398 pra
2273 2325 2592 2383 indulserat.
2615 2326 2680 2381 Et
2708 2327 2812 2384 hoc
2841 2329 2909 2384 de
2937 2328 3115 2399 primo
3145 2329 3520 2397 matrimonio;
3551 2342 3751 2403 quanto

2145 2412 2324 2486 magis
2366 2413 2436 2470 de
2491 2414 2769 2471 secundo?
2796 2414 2931 2470 Cum
2978 2431 3106 2473 vero
3159 2432 3258 2473 nos
3311 2418 3380 2472 ad
3440 2419 3750 2490 exemplum

2146 2518 2309 2558 suum
2336 2501 2579 2559 hortatur
2624 2502 2727 2575 (6),
2761 2502 2945 2574 utique
2992 2505 3287 2565 ostendens
3332 2507 3464 2578 quid
3491 2522 3596 2564 nos
3626 2508 3753 2565 velit

2145 2605 2287 2661 esse,
2316 2589 2370 2645 id
2420 2599 2505 2648 est
2550 2590 2902 2656 continentes,
2936 2591 3141 2663 pariter
3184 2592 3422 2649 declarat
3468 2594 3599 2665 quid
3649 2611 3750 2651 nos

2146 2695 2264 2736 esse
2306 2680 2456 2747 nolit,
2484 2680 2541 2736 id
2584 2686 2666 2736 est
2700 2679 3098 2738 incontinentes
3125 2681 3199 2739 θίι.
3239 2679 3317 2736 Ita
3357 2689 3411 2736 et
3458 2681 3576 2753 ipse
3619 2698 3743 2738 cum

2140 2768 2301 2825 aliud
2334 2769 2469 2836 vult,
2500 2768 2556 2823 id
2582 2770 2725 2841 quod
2756 2784 2868 2826 non
2906 2770 3019 2830 vult
3044 2785 3142 2827 nec
3172 2777 3367 2842 sponte
3394 2786 3492 2827 nec
3518 2770 3745 2828 veritate

2146 2859 2433 2931 permittit.
2469 2858 2527 2914 Si
2573 2857 2719 2915 enim
2746 2858 2928 2927 vellet,
2968 2874 3077 2916 non
3104 2859 3460 2932 permisisset,
3492 2858 3599 2915 imo
3638 2859 3748 2915 im-

2147 2954 2411 3019 perasset.
2445 2946 2553 3003 Sed
2599 2962 2726 3003 ecce
2789 2963 2979 3003 rursus
3038 2948 3090 3020 (Ι
3133 2949 3254 3006 Cor.
3302 2947 3430 3019 vn),
3470 2946 3751 3003 mulierem

2148 3039 2360 3094 marito
2389 3036 2655 3109 defuncto
2675 3036 2816 3093 dicit
2843 3036 3054 3094 nubere
3079 3054 3239 3110 posse
3268 3038 3321 3106 ('7
3328 3036 3369 3108 ),
3391 3039 3444 3094 si
3470 3039 3563 3095 cui
3588 3037 3747 3103 velit,

2152 3130 2388 3184 tantum
2412 3128 2478 3183 in
2505 3126 2761 3184 Domino.
2791 3127 2863 3182 At
2892 3128 3047 3183 enim
3075 3126 3300 3197 felicior
3327 3128 3459 3193 erit,
3491 3125 3683 3198 inquit,
3703 3127 3754 3184 si

2148 3218 2230 3273 sic
2258 3218 2642 3289 permanserit
2677 3215 2991 3274 secundum
3025 3230 3218 3273 meum
3254 3217 3577 3273 comitium.
3609 3217 3752 3274 Puto

2149 3310 2366 3373 autem,
2391 3311 2449 3362 et
2482 3320 2579 3378 ego
2598 3307 2697 3362 Dei
2712 3306 2989 3378 spiritum
3005 3304 3194 3364 habeo.
3214 3304 3475 3362 Videmus
3489 3304 3599 3361 duo
3627 3320 3754 3361 con-

2148 3393 2291 3461 silia,
2322 3409 2430 3467 quo
2458 3409 2621 3465 supra
2666 3394 2904 3450 nubendi
2948 3394 3167 3451 veniam
3194 3392 3344 3461 facit,
3378 3403 3433 3451 et
3460 3409 3569 3466 quo
3598 3400 3753 3468 post-

2149 3481 2372 3540 modum
2413 3481 2796 3538 continentiam
2834 3482 3074 3540 nubendi
3111 3481 3301 3539 indicit
3343 3482 3414 3539 ⁸⁵.
3446 3481 3549 3539 Cui
3593 3498 3749 3558 ergo,

2149 3569 2349 3643 inquis,
2382 3569 2826 3626 adsentabimur?
2852 3570 3084 3641 Inspice,
3115 3577 3172 3625 et
3202 3570 3347 3642 lege.
3375 3570 3509 3627 Cum
3534 3571 3753 3631 veniam

2149 3657 2295 3725 facit,
2349 3657 2584 3714 hominis
2655 3657 2934 3729 prudentis
2983 3658 3271 3715 consilium
3330 3661 3569 3735 adlegat.
3616 3661 3752 3718 Cum

2151 3746 2536 3804 continentiam
2583 3745 2793 3814 indicit,
2824 3746 3058 3819 Spiritus
3103 3748 3270 3805 sancti
3329 3750 3620 3807 consilium
3666 3751 3749 3807 af-

2151 3836 2348 3894 ﬁrmat.
2380 3837 2619 3909 Sequere
2666 3837 3089 3895 admonitionem
3134 3838 3223 3896 cui
3271 3839 3526 3898 divinitas
3571 3849 3754 3913 patro-

2150 3928 2382 3987 cinatur.
2433 3924 2613 3985 920
2656 3927 2917 4001 Spiritum
2955 3928 3175 4000 quidem
3213 3928 3316 3988 Dei
3356 3929 3525 3988 etiam
3563 3930 3756 3991 ﬁdeles

522 4090 574 4169 $34
595 4091 675 4169 Et
698 4093 859 4169 deest
878 4096 947 4169 in
979 4096 1153 4156 Rhen.
1208 4095 1260 4169 95
1286 4098 1453 4155 Aliam
1491 4100 1668 4160 Πήρη.
1722 4027 2386 4166 δεφηῖἂΐιξῗυπιξὲἑιὲξῗτῗ
2423 4107 2685 4163 rationem
2719 4106 2891 4165 Rhen.
2926 4107 3095 4164 Seml.
3124 4106 3174 4147 6⁷
3219 4107 3364 4164 Nubi
3400 4111 3755 4169 impersona-

460 4162 593 4250 liter
642 4165 1060 4250 ΒΙξθηκΡέξνίξέ-
1099 4168 1352 4250 σεξΝιξριᾸ
1387 4172 1644 4250 Bheu._59
1691 4176 1879 4233 Vidua:
1922 4162 2097 4237 Rheni
2155 4162 2329 4238 Seml.
2369 4193 2401 4232 a
2429 4176 2538 4234 ﬁdo
2566 4162 3141 4250 deprebsabsuntqab
3178 4162 3407 4237 anilia.

3510 4183 3562 4239 ui
3589 4186 3750 4242 Pam.

460 4235 1279 4325 ﬁhiﬁfhfsemlojl‘alggst‘
1306 4242 1461 4325 iisd.‘
1485 4235 2227 4325 72‘RetractareﬂRigiw'liSi
2260 4266 2363 4322 per
2400 4264 2470 4325 se
2504 4235 2703 4325 nomen
2756 4251 2861 4306 hoc
2889 4250 3093 4325 obtinet
3116 4235 3302 4325 Rhein.
3334 4235 3751 4325 Ῥαπῖί-ἐῶᾖὶί

462 4305 1124 4396 fingomp-areturvetkab
1158 4307 1251 4366 illo
1281 4311 1634 4396 adumbretur
1676 4319 1797 4396 cod,
1857 4305 2055 4396 {vita}.
2100 4305 2307 4396 ’75-‘Per
2347 4305 2852 4396 malicollationem
2890 4305 3301 4396 semlgﬁhen.‘
3332 4305 3750 4396 16"iiin'peiliiiié;

457 4374 867 4465 auferendique,
898 4378 1191 4465 diqtippem
1246 4387 1669 4465 comparationis
1681 4374 1815 4465 liid.
1859 4374 2054 4452 'l'lwlvta—
2098 4374 2319 4459 bonum,
2350 4374 2437 4447 ita
2474 4374 3297 4465 habere-cogitwiidlle—ite'si
3328 4374 3532 4452 ﬁdi-'55

3577 4398 3754 4468 Quam

453 4454 508 4524 et
529 4447 737 4524 bonum
761 4447 887 4508 ‘iid.
937 4451 988 4490 8°
1026 4452 1243 4524 Nuptos
1293 4463 1348 4510 et
1368 4447 1588 4514 “viduas
1632 4447 1812 4521 Rhen.
1855 4447 2052 4521 Seml.w
2076 4447 2631 4522 alvnNuuierandami!
2667 4447 2836 4520 ‘82"1'3
2869 4447 3093 4520 cOllecto
3137 4447 3312 4521 Rhen.
3335 4447 3536 4524 “Sami.
3583 4447 3750 4524 E3;

452 4518 597 4608 €3,th
645 4521 1015 4593 inuuptorum,
1051 4518 1173 4581 haec
1229 4526 1396 4584 verba
1440 4529 1650 4588 desunt
1694 4518 1828 4592 ibid.
1855 4518 2085 4595 γ’θῖίῇὶεο
2114 4518 3755 4608 αῐὶῖἆὴαήὺὲνόἇίἀωαηιίάὶλὰᾶίῐῖὶιέηίέέθεεπῖίξ-έέ-Ιῑῖάῖι-ὀίἱ

451 4589 578 4648 alii.

1846 4676 2346 4745 Commentarius.

530 4770 1342 4882 b0£?21.2iient{€tt,
1362 4779 1509 4882 quod
1536 4784 1745 4882 melius
1760 4790 1845 4868 est
1859 4805 2049 4882 paena.
2086 4805 2132 4882 Β
2160 4784 2403 4882 ruchiam
2444 4783 2638 4882 fatettif
2680 4785 2974 4882 ‘secun‘da's‘,
2999 4787 3353 4882 atque‘e‘nim
3386 4790 3567 4847 tertias
3600 4809 3749 4874 nup-

452 4842 829 4931 gertissimum
851 4851 1179 4931 ‘eetpriscis
1225 4842 1338 4931 illis
1367 4842 1716 4931 ‘temporibus
1766 4842 2053 4931 viréivnita-V

455 4922 565 4970 tem
620 4915 790 4986 pluris
824 4915 1083 4996 _habitam
1112 4915 1522 4996 ,_nuptiasque;
1579 4926 1625 4982 si
1683 4915 2059 4987 conferrentur

456 4997 590 5062 cum
620 5000 704 5062 ea,
737 4988 937 5062 malum
984 4988 1277 5062 quoddam'
1319 4988 1514 5062 videri,
1569 4996 1695 5055 licet
1720 5016 1921 5058 revera
1948 5017 2060 5061 non

457 5054 822 5142 essetillujus
849 5054 1124 5142 opinionis
1146 5062 1344 5142 fundus
1388 5054 1587 5142 praeter
1622 5054 2058 5142 “laudabilem—eo

459 5131 704 5209 tempore
751 5131 1133 5209 continentiam
1153 5134 1357 5209 ,_locus
1388 5131 1677 5209 'Apostoli,
1723 5145 1929 5203 melius
1975 5148 2060 5203 est

458 5194 871 5286 nuberequam
896 5194 1219 5286 uri.“ond
1256 5207 1344 5286 ita
1367 5224 1405 5286 _a
1433 5194 1705 5286 veteribus
1727 5194 1855 5269 "illis
1867 5194 2057 5286 cupii;

460 5273 641 5350 catum
669 5277 771 5336 est,
817 5273 971 5342 quasi
1005 5273 1226 5350 dixisset
1253 5279 1472 5350 Paulus,
1519 5283 1716 5338 melius
1761 5299 1882 5340 esse
1947 5273 2055 5344 uno

461 5339 619 5423 oculo
649 5339 1016 5428 capere—quam
1042 5344 1273 5428 duobus.
1294 5339 1499 5428 _Beatus
1538 5353 1655 5423 ipse
1694 5339 2054 5428 Hieronymus

462 5410 557 5495 qui
594 5410 649 5469 in
693 5410 1053 5495 {ovinianum
1084 5414 1315 5495 stylum'“
1342 5410 1577 5495 acueret;
1633 5439 1697 5480 eo
1725 5425 1871 5495 quod
1896 5410 2054 5483 "inter

458 5483 871 5567 caeteradeliria
908 5483 1280 5567 virginitatem
1307 5497 1363 5567 e_t
1416 5483 1633 5567 nuptias
1662 5483 1804 5567 pari
1859 5499 2050 5557 merito

451 5552 847 5644 g-ogaret,eam
873 5552 1162 5644 aliquando
1189 5559 1358 5644 sequi
1395 5552 1609 5644 videtur
1661 5552 1822 5639 hujus
1870 5552 2049 5644 scrip;

451 5624 590 5684 toris
612 5624 877 5702 mentem;
928 5624 981 5690 is'
1003 5637 1189 5692 tamen.
1224 5624 1385 5710 epist.
1430 5634 1502 5695 de
1544 5624 1768 5715 Monog’,
1818 5624 1893 5700 ad
1912 5624 2049 5720 ’Ᾰξθ

2164 4856 2361 4930 tias,_si
2408 4871 2637 4930 necesse
2680 4856 2877 4929 forent,
2908 4857 2976 4913 ab
3023 4856 3284 4930 apostolo
3330 4877 3616 4920 concessas
3655 4856 3747 4919 in-

2166 4925 2584 4987 continentibus.
2617 4928 2693 4986 LE
2727 4930 2826 4986 Pn.

2237 4998 2314 5074 (6)
2363 5000 2501 5074 cum
2528 5017 2654 5074 vero
2680 5018 2783 5058 nos
2810 5001 2883 5060 ad
2910 5002 3228 5074 exemplum
3264 5019 3432 5063 suum
3462 5007 3745 5065 hortatur.

2166 5071 2314 5149 facit
2351 5072 2507 5127 etiam
2540 5072 2839 5149 _hic_locus
2891 5089 2990 5145 pro
3035 5071 3361 5131 continentia
3408 5079 3468 5134 B.
3513 5077 3756 5149 Apostoli

2166 5142 2315 5198 Pauli
2345 5158 2377 5197 a
2402 5145 2623 5213 nuptiis.
2654 5147 2791 5201 Pam.

2237 5215 2313 5292 (7)
2345 5214 2454 5292 Sed
2478 5222 2602 5278 ecce
2645 5236 2863 5287 rursus,
2896 5218 3196 5292 mulierem
3239 5218 3507 5292 defuncto
3542 5223 3754 5280 marito

2163 5287 2304 5365 dicit
2346 5286 2560 5347 nubere
2585 5306 2764 5365 posse.
2794 5292 2893 5347 Hic
2930 5289 3102 5365 adhuc
3152 5290 3280 5365 satis
3309 5286 3597 5349 'moderate
3641 5294 3755 5365 agit

2161 5359 2396 5435 Auctor,
2422 5359 2811 5435 nonprorsus
2858 5360 3149 5435 prohibens
3186 5361 3492 5435 digamiam,
3523 5364 3620 5419 sed
3676 5359 3755 5435 fe-

2159 5429 2399 5485 liciorem
2448 5429 2686 5504 probans
2731 5429 3128 5504 monogamiam
3171 5449 3184 5486 :
3235 5429 3400 5504 quare
3436 5444 3491 5490 et
3526 5435 3588 5490 B.
3620 5434 3755 5491 Hie-

2157 5515 2422 5582 ronymus
2450 5501 2649 5582 fatetur
2689 5506 2776 5561 his
2801 5501 2999 5582 verbis
3022 5501 3366 5582 “Apostolurn
3409 5506 3673 5564 secundas
3699 5514 3756 5563 et

2156 5570 2351 5635 tertias
2378 5576 2594 5650 nuptias
2619 5576 2909 5635 concedere
2935 5574 2993 5633 in
3021 5570 3275 5635 Domino.
3306 5577 3445 5636 Pan.
