4058 6172
212 350 318 411 969

203 476 423 541 habent,
452 473 550 530 sed
575 488 682 530 non
721 486 910 528 omnes
939 468 1122 560 fideles
1161 470 1459 560 Apostoli1
1483 469 1614 560 Cum
1662 481 1793 560 ergo
1828 479 1874 560 Α

203 566 293 637 qui
320 580 380 619 se
398 563 614 618 ﬁdelem
637 562 850 617 dixerat
876 561 948 632 86,
979 559 1178 630 adjecit
1204 568 1409 630 postea,
1429 558 1684 629 Spiritum
1699 555 1793 610 Dei

203 670 262 711 se
298 655 524 722 habere,
563 653 708 724 quod
755 666 913 706 nemo
961 650 1236 705 dubitaret
1275 648 1433 704 etiam
1489 647 1555 702 de
1621 644 1792 714 fideli;

203 745 410 800 idcirco
431 741 483 797 id
513 741 668 809 dixit,
699 749 758 796 ut
797 739 899 795 sibi
936 738 1182 809 Apostoli
1230 737 1498 810 fastigium
1527 733 1796 791 redderet.

205 833 433 904 Pr0prie
477 831 623 886 enim
652 828 896 902 Apostoli
941 828 1194 900 Spiritum
1227 833 1470 882 sanctum
1510 825 1706 878 habent
1745 822 1800 876 in

205 921 467 992 operibus
495 917 796 991 prephetize
834 926 887 972 et
921 915 1156 972 efﬁcacia
1198 916 1473 983 virtutum,
1510 913 1804 969 documen-

207 1013 390 1080 tisque
429 1006 826 1079 linguarum“,
850 1020 957 1060 non
994 1006 1044 1042 ⁸8
1100 1019 1164 1059 ex
1196 1013 1368 1075 parte,
1409 1003 1554 1073 quod
1602 999 1800 1056 caeteri.

206 1101 287 1156 Ita
329 1098 565 1169 Spiritus
601 1095 768 1152 sancti
800 1094 1175 1150 auctoritatem
1229 1093 1294 1147 ad
1328 1108 1444 1147 eam
1489 1092 1539 1130 89
1568 1090 1803 1162 speciem

205 1189 360 1246 adire
393 1187 542 1257 fecit,
573 1189 663 1258 qui
700 1202 802 1240 nos
832 1183 1007 1256 magis
1027 1182 1254 1255 obsequi
1276 1182 1444 1239 voluit
1476 1200 1489 1237 :
1520 1190 1574 1236 et
1604 1181 1805 1237 factum

204 1287 287 1336 est
307 1280 423 1348 jam
473 1293 579 1332 non
610 1275 898 1330 consilium
944 1273 1110 1331 divini
1136 1272 1391 1346 Spiritus,
1423 1272 1516 1327 sed
1563 1286 1662 1341 pro
1692 1272 1808 1341 ejus

204 1369 495 1438 majestate
523 1374 878 1437 prmeeptum.

884 1451 1110 1508 CAPUT
1141 1451 1206 1506 V.

281 1544 366 1598 Ad
411 1543 591 1616 legem
640 1540 801 1596 semel
869 1539 1102 1595 nubendi
1151 1537 1489 1609 dirigendam
1554 1538 1624 1603 9°,
1696 1537 1812 1606 ipsa

211 1633 377 1703 origo
411 1631 631 1686 humani
663 1628 878 1702 generis
909 1627 1294 1698 patrocinatur,
1325 1634 1654 1701 cont-estatus
1682 1624 1810 1696 quid

205 1722 366 1776 Deus
410 1721 463 1774 in
494 1719 788 1792 primordio
826 1717 872 1755 9¹
905 1716 1264 1783 constituerit,
1316 1716 1371 1771 in
1428 1715 1654 1772 formam
1706 1729 1812 1785 po-

211 1810 462 1866 steritati
483 1808 862 1864 recensendam
882 1806 952 1864 92.

297 1899 438 1952 Nam
477 1913 591 1952 cum
639 1893 916 1949 hominem
973 1892 1262 1965 figurasset
1311 1893 1381 1960 93,
1413 1892 1570 1963 eique
1636 1906 1824 1962 parem

212 1984 587 2041 necessariam
640 1982 1014 2054 prospexisset,
1038 1997 1198 2036 unam
1229 1982 1295 2037 de
1331 1983 1496 2038 costis
1543 1983 1661 2051 ejus
1707 1997 1826 2036 mu-

215 2083 432 2139 tuatus,
471 2089 629 2128 unam
667 2072 746 2127 illi
777 2071 1029 2126 feminam
1079 2071 1264 2141 ﬁnxit;
1298 2086 1419 2127 cum
1479 2071 1667 2143 utique
1725 2085 1827 2125 nec

212 2163 433 2230 artifex,
497 2178 596 2218 nec
661 2161 886 2218 materia
939 2161 1249 2225 defecisset,
1316 2161 1504 2231 plures
1559 2169 1723 2216 costas
1769 2159 1824 2214 in

210 2253 414 2320 Adam,
474 2260 529 2308 et
583 2251 945 2322 infatigabiles
998 2266 1188 2304 manus
1243 2249 1296 2303 in
1319 2249 1444 2316 Deo,
1479 2248 1831 2320 sednonplu-

212 2358 314 2399 res
333 2357 536 2398 uxores
581 2341 725 2410 apud
753 2339 941 2407 Deum,
975 2339 1165 2394 etideo
1195 2339 1355 2396 homo
1374 2338 1491 2405 Dei,
1541 2339 1731 2406 Adam,
1775 2343 1829 2392 et

213 2430 432 2487 mulier
469 2429 565 2484 Dei
585 2429 712 2494 Eva,
745 2427 866 2482 unis
892 2427 1030 2483 inter
1058 2442 1115 2481 se
1146 2427 1348 2494 nuptiis
1377 2426 1548 2482 functi
1606 2435 1730 2481 sunt
1748 2428 1823 2482 94.

214 2521 475 2575 Formam
531 2515 841 2572 hominibus
896 2515 1012 2581 Dei,
1091 2514 1158 2568 de
1213 2513 1440 2586 originis
1492 2516 1824 2580 auctoritate,

215 2616 283 2664 et
310 2608 485 2679 prima
528 2605 624 2662 Dei
653 2605 926 2661 voluntate
967 2611 1276 2660 sanxerunt.
1335 2603 1599 2674 Denique,
1643 2607 1829 2660 Erunt

213 2699 361 2762 duo,
388 2695 581 2766 in’quit,
606 2697 667 2752 in
697 2710 870 2750 carne
897 2709 1056 2759 una;
1080 2707 1188 2746 non
1218 2701 1346 2762 tres,
1379 2708 1552 2762 neque
1580 2701 1827 2763 quatuor.

216 2784 489 2855 Alioquin
538 2785 648 2853 jam
695 2798 800 2838 non
831 2798 938 2837 una
971 2797 1236 2850 caro,nec
1286 2783 1392 2837 duo
1446 2782 1498 2836 in
1526 2798 1684 2836 unam
1711 2798 1831 2837 car-

214 2891 378 2933 nem.
409 2875 561 2931 Tunc
605 2874 657 2913 95
685 2882 863 2940 erunt,
905 2873 952 2928 si
979 2872 1282 2942 conjunctis
1335 2879 1388 2927 et
1443 2871 1716 2927 concretio
1776 2872 1830 2926 in

218 2966 496 3022 unitatem
537 2964 706 3020 semel
739 2963 849 3019 ﬁat.
883 2963 939 3016 Si
983 2977 1111 3019 vero
1142 2978 1326 3018 rursus
1354 2969 1442 3018 aut
1472 2962 1691 3032 saepius,
1721 2962 1830 3031 jam

1218 343 1411 405 LIBER
1449 341 1536 404 DE
1574 337 2084 401 EXHORTATIONE
2120 338 2512 400 CASTITATIS.

3395 347 3506 408 970

2419 462 2583 521 92]
2659 464 2891 522 CAPUT
2931 466 3021 527 VI.

1977 561 2080 618 Sed
2111 572 2163 619 et
2182 562 2463 629 benedicti,
2494 563 2690 634 inquis,
2724 565 3130 638 patriarchae(8)
3163 585 3272 625 non
3340 571 3505 628 modo

1909 652 2150 723 pluribus
2171 652 2426 708 uxoribus
2447 693 2460 720 ,
2485 668 2671 707 verum
2703 653 2867 707 etiam
2895 656 3212 712 concubinis
3251 661 3504 734 conjugis

1907 741 2260 798 miscuerunt.
2312 741 2458 812 Ergo
2506 749 2787 812 propterea
2843 745 3002 798 nobis
3058 760 3273 818 qunque
3325 746 3509 804 licebit
3581 801 3594 812 ,

1905 829 2246 886 innumerum
2280 831 2484 885 nubere
2513 830 2632 900 (9)?
2677 831 2820 886 Sane
2852 832 3037 888 licebit
3093 835 3137 888 si
3176 835 3356 891 adhuc
3399 839 3507 908 typi

1910 917 2075 973 futuri
2114 920 2349 987 alicujus
2380 928 2715 975 sacramenta
2756 923 2866 990 (lO)
2895 932 3214 992 supersunt,
3240 941 3381 996 quos
3411 943 3512 980 nu-

1914 1008 2038 1078 ptitB
2069 1017 2172 1063 tuae
2200 1008 2456 1080 figurant;
2489 1009 2570 1064 vel
2615 1009 2660 1064 si
2690 1009 2845 1065 etiam
2879 1027 3020 1067 nunc
3066 1014 3218 1068 locus
3253 1022 3334 1068 est
3363 1015 3512 1071 vocis

1913 1097 2056 1155 illius
2089 1118 2101 1152 :
2141 1100 2382 1156 Crescite
2412 1100 2970 1172 etmultiplicamini,
2997 1103 3049 1156 id
3073 1111 3172 1174 est,
3207 1102 3252 1157 si
3274 1104 3513 1160 nondum

1914 1185 2129 1242 aliavox
2165 1188 2493 1258 supervenit,
2519 1193 2739 1260 tempus
2745 1192 2872 1261 jam
2904 1193 2966 1246 in
2997 1193 3226 1249 collecto
3257 1211 3392 1261 esse,
3425 1211 3515 1251 re-

1914 1282 2063 1334 stare
2078 1282 2145 1333 ut
2160 1281 2215 1334 et
2246 1279 2343 1350 qui
2361 1293 2564 1336 uxores
2587 1278 2809 1344 habent,
2836 1284 3104 1352 tanquam
3123 1299 3235 1338 non
3256 1282 3515 1341 habentes

1917 1372 2117 1438 agant;
2155 1365 2338 1438 utique
2369 1367 2511 1421 enim
2560 1368 2945 1423 continentiam
2975 1370 3240 1437 indicens,
3269 1380 3323 1428 et
3354 1388 3513 1429 com-

1919 1468 2146 1522 pescens
2201 1455 2563 1520 concubitum,
2595 1455 2940 1511 seminarium
2983 1460 3216 1530 generis,
3273 1460 3514 1517 abolefa-

1919 1542 1990 1597 cit
2017 1543 2067 1580 98
2094 1547 2327 1600 crescite
2345 1544 2476 1599 illud
2505 1553 2558 1599 et
2588 1547 3081 1617 multiplicamini.
3101 1550 3170 1604 Ut
3199 1551 3392 1620 opinor
3419 1567 3516 1607 au-

1924 1639 2052 1701 tem,
2083 1631 2246 1687 unius
2299 1636 2352 1686 et
2383 1633 2626 1701 ejusdem
2657 1634 2754 1687 Dei
2787 1644 3011 1703 utraque
3061 1638 3423 1707 pronuntiatio
3463 1648 3518 1695 et

1925 1719 2207 1790 dispositio
2232 1730 2339 1776 est:
2375 1721 2468 1793 qui
2494 1728 2605 1777 tum
2635 1722 2849 1792 quidem
2881 1723 2935 1777 in
2967 1725 3270 1793 primordio
3300 1744 3516 1783 semen-

1852 1781 1899 1858 Β
1933 1819 2039 1864 tem
2079 1809 2293 1880 generis
2333 1808 2533 1876 emisit,
2578 1809 2793 1864 indultis
2842 1811 3218 1881 conjugiorum
3267 1815 3513 1883 habenis,

1933 1899 2107 1954 donec
2147 1899 2379 1955 mundus
2444 1901 2762 1971 repleretur,
2806 1900 2977 1956 donec
3019 1918 3171 1958 novze
3223 1903 3518 1975 disciplinae

1931 1987 2156 2042 materia
2221 1986 2534 2058 proﬁceret;
2585 2004 2727 2044 nunc
2782 2004 2918 2045 vero
2947 1990 3050 2044 sub
3077 1991 3506 2050 extremitatibus

1932 2083 2236 2147 temporum
2263 2078 2578 2148 compressit
2607 2079 2751 2150 quod
2807 2080 3076 2146 emiserat,
3135 2089 3185 2136 et
3241 2083 3504 2141 revocavit

1932 2165 2072 2237 quod
2105 2165 2414 2233 indulserat,
2447 2184 2552 2222 non
2600 2168 2716 2222 sine
2772 2170 2982 2224 ratione
3040 2172 3436 2242 prorogationis

1935 2254 2248 2324 primordio,
2279 2264 2330 2311 et
2360 2255 2733 2325 pastinationis
2776 2257 2892 2312 99in
2931 2257 3138 2314 ultimo.
3180 2259 3402 2330 Semper
3423 2261 3525 2316 ini-

1937 2340 2007 2396 tia
2026 2340 2288 2412 laxantur,
2334 2341 2469 2396 fines
2497 2345 2886 2399 contrabuntur
2933 2343 2974 2397 1.
3008 2347 3289 2416 Propterea
3316 2350 3523 2418 sylvam

1935 2428 2058 2498 quis
2080 2429 2367 2494 institituit,
2399 2441 2452 2486 et
2473 2447 2715 2487 crescere
2729 2431 2874 2500 sinit,
2892 2435 2950 2486 ut
2973 2440 3211 2503 tempore
3222 2450 3319 2490 suo
3332 2436 3522 2495 caedat.

1936 2517 2099 2589 Sylva
2131 2519 2233 2574 erit
2270 2528 2423 2576 vetus
2446 2519 2752 2592 dispositio,
2783 2538 2905 2592 qua:
2937 2523 3005 2576 ab
3053 2523 3345 2595 Evangelio
3376 2542 3518 2582 novo

1937 2605 2238 2676 deputatur,
2276 2609 2328 2663 in
2359 2627 2462 2682 quo
2485 2619 2537 2663 et
2564 2610 2780 2681 (matth
2812 2611 2926 2682 xxx)
2965 2615 3178 2667 securis
3200 2615 3271 2669 ad
3305 2615 3526 2674 radices

1938 2695 2154 2753 arboris
2174 2701 2355 2771 posita
2376 2705 2477 2755 est.
2511 2699 2596 2755 Sic
2619 2707 2671 2756 et
2692 2701 2918 2756 oculum
2925 2717 3030 2770 pro
3043 2701 3220 2767 oculo,
3235 2709 3291 2758 et
3302 2705 3530 2761 dentem

1933 2800 2037 2855 pro
2078 2785 2259 2851 dente,
2287 2788 2398 2855 jam
2421 2788 2618 2853 senuit,
2646 2804 2711 2843 ex
2728 2805 2833 2859 quo
2851 2788 3285 2857 juvenuit(Rom.
3316 2807 3421 2846 xu.
3444 2795 3528 2859 17)

1937 2875 2157 2930 malum
2183 2893 2284 2948 pro
2316 2877 2466 2934 malo
2497 2894 2656 2934 nemo
2679 2878 2896 2936 reddat.
2919 2878 3052 2932 Puto
3081 2886 3255 2933 autem
3284 2881 3444 2935 etiam
3475 2881 3529 2935 in

1941 2962 2202 3019 humanas
2258 2967 2665 3022 constitutiones
2704 2975 2868 3038 atque
2908 2967 3126 3022 decreta
3168 2968 3469 3038 posteriora
3510 2969 3534 3007 ²

217 3072 346 3112 una
381 3070 499 3110 esse
550 3055 744 3123 desiit;
778 3062 832 3110 et
861 3060 1019 3108 erunt
1045 3067 1156 3108 non
1183 3052 1288 3107 duo
1327 3051 1382 3106 in
1412 3067 1574 3106 unam
1605 3065 1838 3120 carnem,
1875 3066 1917 3144 ε
1949 3052 2189 3122 pristinis
2219 3055 2531 3124 praevalere.

220 3144 337 3201 sed
368 3160 472 3199 una
499 3143 660 3214 plane
687 3151 834 3199 costa
862 3141 914 3180 96
945 3141 997 3195 iu
1030 3141 1234 3213 plures.
1273 3141 1344 3195 At
1371 3156 1532 3211 quam
1597 3141 1834 3209 Aposto-

223 3233 329 3291 lus
359 3233 414 3287 in
438 3231 734 3288 Ecclesiam
797 3239 850 3286 et
886 3229 1160 3286 Christum
1209 3229 1616 3299 interpretatur,
1666 3230 1836 3284 erunt

223 3322 353 3378 duo
386 3323 447 3376 in
469 3337 646 3376 unam
682 3335 936 3389 carnem,
958 3317 1256 3374 secundum
1288 3316 1564 3388 spiritales
1621 3315 1836 3387 nuptias

225 3407 505 3466 Ecclesia:
552 3418 605 3464 et
651 3407 846 3464 Christi
902 3408 1066 3480 (unus
1131 3407 1275 3460 enim
1321 3405 1590 3471 Christus,
1642 3413 1695 3461 et
1732 3421 1838 3460 una

227 3503 361 3571 ejus
390 3497 679 3567 Ecclesia),
740 3512 1034 3569 agnoscere
1083 3495 1346 3552 debemus
1403 3495 1730 3566 duplicatam
1786 3503 1840 3550 et

241 3594 633 3660 exaggeratam
667 3601 788 3642 esse
821 3585 976 3641 nobis
1006 3584 1169 3640 unius
1200 3583 1524 3639 matrimonii
1563 3582 1611 3620 97
1636 3584 1835 3654 legem,

236 3690 353 3736 tam
389 3677 692 3732 secundum
731 3675 945 3746 generis
975 3673 1403 3738 fundamentum,
1437 3686 1602 3744 quam
1658 3687 1839 3727 secum

239 3771 375 3824 dum
400 3765 598 3822 Christi
635 3773 1049 3820 sacramentum.
1076 3765 1154 3818 De
1194 3779 1302 3819 uno
1330 3761 1672 3818 matrimonio
1714 3779 1840 3818 cen-

249 3872 444 3914 semur
471 3855 780 3925 utrobique,
813 3862 868 3908 et
895 3853 1176 3908 car'naliter
1229 3852 1281 3906 in
1335 3851 1530 3918 Adam,
1581 3861 1636 3908 et
1691 3851 1842 3924 spiri-

249 3946 436 4004 taliter
461 3945 514 4000 in
559 3944 793 4000 Christo.
827 3943 1067 3997 Duarum
1136 3941 1499 3997 nativitatum.
1537 3957 1706 3996 unum
1763 3949 1844 3997 est

251 4034 621 4102 monogamiae
678 4031 1069 4102 praescriptum.
1128 4029 1190 4084 In
1245 4038 1469 4101 utraque
1527 4030 1840 4102 degenerat,

245 4125 344 4199 qui
383 4124 454 4179 de
472 4121 817 4196 monogamia
862 4121 1146 4178 exorbitat.
1186 4121 1456 4176 Numerus
1521 4119 1846 4175 matrimonii

245 4229 282 4268 a
331 4210 623 4267 maledicto
670 4210 786 4265 viro
839 4209 1024 4280 cmpit.
1076 4209 1284 4264 Primus
1330 4209 1577 4273 Lamecb,
1630 4209 1845 4264 duabus

249 4302 560 4365 maritatas,
588 4297 768 4354 tresin
800 4313 963 4352 unam
995 4311 1212 4352 carnem
1243 4294 1444 4352 effecit.

2513 3143 2739 3200 CAPUT
2768 3144 2880 3199 VII.

2017 3231 2132 3294 Cue
2168 3240 2346 3289 autem
2367 3231 2435 3286 de
2463 3232 2705 3304 pristinis
2731 3233 2990 3303 exemplis
3007 3249 3115 3290 non
3139 3251 3203 3289 ea
3237 3235 3412 3306 potius
3447 3253 3544 3310 ago

1945 3340 2257 3388 noscamus,
2285 3319 2459 3378 922
2489 3337 2608 3394 quae
2638 3337 2762 3376 cum
2802 3321 3187 3392 posterioribus
3215 3325 3238 3361 3
3290 3339 3538 3410 commu:

1947 3416 2146 3483 nicant,
2163 3414 2230 3468 de
2258 3411 2540 3480 disciplina
2567 3421 2620 3465 et
2650 3410 2818 3465 forma
2849 3411 3128 3467 vetustatis
3157 3413 3220 3464 ad
3238 3412 3534 3470 novitatem

1949 3503 2291 3561 transmitunt
2312 3501 2339 3556 ‘2
2367 3501 2506 3556 Ecce
2538 3499 2681 3554 enim
2711 3499 2767 3554 in
2793 3501 2959 3557 veteri
2995 3501 3111 3572 lege
3158 3501 3529 3557 animadverto

1948 3602 2230 3650 castratam
2252 3589 2516 3645 licentiam
2567 3588 2764 3659 saepius
2795 3588 3048 3644 nubendi.
3098 3589 3331 3644 Cautum
3353 3589 3407 3644 in
3434 3591 3539 3645 Lc-

1947 3683 2107 3739 vitico
2138 3699 2151 3735 :
2191 3679 2512 3737 Sacerdotes
2532 3679 2642 3735 mei
2671 3695 2786 3734 non
2803 3680 2934 3749 plus
2956 3678 3171 3733 nubent
3203 3678 3380 3749 (Levit
3411 3696 3537 3745 χιιι,

1950 3770 2055 3840 14).
2077 3771 2301 3827 Possum
2317 3766 2514 3830 dicere,
2539 3766 2703 3822 etiam
2737 3766 2863 3821 illud
2896 3766 3016 3834 plus
3047 3781 3165 3820 esse
3205 3767 3348 3837 quod
3379 3769 3544 3823 semel

1950 3875 2058 3916 non
2086 3867 2166 3914 est
2186 3858 2326 3930 (11).
2354 3854 2511 3922 Quod
2542 3871 2650 3909 non
2693 3871 2859 3909 unum
2894 3862 2992 3923 est,
3027 3871 3283 3910 numerus
3313 3863 3413 3910 est.
3433 3857 3544 3911 De-

1949 3950 2130 4021 nique,
2176 3953 2298 4018 post
2326 3963 2491 4000 unum
2517 3944 2706 4016 incipit
2737 3959 3012 3999 numerus.
3034 3945 3212 4001 Unum
3245 3949 3429 4001 autem
3465 3955 3546 4002 est

1951 4054 2112 4095 omne
2139 4035 2282 4106 quod
2314 4035 2479 4089 semel
2499 4041 2600 4090 est.
2625 4033 2728 4087 Sed
2757 4032 2971 4086 Christo
2991 4034 3012 4069 ¹ι
3044 4034 3375 4100 servabatur,
3406 4034 3549 4089 sicut

1953 4123 2010 4177 in
2043 4121 2268 4184 caeteris,
2301 4119 2372 4174 ita
2397 4119 2565 4175 inisto
2585 4134 2801 4188 quoque
2829 4118 2964 4190 legis
2977 4119 3271 4190 plenitudo.
3296 4121 3422 4174 Inde
3445 4121 3548 4192 igi-

1957 4219 2042 4265 tur
2080 4211 2220 4280 apud
2250 4224 2360 4265 nos.
2407 4208 2618 4276 plenius
2655 4217 2818 4276 atque
2879 4207 3191 4262 instructius
3229 4207 3252 4243 5
3301 4208 3548 4277 prmscri-

1959 4299 2126 4368 bitur,
2155 4297 2314 4352 unius
2345 4293 2672 4351 matrimonii
2715 4309 2832 4349 esse
2860 4303 3110 4364 oportere
3141 4294 3274 4366 (Tit.
3308 4311 3346 4366 ι,
3371 4296 3426 4368 6)
3456 4298 3549 4370 qui

1657 4401 1845 4464 Varim
1880 4407 2188 4468 lectiones.

321 4487 374 4526 ⁸6
398 4485 561 4556 Quod
589 4482 807 4540 fidelem
837 4483 1250 4556 dixeritiRhen.
1293 4485 1463 4556 Pam.
1509 4481 1678 4556 S_e_m_l.
1728 4481 1778 4518 86
1825 4484 1998 4554 Atque
2049 4487 2495 4556 documentorum
2533 4479 2796 4556 linguam.
2856 4478 3313 4556 Ef‘?_(;)uasi_addit
3367 4483 3539 4539 Rhen.

244 4561 301 4600 89
331 4549 662 4614 Anétoritate
700 4557 769 4610 ad
827 4572 946 4610 eam
989 4555 1162 4612 Rhen.
1205 4553 1372 4610 86ml.
1419 4552 1469 4590 9°
1523 4553 1762 4614 Dirigam
1808 4549 1949 4610 Pam
1999 4556 2174 4612 Rhen.
2226 4555 2396 4610 Seml.
2443 4553 2491 4591 91
2535 4553 2615 4606 Ab
2664 4549 2814 4606 initio
2861 4551 2992 4607 ibid.
3027 4552 3076 4588 92
3133 4551 3540 4609 Recensendum

247 4633 335 4688 al.
387 4629 442 4668 93
498 4628 807 4701 Figulasset
851 4627 954 4701 alii
995 4627 1270 4701 scribunt.
1303 4626 1352 4662 94
1381 4623 1597 4701 Nuptiis
1624 4622 1809 4701 “functi
1853 4625 2081 4701 formam
2127 4625 2464 4701 hominibus
2486 4623 2605 4688 Dei,
2636 4631 2739 4701 etc:
2789 4623 2974 4701 ΙζὶρτιΙἑ
3025 4623 3074 4659 95
3118 4622 3231 4701 Jan}
3281 4638 3402 4701 non_
3439 4643 3540 4701 una

242 4718 382 4759 caro
419 4693 778 4764 tuncverunt,
831 4699 877 4752 si
924 4698 1249 4765 conjunctio,
1304 4703 1410 4751 etc.
1449 4699 1584 4752 Jun.
1623 4693 1674 4730 96
1698 4695 1859 4766 Caro
1906 4699 2075 4755 Seml.
2129 4699 2304 4754 Rhen.
2355 4696 2402 4733 97
2442 4695 2637 4766 Legem
2677 4695 2830 4749 abest
2860 4693 2895 4747 a
2935 4695 3094 4747 Pam.
3157 4695 3333 4766 Rhen.
3366 4697 3534 4750 Seml.

243 4776 301 4814 9⁸
332 4771 644 4829 Absolescit
672 4763 832 4826 Pam.
867 4763 1043 4824 Rhenl
1081 4768 1249 4824 Seml.
1281 4768 1330 4806 99
1379 4763 1834 4838 Repastinationis
1878 4767 2070 4827 iidem.
2108 4771 2126 4807 1
2166 4769 2324 4823 Fines
2369 4763 2772 4838 contrahuntur
2807 4767 3010 4838 absunt
3052 4765 3236 4838 Venet.
3272 4764 3537 4838 {Postera

241 4845 442 4903 Rhen.
488 4841 654 4897 Seml.
704 4843 864 4912 Leop.
913 4839 937 4876 3
966 4839 1199 4912 Posteris
1245 4838 1422 4895 Rhen.
1455 4833 1478 4876 4
1523 4837 1627 4893 Uni
1673 4837 1888 4893 Christo
1931 4845 2099 4900 Fron.
2151 4841 2339 4896 Paris.
2387 4839 2575 4895 Geten.
2625 4837 2680 4891 in
2717 4836 2932 4890 Christo
2982 4836 3150 4892 Seml.
3197 4837 3220 4873 ⁵
3274 4833 3537 4892 Structius

245 4917 444 4974 Rhen.
471 4912 642 4968 Se-ml.
672 4911 905 4968 strictius
931 4912 1102 4968 Fran.
1133 4911 1256 4965 Lat.

1658 4981 2152 5047 Commentarius.

327 5066 419 5156 (8)1
449 5063 556 5120 Sed
582 5069 635 5121 et
663 5063 963 5156 benedicti,
983 5062 1194 5156 inquit,
1224 5059 1770 5156 Patrii‘trchcf.nlﬁibro
1792 5061 1863 5115 ad
1895 5079 1939 5156 ο
1971 5064 2297 5156 ἶςαρςςξμηι.
2326 5059 2416 5115 Sic
2460 5056 2753 5156 le'giturJiln
2792 5058 3105 5156 exemplar-1i,
3132 5061 3537 5156 1|lnequeﬁaliter

246 5132 556 5209 martyras
588 5156 600 5192 :
643 5137 844 5209 (Inter
883 5132 1060 5209 carnis
1089 5133 1342 5209 alimenta
1389 5132 1660 5209 benedicti
1710 5147 1859 5209 mar-

247 5218 408 5290 _ty_res
423 5202 718 5290 designati.
738 5227 771 5290 ἐξ
799 5202 986 5290 Quem.
1019 5203 1274 5286 loquendi
1303 5220 1460 5259 usum
1490 5204 1658 5258 habes
1688 5203 1851 5259 etiam

243 5275 364 5335 lib.
385 5294 444 5332 Iv
474 5275 701 5334 de'Vita
729 5278 791 5331 B.
820 5275 1050 5331 Martini
1089 5294 1107 5330 :

318 5395 392 5447 Et
421 5393 685 5443 Fortunati
713 5391 985 5449 benedicti,
1021 5389 1232 5454 matyris
1255 5402 1452 5440 urnam.
1551 5388 1622 5439 Ls
1642 5388 1732 5440 Pa.

333 5495 423 5565 (9)
446 5494 816 5549 Innumeram
843 5493 1075 5565 nubere.
1111 5491 1236 5561 Ipse
1264 5488 1388 5544 alibi
1407 5489 1541 5544 dixit
1569 5506 1582 5543 :
1606 5489 1862 5562 Pluri/‘a-

253 5563 424 5624 ria-nt
452 5565 842 5621 matrimoniis
861 5563 970 5618 uti.
993 5563 1122 5618 Rm.

336 5635 464 5708 (10)
492 5636 553 5692 Si
582 5633 768 5691 adhuc
808 5636 946 5707 typi,
978 5634 1171 5706 futuri
1199 5633 1448 5704 alicujus
1475 5634 1863 5697 sacramenta,

487 5743 738 5800 Pam-non.
774 5741 845 5798 II.

1971 5128 2475 5204 legitllieronymus
2501 5128 2597 5202 Ep.
2611 5130 2682 5185 ad
2702 5128 3104 5204 Gerontiamde
3126 5128 3332 5202 Monog.
3355 5132 3540 5204 Typos

1958 5201 2072 5260 sive
2101 5201 2302 5276 ﬁguras
2324 5201 2612 5276 nuncupat
2655 5209 2998 5276 sacramenta
3026 5201 3350 5276 futurorum,
3392 5201 3538 5276 signa

1959 5290 2127 5330 sacra.
2145 5272 2310 5342 'signa
2339 5289 2370 5327 a
2400 5274 2514 5328 Deo
2535 5272 2810 5343 praemissa
2837 5272 3000 5326 futuri
3031 5272 3276 5341 alicujus.
3308 5273 3432 5327 Rm.

2033 5347 2143 5470 (112
2165 5348 2398 5400 Possum
2445 5346 2646 5406 dicere,
2681 5347 2856 5399 etiam
2894 5344 3038 5400 illud
3080 5346 3208 5416 plus
3264 5345 3541 5415 essequod

2033 5432 2114 5470 me
2171 5433 2287 5470 non
2325 5421 2425 5470 est.
2459 5416 2674 5470 Etenim
2707 5416 2893 5470 semel.
2921 5424 2977 5469 ut
3016 5423 3162 5469 notat
3195 5413 3461 5468 Asconius
3501 5429 3540 5468 ιι

1968 5413 2136 5472 ,ςεΜεί
2171 5433 2287 5473 non
2325 5421 2425 5472 est.
2459 5416 2674 5471 Etenim
2707 5416 2893 5479 semel,
2921 5424 2977 5469 ut
3016 5413 3162 5469 notat
3195 5413 3461 5468 Asconius
3501 5429 3540 5468 ιι

1969 5485 2206 5567 ΥΘΓΓνμ
2239 5503 2310 5542 ex
2326 5488 2527 5567 eodem
2575 5503 2742 5567 sensu
2767 5496 2874 5567 est,
2896 5486 3088 5567 inquit,
3117 5484 3258 5556 quod
3293 5485 3460 5567 semel
3485 5484 3540 5565 in

1972 5556 2044 5611 ita
2085 5558 2270 5614 risisse
2318 5559 2567 5615 Crassum
2621 5558 2807 5614 scribit
2855 5554 3106 5620 Lucilius,
3136 5554 3218 5610 'et
3265 5555 3429 5609 semel
3488 5554 3546 5610 in

1974 5627 2082 5684 vita
2110 5630 2451 5700 pertimuisse
2481 5631 2704 5687 Verrem
2748 5627 2973 5686 Tullius.
2999 5646 3026 5678 ι)
3051 5627 3179 5684 Rm.

3287 5733 3353 5789 31
