4028 6188
259 337 363 400 973

1255 337 1452 399 LIBER
1487 335 1572 396 DE
1611 335 2120 400 EXHORTATIONE
2157 337 2546 399 CASTITATIS.

3435 340 3544 404 974

261 459 1854 557 (ICor.v1,l2);lice.oatetdooEvangelioali.Sed‘quijure
1888 477 1935 557 Α
1965 461 2138 557 ctitas,
2186 462 2522 556 quia.caret
2572 458 2742 530 stupri
2797 458 3080 514 afﬁnitate.
3142 459 3204 514 Et
3257 475 3382 516 cum
3429 461 3548 520 haec

262 546 368 603 hoc
394 562 526 602 usus
554 560 662 601 non
691 552 773 600 est
815 544 869 599 in
911 545 1272 613 occasionem,
1303 544 1371 600 ad
1418 544 1721 616 exemplum
1751 560 1852 601 nos

265 650 434 692 suum
481 642 754 706 provocat,
806 633 1006 690 docens
1068 633 1122 688 in
1169 649 1235 690 eo
1280 649 1402 690 esse
1457 634 1848 706 probationem,

266 722 324 778 in
352 737 464 794 quo
509 720 720 778 licentia
747 721 1180 792 experimentum
1211 721 1551 778 abstinentiae
1587 731 1852 795 praestru-

269 810 350 868 xit
375 812 446 866 29.

891 901 1114 958 CAPUT
1139 902 1237 957 IX.

347 990 403 1046 Si
434 987 650 1060 penitus
698 1004 892 1044 sensus
921 990 1042 1062 ejus
1087 990 1520 1061 interpretemur,
1577 1003 1683 1044 non
1713 987 1856 1043 aliud

277 1078 555 1134 dicendum
604 1077 708 1132 erit
753 1079 1052 1134 secundum
1085 1078 1504 1144 matrimonium,
1536 1094 1695 1148 quam
1727 1093 1856 1148 spe-

275 1167 383 1221 cies
411 1165 603 1237 stupri.
653 1166 789 1220 Cum
818 1166 960 1221 enim
1010 1167 1170 1235 dicat,
1214 1166 1432 1221 maritos
1479 1166 1663 1222 hocin
1701 1165 1858 1220 solli-

273 1253 510 1310 citudine
550 1253 771 1318 habere,
803 1255 1262 1324 quemadmodum
1307 1253 1410 1308 sibi
1441 1254 1718 1325 placeant;
1753 1268 1859 1308 non

272 1341 457 1411 utique
484 1342 552 1395 de
581 1340 822 1396 moribus
867 1341 1012 1412 (nam
1057 1344 1255 1396 bonam
1301 1340 1722 1397 sollicitudinem
1753 1354 1861 1395 non

275 1428 612 1502 sugillaret);
647 1435 700 1483 et
735 1428 803 1484 de
837 1430 1003 1496 cultu,
1055 1440 1108 1485 et
1154 1437 1366 1495 ornatu,
1415 1437 1469 1484 et
1505 1429 1648 1484 omni
1681 1429 1863 1486 studio

277 1520 488 1586 formae,
520 1517 587 1571 ad
617 1517 898 1574 illecebras
940 1518 1239 1574 movendas
1271 1517 1322 1556 ³ο
1349 1517 1612 1573 sollicitos
1639 1515 1864 1588 intelligi

275 1605 440 1676 velit;
494 1605 561 1660 de
617 1604 790 1660 forma
829 1613 1004 1661 autem
1055 1613 1112 1660 et
1176 1604 1326 1662 cultu
1374 1605 1586 1676 placere
1635 1604 1866 1661 carnalis

279 1695 729 1767 concupiscentia:
798 1695 1072 1766 ingenium
1147 1695 1232 1761 sit,
1290 1711 1408 1766 quae
1472 1696 1630 1750 etiam
1692 1693 1866 1767 stupri

282 1798 446 1840 causa
500 1792 619 1837 est:
653 1782 846 1854 ecquid
901 1784 1112 1838 videtur
1159 1783 1254 1838 tibi
1317 1783 1488 1853 stupri
1540 1783 1702 1838 afﬁne
1750 1798 1868 1838 esse

287 1869 583 1926 secundum
632 1870 1053 1934 matrimonium,
1101 1871 1356 1941 quoniam
1401 1886 1464 1925 ea
1516 1870 1570 1924 in
1627 1869 1718 1924 illo
1767 1870 1868 1924 de-

289 1958 563 2030 prehendo
591 1974 711 2029 quae
739 1966 926 2028 stupro
974 1959 1324 2028 competunt?
1355 1960 1473 2029 Ipse
1508 1957 1768 2014 Dominus
1787 1957 1868 2014 31:

295 2046 400 2114 Qui
425 2045 648 2112 viderit,
683 2045 874 2118 inquit,
903 2047 1208 2103 mulierem
1232 2046 1305 2102 ad
1342 2045 1874 2119 concupiscendum,

286 2137 407 2206 iam
435 2137 719 2208 stupravit
735 2151 859 2192 eam
887 2135 950 2189 in
981 2133 1144 2190 corde
1173 2151 1271 2190 suo
1301 2135 1520 2204 (Matth.
1543 2149 1600 2200 γ,
1631 2133 1742 2205 28).
1770 2132 1874 2202 Qui

287 2233 465 2282 autem
515 2238 630 2278 eam
687 2222 755 2277 ad
803 2222 1108 2278 ducendum
1155 2222 1370 2287 viderit,
1422 2223 1597 2277 minus
1643 2239 1711 2276 an
1757 2223 1878 2293 plus

289 2311 419 2368 fecit
446 2312 496 2350 ³2
527 2312 680 2382 (1'7)?
725 2310 890 2381 Quid,
914 2311 958 2366 si
988 2311 1151 2366 etiam
1180 2311 1431 2366 duxerit?
1477 2311 1621 2382 quod
1652 2325 1760 2366 non
1792 2309 1876 2365 fa-

288 2408 452 2469 ceret,
481 2400 583 2456 nisi
615 2409 669 2455 et
696 2402 760 2455 ad
802 2400 1112 2456 ducendum
1158 2403 1522 2471 concupisset,
1563 2412 1616 2456 et
1646 2401 1712 2454 ad
1743 2415 1878 2456 con-

289 2489 680 2560 cupiscendum
702 2488 943 2545 vidisset.
969 2488 1089 2543 Nisi
1120 2489 1164 2543 si
1187 2498 1364 2560 potest
1391 2488 1514 2544 duci
1541 2504 1696 2557 uxor,
1718 2505 1878 2560 quam

292 2592 398 2632 non
429 2575 630 2633 videris
659 2593 761 2632 nec
788 2575 1131 2647 concupieris
1147 2576 1217 2629 33.
1242 2575 1468 2632 Multum
1485 2591 1617 2630 sane
1638 2575 1877 2642 interest,

291 2667 516 2722 maritus
568 2682 635 2721 an
682 2667 878 2722 caslebs
925 2665 1082 2721 aliam
1150 2667 1492 2737 concupiscat
1557 2666 1625 2720 ³4.
1691 2663 1882 2719 Omnis

294 2755 484 2811 mulier
540 2755 701 2810 etiam
748 2753 921 2810 caelibi
977 2753 1083 2808 alia
1127 2760 1212 2807 est
1267 2754 1336 2823 35,
1385 2753 1626 2824 quandiu
1673 2752 1876 2820 aliena;

294 2860 397 2899 nec
450 2859 546 2913 per
611 2842 756 2896 aliud
804 2850 981 2896 tamen
1022 2840 1081 2895 ﬁt
1110 2840 1328 2904 marita,
1380 2840 1484 2894 nisi
1525 2856 1618 2910 per
1672 2839 1888 2910 quodet

297 2931 565 2987 adultera.
615 2929 790 3002 Leges
833 2927 1081 2985 videntur
1125 2927 1450 2982 matrimonii
1482 2936 1535 2982 et
1581 2926 1754 2996 stupri
1782 2925 1887 2979 dif-

298 3016 585 3074 ferentiam
631 3015 806 3094 facere
855 3031 950 3084 per
1008 3013 1372 3072 diversitatem
1416 3012 1608 3078 illiciti,
1653 3027 1760 3067 non
1797 3026 1895 3082 per

297 3103 473 3163 925
523 3103 887 3160 conditionem
935 3101 1016 3158 rei
1053 3101 1242 3172 ipsius.
1294 3101 1548 3172 Alioquin
1578 3116 1698 3172 quae
1727 3101 1777 3138 ³6
1809 3115 1897 3154 res

301 3200 356 3249 et
379 3192 512 3247 viris
530 3199 584 3246 et
613 3189 828 3246 feminis
857 3189 1111 3245 omnibus
1140 3190 1290 3244 adest
1316 3189 1363 3227 ³⁷
1394 3190 1460 3242 ad
1493 3188 1888 3244 matrimonium

300 3287 353 3336 et
397 3280 680 3350 stuprum?
723 3277 1028 3334 commistio
1072 3277 1250 3334 carnis
1301 3278 1522 3343 scilicet,
1569 3278 1722 3347 cujus
1750 3292 1889 3332 con-

303 3367 693 3441 cupiscentiam
742 3366 1004 3423 Dominus
1041 3367 1091 3406 33
1119 3375 1306 3437 stupro
1353 3365 1674 3438 adaequavit.
1726 3365 1886 3436 Ergo,

305 3457 510 3530 inquis,
539 3459 650 3528 jam
679 3465 733 3514 et
761 3457 979 3528 primas,
1014 3456 1069 3511 id
1097 3464 1196 3526 est,
1229 3471 1364 3512 unas
1385 3455 1596 3526 nuptias
1635 3454 1888 3511 destruis.

304 3547 419 3602 Nec
464 3545 756 3612 immerito,
813 3543 1066 3617 quoniam
1111 3555 1166 3600 et
1211 3545 1342 3615 ipsae
1387 3558 1454 3600 ex
1500 3559 1564 3600 eo
1631 3551 1894 3612 constant,

306 3652 414 3709 quo
442 3643 498 3693 et
543 3643 810 3706 stuprum.
853 3635 978 3690 Ideo
1017 3634 1284 3706 Optimum
1340 3643 1423 3690 est
1450 3632 1654 3688 homini
1697 3632 1892 3687 mulie-

311 3741 426 3782 rem
457 3740 566 3783 non
593 3726 876 3798 attingere,
928 3732 983 3780 et
1028 3722 1146 3781 ideo
1173 3721 1402 3796 virginis
1430 3721 1741 3794 principalis
1769 3737 1896 3777 san-

1966 546 2122 604 etiam
2161 547 2230 603 de
2269 545 2455 618 primis
2483 553 2536 602 et
2580 546 2700 600 nnis
2743 546 2944 618 nuptiis
2990 546 3250 619 praetendi
3293 550 3361 603 ad
3390 565 3546 606 caus-

1959 656 2073 695 sam
2131 635 2473 694 continentiae
2539 635 2766 706 possint,
2819 642 3018 707 quanto
3066 635 3240 708 magis
3312 638 3550 695 secundo

1962 725 2296 782 matrimonio
2361 723 2659 780 recusando
2719 723 3148 794 prtejudicabunt
3201 724 3296 778 39!
3347 725 3550 783 Gratus

1962 824 2100 881 esto,
2151 814 2198 870 si
2251 812 2416 869 semel
2463 812 2560 867 tibi
2616 811 2836 867 indulsit
2886 813 3033 867 Deus
3080 811 3320 880 nubere;
3361 823 3550 887 gratus

1962 912 2143 960 autem
2182 902 2310 966 eris,
2357 900 2402 956 si
2440 900 2638 956 iterum
2678 900 2961 955 indulsisse
2999 900 3148 956 illum
3191 900 3286 955 tibi
3317 903 3548 961 nescias.

1964 993 2252 1060 Caeterum,
2285 990 2524 1046 abuteris
2560 987 2921 1060 indulgentia,
2953 1005 3070 1046 cum
3116 989 3234 1046 sine
3287 991 3552 1048 modestia

1966 1080 2153 1135 uteris.
2184 1077 2444 1134 Modestia
2477 1093 2508 1130 a
2537 1076 2699 1132 modo
2723 1076 3065 1147 intelligitur.
3089 1077 3202 1132 Non
3238 1077 3332 1134 tibi
3354 1077 3555 1134 sufﬁcit

1966 1169 2031 1223 de
2060 1183 2268 1223 summo
2295 1167 2388 1222 illo
2427 1165 2777 1219 immaculatae
2806 1166 2856 1203 ίιο
2900 1163 3229 1237 virginitatis
3272 1167 3444 1239 gradu
3501 1167 3555 1222 in

1969 1256 2265 1312 secundum
2296 1255 2553 1310 recidisse
2574 1253 2619 1292 ίιί
2656 1253 2946 1321 nubendo;
2979 1255 3076 1309 sed
3116 1257 3169 1309 in
3203 1255 3419 1312 tertium
3447 1256 3552 1310 ad-

1970 1347 2076 1401 huc
2120 1343 2444 1413 devolveris,
2485 1350 2538 1397 et
2575 1341 2628 1394 in
2666 1350 2934 1412 quartum,
2966 1351 3018 1396 et
3064 1342 3304 1397 fortassis
3333 1344 3388 1398 in
3427 1346 3556 1415 plu-

1973 1449 2078 1499 res,
2131 1439 2418 1503 postquam
2463 1429 2520 1484 in
2566 1430 2802 1484 secunda
2843 1427 3075 1484 statione
3122 1431 3408 1486 continens
3450 1447 3557 1487 non

1973 1521 2162 1578 fuisti:
2203 1521 2330 1590 quia
2377 1535 2479 1574 nec
2540 1518 2828 1589 prohibere
2869 1518 3050 1587 plures
3095 1519 3311 1586 nuptias
3359 1518 3560 1586 voluit,

1975 1609 2067 1683 qui
2106 1609 2174 1664 de
2219 1607 2466 1664 secundis
2513 1605 2873 1677 provocandis
2920 1607 3241 1661 retractavit.
3285 1606 3566 1662 Nubamus

1974 1699 2138 1771 igitur
2166 1697 2424 1769 quotidie,
2445 1705 2499 1751 et
2543 1695 2804 1750 nubentes
2822 1701 2889 1750 ab
2909 1694 3096 1750 ultimo
3142 1694 3229 1750 die
3257 1696 3564 1764 deprehen-

1975 1788 2164 1842 damur
2212 1793 2462 1856 tanquam
2514 1783 2751 1839 Sodoma
2785 1791 2838 1838 et
2873 1781 3227 1837 Gomorrha:
3277 1798 3383 1852 quo
3441 1781 3566 1850 die,

1988 1877 2070 1932 Va:
2101 1874 2231 1929 illud
2253 1888 2420 1943 super
2457 1878 2796 1942 praegnantes
2828 1869 3232 1941 [adimplebitur
3259 1869 3362 1942 "2,]
3394 1869 3447 1924 id
3468 1879 3570 1937 est,

1977 1977 2146 2032 super
2193 1961 2409 2016 maritos
2452 1968 2507 2014 et
2550 1959 2942 2016 incontinentes
2991 1975 3005 2012 :
3055 1959 3124 2014 de
3190 1958 3390 2028 nuptiis
3428 1959 3572 2014 enim

1981 2050 2156 2118 uteri,
2203 2059 2258 2106 et
2306 2049 2488 2112 ubera,
2538 2055 2593 2102 et
2638 2046 2887 2102 infantes.
2931 2046 2998 2100 Et
3045 2046 3264 2116 quando
3305 2044 3428 2101 ﬁnis
3476 2061 3576 2101 nu-

1982 2138 2190 2194 bendi?
2219 2137 2389 2193 Credo
2410 2143 2533 2206 post
2570 2134 2730 2190 ﬁnem
2759 2133 2976 2190 vivendi
3009 2133 3141 2204 (l8).

2591 2283 2817 2340 CAPUT
2857 2284 2931 2338 X.

2057 2383 2447 2441 Renuntiemus
2489 2382 2814 2446 carnalibus,
2872 2388 2927 2435 ut
2975 2379 3266 2451 aliquando
3310 2377 3574 2452 Spiritalia

1986 2479 2339 2528 retractemus
2366 2472 2435 2526 4³.
2466 2471 2617 2542 Rape
2663 2469 3022 2536 occasionem,
3063 2469 3164 2525 etsi
3194 2484 3302 2526 non
3346 2479 3576 2541 exopta-

1991 2561 2273 2627 tissimam,
2334 2567 2566 2614 attamen
2625 2569 3002 2629 opportunam,
3067 2573 3175 2612 non
3231 2557 3428 2612 habere
3495 2556 3586 2611 cui

1988 2649 2231 2704 debitum
2281 2647 2534 2710 solveres,
2577 2654 2632 2699 et
2668 2661 2699 2698 a
2743 2661 2854 2716 quo
2913 2643 3270 2699 exsolvereris
3306 2662 3319 2695 :
3379 2643 3587 2698 desiisti

1992 2752 2114 2792 esse
2160 2735 2394 2790 debitor.
2429 2734 2474 2789 Ο
2515 2742 2565 2786 te
2612 2731 2818 2786 felicem
2852 2730 2864 2786 !
2928 2729 3178 2785 dimisisti
3223 2729 3524 2784 debitorem
3564 2748 3578 2794 ;

1997 2825 2204 2883 sustine
2238 2825 2498 2879 damnum
2554 2822 2624 2877 ’t".
2669 2819 2814 2888 Quid
2859 2819 2924 2886 si,
2975 2820 3115 2890 quod
3146 2817 3379 2872 diximus
3426 2819 3588 2872 dam-

1995 2930 2144 2982 num,
2197 2914 2408 2967 lucrum
2438 2908 2684 2964 sentias?
2721 2909 2826 2964 Per
2861 2907 3245 2963 continentiam
3295 2906 3440 2961 enim
3488 2923 3591 2962 ne-

2002 3000 2292 3073 gotiaberis
2334 3014 2585 3070 magnam
2625 2997 2979 3052 substantiam
3025 2997 3359 3067 sanctitatis;
3407 2997 3588 3067 parci-

2003 3091 2188 3148 monia
2231 3088 2408 3145 carnis
2464 3087 2532 3151 "5,
2585 3084 2830 3156 spiritum
2884 3084 3157 3155 adquires.
3210 3084 3592 3158 Rec0gitemus

2000 3181 2145 3238 enim
2183 3178 2359 3249 ipsam
2404 3173 2784 3231 conscientiam
2832 3182 3088 3239 nostram,
3141 3190 3298 3244 quam
3339 3173 3501 3228 alium
3536 3191 3596 3230 se

2002 3272 2164 3324 homo
2208 3265 2408 3322 sentiat
2439 3282 2452 3318 :
2493 3279 2614 3319 cum
2645 3261 2780 3316 forte
2808 3278 2838 3316 a
2869 3276 2967 3315 sua
2997 3261 3193 3316 femina
3241 3272 3436 3327 cessat,
3480 3264 3593 3333 spi-

2003 3357 2228 3413 ritaliter
2265 3354 2424 3425 sapit.
2476 3351 2535 3407 Si
2573 3348 2752 3406 926
2789 3350 3089 3406 orationem
3135 3351 3255 3406 facit
3291 3351 3360 3404 ad
3397 3351 3596 3405 Domi-

2003 3463 2155 3513 num,
2188 3459 2360 3517 prope
2399 3449 2482 3497 est
2521 3440 2680 3497 coelo.
2714 3440 2768 3495 Si
2801 3439 3086 3510 scripturis
3131 3439 3417 3508 incumbit,
3459 3447 3601 3494 totus

2003 3536 2116 3593 illic
2145 3543 2246 3591 est.
2288 3533 2344 3589 Si
2387 3531 2653 3602 psalmum
2691 3529 2856 3594 canit,
2907 3529 3078 3597 placet
3123 3527 3248 3581 sibi.
3296 3527 3353 3582 Si
3383 3529 3595 3583 dtemo-

2005 3641 2130 3681 nem
2159 3622 2392 3692 adjurat,
2445 3617 2668 3675 conﬁdit
2715 3617 2838 3671 sibi.
2869 3615 2997 3671 Ideo
3051 3615 3341 3686 Apostolus
3381 3623 3600 3686 tempo-

2006 3717 2171 3772 ralem
2249 3708 2684 3785 puriﬁcationem
2759 3706 3065 3763 orationum
3136 3705 3600 3761 commendanda-

1644 3864 1833 3927 Variae
1876 3865 2192 3926 lectiones.

377 3975 430 4014 29
475 3969 871 4029 Abstinentiam
919 3967 1226 4038 praestruxit
1271 3969 1409 4024 Jun.
1455 3968 1825 4038 praestruxerit
1862 3967 1982 4025 cod.
2043 3967 2250 4038 WOuto.
2295 3961 2346 4000 3°
2373 3958 2670 4038 liloliendas
2717 3957 2904 4038 Seml.‘
2931 3956 3014 4038 ett.
3047 3956 3603 4038 _l"enet.31_~ln_terim

311 4025 580 4102 Dominus
598 4025 718 4110 ipse
749 4025 933 4110 Rhea:
958 4040 1132 4110 Fran.
1172 4041 1329 4110 Par.
1356 4025 1518 4093 Pam.
1544 4039 1620 4110 732
1649 4039 1825 4092 Minus
1853 4037 2140 4110 perfecerit
2171 4037 2344 4110 Fran.
2376 4033 2508 4110 Par.
2529 4029 2731 4110 minus
2753 4043 2847 4110 par
2878 4025 3005 4110 fecit
3037 4027 3215 4110 lii-ten.
3275 4028 3324 4066 33
3346 4028 3460 4083 Etsi
3492 4045 3602 4108 non

309 4099 529 4178 videris,
563 4099 900 4178 concupieris
930 4107 1140 4179 saltem,
1165 4123 1286 4162 cum
1320 4109 1491 4178 ipsam
1525 4109 1719 4163 ducere
1748 4099 1984 4177 coeperis
2009 4107 2198 4179 Phan.
2233 4107 2368 4179 Par:
2399 4105 2458 4179 et
2482 4102 2560 4179 at.
2604 4101 2651 4137 ³4
2682 4099 2901 4179 Maritus
2931 4099 3000 4179 ab
3029 4101 3144 4179 aeto
3182 4114 3293 4179 non
3341 4099 3604 4179 concupi-

313 4170 470 4239 scens
511 4170 679 4236 Fran.
729 4170 913 4234 Paris.
964 4170 1187 4232 multum
1219 4170 1352 4234 sane
1386 4181 1539 4232 abest
1569 4179 1789 4232 maritus
1835 4170 1902 4230 ab
1945 4176 2061 4231 zelo
2113 4178 2272 4228 Pam.
2325 4171 2373 4208 35
2413 4170 2601 4223 Mulier
2641 4170 2856 4222 zelivira
2900 4175 2980 4220 est
3026 4170 3186 4222 Pam.
3238 4171 3373 4239 Par.
3405 4171 3600 4239 rFran.

315 4238 361 4291 ³⁷
388 4238 527 4319 Quae
555 4251 707 4307 abest
747 4266 784 4305 a
825 4251 992 4304 Pam.
1042 4249 1215 4304 Rhen.
1251 4249 1422 4319 Seml.
1455 4249 1500 4286 ³⁷
1534 4248 1744 4319 Eadem,
1772 4248 2033 4319 imponit,
2075 4253 2158 4319 est
2187 4243 2359 4319 enim“
2376 4250 2432 4319 _et
2473 4250 2628 4319 matr.
2682 4241 2874 4319 [νγ-φη.-
2901 4239 3038 4292 Par.
3094 4241 3252 4319 Pam.
3306 4238 3355 4274 ³8
3389 4238 3607 4317 Scilicet

316 4306 638 4378 ceriandumﬁ
681 4322 838 4390 cujus
888 4318 1322 4390 concupiscentia
1368 4333 1470 4373 nos
1515 4318 1782 4390 Pam.f_39
1828 4306 2273 4390 Praevidebuntur
2323 4310 2498 4390 Rhegi.
2541 4311 2700 4390 Pam.
2751 4306 3087 4390 follunxe're
3147 4307 3330 4390 tilica;
3383 4307 3607 4390 sincerae

316 4377 652 4464 conﬁciebat
695 4377 777 4447 id'.
827 4377 1080 4445 iuuxorae'
1123 4392 1283 4444 Pam.
1334 4392 1463 4445 Par.
1519 4389 1563 4427 ¹ι¹
1611 4388 1914 4459 Deliquisse
1966 4386 2142 4442 Rhea.
2194 4385 2350 4438 Pam.
2409 4381 2513 4436 Hoc
2555 4377 2701 4434 verb.
2741 4377 2953 4456 intulit
3175 4377 3225 4415 ⁵³
3294 4378 3599 4436 Fructiﬁce-

317 4479 438 4501 mna
476 4465 570 4501 Rin
619 4463 670 4501 44
699 4461 882 4501 Simila
909 4463 1164 4501 damnum
1203 4461 1369 4501 thn,
1411 4464 1545 4501 Dn-m.
1607 4461 1656 4498 ’t5
1685 4459 1878 4501 Carnis:
1907 4456 2192 4501 Qnrvinnlis
2236 4456 2405 4501 Fran.
2442 4452 2575 4501 Par.
2609 4462 2754 4501 carm
2784 4455 3025 4501 sthentt
3088 4461 3187 4501 un.

317 4452 440 4520 mus
469 4465 591 4535 Rig.
619 4463 670 4501 ’⁸4
699 4461 882 4518 Simile
909 4463 1165 4517 damnum
1197 4461 1373 4516 Rhen.
1404 4464 1567 4517 Pam.
1607 4461 1656 4498 ¹ι⁵
1685 4452 1878 4514 Carnis
1907 4456 2192 4513 servientis
2231 4456 2405 4511 Fran.
2441 4452 2575 4506 Par.
2609 4452 2754 4504 carni
2784 4452 3025 4502 saevienti
3055 4452 3187 4501 Jun.

1715 4573 2210 4638 Commentarios.

321 4702 484 4774 rum._
511 4685 574 4740 In
602 4699 667 4740 eo
709 4691 1108 4774 autem‘errore
1151 4682 1644 4774 deprehenduntur
1661 4682 1908 4774 S‘oLcrates
1941 4697 1987 4774 η
2018 4696 2068 4735 c.

321 4764 376 4812 et
399 4757 729 4812 So'zomenus
773 4755 863 4826 qui
892 4755 1172 4812 Nicaenum
1200 4753 1472 4810 c’onclium
1500 4754 1648 4808 aiunt
1678 4753 1905 4826 liberum

323 4827 605 4897 reliquisse
658 4824 868 4882 clericis
913 4827 1244 4897 conjugium,
1296 4826 1439 4897 quod
1496 4841 1656 4896 quam
1710 4824 1906 4897 falsum

323 4899 395 4953 sit
419 4895 577 4953 docet
616 4912 792 4967 canon
841 4895 1051 4967 tertius,
1089 4895 1095 4896 ί
1136 4895 1451 4967 ἀπηγόρὶυσεν
1510 4895 1701 4948 neque»
1748 4895 1777 4963 ἡ
1821 4914 1908 4967 μι-

359 4970 448 5023 άλη
493 4962 694 5040 Σῦνοδος
738 4968 857 5038 μέτε
912 4966 1178 5040 Enitendum,
1224 4962 1343 5040 pairs
1396 4968 1725 5040 nE-coSuuptp,
1769 4962 1905 5037 μήτε

359 4987 448 5023 eum
494 4987 694 5026 zuveoo;
738 4987 857 5038 μγτε
912 4987 1178 5038 επισκοπῳ,
1224 4987 1343 5040 μητε
1396 4987 1720 5038 πίσουτιρῳ,
1781 4987 1905 5037 μητε

323 4989 555 5130 ξιακόνῳε
584 5039 728 5130 edin,
745 5040 861 5130 514:);
884 5039 988 5126 favi
1017 5037 1194 5130 rt'ov’éx
1408 4987 1905 5130 igei'vat‘aqvtiootxzov

327 5113 448 5179 ἔχειν
479 5105 640 5177 ·’πλὴν
687 5108 728 5163 εἰ
767 5109 832 5182 μὴ
872 5110 968 5180 ἄρα
1011 5109 1195 5182 [auriga
1223 5111 1256 5165 ἢ
1298 5105 1549 5182 ἆδελφήνλ
1572 5111 1604 5164 ἣ
1644 5109 1787 5174 θείαν,
1824 5109 1855 5164 ἦ
1884 5109 1916 5158 ἂ

369 5176 451 5235 3m
475 5176 710 5253 πρόσὼπα
729 5176 890 5234 etiam
911 5176 1481 5253 'biroijllatvdtatrripsu-jsv.
1519 5176 1759 5236 Omnino
1782 5195 1914 5251 pro-

369 5204 451 5235 ονα
475 5204 710 5253 προσωπα
729 5204 890 5234 πασαν
918 5204 1127 5247 υποψιαν
1147 5204 1481 5251 οιαπιφευγεν,
1521 5204 1759 5236 υγητιῑγιυ
1782 5204 1914 5251 pTU‘

330 5204 532 5321 iibuit,
559 5270 773 5324 magna
801 5251 1064 5324 synodus,
1100 5268 1172 5308 ne
1202 5253 1521 5324 episeepus,
1540 5266 1730 5324 ineque
1755 5265 1918 5324 pres-

334 5323 510 5398 byter,
537 5322 715 5398 neque
755 5322 1048 5398 diaconus,
1080 5337 1254 5395 neque
1282 5322 1398 5398 ulti
1424 5322 1646 5378 ordinis
1667 5322 1924 5398 ecclesia-

333 5394 463 5452 stici
499 5394 840 5452 extraneum
888 5394 1104 5458 habere,
1145 5394 1601 5465 praeter-matrem
1632 5397 1733 5448 aut
1769 5407 1924 5448 soro-

337 5483 459 5524 rem
495 5470 599 5522 aut
627 5469 888 5533 amitam,
921 5470 1023 5520 aut
1053 5481 1144 5522 eas
1176 5468 1404 5522 tantum
1431 5479 1699 5534 personas
1736 5480 1864 5534 quae
1892 5479 1929 5518 a

337 5539 654 5610 suspicione
696 5540 853 5594 omni
881 5540 1079 5610 essent,
1103 5537 1404 5610 immunes.
1432 5535 1592 5610 1dem_
1613 5536 1778 5590 habes
1803 5549 1927 5610 can.

337 5611 392 5678 3,
424 5605 578 5668 conc.
611 5609 863 5683 Carthag.
893 5615 949 5666 et
974 5624 1039 5665 ex
1063 5609 1185 5680 jure
1222 5607 1364 5665 civili
1389 5608 1425 5663 l.
1457 5605 1646 5664 sacris.
1685 5621 1806 5662 can.
1835 5607 1928 5673 45,

2101 4677 2169 4732 de
2201 4676 2369 4747 episc.
2403 4685 2454 4730 et
2484 4674 2614 4730 cler.
2653 4674 2730 4727 LE
2755 4673 2851 4747 Par.

2087 4750 2202 4821 (t7)
2237 4741 2416 4821 Minus
2456 4763 2533 4802 an
2549 4747 2688 4821 plus
2734 4746 2913 4821 fecit?
2941 4743 3009 4821 ln_
3048 4741 3339 4821 exemplari
3383 4742 3604 4813 legitur,

2014 4813 2206 4878 minus
2235 4819 2482 4890 amplius
2527 4813 2689 4890 fecit,
2734 4813 2891 4868 Forte
2926 4818 3100 4890 autem
3146 4813 3342 4868 vocula
3381 4829 3454 4866 an
3484 4828 3608 4890 eum

2014 4892 2256 4963 sequenti
2297 4885 2498 4946 coaluit
2528 4885 2805 4941 afﬁnitate
2843 4885 2982 4950 soni,
3017 4887 3209 4940 minus
3239 4902 3315 4940 an
3355 4885 3604 4955 amplius

2041 4965 2172 5020 ‘ecit.

2013 4967 2210 5105 {66:58)
2259 5031 2428 5090 Credo
2454 5033 2584 5105 post
2612 5029 2784 5105 linem
2816 5027 3054 5105 uiuendi.
3077 5026 3166 5082 Sic
3194 5025 3606 5105 legebatlliero,

2028 5097 2242 5175 nymus,
2283 5097 2471 5175 Epist:
2500 5101 2571 5175 ad
2614 5097 2974 5175 Gerontium,
3027 5112 3130 5175 non
3181 5097 3330 5175 u_t'_in_
3379 5097 3610 5175 vulgatis

2027 5168 2382 5232 editionibus:
2439 5193 2462 5223 tt
2516 5173 2639 5226 Post
2687 5171 2846 5222 tinem
2893 5168 3142 5223 subaudi.
3193 5168 3606 5233 Adhinuiamus,

2029 5247 2218 5318 inquit,
2247 5247 2314 5300 ad
2333 5259 2547 5318 omnes,
2578 5241 2828 5318 feminas,
2854 5252 2906 5318 et
2935 5241 2986 5318 in
3008 5241 3317 5318 exemplum
3338 5239 3608 5294 Sodomiaa

2031 5312 2472 5383 et'Gomorrltae,
2503 5315 2568 5368 ab
2607 5314 2795 5368 ultimo
2841 5312 2926 5366 die
2953 5312 3426 5382 deprehendamur
3472 5325 3608 5364 ven-

2032 5390 2222 5446 dentes
2247 5398 2298 5444 et
2337 5394 2599 5449 ementes,
2630 5391 2682 5438 et
2708 5383 2971 5439 nubentes
3009 5392 3062 5436 et
3093 5383 3282 5450 nuptni
3319 5383 3607 5447 tradentes,

2033 5471 2093 5516 ut
2141 5469 2268 5517 tunc
2311 5459 2380 5516 sit
2421 5457 2544 5514 ﬁnis
2587 5455 2816 5526 cujugii,
2857 5453 3070 5527 quando
3119 5451 3380 5508 terminus
3399 5450 3544 5505 vitae.
3582 5468 3608 5500 υ

2033 5532 2162 5588 Κίρ.
3345 5530 3352 5534 ’
