4058 6172
269 302 384 376 9.77

1271 301 1464 365 LIBER
1498 301 1584 362 DE
1620 301 2137 366 BXHORTATIONE
2177 307 2574 368 GAS'I‘ITATIS.

3473 306 3583 366 978

274 432 380 487 bus
423 435 752 500 conceptum
799 429 848 469 ⁵⁷
875 429 908 484 ?
949 430 1083 486 Puto
1140 429 1295 486 nobis
1339 444 1470 527 non.
1491 429 1668 527 magis
1704 429 1867 527 licere
1897 448 1943 527 Α
1981 436 2142 504 petua
2160 434 2230 489 δο.
2270 435 2526 491 Novimus
2554 435 2799 506 virgines
2854 435 3034 490 Vesta:
3071 440 3124 488 et
3162 433 3388 488 Junonis
3441 432 3584 502 apud

273 527 588 575 nascentem
629 532 848 582 necare,
904 531 1063 590 quam
1115 526 1318 573 natum.
1370 517 1475 573 Sed
1521 516 1746 572 fortasse
1778 517 1868 572 illo

272 617 523 677 tempore
569 605 901 679 praegnantis
938 606 1143 672 uxoris,
1178 605 1468 661 remedium
1514 614 1675 662 tantae
1705 605 1860 661 solli-

271 694 499 752 citudini
537 694 587 731 58
633 710 665 747 a
707 693 817 748 Deo
845 700 1034 764 petere
1080 693 1306 750 audebis
1353 693 1486 765 (2t),
1519 693 1666 764 quod
1716 693 1769 748 in
1813 701 1865 748 te

272 786 514 854 positum
559 781 840 838 recusasti.
889 782 1100 854 Aliqua,
1143 784 1356 854 opinor,
1399 783 1599 839 sterilis
1646 783 1865 854 prospi-

271 873 466 939 cietur,
512 871 624 942 jam
670 872 756 929 vel
804 870 1102 942 frigidioris
1148 871 1338 926 aetatis.
1411 873 1548 927 Satis
1591 875 1862 944 consuite,

271 975 327 1019 et
359 965 412 1017 in
442 961 633 1032 primis
662 959 911 1016 ﬁdeliter;
941 962 1154 1016 Nullam
1193 963 1338 1016 enim
1365 962 1718 1029 credidimus,
1749 963 1864 1019 Deo

269 1051 507 1115 volente,
561 1050 796 1106 sterilem
859 1058 950 1104 aut
1014 1066 1173 1104 anum
1221 1049 1472 1115 enixam;
1520 1051 1666 1123 quod
1732 1051 1868 1105 adeo

268 1139 447 1212 magis
495 1138 706 1194 evenire
748 1144 941 1208 potest,
981 1138 1025 1193 si
1073 1140 1196 1208 quis
1245 1139 1660 1209 praesumptione
1707 1140 1867 1208 hujus

271 1227 626 1300 providentiae
652 1243 764 1282 suae
795 1227 893 1281 Dei
934 1227 1330 1282 aemulationem
1377 1227 1706 1300 provocarit.
1740 1227 1865 1283 Sci-

272 1333 397 1374 mus
424 1316 660 1388 denique
708 1315 990 1387 quemdam
1035 1330 1103 1370 ex
1150 1314 1423 1382 fratribus,
1464 1333 1607 1382 cum,
1649 1325 1868 1388 prepter

269 1405 438 1462 ﬁliam
480 1421 658 1474 suam,
700 1405 937 1462 secundo
985 1405 1326 1460 matrimonio
1371 1406 1605 1462 sterilem
1651 1415 1867 1476 captas-

268 1504 353 1550 set
409 1510 657 1560 uxorem,
704 1502 811 1549 tam
857 1493 1047 1549 iterum
1096 1505 1300 1564 patrem
1344 1492 1565 1559 factum,
1615 1511 1774 1565 quam
1812 1501 1868 1549 et

267 1585 468 1640 iterum
497 1583 771 1640 maritum.

858 1669 1081 1729 CAPUT
1127 1669 1274 1726 XIII.

1981 524 2194 578 Achaiae
2225 525 2504 595 Oppidum,
2537 523 2803 594 Apollinis
2830 523 2973 593 apud
2992 523 3255 591 Ephesos,
3285 531 3338 577 et
3374 521 3582 576 Miner-

1974 629 2060 668 vae
2091 614 2412 684 quibusdam
2444 613 2593 668 locis.
2626 613 2888 667 Novimus
2909 619 2960 666 et
2989 610 3325 666 centinentes
3346 611 3492 666 viros
3508 609 3578 676 61,

1974 709 2028 756 et
2074 702 2291 772 quidem
2323 701 2460 756 tauri
2503 699 2647 754 illius
2714 698 2932 768 {egyptii
2990 697 3273 751 antistites.
3335 697 3582 751 Feminas

1977 805 2104 844 vero
2145 789 2328 845 Cereri
2385 788 2660 844 Africana:
2690 806 2704 853 ;
2740 787 2823 841 cui
2875 787 3031 840 etiam
3091 795 3282 855 sponte
3336 786 3579 840 abdicato

1975 875 2154 933 929
2191 877 2530 931 matrimonio
2580 877 2956 938 adsenescunt,
3011 883 3317 930 aversantes
3382 874 3581 930 exinde

1976 973 2278 1022 contactum
2334 966 2692 1022 masculorum
2741 964 2809 1031 62,
2871 977 3043 1034 usque
3100 962 3166 1016 ad
3216 961 3396 1016 oscula
3445 963 3580 1017 filio-

1977 1071 2116 1112 rum.
2157 1053 2364 1109 Invenit
2444 1053 2649 1108 scilicet
2705 1052 2976 1113 diaholus,
3062 1061 3190 1123 post
3288 1052 3576 1118 luxuriam,

1977 1143 2135 1199 etiam
2164 1142 2464 1198 castitatem
2517 1139 2862 1211 perditricem
2921 1139 2991 1206 63,
3050 1155 3157 1210 quo
3223 1139 3396 1211 magis
3456 1156 3580 1194 reus

1976 1236 2045 1289 sit
2073 1231 2424 1299 Christianus,
2457 1230 2550 1304 qui
2604 1229 2912 1285 castitatem
2968 1228 3295 1284 recusaverit
3350 1244 3577 1285 conser-

1973 1322 2250 1379 vatricem.
2310 1321 2482 1375 Erunt
2539 1317 2776 1373 nobisin
2835 1317 3193 1374 testimonium
3250 1325 3303 1372 et
3369 1318 3578 1373 feminae

1972 1409 2218 1480 quaedam
2276 1407 2580 1473 saeculares,
2629 1407 2696 1461 ob
2756 1406 3052 1462 univiratus
3137 1406 3578 1472 obstinationem,

1976 1495 2170 1550 famam
2239 1505 2542 1552 consecutae
2579 1512 2591 1548 :
2625 1503 2685 1550 ut
2753 1495 2891 1550 Dido
2939 1494 3007 1561 64,
3066 1511 3186 1565 quae
3242 1494 3467 1568 profuga
3523 1495 3575 1548 in

1977 1583 2150 1639 alieno
2182 1585 2318 1649 solo,
2352 1583 2442 1638 ubi
2472 1583 2688 1652 nuptias
2720 1583 2862 1655 regis
2911 1582 3052 1638 ultro
3110 1590 3323 1652 optasse
3375 1583 3577 1638 debue-

1977 1682 2077 1737 rat,
2139 1688 2206 1726 ne
2228 1679 2409 1726 tamen
2441 1671 2704 1726 secundas
2724 1671 3077 1741 experiretur,
3108 1672 3298 1726 maluit
3351 1687 3380 1726 e
3439 1687 3578 1727 con-

344 1761 430 1816 Ad
457 1760 593 1817 hanc
638 1775 813 1816 meam
862 1759 1283 1817 cohortationem
1322 1759 1392 1826 5°,
1430 1758 1591 1813 frater
1621 1757 1862 1814 dilectis-
1898 1732 1942 1808 Β
1969 1732 2130 1814 trario
2159 1759 2241 1814 uri
2263 1775 2423 1830 quam
2464 1759 2667 1813 nubere
2697 1732 2842 1829 (24);
2873 1759 2957 1814 vel
3014 1732 3105 1812 illa
3159 1760 3399 1815 Lucretia
3456 1777 3576 1830 quas

272 1851 435 1916 sime,
478 1849 738 1905 accedunt
765 1848 925 1904 etiam
959 1845 1241 1904 saecularia
1271 1848 1515 1918 exempla
1565 1846 1700 1917 (22),
1742 1861 1862 1917 qua:

269 1955 426 2012 saepe
469 1939 627 1994 nobis
666 1939 827 1995 etiam
872 1938 924 1992 in
975 1935 1282 1992 testimonio
1331 1935 1502 2007 posita
1550 1944 1694 2000 sunt,
1740 1949 1864 1990 cum

264 2029 398 2102 quid
430 2030 654 2094 bonum,
704 2037 758 2084 et
787 2028 902 2084 Deo
942 2026 1194 2098 placitum
1224 2027 1294 2082 ab
1333 2026 1602 2082 extraneis
1644 2041 1865 2098 quoque

263 2118 600 2190 agnoscitur,
649 2125 703 2173 et
742 2117 1050 2172 testimonio
1100 2124 1373 2172 oneratur.
1426 2113 1688 2185 Denique,
1738 2131 1861 2172 mo-

263 2206 518 2281 nogamia
565 2208 704 2276 apud
747 2206 990 2263 ethnicos
1036 2207 1106 2262 ita
1155 2205 1211 2259 in
1251 2219 1463 2260 summo
1520 2204 1727 2258 honore
1755 2211 1856 2267 est,

261 2305 323 2352 ut
369 2307 421 2352 et
447 2296 748 2367 virginibus
798 2295 1033 2369 legitime
1081 2294 1412 2349 nubentibus
1462 2292 1677 2347 univira
1721 2307 1860 2362 pro-

260 2384 412 2438 nuba
449 2383 564 2454 (23)
612 2383 958 2452 adhibeatur;
1001 2390 1053 2438 et
1083 2381 1128 2436 si
1170 2381 1400 2451 auspicii
1446 2395 1626 2444 causa,
1671 2380 1858 2452 utique

259 2473 395 2528 boni
442 2470 672 2542 auSpicii
711 2479 810 2527 est.
860 2473 1016 2536 Item,
1047 2481 1105 2525 ut
1151 2472 1202 2524 in
1241 2469 1566 2540 quibusdam
1597 2468 1858 2525 solemni-

262 2562 367 2615 bus
395 2569 447 2616 et
475 2558 689 2628 ofﬁciis,
738 2559 885 2630 prior
921 2560 992 2613 sit
1019 2557 1242 2614 univirae
1270 2557 1442 2613 locus.
1476 2558 1634 2614 Certe
1673 2556 1856 2611 ﬂami-

260 2649 388 2704 nica
434 2648 647 2703 nonnisi
698 2647 910 2702 univira
947 2653 1046 2711 est,
1086 2662 1206 2716 quae
1249 2653 1302 2700 et
1339 2645 1569 2700 flaminis
1615 2645 1703 2700 lex
1751 2654 1853 2700 est.

263 2738 408 2793 Nam
436 2738 582 2806 prior
627 2751 750 2791 cum
791 2736 892 2808 ipsi
947 2733 1189 2806 pontiﬁci
1222 2733 1456 2789 maximo
1499 2733 1695 2789 iterare
1731 2748 1854 2787 ma-

259 2826 580 2881 trimonium
611 2841 719 2881 non
758 2824 900 2889 licet,
933 2821 1118 2895 utique
1147 2823 1506 2896 monogamia:
1537 2821 1712 2895 gloria
1740 2829 1852 2876 est:

1972 1849 2072 1906 etsi
2110 1851 2161 1889 6⁵
2190 1850 2360 1905 semel
2381 1863 2480 1920 per
2511 1847 2638 1916 vim,
2665 1857 2719 1904 et
2749 1848 2933 1912 invita,
2985 1848 3151 1903 alium
3199 1851 3372 1903 virum
3422 1867 3576 1920 passa

1973 1949 2072 2003 est,
2104 1939 2366 2011 sanguine
2391 1954 2494 1994 suo
2533 1937 2854 1992 maculatam
2886 1937 2936 1974 66
2957 1951 3170 1990 carnem
3221 1937 3335 2007 (26)
3383 1939 3570 2008 abluit,

1972 2045 2038 2084 ne
2076 2031 2278 2084 viveret
2297 2030 2408 2096 jam
2447 2043 2555 2083 non
2587 2027 2691 2082 sibi
2734 2026 2962 2082 univira.
2989 2025 3148 2082 Plura
3193 2026 3441 2096 exempla
3470 2043 3572 2082 eu-

1971 2117 2170 2173 riosius
2199 2114 2386 2193 930
2415 2117 2479 2171 de
2509 2115 2706 2171 nostris
2739 2115 2994 2170 invenias
3032 2115 3079 2151 67
3112 2115 3249 2183 (26),
3281 2123 3331 2168 et
3358 2115 3574 2186 quidem

1973 2213 2123 2260 tanto
2153 2206 2383 2276 potiora,
2406 2213 2604 2276 quanto
2637 2204 2847 2259 facilius
2901 2204 2950 2240 68
3013 2214 3094 2258 est
3148 2204 3330 2260 vivere
3387 2204 3438 2258 in
3487 2220 3575 2260 ca-

1967 2294 2166 2364 stitate,
2206 2310 2366 2365 quam
2397 2310 2495 2364 pro
2527 2309 2588 2347 ea
2611 2292 2745 2348 mori
2793 2311 2808 2357 ;
2842 2293 2945 2348 hoc
2987 2301 3088 2359 est,
3147 2292 3339 2346 animae
3379 2292 3426 2345 id
3466 2294 3571 2347 bo-

1968 2399 2094 2438 num
2128 2383 2358 2446 misceri,
2383 2398 2544 2452 quam
2584 2397 2690 2436 non
2723 2381 2949 2436 vivendo
2975 2381 3209 2452 separari
3240 2383 3308 2436 69,
3365 2381 3571 2446 Ouanti

1965 2471 2131 2542 igitur
2179 2483 2232 2526 et
2268 2481 2480 2544 quantae
2518 2472 2571 2525 in
2592 2469 2964 2526 ecclesiasticis
3010 2469 3288 2525 ordinibus
3317 2470 3384 2524 de
3440 2487 3572 2526 con-

1965 2560 2186 2616 tinentia
2232 2571 2536 2624 censentur,
2567 2558 2660 2630 qui
2691 2559 2740 2596 70
2767 2560 2881 2612 Deo
2913 2557 3111 2612 nubere
3126 2559 3444 2625 maluerunt,
3478 2561 3568 2629 qui

1964 2648 2140 2704 carnis
2192 2663 2305 2702 sua:
2333 2649 2587 2702 honorem
2631 2645 2993 2709 restituerunt,
3018 2648 3213 2716 quique
3245 2646 3289 2683 ⁷1
3353 2664 3410 2700 se
3455 2649 3566 2715 jam

1965 2737 2107 2792 illius
2137 2737 2234 2792 aevi
2261 2735 2404 2790 ﬁlios
2450 2735 2782 2797 dicaverunt,
2837 2735 3141 2788 occidentes
3172 2734 3225 2786 in
3256 2749 3313 2788 se
3359 2749 3566 2789 concu-

1964 2823 2284 2893 piscentiam
2344 2820 2609 2885 libidinis,
2671 2829 2724 2876 et
2809 2829 2979 2874 totum
3021 2819 3150 2873 illud
3226 2819 3370 2890 quod
3425 2821 3567 2876 intra

255 2931 389 2971 cum
434 2922 615 2970 autem
659 2914 757 2969 Dei
795 2922 1125 2970 sacramenta
1170 2912 1390 2966 Satanas
1441 2910 1674 2979 affectat,
1723 2923 1858 2980 pro-
1901 2903 2274 2981 Claradisum
2333 2927 2438 2966 non
2504 2907 2677 2980 potuit
2740 2906 2985 2964 admitti?
3024 2907 3173 2964 Unde
3228 2923 3564 2977 praesumen-

256 3003 479 3062 vocatio
506 3009 589 3058 est
626 3010 844 3070 nostra;
889 3001 996 3056 imo
1028 2999 1281 3068 suffusio,
1325 2998 1541 3071 sipigri
1572 3012 1762 3052 sumus
1790 2996 1859 3051 ad

256 3091 648 3149 continentiam
689 3092 802 3147 Deo
849 3091 1228 3162 exhibendam,
1283 3106 1443 3163 quam
1486 3087 1705 3144 diabolo
1732 3086 1856 3159 qui-

259 3181 394 3236 dam
422 3189 694 3252 praestant,
726 3195 870 3235 nunc
898 3179 1225 3253 virginitate,
1270 3194 1413 3234 nunc
1442 3176 1696 3234 viduitate
1724 3191 1853 3246 per-

1967 3000 2096 3056 dum
2127 3010 2210 3057 est
2248 3003 2362 3068 hos,
2403 2999 2496 3070 qui
2562 2999 2698 3053 intra
2763 2997 3078 3069 paradisum
3135 2996 3303 3068 recipi
3363 2998 3562 3064 volent,

1967 3089 2179 3144 tandem
2221 3088 2414 3144 debere
2441 3101 2660 3143 cessare
2688 3085 2755 3140 ab
2785 3101 2848 3140 ea
2904 3101 2986 3149 re,
3029 3101 3060 3139 a
3117 3102 3224 3157 qua
3273 3088 3562 3156 paradisus

1964 3177 2190 3234 intactus
2211 3187 2314 3232 est.

1634 3287 1826 3352 Variae
1868 3294 2182 3354 lectiones.

333 3392 384 3430 ⁵⁷
443 3390 815 3448 Dissoluturus
888 3407 952 3448 es
1005 3391 1361 3448 medicamine
1436 3393 1604 3447 Fran.
1666 3391 1802 3444 Par.

257 3467 400 3520 Par.
479 3467 642 3519 Pam.
720 3464 771 3502 θο
827 3462 934 3520 Oui
1010 3466 1266 3520 antistant
1337 3478 1478 3517 nunc
1549 3459 1802 3520 virginita

309 3481 400 3521 ar.

479 3467 642 3519 Pam.
720 3464 771 3502 60
827 3462 934 3532 Qui
1010 3466 1266 3520 antistant
1337 3478 1478 3517 nunc
1549 3459 1882 3532 virginitate.
1953 3475 2096 3532 nunc
2170 3459 2282 3515 vid.

1881 3387 1932 3424 ⁵8
1985 3386 2156 3444 Tanta
2227 3387 2515 3444 solitudine
2574 3389 2748 3443 Rhen.
2807 3385 2855 3424 57
2919 3387 3332 3445 Contentionem
3381 3394 3553 3448 Fran.

2361 3460 2570 3514 evirant
2655 3463 2824 3514 Fran.
2885 3459 2930 3496 51
3009 3458 3141 3514 Cum
3215 3471 3396 3516 autem
3456 3464 3556 3519 Dei

254 3535 330 3590 sit
389 3534 581 3590 simius
635 3528 870 3589 tantum'
899 3535 1122 3590 Satanas
1177 3535 1241 3589 ad
1299 3528 1685 3604 perﬁciendum
1752 3530 2058 3604 provocatio
2134 3539 2219 3604 est
2286 3531 2454 3604 nostri
2509 3559 2604 3604 τέ
2643 3531 2766 3599 quia
2835 3528 3057 3604 diabolo
3109 3561 3180 3604 έο-
3238 3534 3555 3590 noverimus

253 3605 531 3676 (noverim
588 3606 746 3675 Par.)
811 3609 1051 3676 virgines
1105 3599 1493 3676 Vestaa'apud
1538 3605 1782 3676 Romam,
1841 3607 1896 3676 et
1947 3603 2175 3676 lunonis
2243 3603 2385 3673 apud
2441 3599 2826 3676 Achaiam,_et
2882 3601 3152 3676 Apollinis
3227 3605 3367 3676 apud
3426 3605 3526 3660 Del

255 3671 422 3748 phos,
480 3683 535 3748 et
577 3671 825 3731 Minervae
871 3671 927 3734 et
970 3677 1152 3732 Diana)
1197 3671 1448 3734 omnibus
1486 3671 2341 3748 locis.“Noverimus(noveram
2388 3676 2543 3741 Par.)
2605 3671 2949 3748 continentes
2987 3673 3132 3748 v_ir_o_s
3178 3671 3296 3748 cod.
3349 3677 3548 3748 ll’ouw.

253 3742 309 3786 ἕο
369 3742 577 3803 Exinde
631 3749 884 3818 adempto
940 3756 1189 3804 contactu
1239 3752 1410 3804 Fran.
1460 3749 1592 3801 Par.
1648 3743 1697 3781 53
1752 3743 2197 3818 Lux_castitatis_
2247 3748 2416 3800 Fran.
2481 3748 2611 3818 lfar.
2673 3742 2974 3818 “Aliqua
3013 3743 3316 3818 DidoRig.
3375 3747 3424 3783 6⁵
3490 3752 3555 3805 Ut

263 3823 436 3875 Fran.
488 3822 622 3875 Par.
681 3824 737 3875 et
785 3813 961 3876 Rhea.
1012 3821 1064 3858 66
1117 3819 1377 3875 Maculata
1427 3819 1601 3874 Rhen.
1645 3822 1794 3870 certo
1843 3814 2000 3869 Rhen
2052 3816 2217 3873 Seml.
2271 3819 2433 3871 Pam.
2477 3815 2526 3854 6⁷
2573 3814 2850 3871 Inveniam
2910 3813 3087 3870 Rhen.
3147 3813 3317 3870 Seml.
3388 3821 3548 3877 Pam.

255 3891 312 3970 Ῡθ
359 3889 571 3970 Quanto
610 3889 786 3970 majus
826 3902 909 3970 est
953 3891 1134 3970 Rhen._
1177 3894 1336 3970 Pam.
1401 3891 1517 3960 Rig.
1563 3887 1615 3924 ⁸⁵

1666 3884 1840 3954 Quam
1901 3885 2132 3942 vivendo
2187 3887 2423 3953 separari
2470 3888 2704 3942 animam
2751 3903 2781 3939 a
2824 3887 2964 3941 malo
3032 3887 3164 3941 Ιιιιι..
3227 3885 3280 3940 id
3355 3889 3551 3945 bonum

252 3956 449 4024 inseri,
477 3977 636 4032 quam
666 3956 864 4017 viventi
902 3963 1161 4032 separari.
1198 3964 1306 4017 Lat
1332 3956 1491 4032 quam
1522 3956 1886 4032 non_viveudo
1919 3959 2182 4032 separari.
2216 3957 2448 4026 Quanta?
2479 3970 2532 4014 et
2559 3975 2679 4031 qua)
2712 3957 2828 4018 cod.
2877 3960 3076 4016 Wouw.
3103 3973 3273 4029 quam
3322 3959 3552 4018 vivendo

244 4028 509 4105 separari
529 4033 760 4088 animam
790 4028 979 4089 Franf
996 4036 1130 4088 Par.
1159 4032 1210 4072 ⁷ο
1236 4028 1373 4101 Ωιιεὲ
1402 4034 1571 4087 Fran.
1604 4030 1650 4068 ⁷1
1682 4028 1918 4099 Quaeque
1957 4030 2130 4084 Fran.

1657 4152 2156 4215 Commentarius.

322 4263 440 4343 (2i)
453 4335 465 4343 _
479 4263 674 4343 Tanta;
692 4263 1122 4343 sollicitudinla
1136 4264 1241 4320 Deo
1258 4267 1452 4343 petere
1471 4257 1718 4343 aadebt's,
1737 4263 1841 4312 etc.
1885 4267 1930 4343 ο

241 4331 385 4406 Legi
422 4331 598 4406 hunc
656 4335 855 4406 locum,
913 4335 1009 4406 sed
1067 4331 1360 4390 immutatis
1405 4331 1682 4406 tantisper
1727 4343 1845 4406 ver-

240 4400 375 4462 bis“:
417 4429 434 4453 ι
469 4405 646 4461 Tanta
686 4405 1045 4462 sollicitudine
1087 4415 1271 4473 petere
1317 4403 1562 4473 audebis,
1598 4400 1742 4472 quod
1790 4401 1844 4473 in

244 4423 375 4462 ms:
417 4429 434 4453 ι
477 4423 646 4461 lauta
686 4423 1045 4462 somcuuaine
1127 4423 1271 4463 etere
1317 4423 1562 4473 audebis,
1598 4423 1742 4472 quou
1790 4423 1844 4454 ιιι

244 4487 306 4533 te
348 4477 582 4546 positum
637 4477 906 4532 recusabis
933 4479 961 4532 εἰ
999 4499 1019 4526 υ
1067 4423 1203 4532 Illud
1254 4487 1432 4532 autem
1477 4484 1559 4529 est
1598 4474 1744 4543 quod
1775 4471 1847 4525 ait

241 4548 522 4604 Aristides
575 4549 644 4603 de
673 4548 926 4603 concord.
959 4549 1025 4602 ad
1083 4549 1256 4604 Rhod.
1296 4547 1516 4603 ’Ἄτοπον
1572 4552 1673 4604 τοῖς
1727 4546 1844 4597 osor:

241 4623 465 4690 ἰξοχλεῖίν
533 4621 691 4680 αὖτοῗς
730 4615 784 4671 δι
827 4619 895 4690 μὴ
940 4621 1193 4685 βούλεσθάι
1238 4621 1472 4689 «partem
1549 4616 1582 4668 ἄ
1623 4618 1667 4688 γ’
1726 4615 1844 4690 ἡμῖν

238 4687 371 4747 εἶναι
430 4688 569 4744 δοκεῖ
627 4693 729 4750 τοῖς
775 4687 892 4751 Osci;
946 4695 1122 4751 αὐτοῖς.
1169 4687 1493 4747 Ridiculum
1539 4687 1653 4746 esse
1713 4689 1844 4746 Deos

237 4764 522 4837 fatigare,
542 4765 695 4819 nolle
726 4768 918 4837 tamen
931 4781 998 4837 ea
1015 4767 1206 4833 facere
1234 4779 1356 4837 qam
1386 4763 1446 4837 in
1462 4766 1664 4837 nostra
1681 4765 1844 4832 pote-

238 4832 407 4891 state
436 4836 549 4890 sita
568 4849 704 4900 esse,
736 4835 830 4906 Dii
857 4835 967 4906 ipsi
984 4832 1221 4889 norunt.
1241 4832 1335 4906 Sic
1355 4835 1603 4902 objurgat
1626 4832 1848 4906 (ξι-ωερε

237 4905 665 4968 Demosthenes,
714 4903 947 4976 Philipp.
982 4906 1077 4972 IIl,
1126 4905 1267 4976 quod
1309 4905 1544 4960 facerent
1583 4903 1848 4974 quemad-

240 4979 480 5032 modum
511 4977 547 5031 ii
595 4976 689 5048 qui
727 4976 1045 5049 grandinem
1090 4976 1314 5045 jamjam
1368 4976 1641 5030 cadeniem
1689 4992 1849 5049 spec-

243 5056 390 5112 tant,
425 5049 493 5102 ab
540 5065 600 5103 ea
632 5048 932 5103 incelumes
963 5063 1022 5102 se
1063 5055 1273 5117 optant,
1305 5061 1426 5101 cum
1461 5056 1636 5101 tamen
1672 5048 1850 5100 nullus

239 5121 320 5174 de
335 5135 400 5176 ea
418 5119 708 5174 avertenda
726 5119 954 5174 laboret.
977 5120 1054 5173 Pa
1078 5121 1172 5173 Pu.

327 5193 442 5260 (22)
467 5190 755 5247 Accedunt
776 5192 952 5246 etiam
974 5193 1272 5248 saecularia
1295 5190 1666 5261 exemplaria.
1684 5187 1852 5261 Etiam

247 5261 403 5329 apud
457 5276 553 5316 eos
608 5262 702 5332 qui
759 5265 988 5332 pecudes
1041 5271 1098 5316 et
1163 5263 1326 5316 boves
1383 5259 1853 5332 immolabant,in

250 5347 476 5387 summa
543 5331 1015 5388 commendatione
1075 5332 1376 5388 castitatem
1425 5331 1588 5384 fuisse
1639 5331 1855 5384 tradidit

248 5402 616 5476 Parphyrius,
662 5403 810 5475 ἁγνήν
857 5424 908 5457 τε
938 5407 1112 5460 ταύτην
1155 5403 1408 5476 κομίζοντα
1448 5403 1532 5458 τήν
1561 5403 1680 5472 ἱερὸν
1723 5402 1856 5453 ὁσίαν

247 5475 340 5526 καὶ
363 5477 481 5547 θεῖος
509 5479 873 5547 κεχαρισμένην.
897 5477 1022 5531 BIG.

331 5546 448 5614 (23)
493 5545 723 5620 Univira
748 5547 1023 5620 pronuba.
1058 5545 1324 5620 Pronuba,
1368 5550 1501 5620 teste
1532 5545 1760 5620 Donato,
1793 5559 1858 5598 ex

253 5622 417 5687 parte
443 5617 638 5675 uxoris
664 5614 872 5691 nuptiis
903 5618 1211 5690 praeeundis
1247 5626 1301 5675 et
1336 5614 1656 5674 comitandis
1685 5631 1856 5687 praes-

1955 4263 2036 4309 rat
2068 4270 2080 4310 :
2115 4255 2252 4310 sicut
2278 4257 2686 4327 auSpex,cujus
2733 4256 2894 4311 etiam
2953 4257 3040 4312 hic
3094 4259 3338 4314 meminit
3397 4259 3548 4318 Auc-

1960 4336 2060 4399 tor,
2101 4341 2168 4379 ex
2230 4326 2389 4399 parte
2423 4326 2545 4399 viri,
2605 4327 2684 4380 sic
2737 4327 2913 4382 dictus
2956 4331 3102 4399 quod
3150 4329 3382 4398 suspicia
3447 4333 3553 4389 sint

1957 4395 2094 4452 dicta
2121 4397 2271 4467 quasi
2300 4397 2556 4467 avispicia
2594 4412 2693 4467 pro
2755 4395 3066 4468 nuptiis'ex
3139 4395 3313 4454 volatu
3373 4403 3552 4459 avium

1956 4476 2173 4538 captare
2209 4471 2420 4524 soleret.
2457 4469 2598 4523 PAM.

2025 4541 2142 4612 (24)
2178 4541 2434 4620 ’Μαιῃξιθ
2479 4541 2768 4620 contrario
2815 4540 2910 4596 uri
2958 4541 3397 4620 quammaberc.
3417 4546 3549 4620 Igne

1954 4611 2226 4666 contrario
2246 4611 2449 4666 scilicet
2487 4611 2691 4666 amoris
2721 4611 2902 4682 ignem
2926 4611 3192 4682 exstinxit.
3224 4615 3347 4668 Rm.

2024 4683 2140 4754 (25)
2171 4683 2510 4740 Maculatam
2548 4700 2796 4740 carnem.
2828 4685 3050 4736 Animus
3081 4681 3226 4736 enim
3281 4685 3405 4739 imm
3419 4703 3550 4742 acu-

1954 4754 2095 4809 latus
2145 4755 2413 4810 restiterat
2469 4755 2748 4810 adulterio.
2804 4755 2989 4824 Itaque
3036 4755 3316 4822 splendide
3361 4773 3424 4811 ac
3451 4773 3550 4811 ve-

1956 4826 2167 4880 rissime
2196 4828 2396 4881 dictum
2433 4826 2563 4880 illud
2595 4841 2627 4880 a
2657 4826 3020 4879 declamatore
3068 4827 3300 4895 quodam
3338 4830 3546 4882 veteri:

1965 4916 1988 4950 α
2047 4898 2165 4951 Duo
2223 4896 2464 4963 fuerunt,
2507 4907 2561 4950 et
2623 4913 2761 4951 unus
2808 4895 3129 4951 adulterium
3187 4898 3476 4954 commisit.
3523 4922 3544 4949 ν

1959 4969 2219 5052 Praeclare
2277 4977 2467 5052 autem.
2513 4967 3062 5052 Augustinus‘hujus
3130 4970 3404 5052 facinoris.
3435 4972 3554 5052 glo-

1964 5040 2096 5094 riam
2125 5039 2366 5104 elevans,
2419 5047 2476 5093 nt
2519 5055 2730 5106 vanam,
2766 5049 2822 5094 ut
2871 5042 3180 5107 humanam,
3233 5055 3291 5097 ut
3338 5039 3552 5098 minime

1960 5111 2321 5186 Christianam,
2368 5126 2625 5186 non_esse
2659 5112 2730 5186 ait
2777 5111 2851 5186 i_n_
2887 5128 2945 5164 ea
2975 5114 3166 5186 Specie
3201 5116 3341 5186 quod
3375 5124 3552 5170 tanto-

1963 5199 2085 5252 pere
2127 5183 2391 5236 laudetur.
2431 5203 2453 5232 »
2480 5180 2722 5236 Lucretia
2753 5182 2962 5244 violata,
3021 5180 3232 5254 inquit:
3254 5189 3554 5242 Lucretiam

1963 5261 2162 5308 castam
2187 5254 2482 5309 interemit.
2516 5254 2622 5306 Cur
2679 5254 3089 5308 interfectricem
3146 5258 3444 5312 innocentis
3501 5266 3554 5313 et

1964 5334 2124 5379 casta:
2163 5335 2302 5380 tanta
2332 5326 2712 5396 praedicatione
2742 5325 3007 5380 laudatis?
3030 5347 3052 5376 ι
3078 5327 3200 5385 Bne.

2036 5395 2152 5465 (26)
2181 5395 2353 5453 Plura
2373 5396 2633 5466 exempla
2653 5396 2931 5452 curiosius
2961 5398 3026 5452 de
3053 5402 3265 5454 nostris
3297 5402 3553 5456 invenias

1963 5467 2151 5522 Tetam
2233 5470 2511 5539 periodum
2585 5466 2670 5520 hic
2755 5475 3198 5538 repraesentamus
3246 5471 3324 5524 uti
3373 5472 3552 5526 estin

1965 5539 2258 5610 exemplari
2278 5539 2644 5612 Agobardino.
2678 5539 2801 5593 Rm.
