  <div class='ocr_page' id='page_1' title='image "/cluster/home/n/w/nwhite01/storage/ocr_20150623/2/hvd.32044096580329/497.png"; bbox 0 0 4058 6172; ppageno 0'>
   <div class='ocr_carea' id='block_1_1' title="bbox 494 267 608 354">
    <p class='ocr_par' dir='ltr' id='par_1_1' title="bbox 494 267 608 354">
     <span class='ocr_line' id='line_1_1' title="bbox 494 267 608 354; baseline 0 -25"><span class='ocrx_word' id='word_1_1' title='bbox 494 267 608 354; x_wconf 73' lang='lat' dir='ltr'>ass</span> 
     </span>
    </p>
   </div>
   <div class='ocr_carea' id='block_1_2' title="bbox 1199 264 3081 337">
    <p class='ocr_par' dir='ltr' id='par_1_2' title="bbox 1199 264 3081 337">
     <span class='ocr_line' id='line_1_2' title="bbox 1199 264 3081 337; baseline 0.001 -13"><span class='ocrx_word' id='word_1_2' title='bbox 1199 264 1644 328; x_wconf 83' lang='lat' dir='ltr'>TERTULLIANl</span> <span class='ocrx_word' id='word_1_3' title='bbox 1679 266 1943 330; x_wconf 79' lang='lat' dir='ltr'>OPERUM</span> <span class='ocrx_word' id='word_1_4' title='bbox 1978 267 2149 331; x_wconf 83' lang='lat' dir='ltr'>PARS</span> <span class='ocrx_word' id='word_1_5' title='bbox 2183 269 2252 332; x_wconf 83' lang='lat' dir='ltr'>ll.</span> <span class='ocrx_word' id='word_1_6' title='bbox 2290 299 2364 314; x_wconf 96' lang='lat'><strong><em>—</em></strong></span> <span class='ocrx_word' id='word_1_7' title='bbox 2397 266 2626 330; x_wconf 83' lang='lat' dir='ltr'>SERIES</span> <span class='ocrx_word' id='word_1_8' title='bbox 2661 267 2728 337; x_wconf 89' lang='grc' dir='ltr'>ΙΙ,</span> <span class='ocrx_word' id='word_1_9' title='bbox 2769 265 3081 329; x_wconf 80' lang='lat' dir='ltr'>MORALIA.</span> 
     </span>
    </p>
   </div>
   <div class='ocr_carea' id='block_1_3' title="bbox 3695 269 3802 330">
    <p class='ocr_par' dir='ltr' id='par_1_3' title="bbox 3695 269 3802 330">
     <span class='ocr_line' id='line_1_3' title="bbox 3695 269 3802 330; baseline 0 0"><span class='ocrx_word' id='word_1_10' title='bbox 3695 269 3802 330; x_wconf 73' lang='grc'>984</span> 
     </span>
    </p>
   </div>
   <div class='ocr_carea' id='block_1_4' title="bbox 507 391 3802 496">
    <p class='ocr_par' dir='ltr' id='par_1_4' title="bbox 507 391 3802 496">
     <span class='ocr_line' id='line_1_4' title="bbox 507 391 3802 496; baseline -0 -43"><span class='ocrx_word' id='word_1_11' title='bbox 507 399 609 453; x_wconf 84' lang='lat' dir='ltr'>ille</span> <span class='ocrx_word' id='word_1_12' title='bbox 636 397 870 450; x_wconf 87' lang='lat' dir='ltr'>sanctus</span> <span class='ocrx_word' id='word_1_13' title='bbox 908 391 1323 464; x_wconf 76' lang='lat' dir='ltr'>fuit(loan.n,</span> <span class='ocrx_word' id='word_1_14' title='bbox 1379 395 1456 464; x_wconf 91' lang='lat'>3),</span> <span class='ocrx_word' id='word_1_15' title='bbox 1509 394 1727 466; x_wconf 80' lang='lat' dir='ltr'>scilicet,</span> <span class='ocrx_word' id='word_1_16' title='bbox 1785 412 1962 454; x_wconf 87' lang='lat' dir='ltr'>carne.</span> <span class='ocrx_word' id='word_1_17' title='bbox 2019 398 2102 454; x_wconf 93' lang='lat' dir='ltr'>De</span> <span class='ocrx_word' id='word_1_18' title='bbox 2128 416 2174 496; x_wconf 59' lang='grc' dir='ltr'><strong>Α</strong></span> <span class='ocrx_word' id='word_1_19' title='bbox 2206 405 2358 453; x_wconf 87' lang='lat' dir='ltr'>erant</span> <span class='ocrx_word' id='word_1_20' title='bbox 2411 395 2628 451; x_wconf 75' lang='lat' dir='ltr'>feminae</span> <span class='ocrx_word' id='word_1_21' title='bbox 2682 393 2825 462; x_wconf 68' lang='lat' dir='ltr'>aliae,</span> <span class='ocrx_word' id='word_1_22' title='bbox 2882 394 2977 450; x_wconf 89' lang='lat' dir='ltr'>sed</span> <span class='ocrx_word' id='word_1_23' title='bbox 3029 394 3154 468; x_wconf 87' lang='lat' dir='ltr'>quia</span> <span class='ocrx_word' id='word_1_24' title='bbox 3194 393 3315 451; x_wconf 88' lang='lat' dir='ltr'>ideo</span> <span class='ocrx_word' id='word_1_25' title='bbox 3344 409 3453 451; x_wconf 89' lang='lat' dir='ltr'>non</span> <span class='ocrx_word' id='word_1_26' title='bbox 3501 403 3675 464; x_wconf 88' lang='lat' dir='ltr'>erant,</span> <span class='ocrx_word' id='word_1_27' title='bbox 3735 411 3802 452; x_wconf 87' lang='lat' dir='ltr'>ne</span> 
     </span>
    </p>
   </div>
   <div class='ocr_carea' id='block_1_5' title="bbox 507 481 2106 556">
    <p class='ocr_par' dir='ltr' id='par_1_5' title="bbox 507 481 2106 556">
     <span class='ocr_line' id='line_1_5' title="bbox 507 481 2106 556; baseline 0.002 -16"><span class='ocrx_word' id='word_1_28' title='bbox 507 484 700 556; x_wconf 76' lang='lat' dir='ltr'>spiritu</span> <span class='ocrx_word' id='word_1_29' title='bbox 738 481 880 538; x_wconf 89' lang='lat' dir='ltr'>enim</span> <span class='ocrx_word' id='word_1_30' title='bbox 912 496 1021 537; x_wconf 92' lang='lat' dir='ltr'>non</span> <span class='ocrx_word' id='word_1_31' title='bbox 1051 482 1292 550; x_wconf 89' lang='lat' dir='ltr'>dixisset,</span> <span class='ocrx_word' id='word_1_32' title='bbox 1325 483 1449 554; x_wconf 86' lang='lat' dir='ltr'>quia</span> <span class='ocrx_word' id='word_1_33' title='bbox 1495 483 1715 553; x_wconf 75' lang='lat' dir='ltr'>spiritus</span> <span class='ocrx_word' id='word_1_34' title='bbox 1773 486 1913 542; x_wconf 91' lang='lat' dir='ltr'>ultro</span> <span class='ocrx_word' id='word_1_35' title='bbox 1980 502 2106 543; x_wconf 91' lang='lat' dir='ltr'>san-</span> 
     </span>
    </p>
   </div>
   <div class='ocr_carea' id='block_1_6' title="bbox 507 572 2107 642">
    <p class='ocr_par' dir='ltr' id='par_1_6' title="bbox 507 572 2107 642">
     <span class='ocr_line' id='line_1_6' title="bbox 507 572 2107 642; baseline 0.002 -14"><span class='ocrx_word' id='word_1_36' title='bbox 507 584 622 628; x_wconf 90' lang='lat' dir='ltr'>ctus</span> <span class='ocrx_word' id='word_1_37' title='bbox 661 572 962 642; x_wconf 81' lang='lat' dir='ltr'>agnoscitm</span> <span class='ocrx_word' id='word_1_38' title='bbox 997 611 1010 638; x_wconf 95' lang='lat'>,</span> <span class='ocrx_word' id='word_1_39' title='bbox 1071 585 1172 624; x_wconf 89' lang='lat' dir='ltr'>nec</span> <span class='ocrx_word' id='word_1_40' title='bbox 1228 580 1497 642; x_wconf 85' lang='lat' dir='ltr'>exspectat</span> <span class='ocrx_word' id='word_1_41' title='bbox 1553 572 1847 630; x_wconf 84' lang='lat' dir='ltr'>sanctitatis</span> <span class='ocrx_word' id='word_1_42' title='bbox 1911 576 2107 631; x_wconf 88' lang='lat' dir='ltr'>admo-</span> 
     </span>
    </p>
   </div>
   <div class='ocr_carea' id='block_1_7' title="bbox 510 665 2106 737">
    <p class='ocr_par' dir='ltr' id='par_1_7' title="bbox 510 665 2106 737">
     <span class='ocr_line' id='line_1_7' title="bbox 510 665 2106 737; baseline 0.003 -16"><span class='ocrx_word' id='word_1_43' title='bbox 510 668 790 732; x_wconf 88' lang='lat' dir='ltr'>nitionem,</span> <span class='ocrx_word' id='word_1_44' title='bbox 831 682 950 737; x_wconf 64' lang='lat' dir='ltr'>quae</span> <span class='ocrx_word' id='word_1_45' title='bbox 982 665 1200 736; x_wconf 86' lang='lat' dir='ltr'>prepria</span> <span class='ocrx_word' id='word_1_46' title='bbox 1231 675 1420 721; x_wconf 89' lang='lat' dir='ltr'>natura</span> <span class='ocrx_word' id='word_1_47' title='bbox 1452 675 1534 721; x_wconf 89' lang='lat' dir='ltr'>est</span> <span class='ocrx_word' id='word_1_48' title='bbox 1564 667 1705 735; x_wconf 91' lang='lat' dir='ltr'>ejus.</span> <span class='ocrx_word' id='word_1_49' title='bbox 1740 671 1875 726; x_wconf 90' lang='lat' dir='ltr'>Caro</span> <span class='ocrx_word' id='word_1_50' title='bbox 1931 683 2106 728; x_wconf 89' lang='lat' dir='ltr'>autem</span> 
     </span>
    </p>
   </div>
   <div class='ocr_carea' id='block_1_8' title="bbox 513 754 2106 825">
    <p class='ocr_par' dir='ltr' id='par_1_8' title="bbox 513 754 2106 825">
     <span class='ocr_line' id='line_1_8' title="bbox 513 754 2106 825; baseline 0.003 -12"><span class='ocrx_word' id='word_1_51' title='bbox 513 758 737 813; x_wconf 79' lang='lat' dir='ltr'>docetur</span> <span class='ocrx_word' id='word_1_52' title='bbox 774 755 1107 810; x_wconf 89' lang='lat' dir='ltr'>sanctitatem</span> <span class='ocrx_word' id='word_1_53' title='bbox 1139 769 1260 825; x_wconf 70' lang='lat' dir='ltr'>quae</span> <span class='ocrx_word' id='word_1_54' title='bbox 1291 763 1344 808; x_wconf 88' lang='lat' dir='ltr'>et</span> <span class='ocrx_word' id='word_1_55' title='bbox 1401 754 1455 809; x_wconf 90' lang='lat' dir='ltr'>in</span> <span class='ocrx_word' id='word_1_56' title='bbox 1493 754 1705 811; x_wconf 87' lang='lat' dir='ltr'>Christo</span> <span class='ocrx_word' id='word_1_57' title='bbox 1763 759 1860 814; x_wconf 77' lang='lat' dir='ltr'>fuit</span> <span class='ocrx_word' id='word_1_58' title='bbox 1905 769 2106 818; x_wconf 88' lang='lat' dir='ltr'>sancta.</span> 
     </span>
    </p>
   </div>
   <div class='ocr_carea' id='block_1_9' title="bbox 515 844 2109 920">
    <p class='ocr_par' dir='ltr' id='par_1_9' title="bbox 515 844 2109 920">
     <span class='ocr_line' id='line_1_9' title="bbox 515 844 2109 920; baseline 0.003 -19"><span class='ocrx_word' id='word_1_59' title='bbox 515 847 683 919; x_wconf 79' lang='lat' dir='ltr'>Igitur</span> <span class='ocrx_word' id='word_1_60' title='bbox 711 845 756 899; x_wconf 91' lang='lat' dir='ltr'>si</span> <span class='ocrx_word' id='word_1_61' title='bbox 785 845 964 900; x_wconf 88' lang='lat' dir='ltr'>omnia</span> <span class='ocrx_word' id='word_1_62' title='bbox 1012 844 1115 900; x_wconf 84' lang='lat' dir='ltr'>ista</span> <span class='ocrx_word' id='word_1_63' title='bbox 1165 845 1472 900; x_wconf 89' lang='lat' dir='ltr'>oblitterant</span> <span class='ocrx_word' id='word_1_64' title='bbox 1527 845 1797 902; x_wconf 88' lang='lat' dir='ltr'>licentiam</span> <span class='ocrx_word' id='word_1_65' title='bbox 1849 850 2109 920; x_wconf 74' lang='lat' dir='ltr'>nubendi,</span> 
     </span>
    </p>
   </div>
   <div class='ocr_carea' id='block_1_10' title="bbox 516 933 2109 1006">
    <p class='ocr_par' dir='ltr' id='par_1_10' title="bbox 516 933 2109 1006">
     <span class='ocr_line' id='line_1_10' title="bbox 516 933 2109 1006; baseline 0.002 -15"><span class='ocrx_word' id='word_1_66' title='bbox 516 945 572 992; x_wconf 90' lang='lat' dir='ltr'>et</span> <span class='ocrx_word' id='word_1_67' title='bbox 599 935 905 991; x_wconf 89' lang='lat' dir='ltr'>conditione</span> <span class='ocrx_word' id='word_1_68' title='bbox 937 934 1168 989; x_wconf 67' lang='lat' dir='ltr'>licentiae</span> <span class='ocrx_word' id='word_1_69' title='bbox 1190 933 1450 1004; x_wconf 90' lang='lat' dir='ltr'>inspecta,</span> <span class='ocrx_word' id='word_1_70' title='bbox 1507 944 1564 991; x_wconf 89' lang='lat' dir='ltr'>et</span> <span class='ocrx_word' id='word_1_71' title='bbox 1623 937 1935 1006; x_wconf 63' lang='lat' dir='ltr'>praelatione</span> <span class='ocrx_word' id='word_1_72' title='bbox 1981 955 2109 994; x_wconf 90' lang='lat' dir='ltr'>con-</span> 
     </span>
    </p>
   </div>
   <div class='ocr_carea' id='block_1_11' title="bbox 519 1023 2111 1097">
    <p class='ocr_par' dir='ltr' id='par_1_11' title="bbox 519 1023 2111 1097">
     <span class='ocr_line' id='line_1_11' title="bbox 519 1023 2111 1097; baseline 0.003 -18"><span class='ocrx_word' id='word_1_73' title='bbox 519 1025 759 1080; x_wconf 85' lang='lat' dir='ltr'>tinentiae</span> <span class='ocrx_word' id='word_1_74' title='bbox 797 1023 1066 1094; x_wconf 88' lang='lat' dir='ltr'>imposita,</span> <span class='ocrx_word' id='word_1_75' title='bbox 1101 1038 1191 1078; x_wconf 88' lang='lat' dir='ltr'>cur</span> <span class='ocrx_word' id='word_1_76' title='bbox 1240 1039 1347 1078; x_wconf 91' lang='lat' dir='ltr'>non</span> <span class='ocrx_word' id='word_1_77' title='bbox 1378 1024 1615 1094; x_wconf 91' lang='lat' dir='ltr'>potuerit</span> <span class='ocrx_word' id='word_1_78' title='bbox 1643 1033 1765 1096; x_wconf 93' lang='lat' dir='ltr'>post</span> <span class='ocrx_word' id='word_1_79' title='bbox 1821 1026 2111 1097; x_wconf 89' lang='lat' dir='ltr'>Apostolos</span> 
     </span>
    </p>
   </div>
   <div class='ocr_carea' id='block_1_12' title="bbox 517 1111 2110 1184">
    <p class='ocr_par' dir='ltr' id='par_1_12' title="bbox 517 1111 2110 1184">
     <span class='ocr_line' id='line_1_12' title="bbox 517 1111 2110 1184; baseline 0.001 -14"><span class='ocrx_word' id='word_1_80' title='bbox 517 1114 656 1170; x_wconf 90' lang='lat' dir='ltr'>idem</span> <span class='ocrx_word' id='word_1_81' title='bbox 704 1113 925 1184; x_wconf 87' lang='lat' dir='ltr'>spiritus</span> <span class='ocrx_word' id='word_1_82' title='bbox 966 1111 1347 1184; x_wconf 83' lang='lat' dir='ltr'>superveniens</span> <span class='ocrx_word' id='word_1_83' title='bbox 1401 1111 1465 1166; x_wconf 88' lang='lat' dir='ltr'>ad</span> <span class='ocrx_word' id='word_1_84' title='bbox 1522 1112 1887 1170; x_wconf 83' lang='lat' dir='ltr'>deducendam</span> <span class='ocrx_word' id='word_1_85' title='bbox 1943 1116 2110 1172; x_wconf 89' lang='lat' dir='ltr'>disci—</span> 
     </span>
    </p>
   </div>
   <div class='ocr_carea' id='block_1_13' title="bbox 513 1201 2110 1276">
    <p class='ocr_par' dir='ltr' id='par_1_13' title="bbox 513 1201 2110 1276">
     <span class='ocr_line' id='line_1_13' title="bbox 513 1201 2110 1276; baseline 0 -18"><span class='ocrx_word' id='word_1_86' title='bbox 513 1205 711 1276; x_wconf 91' lang='lat' dir='ltr'>plinam</span> <span class='ocrx_word' id='word_1_87' title='bbox 761 1204 817 1257; x_wconf 89' lang='lat' dir='ltr'>in</span> <span class='ocrx_word' id='word_1_88' title='bbox 856 1217 1072 1258; x_wconf 90' lang='lat' dir='ltr'>omnem</span> <span class='ocrx_word' id='word_1_89' title='bbox 1100 1201 1397 1266; x_wconf 88' lang='lat' dir='ltr'>veritatem,</span> <span class='ocrx_word' id='word_1_90' title='bbox 1431 1217 1525 1271; x_wconf 90' lang='lat' dir='ltr'>per</span> <span class='ocrx_word' id='word_1_91' title='bbox 1554 1203 1755 1272; x_wconf 85' lang='lat' dir='ltr'>gradus</span> <span class='ocrx_word' id='word_1_92' title='bbox 1810 1212 2110 1275; x_wconf 86' lang='lat' dir='ltr'>temporum</span> 
     </span>
    </p>
   </div>
   <div class='ocr_carea' id='block_1_14' title="bbox 518 1291 2107 1367">
    <p class='ocr_par' dir='ltr' id='par_1_14' title="bbox 518 1291 2107 1367">
     <span class='ocr_line' id='line_1_14' title="bbox 518 1291 2107 1367; baseline 0.002 -18"><span class='ocrx_word' id='word_1_93' title='bbox 518 1293 838 1366; x_wconf 91' lang='lat' dir='ltr'>(secundum</span> <span class='ocrx_word' id='word_1_94' title='bbox 896 1291 1041 1364; x_wconf 91' lang='lat' dir='ltr'>quod</span> <span class='ocrx_word' id='word_1_95' title='bbox 1095 1291 1465 1346; x_wconf 78' lang='lat' dir='ltr'>Ecclesiastes.</span> <span class='ocrx_word' id='word_1_96' title='bbox 1538 1295 1749 1367; x_wconf 83' lang='lat' dir='ltr'>Tcnpus</span> <span class='ocrx_word' id='word_1_97' title='bbox 1793 1298 1950 1351; x_wconf 86' lang='lat' dir='ltr'>omni</span> <span class='ocrx_word' id='word_1_98' title='bbox 2002 1298 2107 1362; x_wconf 91' lang='lat' dir='ltr'>rei,</span> 
     </span>
    </p>
   </div>
   <div class='ocr_carea' id='block_1_15' title="bbox 519 1380 2107 1455">
    <p class='ocr_par' dir='ltr' id='par_1_15' title="bbox 519 1380 2107 1455">
     <span class='ocr_line' id='line_1_15' title="bbox 519 1380 2107 1455; baseline 0.003 -19"><span class='ocrx_word' id='word_1_99' title='bbox 519 1382 734 1454; x_wconf 79' lang='lat' dir='ltr'>inquit),</span> <span class='ocrx_word' id='word_1_100' title='bbox 820 1396 1118 1450; x_wconf 86' lang='lat' dir='ltr'>supremam</span> <span class='ocrx_word' id='word_1_101' title='bbox 1167 1382 1278 1448; x_wconf 89' lang='lat' dir='ltr'>jam</span> <span class='ocrx_word' id='word_1_102' title='bbox 1338 1380 1483 1435; x_wconf 90' lang='lat' dir='ltr'>carni</span> <span class='ocrx_word' id='word_1_103' title='bbox 1539 1381 1755 1438; x_wconf 91' lang='lat' dir='ltr'>ﬁbulam</span> <span class='ocrx_word' id='word_1_104' title='bbox 1812 1383 2107 1455; x_wconf 88' lang='lat' dir='ltr'>imponere,</span> 
     </span>
    </p>
   </div>
   <div class='ocr_carea' id='block_1_16' title="bbox 513 1469 2108 1540">
    <p class='ocr_par' dir='ltr' id='par_1_16' title="bbox 513 1469 2108 1540">
     <span class='ocr_line' id='line_1_16' title="bbox 513 1469 2108 1540; baseline 0.001 -15"><span class='ocrx_word' id='word_1_105' title='bbox 513 1472 626 1540; x_wconf 89' lang='lat' dir='ltr'>jam</span> <span class='ocrx_word' id='word_1_106' title='bbox 682 1486 786 1525; x_wconf 90' lang='lat' dir='ltr'>non</span> <span class='ocrx_word' id='word_1_107' title='bbox 833 1470 1110 1540; x_wconf 90' lang='lat' dir='ltr'>obliquea</span> <span class='ocrx_word' id='word_1_108' title='bbox 1155 1469 1360 1540; x_wconf 89' lang='lat' dir='ltr'>nuptiis</span> <span class='ocrx_word' id='word_1_109' title='bbox 1428 1485 1685 1540; x_wconf 86' lang='lat' dir='ltr'>avocans,</span> <span class='ocrx_word' id='word_1_110' title='bbox 1764 1473 1858 1528; x_wconf 90' lang='lat' dir='ltr'>sed</span> <span class='ocrx_word' id='word_1_111' title='bbox 1928 1481 2108 1527; x_wconf 88' lang='lat' dir='ltr'>exerte</span> 
     </span>
    </p>
   </div>
   <div class='ocr_carea' id='block_1_17' title="bbox 519 1558 2106 1631">
    <p class='ocr_par' dir='ltr' id='par_1_17' title="bbox 519 1558 2106 1631">
     <span class='ocr_line' id='line_1_17' title="bbox 519 1558 2106 1631; baseline 0 -17"><span class='ocrx_word' id='word_1_112' title='bbox 519 1575 642 1614; x_wconf 91' lang='lat' dir='ltr'>cum</span> <span class='ocrx_word' id='word_1_113' title='bbox 671 1559 845 1630; x_wconf 87' lang='lat' dir='ltr'>magis</span> <span class='ocrx_word' id='word_1_114' title='bbox 883 1573 1024 1612; x_wconf 90' lang='lat' dir='ltr'>nunc</span> <span class='ocrx_word' id='word_1_115' title='bbox 1052 1564 1265 1626; x_wconf 88' lang='lat' dir='ltr'>tempus</span> <span class='ocrx_word' id='word_1_116' title='bbox 1294 1559 1347 1611; x_wconf 90' lang='lat' dir='ltr'>in</span> <span class='ocrx_word' id='word_1_117' title='bbox 1387 1558 1611 1613; x_wconf 87' lang='lat' dir='ltr'>collecto</span> <span class='ocrx_word' id='word_1_118' title='bbox 1651 1559 1849 1613; x_wconf 87' lang='lat' dir='ltr'>factum</span> <span class='ocrx_word' id='word_1_119' title='bbox 1887 1559 1958 1613; x_wconf 91' lang='lat' dir='ltr'>sit</span> <span class='ocrx_word' id='word_1_120' title='bbox 2007 1562 2106 1631; x_wconf 84' lang='lat'>{9),</span> 
     </span>
    </p>
   </div>
   <div class='ocr_carea' id='block_1_18' title="bbox 519 1647 2102 1720">
    <p class='ocr_par' dir='ltr' id='par_1_18' title="bbox 519 1647 2102 1720">
     <span class='ocr_line' id='line_1_18' title="bbox 519 1647 2102 1720; baseline 0.003 -18"><span class='ocrx_word' id='word_1_121' title='bbox 519 1649 674 1702; x_wconf 89' lang='lat' dir='ltr'>annis</span> <span class='ocrx_word' id='word_1_122' title='bbox 715 1648 926 1704; x_wconf 85' lang='lat' dir='ltr'>circiter</span> <span class='ocrx_word' id='word_1_123' title='bbox 982 1650 1084 1699; x_wconf 83' lang='grc'>160</span> <span class='ocrx_word' id='word_1_124' title='bbox 1142 1647 1334 1702; x_wconf 87' lang='lat' dir='ltr'>exinde</span> <span class='ocrx_word' id='word_1_125' title='bbox 1389 1647 1715 1714; x_wconf 84' lang='lat' dir='ltr'>productis?</span> <span class='ocrx_word' id='word_1_126' title='bbox 1746 1650 1936 1703; x_wconf 88' lang='lat' dir='ltr'>Nonne</span> <span class='ocrx_word' id='word_1_127' title='bbox 1984 1649 2102 1720; x_wconf 88' lang='lat' dir='ltr'>ipse</span> 
     </span>
    </p>
   </div>
   <div class='ocr_carea' id='block_1_19' title="bbox 2215 484 3800 558">
    <p class='ocr_par' dir='ltr' id='par_1_19' title="bbox 2215 484 3800 558">
     <span class='ocr_line' id='line_1_19' title="bbox 2215 484 3800 558; baseline 0 -18"><span class='ocrx_word' id='word_1_128' title='bbox 2215 487 2464 558; x_wconf 57' lang='lat' dir='ltr'>primitiae</span> <span class='ocrx_word' id='word_1_129' title='bbox 2537 485 2750 558; x_wconf 76' lang='lat' dir='ltr'>generis</span> <span class='ocrx_word' id='word_1_130' title='bbox 2804 484 3002 556; x_wconf 87' lang='lat' dir='ltr'>duplici</span> <span class='ocrx_word' id='word_1_131' title='bbox 3049 485 3389 541; x_wconf 88' lang='lat' dir='ltr'>matrimonio</span> <span class='ocrx_word' id='word_1_132' title='bbox 3462 485 3800 540; x_wconf 89' lang='lat' dir='ltr'>contamina-</span> 
     </span>
    </p>
   </div>
   <div class='ocr_carea' id='block_1_20' title="bbox 2215 572 3798 644">
    <p class='ocr_par' dir='ltr' id='par_1_20' title="bbox 2215 572 3798 644">
     <span class='ocr_line' id='line_1_20' title="bbox 2215 572 3798 644; baseline -0.003 -12"><span class='ocrx_word' id='word_1_133' title='bbox 2215 583 2418 632; x_wconf 88' lang='lat' dir='ltr'>rentur.</span> <span class='ocrx_word' id='word_1_134' title='bbox 2479 572 2752 644; x_wconf 83' lang='lat' dir='ltr'>Alioquin,</span> <span class='ocrx_word' id='word_1_135' title='bbox 2811 573 2857 629; x_wconf 91' lang='lat' dir='ltr'>si</span> <span class='ocrx_word' id='word_1_136' title='bbox 2906 574 3052 628; x_wconf 87' lang='lat' dir='ltr'>Deus</span> <span class='ocrx_word' id='word_1_137' title='bbox 3099 574 3380 643; x_wconf 85' lang='lat' dir='ltr'>voluisset,</span> <span class='ocrx_word' id='word_1_138' title='bbox 3439 588 3562 629; x_wconf 91' lang='lat' dir='ltr'>esse</span> <span class='ocrx_word' id='word_1_139' title='bbox 3595 573 3798 644; x_wconf 72' lang='lat' dir='ltr'>potuis-</span> 
     </span>
    </p>
   </div>
   <div class='ocr_carea' id='block_1_21' title="bbox 2215 661 3796 721">
    <p class='ocr_par' dir='ltr' id='par_1_21' title="bbox 2215 661 3796 721">
     <span class='ocr_line' id='line_1_21' title="bbox 2215 661 3796 721; baseline -0.003 0"><span class='ocrx_word' id='word_1_140' title='bbox 2215 671 2372 721; x_wconf 87' lang='lat' dir='ltr'>sent:</span> <span class='ocrx_word' id='word_1_141' title='bbox 2415 670 2557 719; x_wconf 90' lang='lat' dir='ltr'>certe</span> <span class='ocrx_word' id='word_1_142' title='bbox 2582 663 2648 718; x_wconf 90' lang='lat' dir='ltr'>de</span> <span class='ocrx_word' id='word_1_143' title='bbox 2701 662 2931 718; x_wconf 82' lang='lat' dir='ltr'>ﬁliarum</span> <span class='ocrx_word' id='word_1_144' title='bbox 2962 680 3182 719; x_wconf 88' lang='lat' dir='ltr'>suarum</span> <span class='ocrx_word' id='word_1_145' title='bbox 3235 661 3619 718; x_wconf 88' lang='lat' dir='ltr'>numerositate</span> <span class='ocrx_word' id='word_1_146' title='bbox 3651 677 3796 716; x_wconf 91' lang='lat' dir='ltr'>sum-</span> 
     </span>
    </p>
   </div>
   <div class='ocr_carea' id='block_1_22' title="bbox 2218 751 3800 824">
    <p class='ocr_par' dir='ltr' id='par_1_22' title="bbox 2218 751 3800 824">
     <span class='ocr_line' id='line_1_22' title="bbox 2218 751 3800 824; baseline -0.003 -15"><span class='ocrx_word' id='word_1_147' title='bbox 2218 755 2431 824; x_wconf 89' lang='lat' dir='ltr'>psisset,</span> <span class='ocrx_word' id='word_1_148' title='bbox 2465 767 2572 808; x_wconf 89' lang='lat' dir='ltr'>non</span> <span class='ocrx_word' id='word_1_149' title='bbox 2613 753 2791 807; x_wconf 92' lang='lat' dir='ltr'>minus</span> <span class='ocrx_word' id='word_1_150' title='bbox 2825 767 2890 806; x_wconf 88' lang='lat' dir='ltr'>ex</span> <span class='ocrx_word' id='word_1_151' title='bbox 2920 752 3134 808; x_wconf 90' lang='lat' dir='ltr'>ossibus</span> <span class='ocrx_word' id='word_1_152' title='bbox 3166 758 3221 807; x_wconf 91' lang='lat' dir='ltr'>et</span> <span class='ocrx_word' id='word_1_153' title='bbox 3260 767 3321 806; x_wconf 91' lang='lat' dir='ltr'>ex</span> <span class='ocrx_word' id='word_1_154' title='bbox 3344 766 3502 806; x_wconf 88' lang='lat' dir='ltr'>carne</span> <span class='ocrx_word' id='word_1_155' title='bbox 3555 766 3652 805; x_wconf 88' lang='lat' dir='ltr'>sua</span> <span class='ocrx_word' id='word_1_156' title='bbox 3705 751 3800 806; x_wconf 87' lang='lat' dir='ltr'>ha-</span> 
     </span>
    </p>
   </div>
   <div class='ocr_carea' id='block_1_23' title="bbox 2216 839 3800 912">
    <p class='ocr_par' dir='ltr' id='par_1_23' title="bbox 2216 839 3800 912">
     <span class='ocr_line' id='line_1_23' title="bbox 2216 839 3800 912; baseline -0.002 -14"><span class='ocrx_word' id='word_1_157' title='bbox 2216 844 2352 898; x_wconf 89' lang='lat' dir='ltr'>bens</span> <span class='ocrx_word' id='word_1_158' title='bbox 2414 843 2605 909; x_wconf 88' lang='lat' dir='ltr'>Evam,</span> <span class='ocrx_word' id='word_1_159' title='bbox 2673 842 2718 896; x_wconf 89' lang='lat' dir='ltr'>si</span> <span class='ocrx_word' id='word_1_160' title='bbox 2774 840 2877 897; x_wconf 92' lang='lat' dir='ltr'>hoc</span> <span class='ocrx_word' id='word_1_161' title='bbox 2927 842 3017 912; x_wconf 91' lang='lat' dir='ltr'>pie</span> <span class='ocrx_word' id='word_1_162' title='bbox 3081 841 3248 896; x_wconf 87' lang='lat' dir='ltr'>ﬁeret.</span> <span class='ocrx_word' id='word_1_163' title='bbox 3295 844 3366 896; x_wconf 85' lang='lat' dir='ltr'>At</span> <span class='ocrx_word' id='word_1_164' title='bbox 3417 839 3510 896; x_wconf 90' lang='lat' dir='ltr'>ubi</span> <span class='ocrx_word' id='word_1_165' title='bbox 3567 839 3800 910; x_wconf 87' lang='lat' dir='ltr'>primum</span> 
     </span>
    </p>
   </div>
   <div class='ocr_carea' id='block_1_24' title="bbox 2219 928 3802 997">
    <p class='ocr_par' dir='ltr' id='par_1_24' title="bbox 2219 928 3802 997">
     <span class='ocr_line' id='line_1_24' title="bbox 2219 928 3802 997; baseline -0.004 -10"><span class='ocrx_word' id='word_1_166' title='bbox 2219 933 2397 988; x_wconf 88' lang='lat' dir='ltr'>scelus</span> <span class='ocrx_word' id='word_1_167' title='bbox 2436 929 2806 997; x_wconf 89' lang='lat' dir='ltr'>homicidium,</span> <span class='ocrx_word' id='word_1_168' title='bbox 2862 929 2915 984; x_wconf 88' lang='lat' dir='ltr'>in</span> <span class='ocrx_word' id='word_1_169' title='bbox 2972 928 3267 985; x_wconf 84' lang='lat' dir='ltr'>fratricidio</span> <span class='ocrx_word' id='word_1_170' title='bbox 3305 929 3636 997; x_wconf 83' lang='lat' dir='ltr'>dedicatum,</span> <span class='ocrx_word' id='word_1_171' title='bbox 3695 935 3802 983; x_wconf 82' lang='lat' dir='ltr'>tam</span> 
     </span>
    </p>
   </div>
   <div class='ocr_carea' id='block_1_25' title="bbox 2217 1017 3805 1092">
    <p class='ocr_par' dir='ltr' id='par_1_25' title="bbox 2217 1017 3805 1092">
     <span class='ocr_line' id='line_1_25' title="bbox 2217 1017 3805 1092; baseline -0.003 -16"><span class='ocrx_word' id='word_1_172' title='bbox 2217 1020 2439 1092; x_wconf 82' lang='lat' dir='ltr'>dignum</span> <span class='ocrx_word' id='word_1_173' title='bbox 2472 1019 2708 1076; x_wconf 91' lang='lat' dir='ltr'>secundo</span> <span class='ocrx_word' id='word_1_174' title='bbox 2763 1020 2881 1075; x_wconf 89' lang='lat' dir='ltr'>loco</span> <span class='ocrx_word' id='word_1_175' title='bbox 2921 1018 3104 1074; x_wconf 90' lang='lat' dir='ltr'>scelus</span> <span class='ocrx_word' id='word_1_176' title='bbox 3155 1033 3264 1072; x_wconf 91' lang='lat' dir='ltr'>non</span> <span class='ocrx_word' id='word_1_177' title='bbox 3318 1017 3436 1083; x_wconf 83' lang='lat' dir='ltr'>fuit,</span> <span class='ocrx_word' id='word_1_178' title='bbox 3478 1033 3636 1088; x_wconf 90' lang='lat' dir='ltr'>quam</span> <span class='ocrx_word' id='word_1_179' title='bbox 3686 1018 3805 1072; x_wconf 69' lang='lat' dir='ltr'>duae</span> 
     </span>
    </p>
   </div>
   <div class='ocr_carea' id='block_1_26' title="bbox 2219 1106 3808 1182">
    <p class='ocr_par' dir='ltr' id='par_1_26' title="bbox 2219 1106 3808 1182">
     <span class='ocr_line' id='line_1_26' title="bbox 2219 1106 3808 1182; baseline -0.003 -17"><span class='ocrx_word' id='word_1_180' title='bbox 2219 1110 2436 1182; x_wconf 63' lang='lat' dir='ltr'>nuptiae.</span> <span class='ocrx_word' id='word_1_181' title='bbox 2488 1112 2676 1181; x_wconf 88' lang='lat' dir='ltr'>Neque</span> <span class='ocrx_word' id='word_1_182' title='bbox 2721 1108 2860 1165; x_wconf 91' lang='lat' dir='ltr'>enim</span> <span class='ocrx_word' id='word_1_183' title='bbox 2891 1109 3050 1163; x_wconf 82' lang='lat' dir='ltr'>refert</span> <span class='ocrx_word' id='word_1_184' title='bbox 3083 1107 3216 1163; x_wconf 89' lang='lat' dir='ltr'>duas</span> <span class='ocrx_word' id='word_1_185' title='bbox 3269 1107 3392 1178; x_wconf 88' lang='lat' dir='ltr'>quis</span> <span class='ocrx_word' id='word_1_186' title='bbox 3445 1122 3644 1162; x_wconf 83' lang='lat' dir='ltr'>uxores</span> <span class='ocrx_word' id='word_1_187' title='bbox 3699 1106 3808 1161; x_wconf 85' lang='lat' dir='ltr'>sin-</span> 
     </span>
    </p>
   </div>
   <div class='ocr_carea' id='block_1_27' title="bbox 2217 1194 3804 1270">
    <p class='ocr_par' dir='ltr' id='par_1_27' title="bbox 2217 1194 3804 1270">
     <span class='ocr_line' id='line_1_27' title="bbox 2217 1194 3804 1270; baseline -0.004 -16"><span class='ocrx_word' id='word_1_188' title='bbox 2217 1200 2377 1270; x_wconf 70' lang='lat' dir='ltr'>gulas</span> <span class='ocrx_word' id='word_1_189' title='bbox 2407 1199 2669 1266; x_wconf 87' lang='lat' dir='ltr'>habuerit,</span> <span class='ocrx_word' id='word_1_190' title='bbox 2693 1214 2759 1253; x_wconf 89' lang='lat' dir='ltr'>an</span> <span class='ocrx_word' id='word_1_191' title='bbox 2779 1197 2978 1270; x_wconf 91' lang='lat' dir='ltr'>pariter</span> <span class='ocrx_word' id='word_1_192' title='bbox 3007 1195 3230 1269; x_wconf 68' lang='lat' dir='ltr'>singula:</span> <span class='ocrx_word' id='word_1_193' title='bbox 3260 1196 3396 1250; x_wconf 91' lang='lat' dir='ltr'>duas</span> <span class='ocrx_word' id='word_1_194' title='bbox 3426 1196 3650 1251; x_wconf 80' lang='lat' dir='ltr'>fecerint</span> <span class='ocrx_word' id='word_1_195' title='bbox 3668 1194 3804 1266; x_wconf 85' lang='grc'>(11).</span> 
     </span>
    </p>
   </div>
   <div class='ocr_carea' id='block_1_28' title="bbox 2219 1285 3808 1356">
    <p class='ocr_par' dir='ltr' id='par_1_28' title="bbox 2219 1285 3808 1356">
     <span class='ocr_line' id='line_1_28' title="bbox 2219 1285 3808 1356; baseline -0.001 -14"><span class='ocrx_word' id='word_1_196' title='bbox 2219 1290 2361 1344; x_wconf 88' lang='lat' dir='ltr'>Idem</span> <span class='ocrx_word' id='word_1_197' title='bbox 2391 1304 2647 1344; x_wconf 88' lang='lat' dir='ltr'>numerus</span> <span class='ocrx_word' id='word_1_198' title='bbox 2699 1287 3100 1356; x_wconf 71' lang='lat' dir='ltr'>coniunctorum</span> <span class='ocrx_word' id='word_1_199' title='bbox 3151 1293 3203 1340; x_wconf 89' lang='lat' dir='ltr'>et</span> <span class='ocrx_word' id='word_1_200' title='bbox 3255 1294 3648 1354; x_wconf 86' lang='lat' dir='ltr'>separatorum.</span> <span class='ocrx_word' id='word_1_201' title='bbox 3706 1285 3808 1340; x_wconf 88' lang='lat' dir='ltr'>Sc-</span> 
     </span>
    </p>
   </div>
   <div class='ocr_carea' id='block_1_29' title="bbox 2218 1373 3808 1446">
    <p class='ocr_par' dir='ltr' id='par_1_29' title="bbox 2218 1373 3808 1446">
     <span class='ocr_line' id='line_1_29' title="bbox 2218 1373 3808 1446; baseline -0.001 -16"><span class='ocrx_word' id='word_1_202' title='bbox 2218 1378 2324 1432; x_wconf 91' lang='lat' dir='ltr'>mel</span> <span class='ocrx_word' id='word_1_203' title='bbox 2368 1387 2545 1432; x_wconf 90' lang='lat' dir='ltr'>tamen</span> <span class='ocrx_word' id='word_1_204' title='bbox 2574 1377 2682 1433; x_wconf 85' lang='lat' dir='ltr'>vim</span> <span class='ocrx_word' id='word_1_205' title='bbox 2741 1392 2896 1446; x_wconf 89' lang='lat' dir='ltr'>passa</span> <span class='ocrx_word' id='word_1_206' title='bbox 2951 1375 3214 1430; x_wconf 87' lang='lat' dir='ltr'>institutio</span> <span class='ocrx_word' id='word_1_207' title='bbox 3261 1375 3359 1430; x_wconf 90' lang='lat' dir='ltr'>Dei</span> <span class='ocrx_word' id='word_1_208' title='bbox 3409 1389 3506 1442; x_wconf 91' lang='lat' dir='ltr'>per</span> <span class='ocrx_word' id='word_1_209' title='bbox 3554 1373 3808 1438; x_wconf 87' lang='lat' dir='ltr'>Lamech,</span> 
     </span>
    </p>
   </div>
   <div class='ocr_carea' id='block_1_30' title="bbox 2231 1462 3810 1537">
    <p class='ocr_par' dir='ltr' id='par_1_30' title="bbox 2231 1462 3810 1537">
     <span class='ocr_line' id='line_1_30' title="bbox 2231 1462 3810 1537; baseline -0.001 -19"><span class='ocrx_word' id='word_1_210' title='bbox 2231 1466 2470 1521; x_wconf 86' lang='lat' dir='ltr'>constitit</span> <span class='ocrx_word' id='word_1_211' title='bbox 2498 1475 2684 1537; x_wconf 88' lang='lat' dir='ltr'>postea</span> <span class='ocrx_word' id='word_1_212' title='bbox 2713 1466 2769 1519; x_wconf 91' lang='lat' dir='ltr'>in</span> <span class='ocrx_word' id='word_1_213' title='bbox 2795 1465 2955 1520; x_wconf 90' lang='lat' dir='ltr'>ﬁnem</span> <span class='ocrx_word' id='word_1_214' title='bbox 2996 1480 3170 1535; x_wconf 87' lang='lat' dir='ltr'>usque</span> <span class='ocrx_word' id='word_1_215' title='bbox 3201 1462 3378 1536; x_wconf 82' lang='lat' dir='ltr'>gentis</span> <span class='ocrx_word' id='word_1_216' title='bbox 3407 1463 3566 1517; x_wconf 91' lang='lat' dir='ltr'>illius.</span> <span class='ocrx_word' id='word_1_217' title='bbox 3601 1463 3810 1518; x_wconf 87' lang='lat' dir='ltr'>Secun-</span> 
     </span>
    </p>
   </div>
   <div class='ocr_carea' id='block_1_31' title="bbox 2220 1552 3815 1622">
    <p class='ocr_par' dir='ltr' id='par_1_31' title="bbox 2220 1552 3815 1622">
     <span class='ocr_line' id='line_1_31' title="bbox 2220 1552 3815 1622; baseline 0 -16"><span class='ocrx_word' id='word_1_218' title='bbox 2220 1553 2319 1609; x_wconf 92' lang='lat' dir='ltr'>dus</span> <span class='ocrx_word' id='word_1_219' title='bbox 2366 1555 2599 1610; x_wconf 90' lang='lat' dir='ltr'>Lamech</span> <span class='ocrx_word' id='word_1_220' title='bbox 2647 1555 2831 1610; x_wconf 91' lang='lat' dir='ltr'>nullus</span> <span class='ocrx_word' id='word_1_221' title='bbox 2888 1552 3081 1620; x_wconf 90' lang='lat' dir='ltr'>existit,</span> <span class='ocrx_word' id='word_1_222' title='bbox 3145 1553 3416 1622; x_wconf 89' lang='lat' dir='ltr'>quomodo</span> <span class='ocrx_word' id='word_1_223' title='bbox 3452 1552 3664 1608; x_wconf 90' lang='lat' dir='ltr'>duabus</span> <span class='ocrx_word' id='word_1_224' title='bbox 3702 1567 3815 1606; x_wconf 89' lang='lat' dir='ltr'>ma-</span> 
     </span>
    </p>
   </div>
   <div class='ocr_carea' id='block_1_32' title="bbox 2212 1640 3813 1717">
    <p class='ocr_par' dir='ltr' id='par_1_32' title="bbox 2212 1640 3813 1717">
     <span class='ocr_line' id='line_1_32' title="bbox 2212 1640 3813 1717; baseline -0.001 -19"><span class='ocrx_word' id='word_1_225' title='bbox 2212 1644 2414 1698; x_wconf 86' lang='lat' dir='ltr'>ritatus.</span> <span class='ocrx_word' id='word_1_226' title='bbox 2458 1644 2634 1717; x_wconf 81' lang='lat' dir='ltr'>Negat</span> <span class='ocrx_word' id='word_1_227' title='bbox 2667 1644 2942 1714; x_wconf 84' lang='lat' dir='ltr'>Scriptura</span> <span class='ocrx_word' id='word_1_228' title='bbox 2979 1642 3121 1714; x_wconf 90' lang='lat' dir='ltr'>quod</span> <span class='ocrx_word' id='word_1_229' title='bbox 3170 1657 3280 1697; x_wconf 87' lang='lat' dir='ltr'>non</span> <span class='ocrx_word' id='word_1_230' title='bbox 3323 1647 3473 1695; x_wconf 87' lang='lat' dir='ltr'>notat</span> <span class='ocrx_word' id='word_1_231' title='bbox 3503 1640 3638 1711; x_wconf 81' lang='grc'>(12).</span> <span class='ocrx_word' id='word_1_232' title='bbox 3676 1640 3813 1696; x_wconf 70' lang='lat' dir='ltr'>Alia:</span> 
     </span>
    </p>
   </div>
   <div class='ocr_carea' id='block_1_33' title="bbox 517 1729 3816 1832">
    <p class='ocr_par' dir='ltr' id='par_1_33' title="bbox 517 1729 3816 1832">
     <span class='ocr_line' id='line_1_33' title="bbox 517 1729 3816 1832; baseline -0.002 -40"><span class='ocrx_word' id='word_1_233' title='bbox 517 1737 662 1808; x_wconf 88' lang='lat' dir='ltr'>apud</span> <span class='ocrx_word' id='word_1_234' title='bbox 727 1744 778 1790; x_wconf 87' lang='lat' dir='ltr'>te</span> <span class='ocrx_word' id='word_1_235' title='bbox 861 1735 1231 1790; x_wconf 79' lang='lat' dir='ltr'>retractares?</span> <span class='ocrx_word' id='word_1_236' title='bbox 1261 1735 1424 1790; x_wconf 82' lang='lat' dir='ltr'>Vetus</span> <span class='ocrx_word' id='word_1_237' title='bbox 1501 1737 1616 1792; x_wconf 76' lang='lat' dir='ltr'>haec</span> <span class='ocrx_word' id='word_1_238' title='bbox 1671 1737 1955 1808; x_wconf 87' lang='lat' dir='ltr'>disciplina</span> <span class='ocrx_word' id='word_1_239' title='bbox 2000 1749 2100 1808; x_wconf 88' lang='lat' dir='ltr'>est,</span> <span class='ocrx_word' id='word_1_240' title='bbox 2143 1731 2477 1832; x_wconf 75' lang='lat' dir='ltr'>Adiluvium</span> <span class='ocrx_word' id='word_1_241' title='bbox 2505 1731 2819 1804; x_wconf 89' lang='lat' dir='ltr'>iniquitates</span> <span class='ocrx_word' id='word_1_242' title='bbox 2858 1738 3300 1803; x_wconf 90' lang='lat' dir='ltr'>provocaverunt,</span> <span class='ocrx_word' id='word_1_243' title='bbox 3360 1730 3524 1785; x_wconf 88' lang='lat' dir='ltr'>semel</span> <span class='ocrx_word' id='word_1_244' title='bbox 3581 1729 3816 1784; x_wconf 72' lang='lat' dir='ltr'>defensae</span> 
     </span>
    </p>
   </div>
   <div class='ocr_carea' id='block_1_34' title="bbox 517 1823 2104 1896">
    <p class='ocr_par' dir='ltr' id='par_1_34' title="bbox 517 1823 2104 1896">
     <span class='ocr_line' id='line_1_34' title="bbox 517 1823 2104 1896; baseline 0.004 -18"><span class='ocrx_word' id='word_1_245' title='bbox 517 1831 924 1896; x_wconf 67' lang='lat' dir='ltr'>priemonstrata</span> <span class='ocrx_word' id='word_1_246' title='bbox 950 1825 1059 1892; x_wconf 85' lang='lat' dir='ltr'>jam</span> <span class='ocrx_word' id='word_1_247' title='bbox 1093 1834 1216 1878; x_wconf 83' lang='lat' dir='ltr'>tunc</span> <span class='ocrx_word' id='word_1_248' title='bbox 1256 1823 1308 1876; x_wconf 90' lang='lat' dir='ltr'>in</span> <span class='ocrx_word' id='word_1_249' title='bbox 1347 1838 1508 1880; x_wconf 87' lang='lat' dir='ltr'>carne</span> <span class='ocrx_word' id='word_1_250' title='bbox 1539 1825 1770 1892; x_wconf 89' lang='lat' dir='ltr'>Domini,</span> <span class='ocrx_word' id='word_1_251' title='bbox 1801 1835 1853 1882; x_wconf 89' lang='lat' dir='ltr'>et</span> <span class='ocrx_word' id='word_1_252' title='bbox 1907 1829 2104 1884; x_wconf 88' lang='lat' dir='ltr'>volun-</span> 
     </span>
    </p>
   </div>
   <div class='ocr_carea' id='block_1_35' title="bbox 521 1909 2102 1982">
    <p class='ocr_par' dir='ltr' id='par_1_35' title="bbox 521 1909 2102 1982">
     <span class='ocr_line' id='line_1_35' title="bbox 521 1909 2102 1982; baseline 0.003 -14"><span class='ocrx_word' id='word_1_253' title='bbox 521 1922 624 1968; x_wconf 87' lang='lat' dir='ltr'>tate</span> <span class='ocrx_word' id='word_1_254' title='bbox 658 1909 872 1966; x_wconf 68' lang='lat'>:934</span> <span class='ocrx_word' id='word_1_255' title='bbox 900 1910 1094 1964; x_wconf 88' lang='lat' dir='ltr'>dehinc</span> <span class='ocrx_word' id='word_1_256' title='bbox 1123 1910 1176 1964; x_wconf 87' lang='lat' dir='ltr'>in</span> <span class='ocrx_word' id='word_1_257' title='bbox 1209 1911 1595 1981; x_wconf 84' lang='lat' dir='ltr'>Apostolorum</span> <span class='ocrx_word' id='word_1_258' title='bbox 1641 1915 1759 1982; x_wconf 87' lang='lat' dir='ltr'>ejus</span> <span class='ocrx_word' id='word_1_259' title='bbox 1807 1925 1912 1971; x_wconf 89' lang='lat' dir='ltr'>tam</span> <span class='ocrx_word' id='word_1_260' title='bbox 1963 1933 2102 1973; x_wconf 87' lang='lat' dir='ltr'>con-</span> 
     </span>
    </p>
   </div>
   <div class='ocr_carea' id='block_1_36' title="bbox 515 1999 2106 2071">
    <p class='ocr_par' dir='ltr' id='par_1_36' title="bbox 515 1999 2106 2071">
     <span class='ocr_line' id='line_1_36' title="bbox 515 1999 2106 2071; baseline 0.006 -18"><span class='ocrx_word' id='word_1_261' title='bbox 515 2000 649 2054; x_wconf 86' lang='lat' dir='ltr'>siliis</span> <span class='ocrx_word' id='word_1_262' title='bbox 713 2015 873 2070; x_wconf 88' lang='lat' dir='ltr'>quam</span> <span class='ocrx_word' id='word_1_263' title='bbox 924 1999 1201 2071; x_wconf 88' lang='lat' dir='ltr'>exemplis.</span> <span class='ocrx_word' id='word_1_264' title='bbox 1260 2000 1405 2056; x_wconf 90' lang='lat' dir='ltr'>Olim</span> <span class='ocrx_word' id='word_1_265' title='bbox 1445 2001 1715 2057; x_wconf 89' lang='lat' dir='ltr'>sanctitati</span> <span class='ocrx_word' id='word_1_266' title='bbox 1763 2004 1885 2059; x_wconf 92' lang='lat' dir='ltr'>huic</span> <span class='ocrx_word' id='word_1_267' title='bbox 1935 2006 2106 2061; x_wconf 86' lang='lat' dir='ltr'>desti-</span> 
     </span>
    </p>
   </div>
   <div class='ocr_carea' id='block_1_37' title="bbox 517 2088 2106 2162">
    <p class='ocr_par' dir='ltr' id='par_1_37' title="bbox 517 2088 2106 2162">
     <span class='ocr_line' id='line_1_37' title="bbox 517 2088 2106 2162; baseline 0.005 -20"><span class='ocrx_word' id='word_1_268' title='bbox 517 2089 796 2142; x_wconf 89' lang='lat' dir='ltr'>nabamur.</span> <span class='ocrx_word' id='word_1_269' title='bbox 880 2088 1022 2142; x_wconf 89' lang='lat' dir='ltr'>Nihil</span> <span class='ocrx_word' id='word_1_270' title='bbox 1093 2089 1218 2144; x_wconf 89' lang='lat' dir='ltr'>novi</span> <span class='ocrx_word' id='word_1_271' title='bbox 1292 2090 1598 2146; x_wconf 88' lang='lat' dir='ltr'>Paracletus</span> <span class='ocrx_word' id='word_1_272' title='bbox 1655 2091 1878 2146; x_wconf 84' lang='lat' dir='ltr'>inducit.</span> <span class='ocrx_word' id='word_1_273' title='bbox 1947 2094 2106 2162; x_wconf 89' lang='lat' dir='ltr'>Quod</span> 
     </span>
    </p>
   </div>
   <div class='ocr_carea' id='block_1_38' title="bbox 518 2175 2107 2252">
    <p class='ocr_par' dir='ltr' id='par_1_38' title="bbox 518 2175 2107 2252">
     <span class='ocr_line' id='line_1_38' title="bbox 518 2175 2107 2252; baseline 0.006 -23"><span class='ocrx_word' id='word_1_274' title='bbox 518 2176 857 2248; x_wconf 65' lang='lat' dir='ltr'>praemonuit,</span> <span class='ocrx_word' id='word_1_275' title='bbox 913 2175 1095 2231; x_wconf 86' lang='lat' dir='ltr'>deﬁnit</span> <span class='ocrx_word' id='word_1_276' title='bbox 1141 2177 1324 2248; x_wconf 88' lang='lat' dir='ltr'>:quod</span> <span class='ocrx_word' id='word_1_277' title='bbox 1383 2181 1656 2245; x_wconf 83' lang='lat' dir='ltr'>sustinuit,</span> <span class='ocrx_word' id='word_1_278' title='bbox 1718 2181 1978 2252; x_wconf 85' lang='lat' dir='ltr'>exposcit.</span> <span class='ocrx_word' id='word_1_279' title='bbox 2040 2184 2107 2238; x_wconf 94' lang='lat' dir='ltr'>Et</span> 
     </span>
    </p>
   </div>
   <div class='ocr_carea' id='block_1_39' title="bbox 519 2265 2105 2340">
    <p class='ocr_par' dir='ltr' id='par_1_39' title="bbox 519 2265 2105 2340">
     <span class='ocr_line' id='line_1_39' title="bbox 519 2265 2105 2340; baseline 0.005 -22"><span class='ocrx_word' id='word_1_280' title='bbox 519 2279 661 2319; x_wconf 87' lang='lat' dir='ltr'>nunc</span> <span class='ocrx_word' id='word_1_281' title='bbox 691 2265 992 2337; x_wconf 85' lang='lat' dir='ltr'>rec0gitans</span> <span class='ocrx_word' id='word_1_282' title='bbox 1037 2266 1160 2332; x_wconf 90' lang='lat' dir='ltr'>ista,</span> <span class='ocrx_word' id='word_1_283' title='bbox 1212 2267 1362 2322; x_wconf 80' lang='lat' dir='ltr'>facile</span> <span class='ocrx_word' id='word_1_284' title='bbox 1394 2268 1485 2321; x_wconf 89' lang='lat' dir='ltr'>tibi</span> <span class='ocrx_word' id='word_1_285' title='bbox 1533 2271 1880 2340; x_wconf 87' lang='lat' dir='ltr'>persuadebis</span> <span class='ocrx_word' id='word_1_286' title='bbox 1937 2272 2105 2326; x_wconf 92' lang='lat' dir='ltr'>multo</span> 
     </span>
    </p>
   </div>
   <div class='ocr_carea' id='block_1_40' title="bbox 519 2352 2108 2429">
    <p class='ocr_par' dir='ltr' id='par_1_40' title="bbox 519 2352 2108 2429">
     <span class='ocr_line' id='line_1_40' title="bbox 519 2352 2108 2429; baseline 0.006 -25"><span class='ocrx_word' id='word_1_287' title='bbox 519 2352 692 2424; x_wconf 88' lang='lat' dir='ltr'>magis</span> <span class='ocrx_word' id='word_1_288' title='bbox 744 2353 930 2408; x_wconf 89' lang='lat' dir='ltr'>unicas</span> <span class='ocrx_word' id='word_1_289' title='bbox 979 2355 1194 2424; x_wconf 85' lang='lat' dir='ltr'>nuptias</span> <span class='ocrx_word' id='word_1_290' title='bbox 1267 2356 1592 2425; x_wconf 89' lang='lat' dir='ltr'>competisse</span> <span class='ocrx_word' id='word_1_291' title='bbox 1649 2358 1920 2414; x_wconf 88' lang='lat' dir='ltr'>Paracleto</span> <span class='ocrx_word' id='word_1_292' title='bbox 1969 2375 2108 2429; x_wconf 59' lang='lat' dir='ltr'>prae-</span> 
     </span>
    </p>
   </div>
   <div class='ocr_carea' id='block_1_41' title="bbox 516 2442 2103 2515">
    <p class='ocr_par' dir='ltr' id='par_1_41' title="bbox 516 2442 2103 2515">
     <span class='ocr_line' id='line_1_41' title="bbox 516 2442 2103 2515; baseline 0.004 -19"><span class='ocrx_word' id='word_1_293' title='bbox 516 2442 713 2511; x_wconf 67' lang='lat' dir='ltr'>dicare,</span> <span class='ocrx_word' id='word_1_294' title='bbox 746 2443 839 2512; x_wconf 89' lang='lat' dir='ltr'>qui</span> <span class='ocrx_word' id='word_1_295' title='bbox 879 2443 1052 2512; x_wconf 91' lang='lat' dir='ltr'>potuit</span> <span class='ocrx_word' id='word_1_296' title='bbox 1090 2452 1143 2497; x_wconf 89' lang='lat' dir='ltr'>et</span> <span class='ocrx_word' id='word_1_297' title='bbox 1181 2443 1378 2510; x_wconf 89' lang='lat' dir='ltr'>nullas,</span> <span class='ocrx_word' id='word_1_298' title='bbox 1439 2444 1716 2515; x_wconf 77' lang='lat' dir='ltr'>magisque</span> <span class='ocrx_word' id='word_1_299' title='bbox 1774 2447 2103 2502; x_wconf 85' lang='lat' dir='ltr'>credendum</span> 
     </span>
    </p>
   </div>
   <div class='ocr_carea' id='block_1_42' title="bbox 519 2531 2106 2604">
    <p class='ocr_par' dir='ltr' id='par_1_42' title="bbox 519 2531 2106 2604">
     <span class='ocr_line' id='line_1_42' title="bbox 519 2531 2106 2604; baseline 0.003 -18"><span class='ocrx_word' id='word_1_300' title='bbox 519 2539 850 2601; x_wconf 83' lang='lat' dir='ltr'>temperasse</span> <span class='ocrx_word' id='word_1_301' title='bbox 893 2531 1061 2602; x_wconf 90' lang='lat' dir='ltr'>illum,</span> <span class='ocrx_word' id='word_1_302' title='bbox 1109 2533 1254 2604; x_wconf 92' lang='lat' dir='ltr'>quod</span> <span class='ocrx_word' id='word_1_303' title='bbox 1314 2542 1368 2587; x_wconf 90' lang='lat' dir='ltr'>et</span> <span class='ocrx_word' id='word_1_304' title='bbox 1424 2532 2019 2604; x_wconf 86' lang='lat' dir='ltr'>abstulissedecuissct,</span> <span class='ocrx_word' id='word_1_305' title='bbox 2061 2537 2106 2591; x_wconf 91' lang='lat' dir='ltr'>si</span> 
     </span>
    </p>
   </div>
   <div class='ocr_carea' id='block_1_43' title="bbox 515 2621 2102 2695">
    <p class='ocr_par' dir='ltr' id='par_1_43' title="bbox 515 2621 2102 2695">
     <span class='ocr_line' id='line_1_43' title="bbox 515 2621 2102 2695; baseline 0.002 -20"><span class='ocrx_word' id='word_1_306' title='bbox 515 2637 640 2692; x_wconf 62' lang='lat' dir='ltr'>quae</span> <span class='ocrx_word' id='word_1_307' title='bbox 672 2621 798 2676; x_wconf 85' lang='lat' dir='ltr'>velit</span> <span class='ocrx_word' id='word_1_308' title='bbox 837 2622 1081 2678; x_wconf 88' lang='lat' dir='ltr'>Christus</span> <span class='ocrx_word' id='word_1_309' title='bbox 1141 2621 1432 2692; x_wconf 78' lang='lat' dir='ltr'>intelligas.</span> <span class='ocrx_word' id='word_1_310' title='bbox 1464 2623 1523 2675; x_wconf 88' lang='lat' dir='ltr'>In</span> <span class='ocrx_word' id='word_1_311' title='bbox 1553 2622 1656 2678; x_wconf 92' lang='lat' dir='ltr'>hoc</span> <span class='ocrx_word' id='word_1_312' title='bbox 1684 2639 1899 2695; x_wconf 88' lang='lat' dir='ltr'>quoque</span> <span class='ocrx_word' id='word_1_313' title='bbox 1938 2625 2102 2678; x_wconf 89' lang='lat' dir='ltr'>Para-</span> 
     </span>
    </p>
   </div>
   <div class='ocr_carea' id='block_1_44' title="bbox 521 2711 2111 2785">
    <p class='ocr_par' dir='ltr' id='par_1_44' title="bbox 521 2711 2111 2785">
     <span class='ocr_line' id='line_1_44' title="bbox 521 2711 2111 2785; baseline 0.001 -18"><span class='ocrx_word' id='word_1_314' title='bbox 521 2711 715 2767; x_wconf 92' lang='lat' dir='ltr'>cletum</span> <span class='ocrx_word' id='word_1_315' title='bbox 748 2727 1045 2782; x_wconf 84' lang='lat' dir='ltr'>agnoscere</span> <span class='ocrx_word' id='word_1_316' title='bbox 1092 2712 1256 2767; x_wconf 89' lang='lat' dir='ltr'>debes</span> <span class='ocrx_word' id='word_1_317' title='bbox 1297 2712 1624 2766; x_wconf 89' lang='lat' dir='ltr'>advocatum</span> <span class='ocrx_word' id='word_1_318' title='bbox 1695 2711 1829 2784; x_wconf 76' lang='lat' dir='ltr'>(In),</span> <span class='ocrx_word' id='word_1_319' title='bbox 1890 2715 2030 2785; x_wconf 87' lang='lat' dir='ltr'>quod</span> <span class='ocrx_word' id='word_1_320' title='bbox 2078 2730 2111 2769; x_wconf 90' lang='lat' dir='ltr'>a</span> 
     </span>
    </p>
   </div>
   <div class='ocr_carea' id='block_1_45' title="bbox 521 2799 1821 2856">
    <p class='ocr_par' dir='ltr' id='par_1_45' title="bbox 521 2799 1821 2856">
     <span class='ocr_line' id='line_1_45' title="bbox 521 2799 1821 2856; baseline 0 -1"><span class='ocrx_word' id='word_1_321' title='bbox 521 2807 628 2855; x_wconf 90' lang='lat' dir='ltr'>tota</span> <span class='ocrx_word' id='word_1_322' title='bbox 657 2799 993 2855; x_wconf 88' lang='lat' dir='ltr'>continentia</span> <span class='ocrx_word' id='word_1_323' title='bbox 1022 2799 1389 2854; x_wconf 81' lang='lat' dir='ltr'>infirmitatem</span> <span class='ocrx_word' id='word_1_324' title='bbox 1423 2809 1561 2854; x_wconf 89' lang='lat' dir='ltr'>tuam</span> <span class='ocrx_word' id='word_1_325' title='bbox 1588 2810 1821 2856; x_wconf 88' lang='lat' dir='ltr'>excusat.</span> 
     </span>
    </p>
   </div>
   <div class='ocr_carea' id='block_1_46' title="bbox 1131 2939 1513 2997">
    <p class='ocr_par' dir='ltr' id='par_1_46' title="bbox 1131 2939 1513 2997">
     <span class='ocr_line' id='line_1_46' title="bbox 1131 2939 1513 2997; baseline 0.005 -3"><span class='ocrx_word' id='word_1_326' title='bbox 1131 2939 1361 2997; x_wconf 90' lang='lat' dir='ltr'>CAPUT</span> <span class='ocrx_word' id='word_1_327' title='bbox 1428 2939 1513 2996; x_wconf 81' lang='grc' dir='ltr'>ιν.</span> 
     </span>
    </p>
   </div>
   <div class='ocr_carea' id='block_1_47' title="bbox 595 3062 2118 3133">
    <p class='ocr_par' dir='ltr' id='par_1_47' title="bbox 595 3062 2118 3133">
     <span class='ocr_line' id='line_1_47' title="bbox 595 3062 2118 3133; baseline 0 -15"><span class='ocrx_word' id='word_1_328' title='bbox 595 3062 824 3118; x_wconf 83' lang='lat' dir='ltr'>Secedat</span> <span class='ocrx_word' id='word_1_329' title='bbox 883 3077 1026 3117; x_wconf 90' lang='lat' dir='ltr'>nunc</span> <span class='ocrx_word' id='word_1_330' title='bbox 1063 3062 1263 3118; x_wconf 89' lang='lat' dir='ltr'>mentio</span> <span class='ocrx_word' id='word_1_331' title='bbox 1311 3062 1584 3133; x_wconf 85' lang='lat' dir='ltr'>Paracleti,</span> <span class='ocrx_word' id='word_1_332' title='bbox 1633 3070 1689 3117; x_wconf 92' lang='lat' dir='ltr'>ut</span> <span class='ocrx_word' id='word_1_333' title='bbox 1731 3063 1898 3118; x_wconf 85' lang='lat' dir='ltr'>nostri</span> <span class='ocrx_word' id='word_1_334' title='bbox 1937 3063 2118 3118; x_wconf 88' lang='lat' dir='ltr'>alicu-</span> 
     </span>
    </p>
   </div>
   <div class='ocr_carea' id='block_1_48' title="bbox 481 3150 2124 3220">
    <p class='ocr_par' dir='ltr' id='par_1_48' title="bbox 481 3150 2124 3220">
     <span class='ocr_line' id='line_1_48' title="bbox 481 3150 2124 3220; baseline 0.001 -13"><span class='ocrx_word' id='word_1_335' title='bbox 481 3151 614 3220; x_wconf 61' lang='lat' dir='ltr'>,jus</span> <span class='ocrx_word' id='word_1_336' title='bbox 683 3150 940 3209; x_wconf 86' lang='lat' dir='ltr'>auctoris.</span> <span class='ocrx_word' id='word_1_337' title='bbox 1000 3153 1330 3209; x_wconf 88' lang='lat' dir='ltr'>Evolvamus</span> <span class='ocrx_word' id='word_1_338' title='bbox 1403 3153 1709 3207; x_wconf 89' lang='lat' dir='ltr'>communia</span> <span class='ocrx_word' id='word_1_339' title='bbox 1773 3151 2124 3208; x_wconf 88' lang='lat' dir='ltr'>instrumenta</span> 
     </span>
    </p>
   </div>
   <div class='ocr_carea' id='block_1_49' title="bbox 527 3241 2119 3314">
    <p class='ocr_par' dir='ltr' id='par_1_49' title="bbox 527 3241 2119 3314">
     <span class='ocr_line' id='line_1_49' title="bbox 527 3241 2119 3314; baseline -0.001 -18"><span class='ocrx_word' id='word_1_340' title='bbox 527 3241 926 3312; x_wconf 88' lang='lat' dir='ltr'>Scripturarum</span> <span class='ocrx_word' id='word_1_341' title='bbox 975 3241 1342 3314; x_wconf 89' lang='lat' dir='ltr'>pristinarum.</span> <span class='ocrx_word' id='word_1_342' title='bbox 1390 3241 1504 3297; x_wconf 91' lang='lat' dir='ltr'>Hoc</span> <span class='ocrx_word' id='word_1_343' title='bbox 1552 3242 1731 3312; x_wconf 90' lang='lat' dir='ltr'>ipsum</span> <span class='ocrx_word' id='word_1_344' title='bbox 1780 3241 2119 3296; x_wconf 87' lang='lat' dir='ltr'>demonstra-</span> 
     </span>
    </p>
   </div>
   <div class='ocr_carea' id='block_1_50' title="bbox 529 3331 2119 3402">
    <p class='ocr_par' dir='ltr' id='par_1_50' title="bbox 529 3331 2119 3402">
     <span class='ocr_line' id='line_1_50' title="bbox 529 3331 2119 3402; baseline 0 -17"><span class='ocrx_word' id='word_1_345' title='bbox 529 3339 615 3385; x_wconf 90' lang='lat' dir='ltr'>tur</span> <span class='ocrx_word' id='word_1_346' title='bbox 642 3346 672 3384; x_wconf 88' lang='lat' dir='ltr'>a</span> <span class='ocrx_word' id='word_1_347' title='bbox 699 3331 879 3401; x_wconf 90' lang='lat' dir='ltr'>nobis,</span> <span class='ocrx_word' id='word_1_348' title='bbox 926 3346 1100 3402; x_wconf 89' lang='lat' dir='ltr'>neque</span> <span class='ocrx_word' id='word_1_349' title='bbox 1151 3346 1365 3399; x_wconf 82' lang='lat' dir='ltr'>novam,</span> <span class='ocrx_word' id='word_1_350' title='bbox 1396 3346 1575 3400; x_wconf 88' lang='lat' dir='ltr'>neque</span> <span class='ocrx_word' id='word_1_351' title='bbox 1641 3336 1948 3385; x_wconf 86' lang='lat' dir='ltr'>extrancam</span> <span class='ocrx_word' id='word_1_352' title='bbox 2001 3347 2119 3386; x_wconf 90' lang='lat' dir='ltr'>esse</span> 
     </span>
    </p>
   </div>
   <div class='ocr_carea' id='block_1_51' title="bbox 528 3418 2120 3492">
    <p class='ocr_par' dir='ltr' id='par_1_51' title="bbox 528 3418 2120 3492">
     <span class='ocr_line' id='line_1_51' title="bbox 528 3418 2120 3492; baseline -0.001 -18"><span class='ocrx_word' id='word_1_353' title='bbox 528 3422 886 3492; x_wconf 65' lang='lat' dir='ltr'>monogamia:</span> <span class='ocrx_word' id='word_1_354' title='bbox 938 3418 1293 3490; x_wconf 87' lang='lat' dir='ltr'>disciplinam,</span> <span class='ocrx_word' id='word_1_355' title='bbox 1329 3419 1435 3473; x_wconf 91' lang='lat' dir='ltr'>imo</span> <span class='ocrx_word' id='word_1_356' title='bbox 1466 3429 1518 3472; x_wconf 91' lang='lat' dir='ltr'>et</span> <span class='ocrx_word' id='word_1_357' title='bbox 1563 3419 1863 3488; x_wconf 88' lang='lat' dir='ltr'>antiquam,</span> <span class='ocrx_word' id='word_1_358' title='bbox 1902 3425 1955 3472; x_wconf 90' lang='lat' dir='ltr'>et</span> <span class='ocrx_word' id='word_1_359' title='bbox 1996 3433 2120 3488; x_wconf 80' lang='lat' dir='ltr'>pro-</span> 
     </span>
    </p>
   </div>
   <div class='ocr_carea' id='block_1_52' title="bbox 530 3505 2118 3578">
    <p class='ocr_par' dir='ltr' id='par_1_52' title="bbox 530 3505 2118 3578">
     <span class='ocr_line' id='line_1_52' title="bbox 530 3505 2118 3578; baseline -0.003 -15"><span class='ocrx_word' id='word_1_360' title='bbox 530 3507 700 3578; x_wconf 91' lang='lat' dir='ltr'>priam</span> <span class='ocrx_word' id='word_1_361' title='bbox 761 3508 1297 3573; x_wconf 86' lang='lat' dir='ltr'>Christianorum;ut</span> <span class='ocrx_word' id='word_1_362' title='bbox 1365 3506 1700 3560; x_wconf 88' lang='lat' dir='ltr'>Paracletum</span> <span class='ocrx_word' id='word_1_363' title='bbox 1757 3505 2118 3559; x_wconf 87' lang='lat' dir='ltr'>restitutorem</span> 
     </span>
    </p>
   </div>
   <div class='ocr_carea' id='block_1_53' title="bbox 529 3593 2117 3666">
    <p class='ocr_par' dir='ltr' id='par_1_53' title="bbox 529 3593 2117 3666">
     <span class='ocr_line' id='line_1_53' title="bbox 529 3593 2117 3666; baseline -0.002 -15"><span class='ocrx_word' id='word_1_364' title='bbox 529 3598 707 3666; x_wconf 86' lang='lat' dir='ltr'>potius</span> <span class='ocrx_word' id='word_1_365' title='bbox 777 3596 975 3651; x_wconf 89' lang='lat' dir='ltr'>sentias</span> <span class='ocrx_word' id='word_1_366' title='bbox 1035 3598 1173 3664; x_wconf 85' lang='lat' dir='ltr'>ejus,</span> <span class='ocrx_word' id='word_1_367' title='bbox 1262 3610 1421 3664; x_wconf 86' lang='lat' dir='ltr'>quam</span> <span class='ocrx_word' id='word_1_368' title='bbox 1497 3593 1876 3649; x_wconf 88' lang='lat' dir='ltr'>institutorem.</span> <span class='ocrx_word' id='word_1_369' title='bbox 1961 3593 2117 3659; x_wconf 85' lang='lat' dir='ltr'>Quod</span> 
     </span>
    </p>
   </div>
   <div class='ocr_carea' id='block_1_54' title="bbox 528 3683 2115 3754">
    <p class='ocr_par' dir='ltr' id='par_1_54' title="bbox 528 3683 2115 3754">
     <span class='ocr_line' id='line_1_54' title="bbox 528 3683 2115 3754; baseline -0.002 -15"><span class='ocrx_word' id='word_1_370' title='bbox 528 3687 794 3754; x_wconf 85' lang='lat' dir='ltr'>pertineat</span> <span class='ocrx_word' id='word_1_371' title='bbox 871 3684 939 3736; x_wconf 89' lang='lat' dir='ltr'>ad</span> <span class='ocrx_word' id='word_1_372' title='bbox 1013 3683 1398 3752; x_wconf 89' lang='lat' dir='ltr'>antiquitatem,</span> <span class='ocrx_word' id='word_1_373' title='bbox 1481 3697 1601 3752; x_wconf 74' lang='lat' dir='ltr'>quae</span> <span class='ocrx_word' id='word_1_374' title='bbox 1712 3688 1886 3751; x_wconf 85' lang='lat' dir='ltr'>potest</span> <span class='ocrx_word' id='word_1_375' title='bbox 1974 3683 2115 3736; x_wconf 89' lang='lat' dir='ltr'>anti-</span> 
     </span>
    </p>
   </div>
   <div class='ocr_carea' id='block_1_55' title="bbox 527 3769 2118 3842">
    <p class='ocr_par' dir='ltr' id='par_1_55' title="bbox 527 3769 2118 3842">
     <span class='ocr_line' id='line_1_55' title="bbox 527 3769 2118 3842; baseline -0.002 -15"><span class='ocrx_word' id='word_1_376' title='bbox 527 3773 685 3842; x_wconf 89' lang='lat' dir='ltr'>quior</span> <span class='ocrx_word' id='word_1_377' title='bbox 715 3771 884 3826; x_wconf 89' lang='lat' dir='ltr'>forma</span> <span class='ocrx_word' id='word_1_378' title='bbox 912 3772 1162 3840; x_wconf 80' lang='lat' dir='ltr'>proferri,</span> <span class='ocrx_word' id='word_1_379' title='bbox 1231 3787 1388 3841; x_wconf 89' lang='lat' dir='ltr'>quam</span> <span class='ocrx_word' id='word_1_380' title='bbox 1445 3769 1562 3840; x_wconf 92' lang='lat' dir='ltr'>ipse</span> <span class='ocrx_word' id='word_1_381' title='bbox 1647 3785 1841 3824; x_wconf 89' lang='lat' dir='ltr'>sensus</span> <span class='ocrx_word' id='word_1_382' title='bbox 1901 3769 2118 3842; x_wconf 83' lang='lat' dir='ltr'>generis</span> 
     </span>
    </p>
   </div>
   <div class='ocr_carea' id='block_1_56' title="bbox 529 3858 2112 3926">
    <p class='ocr_par' dir='ltr' id='par_1_56' title="bbox 529 3858 2112 3926">
     <span class='ocr_line' id='line_1_56' title="bbox 529 3858 2112 3926; baseline 0 -12"><span class='ocrx_word' id='word_1_383' title='bbox 529 3860 805 3914; x_wconf 83' lang='lat' dir='ltr'>humani?</span> <span class='ocrx_word' id='word_1_384' title='bbox 858 3860 1030 3914; x_wconf 90' lang='lat' dir='ltr'>Unam</span> <span class='ocrx_word' id='word_1_385' title='bbox 1113 3858 1366 3912; x_wconf 89' lang='lat' dir='ltr'>feminam</span> <span class='ocrx_word' id='word_1_386' title='bbox 1413 3859 1647 3914; x_wconf 91' lang='lat' dir='ltr'>masculo</span> <span class='ocrx_word' id='word_1_387' title='bbox 1721 3860 1868 3913; x_wconf 90' lang='lat' dir='ltr'>Deus</span> <span class='ocrx_word' id='word_1_388' title='bbox 1941 3858 2112 3926; x_wconf 90' lang='lat' dir='ltr'>ﬁnxit,</span> 
     </span>
    </p>
   </div>
   <div class='ocr_carea' id='block_1_57' title="bbox 525 3947 2115 4019">
    <p class='ocr_par' dir='ltr' id='par_1_57' title="bbox 525 3947 2115 4019">
     <span class='ocr_line' id='line_1_57' title="bbox 525 3947 2115 4019; baseline -0.001 -16"><span class='ocrx_word' id='word_1_389' title='bbox 525 3964 630 4003; x_wconf 87' lang='lat' dir='ltr'>una</span> <span class='ocrx_word' id='word_1_390' title='bbox 711 3958 856 4004; x_wconf 89' lang='lat' dir='ltr'>costa</span> <span class='ocrx_word' id='word_1_391' title='bbox 911 3949 1029 4016; x_wconf 87' lang='lat' dir='ltr'>ejus</span> <span class='ocrx_word' id='word_1_392' title='bbox 1089 3950 1356 4019; x_wconf 88' lang='lat' dir='ltr'>decerpta,</span> <span class='ocrx_word' id='word_1_393' title='bbox 1416 3957 1470 4003; x_wconf 91' lang='lat' dir='ltr'>et</span> <span class='ocrx_word' id='word_1_394' title='bbox 1534 3950 1718 4019; x_wconf 88' lang='lat' dir='ltr'>utique</span> <span class='ocrx_word' id='word_1_395' title='bbox 1797 3965 1864 4004; x_wconf 88' lang='lat' dir='ltr'>ex</span> <span class='ocrx_word' id='word_1_396' title='bbox 1947 3947 2115 4019; x_wconf 90' lang='lat' dir='ltr'>pluri-</span> 
     </span>
    </p>
   </div>
   <div class='ocr_carea' id='block_1_58' title="bbox 525 4035 2111 4108">
    <p class='ocr_par' dir='ltr' id='par_1_58' title="bbox 525 4035 2111 4108">
     <span class='ocr_line' id='line_1_58' title="bbox 525 4035 2111 4108; baseline 0 -18"><span class='ocrx_word' id='word_1_397' title='bbox 525 4036 648 4090; x_wconf 90' lang='lat' dir='ltr'>bus.</span> <span class='ocrx_word' id='word_1_398' title='bbox 679 4035 784 4089; x_wconf 89' lang='lat' dir='ltr'>Sed</span> <span class='ocrx_word' id='word_1_399' title='bbox 834 4044 884 4090; x_wconf 91' lang='lat' dir='ltr'>et</span> <span class='ocrx_word' id='word_1_400' title='bbox 924 4035 977 4089; x_wconf 91' lang='lat' dir='ltr'>in</span> <span class='ocrx_word' id='word_1_401' title='bbox 1034 4035 1351 4108; x_wconf 73' lang='lat' dir='ltr'>praefatione</span> <span class='ocrx_word' id='word_1_402' title='bbox 1383 4035 1551 4107; x_wconf 90' lang='lat' dir='ltr'>ipsius</span> <span class='ocrx_word' id='word_1_403' title='bbox 1606 4036 1782 4106; x_wconf 85' lang='lat' dir='ltr'>Operis</span> <span class='ocrx_word' id='word_1_404' title='bbox 1815 4055 1825 4092; x_wconf 77' lang='grc' dir='ltr'>ε</span> <span class='ocrx_word' id='word_1_405' title='bbox 1861 4037 1980 4092; x_wconf 87' lang='grc' dir='ltr'>Νοη</span> <span class='ocrx_word' id='word_1_406' title='bbox 2012 4039 2111 4100; x_wconf 85' lang='lat' dir='ltr'>est,</span> 
     </span>
    </p>
   </div>
   <div class='ocr_carea' id='block_1_59' title="bbox 523 4123 2119 4196">
    <p class='ocr_par' dir='ltr' id='par_1_59' title="bbox 523 4123 2119 4196">
     <span class='ocr_line' id='line_1_59' title="bbox 523 4123 2119 4196; baseline -0.003 -14"><span class='ocrx_word' id='word_1_407' title='bbox 523 4123 696 4195; x_wconf 89' lang='lat' dir='ltr'>inquit</span> <span class='ocrx_word' id='word_1_408' title='bbox 726 4126 932 4181; x_wconf 87' lang='lat' dir='ltr'>bonum</span> <span class='ocrx_word' id='word_1_409' title='bbox 953 4125 1170 4182; x_wconf 82' lang='lat' dir='ltr'>homini</span> <span class='ocrx_word' id='word_1_410' title='bbox 1197 4127 1377 4182; x_wconf 86' lang='lat' dir='ltr'>solum</span> <span class='ocrx_word' id='word_1_411' title='bbox 1398 4142 1526 4180; x_wconf 89' lang='lat' dir='ltr'>eum</span> <span class='ocrx_word' id='word_1_412' title='bbox 1557 4142 1703 4193; x_wconf 88' lang='lat' dir='ltr'>esse;</span> <span class='ocrx_word' id='word_1_413' title='bbox 1731 4127 2017 4196; x_wconf 80' lang='lat' dir='ltr'>faciamus</span> <span class='ocrx_word' id='word_1_414' title='bbox 2030 4123 2119 4179; x_wconf 91' lang='lat' dir='ltr'>ad-</span> 
     </span>
    </p>
   </div>
   <div class='ocr_carea' id='block_1_60' title="bbox 2216 1818 3814 1891">
    <p class='ocr_par' dir='ltr' id='par_1_60' title="bbox 2216 1818 3814 1891">
     <span class='ocr_line' id='line_1_60' title="bbox 2216 1818 3814 1891; baseline -0.001 -18"><span class='ocrx_word' id='word_1_415' title='bbox 2216 1818 2615 1891; x_wconf 90' lang='lat' dir='ltr'>qualescunque</span> <span class='ocrx_word' id='word_1_416' title='bbox 2679 1818 2929 1887; x_wconf 84' lang='lat' dir='ltr'>fuerunt,-</span> <span class='ocrx_word' id='word_1_417' title='bbox 2983 1828 3310 1873; x_wconf 84' lang='lat' dir='ltr'>nontamen</span> <span class='ocrx_word' id='word_1_418' title='bbox 3370 1818 3690 1890; x_wconf 86' lang='lat' dir='ltr'>septuagies</span> <span class='ocrx_word' id='word_1_419' title='bbox 3731 1834 3814 1873; x_wconf 88' lang='lat' dir='ltr'>se-</span> 
     </span>
    </p>
   </div>
   <div class='ocr_carea' id='block_1_61' title="bbox 2217 1907 3816 1979">
    <p class='ocr_par' dir='ltr' id='par_1_61' title="bbox 2217 1907 3816 1979">
     <span class='ocr_line' id='line_1_61' title="bbox 2217 1907 3816 1979; baseline 0 -19"><span class='ocrx_word' id='word_1_420' title='bbox 2217 1908 2376 1977; x_wconf 85' lang='lat' dir='ltr'>pties,</span> <span class='ocrx_word' id='word_1_421' title='bbox 2435 1910 2580 1979; x_wconf 89' lang='lat' dir='ltr'>quod</span> <span class='ocrx_word' id='word_1_422' title='bbox 2644 1909 2751 1964; x_wconf 94' lang='lat' dir='ltr'>duo</span> <span class='ocrx_word' id='word_1_423' title='bbox 2818 1908 3159 1964; x_wconf 89' lang='lat' dir='ltr'>matrimonia</span> <span class='ocrx_word' id='word_1_424' title='bbox 3214 1917 3548 1963; x_wconf 88' lang='lat' dir='ltr'>meruerunt.</span> <span class='ocrx_word' id='word_1_425' title='bbox 3600 1907 3705 1962; x_wconf 88' lang='lat' dir='ltr'>Sed</span> <span class='ocrx_word' id='word_1_426' title='bbox 3763 1914 3816 1960; x_wconf 88' lang='lat' dir='ltr'>et</span> 
     </span>
    </p>
   </div>
   <div class='ocr_carea' id='block_1_62' title="bbox 2215 1994 3815 2071">
    <p class='ocr_par' dir='ltr' id='par_1_62' title="bbox 2215 1994 3815 2071">
     <span class='ocr_line' id='line_1_62' title="bbox 2215 1994 3815 2071; baseline -0.001 -21"><span class='ocrx_word' id='word_1_427' title='bbox 2215 1994 2523 2051; x_wconf 85' lang='lat' dir='ltr'>reformatio</span> <span class='ocrx_word' id='word_1_428' title='bbox 2549 1995 2773 2053; x_wconf 87' lang='lat' dir='ltr'>secundi</span> <span class='ocrx_word' id='word_1_429' title='bbox 2802 1996 3012 2071; x_wconf 77' lang='lat' dir='ltr'>generis</span> <span class='ocrx_word' id='word_1_430' title='bbox 3051 1996 3271 2050; x_wconf 91' lang='lat' dir='ltr'>humani</span> <span class='ocrx_word' id='word_1_431' title='bbox 3303 1995 3646 2065; x_wconf 79' lang='lat' dir='ltr'>monogamia</span> <span class='ocrx_word' id='word_1_432' title='bbox 3697 2010 3815 2049; x_wconf 88' lang='lat' dir='ltr'>ma-</span> 
     </span>
    </p>
   </div>
   <div class='ocr_carea' id='block_1_63' title="bbox 2222 2083 3813 2154">
    <p class='ocr_par' dir='ltr' id='par_1_63' title="bbox 2222 2083 3813 2154">
     <span class='ocr_line' id='line_1_63' title="bbox 2222 2083 3813 2154; baseline 0 -15"><span class='ocrx_word' id='word_1_433' title='bbox 2222 2094 2299 2139; x_wconf 91' lang='lat' dir='ltr'>tre</span> <span class='ocrx_word' id='word_1_434' title='bbox 2320 2083 2492 2142; x_wconf 74' lang='grc'>935</span> <span class='ocrx_word' id='word_1_435' title='bbox 2542 2096 2811 2144; x_wconf 88' lang='lat' dir='ltr'>censetur.</span> <span class='ocrx_word' id='word_1_436' title='bbox 2870 2087 3069 2142; x_wconf 89' lang='lat' dir='ltr'>lterum</span> <span class='ocrx_word' id='word_1_437' title='bbox 3107 2085 3218 2140; x_wconf 92' lang='lat' dir='ltr'>duo</span> <span class='ocrx_word' id='word_1_438' title='bbox 3269 2084 3319 2138; x_wconf 92' lang='lat' dir='ltr'>in</span> <span class='ocrx_word' id='word_1_439' title='bbox 3381 2084 3559 2141; x_wconf 89' lang='lat' dir='ltr'>unicis</span> <span class='ocrx_word' id='word_1_440' title='bbox 3609 2085 3813 2154; x_wconf 86' lang='lat' dir='ltr'>nuptiis</span> 
     </span>
    </p>
   </div>
   <div class='ocr_carea' id='block_1_64' title="bbox 2214 2170 3817 2244">
    <p class='ocr_par' dir='ltr' id='par_1_64' title="bbox 2214 2170 3817 2244">
     <span class='ocr_line' id='line_1_64' title="bbox 2214 2170 3817 2244; baseline 0 -18"><span class='ocrx_word' id='word_1_441' title='bbox 2214 2171 2388 2227; x_wconf 88' lang='lat' dir='ltr'>Etiam</span> <span class='ocrx_word' id='word_1_442' title='bbox 2433 2172 2484 2226; x_wconf 89' lang='lat' dir='ltr'>in</span> <span class='ocrx_word' id='word_1_443' title='bbox 2524 2172 2657 2244; x_wconf 90' lang='lat' dir='ltr'>ipsis</span> <span class='ocrx_word' id='word_1_444' title='bbox 2699 2171 3020 2227; x_wconf 88' lang='lat' dir='ltr'>animalibus</span> <span class='ocrx_word' id='word_1_445' title='bbox 3083 2171 3421 2244; x_wconf 81' lang='lat' dir='ltr'>monogamia</span> <span class='ocrx_word' id='word_1_446' title='bbox 3480 2170 3817 2243; x_wconf 82' lang='lat' dir='ltr'>recognosci-</span> 
     </span>
    </p>
   </div>
   <div class='ocr_carea' id='block_1_65' title="bbox 2216 2259 3818 2324">
    <p class='ocr_par' dir='ltr' id='par_1_65' title="bbox 2216 2259 3818 2324">
     <span class='ocr_line' id='line_1_65' title="bbox 2216 2259 3818 2324; baseline 0.001 -10"><span class='ocrx_word' id='word_1_447' title='bbox 2216 2269 2319 2324; x_wconf 85' lang='lat' dir='ltr'>tur,</span> <span class='ocrx_word' id='word_1_448' title='bbox 2379 2276 2448 2314; x_wconf 88' lang='lat' dir='ltr'>ne</span> <span class='ocrx_word' id='word_1_449' title='bbox 2507 2260 2594 2314; x_wconf 83' lang='lat' dir='ltr'>vel</span> <span class='ocrx_word' id='word_1_450' title='bbox 2650 2260 2837 2315; x_wconf 71' lang='lat' dir='ltr'>bestia:</span> <span class='ocrx_word' id='word_1_451' title='bbox 2888 2262 2956 2315; x_wconf 93' lang='lat' dir='ltr'>de</span> <span class='ocrx_word' id='word_1_452' title='bbox 3013 2259 3251 2315; x_wconf 78' lang='lat' dir='ltr'>moechis.</span> <span class='ocrx_word' id='word_1_453' title='bbox 3305 2269 3672 2316; x_wconf 89' lang='lat' dir='ltr'>nascerentur.</span> <span class='ocrx_word' id='word_1_454' title='bbox 3732 2262 3818 2315; x_wconf 71' lang='lat' dir='ltr'>Ex</span> 
     </span>
    </p>
   </div>
   <div class='ocr_carea' id='block_1_66' title="bbox 2217 2349 3818 2420">
    <p class='ocr_par' dir='ltr' id='par_1_66' title="bbox 2217 2349 3818 2420">
     <span class='ocr_line' id='line_1_66' title="bbox 2217 2349 3818 2420; baseline -0.001 -15"><span class='ocrx_word' id='word_1_455' title='bbox 2217 2349 2492 2418; x_wconf 89' lang='lat' dir='ltr'>omnibus,</span> <span class='ocrx_word' id='word_1_456' title='bbox 2542 2349 2730 2420; x_wconf 89' lang='lat' dir='ltr'>inquit,</span> <span class='ocrx_word' id='word_1_457' title='bbox 2773 2350 2984 2415; x_wconf 79' lang='lat' dir='ltr'>bestiis,</span> <span class='ocrx_word' id='word_1_458' title='bbox 3017 2365 3082 2404; x_wconf 84' lang='lat' dir='ltr'>ex</span> <span class='ocrx_word' id='word_1_459' title='bbox 3121 2350 3266 2404; x_wconf 91' lang='lat' dir='ltr'>omni</span> <span class='ocrx_word' id='word_1_460' title='bbox 3294 2365 3472 2413; x_wconf 88' lang='lat' dir='ltr'>carne,</span> <span class='ocrx_word' id='word_1_461' title='bbox 3504 2349 3613 2404; x_wconf 91' lang='lat' dir='ltr'>duo</span> <span class='ocrx_word' id='word_1_462' title='bbox 3661 2349 3818 2404; x_wconf 89' lang='lat' dir='ltr'>indu-</span> 
     </span>
    </p>
   </div>
   <div class='ocr_carea' id='block_1_67' title="bbox 2215 2436 3813 2504">
    <p class='ocr_par' dir='ltr' id='par_1_67' title="bbox 2215 2436 3813 2504">
     <span class='ocr_line' id='line_1_67' title="bbox 2215 2436 3813 2504; baseline 0.001 -13"><span class='ocrx_word' id='word_1_463' title='bbox 2215 2452 2302 2491; x_wconf 89' lang='lat' dir='ltr'>ces</span> <span class='ocrx_word' id='word_1_464' title='bbox 2329 2437 2386 2490; x_wconf 91' lang='lat' dir='ltr'>in</span> <span class='ocrx_word' id='word_1_465' title='bbox 2414 2452 2614 2504; x_wconf 88' lang='lat' dir='ltr'>arcam,</span> <span class='ocrx_word' id='word_1_466' title='bbox 2647 2448 2705 2491; x_wconf 88' lang='lat' dir='ltr'>ut</span> <span class='ocrx_word' id='word_1_467' title='bbox 2729 2439 2907 2492; x_wconf 88' lang='lat' dir='ltr'>vivant</span> <span class='ocrx_word' id='word_1_468' title='bbox 2967 2447 3141 2492; x_wconf 84' lang='lat' dir='ltr'>tecum</span> <span class='ocrx_word' id='word_1_469' title='bbox 3200 2438 3469 2493; x_wconf 86' lang='lat' dir='ltr'>masculus</span> <span class='ocrx_word' id='word_1_470' title='bbox 3515 2445 3568 2493; x_wconf 90' lang='lat' dir='ltr'>et</span> <span class='ocrx_word' id='word_1_471' title='bbox 3595 2436 3813 2493; x_wconf 86' lang='lat' dir='ltr'>femina-</span> 
     </span>
    </p>
   </div>
   <div class='ocr_carea' id='block_1_68' title="bbox 2216 2525 3801 2598">
    <p class='ocr_par' dir='ltr' id='par_1_68' title="bbox 2216 2525 3801 2598">
     <span class='ocr_line' id='line_1_68' title="bbox 2216 2525 3801 2598; baseline 0 -18"><span class='ocrx_word' id='word_1_472' title='bbox 2216 2526 2381 2581; x_wconf 89' lang='lat' dir='ltr'>Erunt</span> <span class='ocrx_word' id='word_1_473' title='bbox 2431 2526 2499 2582; x_wconf 93' lang='lat' dir='ltr'>de</span> <span class='ocrx_word' id='word_1_474' title='bbox 2555 2526 2880 2581; x_wconf 89' lang='lat' dir='ltr'>animalibus</span> <span class='ocrx_word' id='word_1_475' title='bbox 2919 2525 3224 2583; x_wconf 83' lang='lat' dir='ltr'>volatilibus</span> <span class='ocrx_word' id='word_1_476' title='bbox 3275 2528 3573 2582; x_wconf 90' lang='lat' dir='ltr'>secundum</span> <span class='ocrx_word' id='word_1_477' title='bbox 3626 2541 3801 2598; x_wconf 84' lang='lat' dir='ltr'>genus</span> 
     </span>
    </p>
   </div>
   <div class='ocr_carea' id='block_1_69' title="bbox 2215 2614 3824 2688">
    <p class='ocr_par' dir='ltr' id='par_1_69' title="bbox 2215 2614 3824 2688">
     <span class='ocr_line' id='line_1_69' title="bbox 2215 2614 3824 2688; baseline -0.001 -18"><span class='ocrx_word' id='word_1_478' title='bbox 2215 2625 2268 2670; x_wconf 89' lang='lat' dir='ltr'>et</span> <span class='ocrx_word' id='word_1_479' title='bbox 2336 2616 2404 2670; x_wconf 91' lang='lat' dir='ltr'>de</span> <span class='ocrx_word' id='word_1_480' title='bbox 2453 2614 2700 2671; x_wconf 89' lang='lat' dir='ltr'>omnibus</span> <span class='ocrx_word' id='word_1_481' title='bbox 2739 2615 3076 2686; x_wconf 89' lang='lat' dir='ltr'>serpentibus</span> <span class='ocrx_word' id='word_1_482' title='bbox 3110 2625 3261 2671; x_wconf 74' lang='lat' dir='ltr'>terrae</span> <span class='ocrx_word' id='word_1_483' title='bbox 3296 2657 3310 2680; x_wconf 91' lang='lat'>,</span> <span class='ocrx_word' id='word_1_484' title='bbox 3342 2618 3637 2672; x_wconf 91' lang='lat' dir='ltr'>secundum</span> <span class='ocrx_word' id='word_1_485' title='bbox 3688 2629 3824 2688; x_wconf 84' lang='lat' dir='ltr'>gen-</span> 
     </span>
    </p>
   </div>
   <div class='ocr_carea' id='block_1_70' title="bbox 2215 2703 3820 2775">
    <p class='ocr_par' dir='ltr' id='par_1_70' title="bbox 2215 2703 3820 2775">
     <span class='ocr_line' id='line_1_70' title="bbox 2215 2703 3820 2775; baseline 0 -16"><span class='ocrx_word' id='word_1_486' title='bbox 2215 2721 2318 2761; x_wconf 91' lang='lat' dir='ltr'>nus</span> <span class='ocrx_word' id='word_1_487' title='bbox 2365 2704 2625 2775; x_wconf 91' lang='lat' dir='ltr'>ipsorum,</span> <span class='ocrx_word' id='word_1_488' title='bbox 2692 2705 2799 2760; x_wconf 92' lang='lat' dir='ltr'>duo</span> <span class='ocrx_word' id='word_1_489' title='bbox 2851 2720 2916 2760; x_wconf 90' lang='lat' dir='ltr'>cx</span> <span class='ocrx_word' id='word_1_490' title='bbox 2975 2704 3228 2760; x_wconf 90' lang='lat' dir='ltr'>omnibus</span> <span class='ocrx_word' id='word_1_491' title='bbox 3284 2704 3588 2760; x_wconf 89' lang='lat' dir='ltr'>introibunt</span> <span class='ocrx_word' id='word_1_492' title='bbox 3650 2703 3717 2758; x_wconf 87' lang='lat' dir='ltr'>ad</span> <span class='ocrx_word' id='word_1_493' title='bbox 3770 2711 3820 2759; x_wconf 84' lang='lat' dir='ltr'>te</span> 
     </span>
    </p>
   </div>
   <div class='ocr_carea' id='block_1_71' title="bbox 2215 2791 3820 2864">
    <p class='ocr_par' dir='ltr' id='par_1_71' title="bbox 2215 2791 3820 2864">
     <span class='ocr_line' id='line_1_71' title="bbox 2215 2791 3820 2864; baseline -0.001 -16"><span class='ocrx_word' id='word_1_494' title='bbox 2215 2793 2486 2848; x_wconf 90' lang='lat' dir='ltr'>masculus</span> <span class='ocrx_word' id='word_1_495' title='bbox 2526 2796 2578 2847; x_wconf 93' lang='lat' dir='ltr'>et</span> <span class='ocrx_word' id='word_1_496' title='bbox 2617 2791 2839 2849; x_wconf 87' lang='lat' dir='ltr'>femina.</span> <span class='ocrx_word' id='word_1_497' title='bbox 2900 2794 3099 2849; x_wconf 88' lang='lat' dir='ltr'>Eadem</span> <span class='ocrx_word' id='word_1_498' title='bbox 3155 2793 3330 2849; x_wconf 84' lang='lat' dir='ltr'>forma</span> <span class='ocrx_word' id='word_1_499' title='bbox 3375 2800 3431 2848; x_wconf 87' lang='lat' dir='ltr'>et</span> <span class='ocrx_word' id='word_1_500' title='bbox 3485 2800 3710 2864; x_wconf 86' lang='lat' dir='ltr'>septena</span> <span class='ocrx_word' id='word_1_501' title='bbox 3755 2808 3820 2848; x_wconf 81' lang='lat' dir='ltr'>ex</span> 
     </span>
    </p>
   </div>
   <div class='ocr_carea' id='block_1_72' title="bbox 2216 2879 3798 2953">
    <p class='ocr_par' dir='ltr' id='par_1_72' title="bbox 2216 2879 3798 2953">
     <span class='ocr_line' id='line_1_72' title="bbox 2216 2879 3798 2953; baseline -0.001 -17"><span class='ocrx_word' id='word_1_502' title='bbox 2216 2882 2358 2938; x_wconf 88' lang='lat' dir='ltr'>binis</span> <span class='ocrx_word' id='word_1_503' title='bbox 2385 2881 2562 2953; x_wconf 81' lang='lat' dir='ltr'>adlegi</span> <span class='ocrx_word' id='word_1_504' title='bbox 2589 2882 2809 2936; x_wconf 88' lang='lat' dir='ltr'>mandat</span> <span class='ocrx_word' id='word_1_505' title='bbox 2839 2897 2905 2936; x_wconf 87' lang='lat' dir='ltr'>ex</span> <span class='ocrx_word' id='word_1_506' title='bbox 2962 2880 3205 2937; x_wconf 89' lang='lat' dir='ltr'>mascqu</span> <span class='ocrx_word' id='word_1_507' title='bbox 3249 2889 3304 2937; x_wconf 89' lang='lat' dir='ltr'>et</span> <span class='ocrx_word' id='word_1_508' title='bbox 3333 2879 3552 2949; x_wconf 88' lang='lat' dir='ltr'>femina,</span> <span class='ocrx_word' id='word_1_509' title='bbox 3596 2896 3704 2936; x_wconf 92' lang='lat' dir='ltr'>uno</span> <span class='ocrx_word' id='word_1_510' title='bbox 3766 2896 3798 2935; x_wconf 87' lang='lat' dir='ltr'>e</span> 
     </span>
    </p>
   </div>
   <div class='ocr_carea' id='block_1_73' title="bbox 2232 2969 3822 3041">
    <p class='ocr_par' dir='ltr' id='par_1_73' title="bbox 2232 2969 3822 3041">
     <span class='ocr_line' id='line_1_73' title="bbox 2232 2969 3822 3041; baseline -0.003 -15"><span class='ocrx_word' id='word_1_511' title='bbox 2232 2987 2358 3026; x_wconf 92' lang='lat' dir='ltr'>una.</span> <span class='ocrx_word' id='word_1_512' title='bbox 2433 2970 2587 3039; x_wconf 90' lang='lat' dir='ltr'>Quod</span> <span class='ocrx_word' id='word_1_513' title='bbox 2672 2969 2903 3041; x_wconf 89' lang='lat' dir='ltr'>amplius</span> <span class='ocrx_word' id='word_1_514' title='bbox 2965 2970 3174 3025; x_wconf 79' lang='lat' dir='ltr'>dicam?</span> <span class='ocrx_word' id='word_1_515' title='bbox 3233 2969 3527 3024; x_wconf 87' lang='lat' dir='ltr'>Immundis</span> <span class='ocrx_word' id='word_1_516' title='bbox 3608 2979 3822 3041; x_wconf 85' lang='lat' dir='ltr'>quoque</span> 
     </span>
    </p>
   </div>
   <div class='ocr_carea' id='block_1_74' title="bbox 2231 3056 3603 3114">
    <p class='ocr_par' dir='ltr' id='par_1_74' title="bbox 2231 3056 3603 3114">
     <span class='ocr_line' id='line_1_74' title="bbox 2231 3056 3603 3114; baseline -0.002 0"><span class='ocrx_word' id='word_1_517' title='bbox 2231 3057 2446 3114; x_wconf 86' lang='lat' dir='ltr'>alitibus</span> <span class='ocrx_word' id='word_1_518' title='bbox 2484 3074 2609 3114; x_wconf 91' lang='lat' dir='ltr'>cum</span> <span class='ocrx_word' id='word_1_519' title='bbox 2639 3056 2779 3112; x_wconf 90' lang='lat' dir='ltr'>binis</span> <span class='ocrx_word' id='word_1_520' title='bbox 2808 3057 3022 3112; x_wconf 84' lang='lat' dir='ltr'>feminis</span> <span class='ocrx_word' id='word_1_521' title='bbox 3051 3057 3274 3113; x_wconf 91' lang='lat' dir='ltr'>introire</span> <span class='ocrx_word' id='word_1_522' title='bbox 3301 3071 3410 3113; x_wconf 89' lang='lat' dir='ltr'>non</span> <span class='ocrx_word' id='word_1_523' title='bbox 3437 3056 3603 3114; x_wconf 89' lang='lat' dir='ltr'>licuit.</span> 
     </span>
    </p>
   </div>
   <div class='ocr_carea' id='block_1_75' title="bbox 2869 3146 3194 3204">
    <p class='ocr_par' dir='ltr' id='par_1_75' title="bbox 2869 3146 3194 3204">
     <span class='ocr_line' id='line_1_75' title="bbox 2869 3146 3194 3204; baseline -0.009 0"><span class='ocrx_word' id='word_1_524' title='bbox 2869 3147 3094 3204; x_wconf 88' lang='lat' dir='ltr'>CAPUT</span> <span class='ocrx_word' id='word_1_525' title='bbox 3126 3146 3194 3202; x_wconf 85' lang='lat' dir='ltr'>V.</span> 
     </span>
    </p>
   </div>
   <div class='ocr_carea' id='block_1_76' title="bbox 2297 3233 3820 3307">
    <p class='ocr_par' dir='ltr' id='par_1_76' title="bbox 2297 3233 3820 3307">
     <span class='ocr_line' id='line_1_76' title="bbox 2297 3233 3820 3307; baseline -0.001 -17"><span class='ocrx_word' id='word_1_526' title='bbox 2297 3236 2425 3290; x_wconf 88' lang='lat' dir='ltr'>Haec</span> <span class='ocrx_word' id='word_1_527' title='bbox 2457 3241 2712 3307; x_wconf 88' lang='lat' dir='ltr'>quantum</span> <span class='ocrx_word' id='word_1_528' title='bbox 2747 3235 2814 3288; x_wconf 93' lang='lat' dir='ltr'>ad</span> <span class='ocrx_word' id='word_1_529' title='bbox 2853 3233 3274 3305; x_wconf 86' lang='lat' dir='ltr'>primordiorum</span> <span class='ocrx_word' id='word_1_530' title='bbox 3323 3233 3710 3302; x_wconf 85' lang='lat' dir='ltr'>testimonium,</span> <span class='ocrx_word' id='word_1_531' title='bbox 3767 3241 3820 3288; x_wconf 86' lang='lat' dir='ltr'>et</span> 
     </span>
    </p>
   </div>
   <div class='ocr_carea' id='block_1_77' title="bbox 2228 3321 3819 3396">
    <p class='ocr_par' dir='ltr' id='par_1_77' title="bbox 2228 3321 3819 3396">
     <span class='ocr_line' id='line_1_77' title="bbox 2228 3321 3819 3396; baseline -0.002 -17"><span class='ocrx_word' id='word_1_532' title='bbox 2228 3323 2452 3394; x_wconf 82' lang='lat' dir='ltr'>originis</span> <span class='ocrx_word' id='word_1_533' title='bbox 2480 3332 2677 3379; x_wconf 69' lang='lat' dir='ltr'>nostrae</span> <span class='ocrx_word' id='word_1_534' title='bbox 2705 3323 3087 3396; x_wconf 88' lang='lat' dir='ltr'>patrocinium,</span> <span class='ocrx_word' id='word_1_535' title='bbox 3120 3332 3172 3378; x_wconf 89' lang='lat' dir='ltr'>et</span> <span class='ocrx_word' id='word_1_536' title='bbox 3221 3322 3418 3379; x_wconf 79' lang='lat' dir='ltr'>divinae</span> <span class='ocrx_word' id='word_1_537' title='bbox 3474 3321 3819 3377; x_wconf 89' lang='lat' dir='ltr'>institutionis</span> 
     </span>
    </p>
   </div>
   <div class='ocr_carea' id='block_1_78' title="bbox 2227 3411 3816 3484">
    <p class='ocr_par' dir='ltr' id='par_1_78' title="bbox 2227 3411 3816 3484">
     <span class='ocr_line' id='line_1_78' title="bbox 2227 3411 3816 3484; baseline -0.001 -18"><span class='ocrx_word' id='word_1_538' title='bbox 2227 3413 2617 3481; x_wconf 61' lang='lat' dir='ltr'>praajudicium.</span> <span class='ocrx_word' id='word_1_539' title='bbox 2649 3411 2782 3481; x_wconf 66' lang='lat' dir='ltr'>Quae</span> <span class='ocrx_word' id='word_1_540' title='bbox 2815 3412 3000 3484; x_wconf 89' lang='lat' dir='ltr'>utique</span> <span class='ocrx_word' id='word_1_541' title='bbox 3031 3413 3114 3468; x_wconf 89' lang='lat' dir='ltr'>lex</span> <span class='ocrx_word' id='word_1_542' title='bbox 3168 3423 3271 3478; x_wconf 89' lang='lat' dir='ltr'>est,</span> <span class='ocrx_word' id='word_1_543' title='bbox 3328 3426 3438 3466; x_wconf 91' lang='lat' dir='ltr'>non</span> <span class='ocrx_word' id='word_1_544' title='bbox 3493 3427 3816 3467; x_wconf 86' lang='lat' dir='ltr'>monumen-</span> 
     </span>
    </p>
   </div>
   <div class='ocr_carea' id='block_1_79' title="bbox 2227 3499 3817 3572">
    <p class='ocr_par' dir='ltr' id='par_1_79' title="bbox 2227 3499 3817 3572">
     <span class='ocr_line' id='line_1_79' title="bbox 2227 3499 3817 3572; baseline -0.001 -18"><span class='ocrx_word' id='word_1_545' title='bbox 2227 3508 2370 3569; x_wconf 84' lang='lat' dir='ltr'>tum;</span> <span class='ocrx_word' id='word_1_546' title='bbox 2417 3501 2691 3572; x_wconf 90' lang='lat' dir='ltr'>quoniam,</span> <span class='ocrx_word' id='word_1_547' title='bbox 2750 3502 2794 3556; x_wconf 93' lang='lat' dir='ltr'>si</span> <span class='ocrx_word' id='word_1_548' title='bbox 2841 3502 2914 3556; x_wconf 92' lang='lat' dir='ltr'>ita</span> <span class='ocrx_word' id='word_1_549' title='bbox 2952 3501 3152 3557; x_wconf 89' lang='lat' dir='ltr'>factum</span> <span class='ocrx_word' id='word_1_550' title='bbox 3208 3510 3289 3556; x_wconf 90' lang='lat' dir='ltr'>est</span> <span class='ocrx_word' id='word_1_551' title='bbox 3333 3517 3362 3554; x_wconf 91' lang='lat' dir='ltr'>a</span> <span class='ocrx_word' id='word_1_552' title='bbox 3391 3499 3709 3570; x_wconf 86' lang='lat' dir='ltr'>primordio,</span> <span class='ocrx_word' id='word_1_553' title='bbox 3746 3499 3817 3553; x_wconf 81' lang='lat' dir='ltr'>in-</span> 
     </span>
    </p>
   </div>
   <div class='ocr_carea' id='block_1_80' title="bbox 2224 3588 3815 3664">
    <p class='ocr_par' dir='ltr' id='par_1_80' title="bbox 2224 3588 3815 3664">
     <span class='ocr_line' id='line_1_80' title="bbox 2224 3588 3815 3664; baseline -0.001 -20"><span class='ocrx_word' id='word_1_554' title='bbox 2224 3591 2472 3644; x_wconf 86' lang='lat' dir='ltr'>venimus</span> <span class='ocrx_word' id='word_1_555' title='bbox 2521 3605 2621 3646; x_wconf 90' lang='lat' dir='ltr'>nos</span> <span class='ocrx_word' id='word_1_556' title='bbox 2649 3592 2715 3646; x_wconf 93' lang='lat' dir='ltr'>ad</span> <span class='ocrx_word' id='word_1_557' title='bbox 2753 3590 2966 3644; x_wconf 89' lang='lat' dir='ltr'>initium</span> <span class='ocrx_word' id='word_1_558' title='bbox 3022 3591 3182 3664; x_wconf 82' lang='lat' dir='ltr'>dirigi</span> <span class='ocrx_word' id='word_1_559' title='bbox 3220 3606 3251 3644; x_wconf 89' lang='lat' dir='ltr'>a</span> <span class='ocrx_word' id='word_1_560' title='bbox 3278 3589 3510 3645; x_wconf 86' lang='lat' dir='ltr'>Christio</span> <span class='ocrx_word' id='word_1_561' title='bbox 3541 3610 3554 3646; x_wconf 86' lang='lat'><strong>:</strong></span> <span class='ocrx_word' id='word_1_562' title='bbox 3598 3588 3739 3644; x_wconf 89' lang='lat' dir='ltr'>sicut</span> <span class='ocrx_word' id='word_1_563' title='bbox 3768 3588 3815 3643; x_wconf 90' lang='lat' dir='ltr'>in</span> 
     </span>
    </p>
   </div>
   <div class='ocr_carea' id='block_1_81' title="bbox 2225 3677 3815 3750">
    <p class='ocr_par' dir='ltr' id='par_1_81' title="bbox 2225 3677 3815 3750">
     <span class='ocr_line' id='line_1_81' title="bbox 2225 3677 3815 3750; baseline -0.002 -16"><span class='ocrx_word' id='word_1_564' title='bbox 2225 3679 2520 3749; x_wconf 61' lang='lat' dir='ltr'>quaestione</span> <span class='ocrx_word' id='word_1_565' title='bbox 2572 3679 2804 3750; x_wconf 90' lang='lat' dir='ltr'>repudii,</span> <span class='ocrx_word' id='word_1_566' title='bbox 2853 3680 3038 3736; x_wconf 88' lang='lat' dir='ltr'>dicens</span> <span class='ocrx_word' id='word_1_567' title='bbox 3099 3679 3231 3733; x_wconf 90' lang='lat' dir='ltr'>illud</span> <span class='ocrx_word' id='word_1_568' title='bbox 3290 3688 3512 3750; x_wconf 82' lang='lat' dir='ltr'>preptcr</span> <span class='ocrx_word' id='word_1_569' title='bbox 3575 3677 3815 3731; x_wconf 78' lang='lat' dir='ltr'>duritiam</span> 
     </span>
    </p>
   </div>
   <div class='ocr_carea' id='block_1_82' title="bbox 2223 3765 3816 3840">
    <p class='ocr_par' dir='ltr' id='par_1_82' title="bbox 2223 3765 3816 3840">
     <span class='ocr_line' id='line_1_82' title="bbox 2223 3765 3816 3840; baseline 0 -20"><span class='ocrx_word' id='word_1_570' title='bbox 2223 3767 2466 3839; x_wconf 90' lang='lat' dir='ltr'>ipsorum</span> <span class='ocrx_word' id='word_1_571' title='bbox 2496 3783 2526 3821; x_wconf 90' lang='lat' dir='ltr'>a</span> <span class='ocrx_word' id='word_1_572' title='bbox 2556 3770 2737 3840; x_wconf 83' lang='lat' dir='ltr'>Moyse</span> <span class='ocrx_word' id='word_1_573' title='bbox 2775 3783 2897 3823; x_wconf 89' lang='lat' dir='ltr'>esse</span> <span class='ocrx_word' id='word_1_574' title='bbox 2927 3769 3271 3836; x_wconf 88' lang='lat' dir='ltr'>permissum,</span> <span class='ocrx_word' id='word_1_575' title='bbox 3305 3769 3372 3822; x_wconf 90' lang='lat' dir='ltr'>ab</span> <span class='ocrx_word' id='word_1_576' title='bbox 3427 3765 3580 3822; x_wconf 87' lang='lat' dir='ltr'>initio</span> <span class='ocrx_word' id='word_1_577' title='bbox 3641 3776 3816 3820; x_wconf 85' lang='lat' dir='ltr'>autem</span> 
     </span>
    </p>
   </div>
   <div class='ocr_carea' id='block_1_83' title="bbox 2225 3855 3816 3925">
    <p class='ocr_par' dir='ltr' id='par_1_83' title="bbox 2225 3855 3816 3925">
     <span class='ocr_line' id='line_1_83' title="bbox 2225 3855 3816 3925; baseline -0.002 -15"><span class='ocrx_word' id='word_1_578' title='bbox 2225 3871 2332 3912; x_wconf 91' lang='lat' dir='ltr'>non</span> <span class='ocrx_word' id='word_1_579' title='bbox 2374 3859 2444 3912; x_wconf 89' lang='lat' dir='ltr'>ita</span> <span class='ocrx_word' id='word_1_580' title='bbox 2473 3856 2661 3925; x_wconf 84' lang='lat' dir='ltr'>fuisse,</span> <span class='ocrx_word' id='word_1_581' title='bbox 2704 3857 2820 3912; x_wconf 90' lang='lat' dir='ltr'>sine</span> <span class='ocrx_word' id='word_1_582' title='bbox 2840 3856 3003 3912; x_wconf 91' lang='lat' dir='ltr'>dubio</span> <span class='ocrx_word' id='word_1_583' title='bbox 3033 3857 3101 3911; x_wconf 89' lang='lat' dir='ltr'>ad</span> <span class='ocrx_word' id='word_1_584' title='bbox 3158 3855 3368 3911; x_wconf 89' lang='lat' dir='ltr'>initium</span> <span class='ocrx_word' id='word_1_585' title='bbox 3424 3862 3642 3909; x_wconf 84' lang='lat' dir='ltr'>revocat</span> <span class='ocrx_word' id='word_1_586' title='bbox 3699 3869 3816 3908; x_wconf 87' lang='lat' dir='ltr'>ma-</span> 
     </span>
    </p>
   </div>
   <div class='ocr_carea' id='block_1_84' title="bbox 2224 3942 3818 4017">
    <p class='ocr_par' dir='ltr' id='par_1_84' title="bbox 2224 3942 3818 4017">
     <span class='ocr_line' id='line_1_84' title="bbox 2224 3942 3818 4017; baseline -0.002 -18"><span class='ocrx_word' id='word_1_587' title='bbox 2224 3945 2462 4001; x_wconf 89' lang='lat' dir='ltr'>trimonii</span> <span class='ocrx_word' id='word_1_588' title='bbox 2508 3945 2948 4002; x_wconf 89' lang='lat' dir='ltr'>individuitatem.</span> <span class='ocrx_word' id='word_1_589' title='bbox 2985 3945 3217 4017; x_wconf 91' lang='lat' dir='ltr'>Ideoque</span> <span class='ocrx_word' id='word_1_590' title='bbox 3245 3959 3382 4016; x_wconf 89' lang='lat' dir='ltr'>quos</span> <span class='ocrx_word' id='word_1_591' title='bbox 3428 3947 3572 4000; x_wconf 89' lang='lat' dir='ltr'>Deus</span> <span class='ocrx_word' id='word_1_592' title='bbox 3601 3942 3670 3998; x_wconf 84' lang='lat' dir='ltr'>ab</span> <span class='ocrx_word' id='word_1_593' title='bbox 3708 3943 3818 3998; x_wconf 80' lang='lat' dir='ltr'>ini-</span> 
     </span>
    </p>
   </div>
   <div class='ocr_carea' id='block_1_85' title="bbox 2228 4032 3817 4106">
    <p class='ocr_par' dir='ltr' id='par_1_85' title="bbox 2228 4032 3817 4106">
     <span class='ocr_line' id='line_1_85' title="bbox 2228 4032 3817 4106; baseline -0.004 -16"><span class='ocrx_word' id='word_1_594' title='bbox 2228 4037 2304 4092; x_wconf 87' lang='lat' dir='ltr'>tio</span> <span class='ocrx_word' id='word_1_595' title='bbox 2321 4037 2626 4106; x_wconf 75' lang='lat' dir='ltr'>conjunxit</span> <span class='ocrx_word' id='word_1_596' title='bbox 2657 4037 2720 4090; x_wconf 92' lang='lat' dir='ltr'>in</span> <span class='ocrx_word' id='word_1_597' title='bbox 2740 4051 2917 4091; x_wconf 85' lang='lat' dir='ltr'>unam</span> <span class='ocrx_word' id='word_1_598' title='bbox 2937 4049 3169 4090; x_wconf 86' lang='lat' dir='ltr'>carnem</span> <span class='ocrx_word' id='word_1_599' title='bbox 3190 4033 3349 4102; x_wconf 87' lang='lat' dir='ltr'>duos,</span> <span class='ocrx_word' id='word_1_600' title='bbox 3363 4032 3519 4088; x_wconf 85' lang='lat' dir='ltr'>hodie</span> <span class='ocrx_word' id='word_1_601' title='bbox 3533 4032 3694 4089; x_wconf 88' lang='lat' dir='ltr'>homo</span> <span class='ocrx_word' id='word_1_602' title='bbox 3710 4047 3817 4086; x_wconf 81' lang='lat' dir='ltr'>non</span> 
     </span>
    </p>
   </div>
   <div class='ocr_carea' id='block_1_86' title="bbox 2223 4121 3815 4195">
    <p class='ocr_par' dir='ltr' id='par_1_86' title="bbox 2223 4121 3815 4195">
     <span class='ocr_line' id='line_1_86' title="bbox 2223 4121 3815 4195; baseline -0.003 -16"><span class='ocrx_word' id='word_1_603' title='bbox 2223 4125 2505 4194; x_wconf 81' lang='lat' dir='ltr'>separabit</span> <span class='ocrx_word' id='word_1_604' title='bbox 2527 4126 2710 4195; x_wconf 68' lang='lat' dir='ltr'>(Gem,</span> <span class='ocrx_word' id='word_1_605' title='bbox 2728 4140 2787 4194; x_wconf 86' lang='lat' dir='ltr'>Il,</span> <span class='ocrx_word' id='word_1_606' title='bbox 2821 4124 2912 4194; x_wconf 77' lang='grc'>24)</span> <span class='ocrx_word' id='word_1_607' title='bbox 2941 4122 3084 4178; x_wconf 90' lang='lat' dir='ltr'>Dicit</span> <span class='ocrx_word' id='word_1_608' title='bbox 3109 4131 3159 4178; x_wconf 91' lang='lat' dir='ltr'>et</span> <span class='ocrx_word' id='word_1_609' title='bbox 3180 4123 3468 4190; x_wconf 83' lang='lat' dir='ltr'>Apostolus</span> <span class='ocrx_word' id='word_1_610' title='bbox 3496 4121 3732 4176; x_wconf 86' lang='lat' dir='ltr'>scribens</span> <span class='ocrx_word' id='word_1_611' title='bbox 3750 4121 3815 4174; x_wconf 87' lang='lat' dir='ltr'>ad</span> 
     </span>
    </p>
   </div>
   <div class='ocr_carea' id='block_1_87' title="bbox 512 4209 3817 4294">
    <p class='ocr_par' dir='ltr' id='par_1_87' title="bbox 512 4209 3817 4294">
     <span class='ocr_line' id='line_1_87' title="bbox 512 4209 3817 4294; baseline -0.002 -24"><span class='ocrx_word' id='word_1_612' title='bbox 512 4214 803 4284; x_wconf 85' lang='lat' dir='ltr'>jutorium</span> <span class='ocrx_word' id='word_1_613' title='bbox 842 4215 952 4269; x_wconf 83' lang='lat' dir='ltr'>illi.</span> <span class='ocrx_word' id='word_1_614' title='bbox 987 4214 1280 4283; x_wconf 86' lang='lat' dir='ltr'>Adjutorcs</span> <span class='ocrx_word' id='word_1_615' title='bbox 1319 4213 1463 4268; x_wconf 89' lang='lat' dir='ltr'>enim</span> <span class='ocrx_word' id='word_1_616' title='bbox 1519 4213 1762 4276; x_wconf 82' lang='lat' dir='ltr'>dixisset,</span> <span class='ocrx_word' id='word_1_617' title='bbox 1794 4213 1839 4267; x_wconf 91' lang='lat' dir='ltr'>si</span> <span class='ocrx_word' id='word_1_618' title='bbox 1879 4214 2122 4284; x_wconf 90' lang='lat' dir='ltr'>pluribus</span> <span class='ocrx_word' id='word_1_619' title='bbox 2152 4219 2196 4294; x_wconf 72' lang='grc' dir='ltr'><strong>υ</strong></span> <span class='ocrx_word' id='word_1_620' title='bbox 2220 4213 2484 4282; x_wconf 90' lang='lat' dir='ltr'>Ephesios</span> <span class='ocrx_word' id='word_1_621' title='bbox 2517 4230 2529 4268; x_wconf 89' lang='lat'><strong>:</strong></span> <span class='ocrx_word' id='word_1_622' title='bbox 2565 4217 2741 4268; x_wconf 87' lang='lat' dir='ltr'>Deum</span> <span class='ocrx_word' id='word_1_623' title='bbox 2775 4214 3130 4284; x_wconf 85' lang='lat' dir='ltr'>praposuisse</span> <span class='ocrx_word' id='word_1_624' title='bbox 3175 4214 3239 4267; x_wconf 87' lang='lat' dir='ltr'>in</span> <span class='ocrx_word' id='word_1_625' title='bbox 3262 4213 3561 4282; x_wconf 85' lang='lat' dir='ltr'>semetipso</span> <span class='ocrx_word' id='word_1_626' title='bbox 3598 4209 3671 4264; x_wconf 84' lang='lat' dir='ltr'>ad</span> <span class='ocrx_word' id='word_1_627' title='bbox 3701 4209 3817 4264; x_wconf 82' lang='lat' dir='ltr'>dis-</span> 
     </span>
    </p>
   </div>
   <div class='ocr_carea' id='block_1_88' title="bbox 521 4300 2120 4374">
    <p class='ocr_par' dir='ltr' id='par_1_88' title="bbox 521 4300 2120 4374">
     <span class='ocr_line' id='line_1_88' title="bbox 521 4300 2120 4374; baseline -0.001 -17"><span class='ocrx_word' id='word_1_628' title='bbox 521 4318 644 4357; x_wconf 90' lang='lat' dir='ltr'>cum</span> <span class='ocrx_word' id='word_1_629' title='bbox 675 4303 934 4358; x_wconf 85' lang='lat' dir='ltr'>uxoribus</span> <span class='ocrx_word' id='word_1_630' title='bbox 964 4302 1297 4358; x_wconf 85' lang='lat' dir='ltr'>destinasset.</span> <span class='ocrx_word' id='word_1_631' title='bbox 1356 4301 1566 4371; x_wconf 86' lang='lat' dir='ltr'>Adjucit</span> <span class='ocrx_word' id='word_1_632' title='bbox 1620 4310 1674 4356; x_wconf 92' lang='lat' dir='ltr'>et</span> <span class='ocrx_word' id='word_1_633' title='bbox 1705 4303 1878 4374; x_wconf 86' lang='lat' dir='ltr'>legem</span> <span class='ocrx_word' id='word_1_634' title='bbox 1935 4302 2003 4357; x_wconf 90' lang='lat' dir='ltr'>de</span> <span class='ocrx_word' id='word_1_635' title='bbox 2043 4300 2120 4356; x_wconf 85' lang='lat' dir='ltr'>fu-</span> 
     </span>
    </p>
   </div>
   <div class='ocr_carea' id='block_1_89' title="bbox 519 4391 2121 4462">
    <p class='ocr_par' dir='ltr' id='par_1_89' title="bbox 519 4391 2121 4462">
     <span class='ocr_line' id='line_1_89' title="bbox 519 4391 2121 4462; baseline -0.001 -17"><span class='ocrx_word' id='word_1_636' title='bbox 519 4397 663 4446; x_wconf 92' lang='lat' dir='ltr'>turo.</span> <span class='ocrx_word' id='word_1_637' title='bbox 712 4391 988 4462; x_wconf 88' lang='lat' dir='ltr'>Siquidem</span> <span class='ocrx_word' id='word_1_638' title='bbox 1049 4391 1364 4461; x_wconf 85' lang='lat' dir='ltr'>prOphetice</span> <span class='ocrx_word' id='word_1_639' title='bbox 1442 4391 1640 4446; x_wconf 90' lang='lat' dir='ltr'>dictum</span> <span class='ocrx_word' id='word_1_640' title='bbox 1697 4397 1815 4446; x_wconf 85' lang='lat' dir='ltr'>est:</span> <span class='ocrx_word' id='word_1_641' title='bbox 1851 4392 1921 4445; x_wconf 88' lang='lat' dir='ltr'>Et</span> <span class='ocrx_word' id='word_1_642' title='bbox 1951 4391 2121 4445; x_wconf 88' lang='lat' dir='ltr'>erunt</span> 
     </span>
    </p>
   </div>
   <div class='ocr_carea' id='block_1_90' title="bbox 517 4479 2116 4550">
    <p class='ocr_par' dir='ltr' id='par_1_90' title="bbox 517 4479 2116 4550">
     <span class='ocr_line' id='line_1_90' title="bbox 517 4479 2116 4550; baseline -0.001 -16"><span class='ocrx_word' id='word_1_643' title='bbox 517 4479 624 4538; x_wconf 86' lang='lat' dir='ltr'>duo</span> <span class='ocrx_word' id='word_1_644' title='bbox 656 4483 716 4535; x_wconf 86' lang='lat' dir='ltr'>in</span> <span class='ocrx_word' id='word_1_645' title='bbox 759 4497 990 4537; x_wconf 86' lang='lat' dir='ltr'>carnem</span> <span class='ocrx_word' id='word_1_646' title='bbox 1042 4497 1220 4536; x_wconf 84' lang='lat' dir='ltr'>unam</span> <span class='ocrx_word' id='word_1_647' title='bbox 1251 4482 1406 4550; x_wconf 82' lang='lat' dir='ltr'>(Gen.</span> <span class='ocrx_word' id='word_1_648' title='bbox 1451 4495 1511 4544; x_wconf 82' lang='grc' dir='ltr'>ιι,</span> <span class='ocrx_word' id='word_1_649' title='bbox 1557 4483 1643 4545; x_wconf 87' lang='grc'>18,</span> <span class='ocrx_word' id='word_1_650' title='bbox 1701 4480 1786 4546; x_wconf 68' lang='grc'>24,</span> <span class='ocrx_word' id='word_1_651' title='bbox 1821 4495 1927 4534; x_wconf 90' lang='lat' dir='ltr'>non</span> <span class='ocrx_word' id='word_1_652' title='bbox 1986 4487 2116 4532; x_wconf 89' lang='lat' dir='ltr'>tres-</span> 
     </span>
    </p>
   </div>
   <div class='ocr_carea' id='block_1_91' title="bbox 516 4566 2116 4642">
    <p class='ocr_par' dir='ltr' id='par_1_91' title="bbox 516 4566 2116 4642">
     <span class='ocr_line' id='line_1_91' title="bbox 516 4566 2116 4642; baseline -0.002 -19"><span class='ocrx_word' id='word_1_653' title='bbox 516 4585 689 4639; x_wconf 89' lang='lat' dir='ltr'>neque</span> <span class='ocrx_word' id='word_1_654' title='bbox 720 4570 917 4640; x_wconf 89' lang='lat' dir='ltr'>plures.</span> <span class='ocrx_word' id='word_1_655' title='bbox 969 4570 1255 4635; x_wconf 84' lang='lat' dir='ltr'>Caeterum,</span> <span class='ocrx_word' id='word_1_656' title='bbox 1312 4570 1418 4638; x_wconf 90' lang='lat' dir='ltr'>jam</span> <span class='ocrx_word' id='word_1_657' title='bbox 1477 4583 1588 4623; x_wconf 90' lang='lat' dir='ltr'>non</span> <span class='ocrx_word' id='word_1_658' title='bbox 1647 4568 1773 4636; x_wconf 88' lang='lat' dir='ltr'>duo,</span> <span class='ocrx_word' id='word_1_659' title='bbox 1825 4567 1870 4620; x_wconf 91' lang='lat' dir='ltr'>si</span> <span class='ocrx_word' id='word_1_660' title='bbox 1913 4566 2116 4642; x_wconf 53' lang='lat' dir='ltr'>plures.</span> 
     </span>
    </p>
   </div>
   <div class='ocr_carea' id='block_1_92' title="bbox 514 4655 2121 4730">
    <p class='ocr_par' dir='ltr' id='par_1_92' title="bbox 514 4655 2121 4730">
     <span class='ocr_line' id='line_1_92' title="bbox 514 4655 2121 4730; baseline -0.002 -16"><span class='ocrx_word' id='word_1_661' title='bbox 514 4658 673 4715; x_wconf 88' lang='lat' dir='ltr'>Stetit</span> <span class='ocrx_word' id='word_1_662' title='bbox 709 4659 815 4714; x_wconf 88' lang='lat' dir='ltr'>lex.</span> <span class='ocrx_word' id='word_1_663' title='bbox 868 4660 1134 4730; x_wconf 86' lang='lat' dir='ltr'>Denique,</span> <span class='ocrx_word' id='word_1_664' title='bbox 1196 4657 1559 4730; x_wconf 90' lang='lat' dir='ltr'>perseveravit</span> <span class='ocrx_word' id='word_1_665' title='bbox 1613 4657 1741 4711; x_wconf 89' lang='lat' dir='ltr'>unio</span> <span class='ocrx_word' id='word_1_666' title='bbox 1769 4655 2009 4728; x_wconf 84' lang='lat' dir='ltr'>conjugii</span> <span class='ocrx_word' id='word_1_667' title='bbox 2064 4655 2121 4710; x_wconf 89' lang='lat' dir='ltr'>in</span> 
     </span>
    </p>
   </div>
   <div class='ocr_carea' id='block_1_93' title="bbox 511 4745 2118 4820">
    <p class='ocr_par' dir='ltr' id='par_1_93' title="bbox 511 4745 2118 4820">
     <span class='ocr_line' id='line_1_93' title="bbox 511 4745 2118 4820; baseline -0.004 -16"><span class='ocrx_word' id='word_1_668' title='bbox 511 4749 825 4806; x_wconf 89' lang='lat' dir='ltr'>auctoribus</span> <span class='ocrx_word' id='word_1_669' title='bbox 850 4747 1065 4820; x_wconf 83' lang='lat' dir='ltr'>generis</span> <span class='ocrx_word' id='word_1_670' title='bbox 1088 4747 1153 4802; x_wconf 89' lang='lat' dir='ltr'>ad</span> <span class='ocrx_word' id='word_1_671' title='bbox 1185 4748 1348 4802; x_wconf 89' lang='lat' dir='ltr'>ﬁnem</span> <span class='ocrx_word' id='word_1_672' title='bbox 1379 4761 1577 4818; x_wconf 87' lang='lat' dir='ltr'>usque;</span> <span class='ocrx_word' id='word_1_673' title='bbox 1649 4762 1752 4800; x_wconf 89' lang='lat' dir='ltr'>non</span> <span class='ocrx_word' id='word_1_674' title='bbox 1809 4745 1938 4819; x_wconf 91' lang='lat' dir='ltr'>quia</span> <span class='ocrx_word' id='word_1_675' title='bbox 1987 4759 2057 4800; x_wconf 90' lang='lat' dir='ltr'>no</span> <span class='ocrx_word' id='word_1_676' title='bbox 2085 4759 2118 4798; x_wconf 89' lang='lat' dir='ltr'>n</span> 
     </span>
    </p>
   </div>
   <div class='ocr_carea' id='block_1_94' title="bbox 2228 4296 3820 4373">
    <p class='ocr_par' dir='ltr' id='par_1_94' title="bbox 2228 4296 3820 4373">
     <span class='ocr_line' id='line_1_94' title="bbox 2228 4296 3820 4373; baseline -0.004 -17"><span class='ocrx_word' id='word_1_677' title='bbox 2228 4303 2618 4373; x_wconf 87' lang='lat' dir='ltr'>pensationem</span> <span class='ocrx_word' id='word_1_678' title='bbox 2658 4302 3080 4373; x_wconf 85' lang='lat' dir='ltr'>adimpletionis</span> <span class='ocrx_word' id='word_1_679' title='bbox 3102 4304 3437 4372; x_wconf 83' lang='lat' dir='ltr'>temporum,</span> <span class='ocrx_word' id='word_1_680' title='bbox 3463 4299 3534 4354; x_wconf 86' lang='lat' dir='ltr'>ad</span> <span class='ocrx_word' id='word_1_681' title='bbox 3551 4301 3742 4370; x_wconf 84' lang='lat' dir='ltr'>caput,</span> <span class='ocrx_word' id='word_1_682' title='bbox 3769 4296 3820 4350; x_wconf 92' lang='lat' dir='ltr'>id</span> 
     </span>
    </p>
   </div>
   <div class='ocr_carea' id='block_1_95' title="bbox 2229 4386 3821 4462">
    <p class='ocr_par' dir='ltr' id='par_1_95' title="bbox 2229 4386 3821 4462">
     <span class='ocr_line' id='line_1_95' title="bbox 2229 4386 3821 4462; baseline -0.004 -16"><span class='ocrx_word' id='word_1_683' title='bbox 2229 4401 2330 4455; x_wconf 88' lang='lat' dir='ltr'>est,</span> <span class='ocrx_word' id='word_1_684' title='bbox 2363 4389 2433 4446; x_wconf 86' lang='lat' dir='ltr'>ad</span> <span class='ocrx_word' id='word_1_685' title='bbox 2456 4391 2691 4446; x_wconf 84' lang='lat' dir='ltr'>initium</span> <span class='ocrx_word' id='word_1_686' title='bbox 2712 4391 3060 4462; x_wconf 84' lang='lat' dir='ltr'>reciprocare</span> <span class='ocrx_word' id='word_1_687' title='bbox 3072 4389 3338 4444; x_wconf 85' lang='lat' dir='ltr'>universa</span> <span class='ocrx_word' id='word_1_688' title='bbox 3358 4388 3418 4441; x_wconf 88' lang='lat' dir='ltr'>in</span> <span class='ocrx_word' id='word_1_689' title='bbox 3441 4386 3678 4448; x_wconf 83' lang='lat' dir='ltr'>Christo,</span> <span class='ocrx_word' id='word_1_690' title='bbox 3697 4401 3821 4457; x_wconf 74' lang='lat' dir='ltr'>qua:</span> 
     </span>
    </p>
   </div>
   <div class='ocr_carea' id='block_1_96' title="bbox 2229 4475 3819 4551">
    <p class='ocr_par' dir='ltr' id='par_1_96' title="bbox 2229 4475 3819 4551">
     <span class='ocr_line' id='line_1_96' title="bbox 2229 4475 3819 4551; baseline -0.004 -16"><span class='ocrx_word' id='word_1_691' title='bbox 2229 4483 2366 4535; x_wconf 87' lang='lat' dir='ltr'>sunt</span> <span class='ocrx_word' id='word_1_692' title='bbox 2394 4497 2563 4551; x_wconf 84' lang='lat' dir='ltr'>super</span> <span class='ocrx_word' id='word_1_693' title='bbox 2589 4481 2751 4536; x_wconf 77' lang='lat' dir='ltr'>caelos</span> <span class='ocrx_word' id='word_1_694' title='bbox 2778 4483 2834 4536; x_wconf 89' lang='lat' dir='ltr'>et</span> <span class='ocrx_word' id='word_1_695' title='bbox 2861 4495 3029 4551; x_wconf 85' lang='lat' dir='ltr'>super</span> <span class='ocrx_word' id='word_1_696' title='bbox 3059 4483 3238 4534; x_wconf 87' lang='lat' dir='ltr'>terras</span> <span class='ocrx_word' id='word_1_697' title='bbox 3266 4480 3330 4533; x_wconf 85' lang='lat' dir='ltr'>in</span> <span class='ocrx_word' id='word_1_698' title='bbox 3385 4478 3504 4548; x_wconf 87' lang='lat' dir='ltr'>ipso</span> <span class='ocrx_word' id='word_1_699' title='bbox 3534 4475 3723 4548; x_wconf 80' lang='lat' dir='ltr'>(Eph.,</span> <span class='ocrx_word' id='word_1_700' title='bbox 3767 4479 3819 4538; x_wconf 83' lang='grc'>1,</span> 
     </span>
    </p>
   </div>
   <div class='ocr_carea' id='block_1_97' title="bbox 2229 4565 3827 4638">
    <p class='ocr_par' dir='ltr' id='par_1_97' title="bbox 2229 4565 3827 4638">
     <span class='ocr_line' id='line_1_97' title="bbox 2229 4565 3827 4638; baseline -0.004 -16"><span class='ocrx_word' id='word_1_701' title='bbox 2229 4572 2282 4634; x_wconf 88' lang='grc'>9,</span> <span class='ocrx_word' id='word_1_702' title='bbox 2325 4570 2434 4638; x_wconf 88' lang='grc'>10).</span> <span class='ocrx_word' id='word_1_703' title='bbox 2478 4568 2568 4622; x_wconf 84' lang='lat' dir='ltr'>Sic</span> <span class='ocrx_word' id='word_1_704' title='bbox 2627 4576 2682 4622; x_wconf 90' lang='lat' dir='ltr'>et</span> <span class='ocrx_word' id='word_1_705' title='bbox 2734 4567 2866 4622; x_wconf 91' lang='lat' dir='ltr'>duas</span> <span class='ocrx_word' id='word_1_706' title='bbox 2910 4565 3135 4622; x_wconf 59' lang='lat' dir='ltr'>Graeciae</span> <span class='ocrx_word' id='word_1_707' title='bbox 3163 4565 3390 4631; x_wconf 85' lang='lat' dir='ltr'>litteras,</span> <span class='ocrx_word' id='word_1_708' title='bbox 3447 4578 3714 4619; x_wconf 87' lang='lat' dir='ltr'>summam</span> <span class='ocrx_word' id='word_1_709' title='bbox 3767 4568 3827 4616; x_wconf 90' lang='lat' dir='ltr'>et</span> 
     </span>
    </p>
   </div>
   <div class='ocr_carea' id='block_1_98' title="bbox 2228 4651 3823 4726">
    <p class='ocr_par' dir='ltr' id='par_1_98' title="bbox 2228 4651 3823 4726">
     <span class='ocr_line' id='line_1_98' title="bbox 2228 4651 3823 4726; baseline -0.004 -15"><span class='ocrx_word' id='word_1_710' title='bbox 2228 4656 2490 4726; x_wconf 87' lang='lat' dir='ltr'>ultimam,</span> <span class='ocrx_word' id='word_1_711' title='bbox 2532 4655 2633 4712; x_wconf 90' lang='lat' dir='ltr'>sibi</span> <span class='ocrx_word' id='word_1_712' title='bbox 2671 4656 2846 4712; x_wconf 90' lang='lat' dir='ltr'>induit</span> <span class='ocrx_word' id='word_1_713' title='bbox 2875 4655 3160 4722; x_wconf 90' lang='lat' dir='ltr'>Dominus,</span> <span class='ocrx_word' id='word_1_714' title='bbox 3193 4653 3328 4709; x_wconf 91' lang='lat' dir='ltr'>initii</span> <span class='ocrx_word' id='word_1_715' title='bbox 3396 4661 3450 4708; x_wconf 89' lang='lat' dir='ltr'>et</span> <span class='ocrx_word' id='word_1_716' title='bbox 3510 4651 3630 4706; x_wconf 90' lang='lat' dir='ltr'>ﬁnis</span> <span class='ocrx_word' id='word_1_717' title='bbox 3682 4665 3823 4708; x_wconf 86' lang='lat' dir='ltr'>con-</span> 
     </span>
    </p>
   </div>
   <div class='ocr_carea' id='block_1_99' title="bbox 2231 4737 3821 4816">
    <p class='ocr_par' dir='ltr' id='par_1_99' title="bbox 2231 4737 3821 4816">
     <span class='ocr_line' id='line_1_99' title="bbox 2231 4737 3821 4816; baseline -0.004 -17"><span class='ocrx_word' id='word_1_718' title='bbox 2231 4742 2556 4800; x_wconf 90' lang='lat' dir='ltr'>currentium</span> <span class='ocrx_word' id='word_1_719' title='bbox 2580 4742 2632 4797; x_wconf 92' lang='lat' dir='ltr'>in</span> <span class='ocrx_word' id='word_1_720' title='bbox 2661 4760 2720 4799; x_wconf 89' lang='lat' dir='ltr'>se</span> <span class='ocrx_word' id='word_1_721' title='bbox 2766 4744 2976 4816; x_wconf 84' lang='lat' dir='ltr'>ﬁguras</span> <span class='ocrx_word' id='word_1_722' title='bbox 3007 4758 3022 4797; x_wconf 87' lang='lat'><strong>:</strong></span> <span class='ocrx_word' id='word_1_723' title='bbox 3055 4742 3133 4799; x_wconf 83' lang='lat' dir='ltr'>uti</span> <span class='ocrx_word' id='word_1_724' title='bbox 3189 4739 3643 4814; x_wconf 88' lang='lat' dir='ltr'>quemadmodum</span> <span class='ocrx_word' id='word_1_725' title='bbox 3689 4758 3721 4791; x_wconf 86' lang='grc' dir='ltr'>α</span> <span class='ocrx_word' id='word_1_726' title='bbox 3751 4737 3821 4793; x_wconf 87' lang='lat' dir='ltr'>ad</span> 
     </span>
    </p>
   </div>
   <div class='ocr_carea' id='block_1_100' title="bbox 1897 4893 2398 4957">
    <p class='ocr_par' dir='ltr' id='par_1_100' title="bbox 1897 4893 2398 4957">
     <span class='ocr_line' id='line_1_100' title="bbox 1897 4893 2398 4957; baseline -0.008 -1"><span class='ocrx_word' id='word_1_727' title='bbox 1897 4893 2398 4957; x_wconf 87' lang='lat' dir='ltr'>Commentarius.</span> 
     </span>
    </p>
   </div>
   <div class='ocr_carea' id='block_1_101' title="bbox 582 5017 2113 5094">
    <p class='ocr_par' dir='ltr' id='par_1_101' title="bbox 582 5017 2113 5094">
     <span class='ocr_line' id='line_1_101' title="bbox 582 5017 2113 5094; baseline -0.004 -18"><span class='ocrx_word' id='word_1_728' title='bbox 582 5021 662 5093; x_wconf 88' lang='lat'>(9)</span> <span class='ocrx_word' id='word_1_729' title='bbox 707 5021 842 5094; x_wconf 78' lang='lat' dir='ltr'>cum</span> <span class='ocrx_word' id='word_1_730' title='bbox 853 5022 1030 5093; x_wconf 85' lang='lat' dir='ltr'>magis</span> <span class='ocrx_word' id='word_1_731' title='bbox 1043 5037 1194 5076; x_wconf 88' lang='lat' dir='ltr'>nunc</span> <span class='ocrx_word' id='word_1_732' title='bbox 1212 5025 1439 5094; x_wconf 78' lang='lat' dir='ltr'>tempus</span> <span class='ocrx_word' id='word_1_733' title='bbox 1453 5020 1520 5094; x_wconf 74' lang='lat' dir='ltr'>in</span> <span class='ocrx_word' id='word_1_734' title='bbox 1542 5019 1774 5075; x_wconf 85' lang='lat' dir='ltr'>collecto</span> <span class='ocrx_word' id='word_1_735' title='bbox 1793 5020 2018 5094; x_wconf 76' lang='lat' dir='ltr'>factum</span> <span class='ocrx_word' id='word_1_736' title='bbox 2033 5017 2113 5094; x_wconf 70' lang='lat' dir='ltr'>sit</span> 
     </span>
    </p>
   </div>
   <div class='ocr_carea' id='block_1_102' title="bbox 506 5087 2105 5164">
    <p class='ocr_par' dir='ltr' id='par_1_102' title="bbox 506 5087 2105 5164">
     <span class='ocr_line' id='line_1_102' title="bbox 506 5087 2105 5164; baseline -0.004 -17"><span class='ocrx_word' id='word_1_737' title='bbox 506 5093 568 5147; x_wconf 89' lang='lat' dir='ltr'>In</span> <span class='ocrx_word' id='word_1_738' title='bbox 592 5087 715 5148; x_wconf 77' lang='lat' dir='ltr'>eum</span> <span class='ocrx_word' id='word_1_739' title='bbox 737 5092 894 5164; x_wconf 88' lang='lat' dir='ltr'>plane</span> <span class='ocrx_word' id='word_1_740' title='bbox 948 5087 1164 5148; x_wconf 77' lang='lat' dir='ltr'>sensum</span> <span class='ocrx_word' id='word_1_741' title='bbox 1211 5087 1404 5148; x_wconf 45' lang='lat' dir='ltr'>beat-us</span> <span class='ocrx_word' id='word_1_742' title='bbox 1452 5091 1761 5164; x_wconf 78' lang='lat' dir='ltr'>Hieronym.</span> <span class='ocrx_word' id='word_1_743' title='bbox 1794 5087 1977 5164; x_wconf 77' lang='lat' dir='ltr'>epist,</span> <span class='ocrx_word' id='word_1_744' title='bbox 2038 5087 2105 5141; x_wconf 89' lang='lat' dir='ltr'>ad</span> 
     </span>
    </p>
   </div>
   <div class='ocr_carea' id='block_1_103' title="bbox 505 5161 2105 5235">
    <p class='ocr_par' dir='ltr' id='par_1_103' title="bbox 505 5161 2105 5235">
     <span class='ocr_line' id='line_1_103' title="bbox 505 5161 2105 5235; baseline -0.004 -15"><span class='ocrx_word' id='word_1_745' title='bbox 505 5161 818 5220; x_wconf 78' lang='lat' dir='ltr'>Gerontiam</span> <span class='ocrx_word' id='word_1_746' title='bbox 843 5181 884 5235; x_wconf 15' lang='grc' dir='ltr'>τί</span> <span class='ocrx_word' id='word_1_747' title='bbox 915 5182 938 5215; x_wconf 83' lang='grc'><em>‹</em></span> <span class='ocrx_word' id='word_1_748' title='bbox 975 5164 1113 5232; x_wconf 88' lang='lat' dir='ltr'>Quid</span> <span class='ocrx_word' id='word_1_749' title='bbox 1135 5164 1202 5218; x_wconf 92' lang='lat' dir='ltr'>ad</span> <span class='ocrx_word' id='word_1_750' title='bbox 1225 5180 1342 5231; x_wconf 87' lang='lat' dir='ltr'>nos,</span> <span class='ocrx_word' id='word_1_751' title='bbox 1376 5163 1430 5217; x_wconf 93' lang='lat' dir='ltr'>in</span> <span class='ocrx_word' id='word_1_752' title='bbox 1458 5177 1595 5235; x_wconf 92' lang='lat' dir='ltr'>quos</span> <span class='ocrx_word' id='word_1_753' title='bbox 1622 5161 1757 5216; x_wconf 90' lang='lat' dir='ltr'>ﬁnes</span> <span class='ocrx_word' id='word_1_754' title='bbox 1783 5162 2105 5216; x_wconf 73' lang='lat' dir='ltr'>szeculorum</span> 
     </span>
    </p>
   </div>
   <div class='ocr_carea' id='block_1_104' title="bbox 506 5234 1202 5291">
    <p class='ocr_par' dir='ltr' id='par_1_104' title="bbox 506 5234 1202 5291">
     <span class='ocr_line' id='line_1_104' title="bbox 506 5234 1202 5291; baseline -0.001 -2"><span class='ocrx_word' id='word_1_755' title='bbox 506 5234 896 5291; x_wconf 83' lang='lat' dir='ltr'>devenerunt?</span> <span class='ocrx_word' id='word_1_756' title='bbox 936 5255 958 5287; x_wconf 74' lang='grc' dir='ltr'><strong><em>ι</em></strong></span> <span class='ocrx_word' id='word_1_757' title='bbox 996 5237 1070 5289; x_wconf 78' lang='lat' dir='ltr'>Ls</span> <span class='ocrx_word' id='word_1_758' title='bbox 1109 5236 1202 5289; x_wconf 67' lang='grc' dir='ltr'>Ρη.</span> 
     </span>
    </p>
   </div>
   <div class='ocr_carea' id='block_1_105' title="bbox 574 5299 2106 5380">
    <p class='ocr_par' dir='ltr' id='par_1_105' title="bbox 574 5299 2106 5380">
     <span class='ocr_line' id='line_1_105' title="bbox 574 5299 2106 5380; baseline -0.007 -18"><span class='ocrx_word' id='word_1_759' title='bbox 574 5308 686 5380; x_wconf 88' lang='grc'>(10)</span> <span class='ocrx_word' id='word_1_760' title='bbox 709 5308 1070 5380; x_wconf 76' lang='lat' dir='ltr'>Paracletum</span> <span class='ocrx_word' id='word_1_761' title='bbox 1099 5321 1396 5380; x_wconf 77' lang='lat' dir='ltr'>agnoscere</span> <span class='ocrx_word' id='word_1_762' title='bbox 1426 5304 1554 5380; x_wconf 85' lang='lat' dir='ltr'>debe</span> <span class='ocrx_word' id='word_1_763' title='bbox 1572 5303 1926 5358; x_wconf 81' lang='lat' dir='ltr'>advocatum.</span> <span class='ocrx_word' id='word_1_764' title='bbox 1949 5299 2106 5380; x_wconf 75' lang='lat' dir='ltr'>Adiu-</span> 
     </span>
    </p>
   </div>
   <div class='ocr_carea' id='block_1_106' title="bbox 501 5371 2104 5449">
    <p class='ocr_par' dir='ltr' id='par_1_106' title="bbox 501 5371 2104 5449">
     <span class='ocr_line' id='line_1_106' title="bbox 501 5371 2104 5449; baseline -0.004 -16"><span class='ocrx_word' id='word_1_765' title='bbox 501 5371 593 5434; x_wconf 45' lang='lat' dir='ltr'>dit‘</span> <span class='ocrx_word' id='word_1_766' title='bbox 609 5371 678 5432; x_wconf 82' lang='lat' dir='ltr'>ad</span> <span class='ocrx_word' id='word_1_767' title='bbox 707 5371 1160 5449; x_wconf 66' lang='lat' dir='ltr'>signiﬁcationem</span> <span class='ocrx_word' id='word_1_768' title='bbox 1217 5376 1701 5449; x_wconf 66' lang='lat' dir='ltr'>vocis_mpa’tx)mreg_</span> <span class='ocrx_word' id='word_1_769' title='bbox 1731 5389 1852 5449; x_wconf 63' lang='lat' dir='ltr'>quae</span> <span class='ocrx_word' id='word_1_770' title='bbox 1906 5371 2104 5449; x_wconf 66' lang='grc' dir='ltr'>Δ(1ίίυο-</span> 
     </span>
    </p>
   </div>
   <div class='ocr_carea' id='block_1_107' title="bbox 500 5442 2100 5521">
    <p class='ocr_par' dir='ltr' id='par_1_107' title="bbox 500 5442 2100 5521">
     <span class='ocr_line' id='line_1_107' title="bbox 500 5442 2100 5521; baseline -0.007 -14"><span class='ocrx_word' id='word_1_771' title='bbox 500 5456 692 5508; x_wconf 81' lang='lat' dir='ltr'>catum</span> <span class='ocrx_word' id='word_1_772' title='bbox 722 5442 992 5521; x_wconf 55' lang='lat' dir='ltr'>signiﬁcat</span> <span class='ocrx_word' id='word_1_773' title='bbox 1020 5497 1032 5517; x_wconf 83' lang='grc'><em>,</em></span> <span class='ocrx_word' id='word_1_774' title='bbox 1071 5448 1165 5502; x_wconf 88' lang='lat' dir='ltr'>sed</span> <span class='ocrx_word' id='word_1_775' title='bbox 1199 5443 1425 5500; x_wconf 91' lang='lat' dir='ltr'>ridicula</span> <span class='ocrx_word' id='word_1_776' title='bbox 1452 5442 1534 5498; x_wconf 82' lang='lat' dir='ltr'>est</span> <span class='ocrx_word' id='word_1_777' title='bbox 1561 5442 1848 5514; x_wconf 84' lang='lat' dir='ltr'>applicatio</span> <span class='ocrx_word' id='word_1_778' title='bbox 1891 5443 2100 5497; x_wconf 86' lang='lat' dir='ltr'>Aucto-</span> 
     </span>
    </p>
   </div>
   <div class='ocr_carea' id='block_1_108' title="bbox 497 5523 1401 5577">
    <p class='ocr_par' dir='ltr' id='par_1_108' title="bbox 497 5523 1401 5577">
     <span class='ocr_line' id='line_1_108' title="bbox 497 5523 1401 5577; baseline 0.003 -3"><span class='ocrx_word' id='word_1_779' title='bbox 497 5527 592 5576; x_wconf 87' lang='lat' dir='ltr'>ris.</span> <span class='ocrx_word' id='word_1_780' title='bbox 656 5523 791 5575; x_wconf 76' lang='lat' dir='ltr'>PAM.</span> <span class='ocrx_word' id='word_1_781' title='bbox 1398 5574 1401 5577; x_wconf 90' lang='lat'><strong><em>_</em></strong></span> 
     </span>
    </p>
   </div>
   <div class='ocr_carea' id='block_1_109' title="bbox 567 5585 2098 5664">
    <p class='ocr_par' dir='ltr' id='par_1_109' title="bbox 567 5585 2098 5664">
     <span class='ocr_line' id='line_1_109' title="bbox 567 5585 2098 5664; baseline -0.003 -16"><span class='ocrx_word' id='word_1_782' title='bbox 567 5589 684 5663; x_wconf 86' lang='grc'>(11)</span> <span class='ocrx_word' id='word_1_783' title='bbox 714 5593 895 5664; x_wconf 86' lang='lat' dir='ltr'>Neque</span> <span class='ocrx_word' id='word_1_784' title='bbox 923 5592 1076 5650; x_wconf 86' lang='lat' dir='ltr'>enim</span> <span class='ocrx_word' id='word_1_785' title='bbox 1103 5589 1281 5658; x_wconf 80' lang='lat' dir='ltr'>refert</span> <span class='ocrx_word' id='word_1_786' title='bbox 1311 5586 1450 5644; x_wconf 87' lang='lat' dir='ltr'>duas</span> <span class='ocrx_word' id='word_1_787' title='bbox 1480 5587 1602 5658; x_wconf 84' lang='lat' dir='ltr'>quis</span> <span class='ocrx_word' id='word_1_788' title='bbox 1615 5600 1818 5644; x_wconf 73' lang='lat' dir='ltr'>uxores</span> <span class='ocrx_word' id='word_1_789' title='bbox 1839 5585 2098 5659; x_wconf 76' lang='lat' dir='ltr'>singulas</span> 
     </span>
    </p>
   </div>
   <div class='ocr_carea' id='block_1_110' title="bbox 2218 5012 3823 5090">
    <p class='ocr_par' dir='ltr' id='par_1_110' title="bbox 2218 5012 3823 5090">
     <span class='ocr_line' id='line_1_110' title="bbox 2218 5012 3823 5090; baseline 0.004 -21"><span class='ocrx_word' id='word_1_790' title='bbox 2218 5014 2500 5090; x_wconf 82' lang='lat' dir='ltr'>habuerit,</span> <span class='ocrx_word' id='word_1_791' title='bbox 2515 5032 2592 5071; x_wconf 89' lang='lat' dir='ltr'>an</span> <span class='ocrx_word' id='word_1_792' title='bbox 2600 5017 2823 5090; x_wconf 72' lang='lat' dir='ltr'>pariter</span> <span class='ocrx_word' id='word_1_793' title='bbox 2842 5018 3086 5090; x_wconf 69' lang='lat' dir='ltr'>singula:</span> <span class='ocrx_word' id='word_1_794' title='bbox 3096 5015 3243 5090; x_wconf 80' lang='lat' dir='ltr'>duas</span> <span class='ocrx_word' id='word_1_795' title='bbox 3261 5014 3529 5090; x_wconf 64' lang='lat' dir='ltr'>fecerint.</span> <span class='ocrx_word' id='word_1_796' title='bbox 3549 5013 3687 5077; x_wconf 83' lang='lat' dir='ltr'>Imo,</span> <span class='ocrx_word' id='word_1_797' title='bbox 3700 5012 3823 5082; x_wconf 74' lang='lat' dir='ltr'>qui.</span> 
     </span>
    </p>
   </div>
   <div class='ocr_carea' id='block_1_111' title="bbox 2216 5084 3823 5158">
    <p class='ocr_par' dir='ltr' id='par_1_111' title="bbox 2216 5084 3823 5158">
     <span class='ocr_line' id='line_1_111' title="bbox 2216 5084 3823 5158; baseline -0.003 -18"><span class='ocrx_word' id='word_1_798' title='bbox 2216 5087 2510 5157; x_wconf 88' lang='lat' dir='ltr'>plurimum</span> <span class='ocrx_word' id='word_1_799' title='bbox 2559 5084 2743 5156; x_wconf 79' lang='lat' dir='ltr'>refert,</span> <span class='ocrx_word' id='word_1_800' title='bbox 2794 5084 2972 5144; x_wconf 78' lang='lat' dir='ltr'>edicto</span> <span class='ocrx_word' id='word_1_801' title='bbox 3032 5084 3276 5158; x_wconf 64' lang='lat' dir='ltr'>praetoris</span> <span class='ocrx_word' id='word_1_802' title='bbox 3329 5084 3543 5158; x_wconf 85' lang='lat' dir='ltr'>infamia</span> <span class='ocrx_word' id='word_1_803' title='bbox 3593 5090 3823 5138; x_wconf 88' lang='lat' dir='ltr'>notatur</span> 
     </span>
    </p>
   </div>
   <div class='ocr_carea' id='block_1_112' title="bbox 2214 5156 3821 5230">
    <p class='ocr_par' dir='ltr' id='par_1_112' title="bbox 2214 5156 3821 5230">
     <span class='ocr_line' id='line_1_112' title="bbox 2214 5156 3821 5230; baseline -0.002 -19"><span class='ocrx_word' id='word_1_804' title='bbox 2214 5156 2304 5228; x_wconf 87' lang='lat' dir='ltr'>qui</span> <span class='ocrx_word' id='word_1_805' title='bbox 2339 5159 2463 5230; x_wconf 90' lang='lat' dir='ltr'>bina</span> <span class='ocrx_word' id='word_1_806' title='bbox 2483 5160 2754 5227; x_wconf 81' lang='lat' dir='ltr'>Sponsalia</span> <span class='ocrx_word' id='word_1_807' title='bbox 2783 5160 3003 5215; x_wconf 84' lang='lat' dir='ltr'>binasve</span> <span class='ocrx_word' id='word_1_808' title='bbox 3034 5156 3272 5230; x_wconf 24' lang='lat' dir='ltr'>Vnuptias</span> <span class='ocrx_word' id='word_1_809' title='bbox 3339 5156 3530 5212; x_wconf 89' lang='lat' dir='ltr'>eodem</span> <span class='ocrx_word' id='word_1_810' title='bbox 3571 5163 3821 5226; x_wconf 82' lang='lat' dir='ltr'>tempore</span> 
     </span>
    </p>
   </div>
   <div class='ocr_carea' id='block_1_113' title="bbox 2213 5229 2985 5289">
    <p class='ocr_par' dir='ltr' id='par_1_113' title="bbox 2213 5229 2985 5289">
     <span class='ocr_line' id='line_1_113' title="bbox 2213 5229 2985 5289; baseline 0.005 -5"><span class='ocrx_word' id='word_1_811' title='bbox 2213 5229 2528 5284; x_wconf 80' lang='lat' dir='ltr'>constitutas</span> <span class='ocrx_word' id='word_1_812' title='bbox 2558 5231 2826 5284; x_wconf 88' lang='lat' dir='ltr'>habuerit.</span> <span class='ocrx_word' id='word_1_813' title='bbox 2859 5231 2985 5289; x_wconf 81' lang='lat' dir='ltr'>RIG.</span> 
     </span>
    </p>
   </div>
   <div class='ocr_carea' id='block_1_114' title="bbox 2285 5297 3819 5375">
    <p class='ocr_par' dir='ltr' id='par_1_114' title="bbox 2285 5297 3819 5375">
     <span class='ocr_line' id='line_1_114' title="bbox 2285 5297 3819 5375; baseline -0.006 -17"><span class='ocrx_word' id='word_1_814' title='bbox 2285 5301 2576 5375; x_wconf 73' lang='lat' dir='ltr'>(t2iNegat</span> <span class='ocrx_word' id='word_1_815' title='bbox 2594 5303 2890 5374; x_wconf 77' lang='lat' dir='ltr'>Scriptura</span> <span class='ocrx_word' id='word_1_816' title='bbox 2919 5317 3049 5375; x_wconf 84' lang='lat' dir='ltr'>quos</span> <span class='ocrx_word' id='word_1_817' title='bbox 3077 5303 3388 5375; x_wconf 66' lang='lat' dir='ltr'>nonnotat.</span> <span class='ocrx_word' id='word_1_818' title='bbox 3421 5297 3548 5352; x_wconf 79' lang='lat' dir='ltr'>Mihi</span> <span class='ocrx_word' id='word_1_819' title='bbox 3581 5297 3819 5375; x_wconf 77' lang='lat' dir='ltr'>primum</span> 
     </span>
    </p>
   </div>
   <div class='ocr_carea' id='block_1_115' title="bbox 2212 5368 3818 5444">
    <p class='ocr_par' dir='ltr' id='par_1_115' title="bbox 2212 5368 3818 5444">
     <span class='ocr_line' id='line_1_115' title="bbox 2212 5368 3818 5444; baseline -0.001 -21"><span class='ocrx_word' id='word_1_820' title='bbox 2212 5368 2329 5444; x_wconf 66' lang='lat' dir='ltr'>haec</span> <span class='ocrx_word' id='word_1_821' title='bbox 2366 5368 2584 5444; x_wconf 41' lang='lat' dir='ltr'>lege-nti,</span> <span class='ocrx_word' id='word_1_822' title='bbox 2637 5368 2881 5443; x_wconf 81' lang='lat' dir='ltr'>quamvis</span> <span class='ocrx_word' id='word_1_823' title='bbox 2925 5368 3105 5444; x_wconf 71' lang='lat' dir='ltr'>obiter</span> <span class='ocrx_word' id='word_1_824' title='bbox 3151 5381 3203 5426; x_wconf 89' lang='lat' dir='ltr'>et</span> <span class='ocrx_word' id='word_1_825' title='bbox 3266 5369 3656 5444; x_wconf 77' lang='lat' dir='ltr'>perfunctorie,</span> <span class='ocrx_word' id='word_1_826' title='bbox 3705 5368 3818 5422; x_wconf 90' lang='lat' dir='ltr'>du-</span> 
     </span>
    </p>
   </div>
   <div class='ocr_carea' id='block_1_116' title="bbox 2215 5440 3818 5514">
    <p class='ocr_par' dir='ltr' id='par_1_116' title="bbox 2215 5440 3818 5514">
     <span class='ocr_line' id='line_1_116' title="bbox 2215 5440 3818 5514; baseline 0 -20"><span class='ocrx_word' id='word_1_827' title='bbox 2215 5440 2445 5498; x_wconf 69' lang='lat' dir='ltr'>riuscula</span> <span class='ocrx_word' id='word_1_828' title='bbox 2471 5445 2587 5499; x_wconf 87' lang='lat' dir='ltr'>visa</span> <span class='ocrx_word' id='word_1_829' title='bbox 2618 5440 2741 5499; x_wconf 82' lang='lat' dir='ltr'>sunt</span> <span class='ocrx_word' id='word_1_830' title='bbox 2773 5446 2826 5498; x_wconf 92' lang='lat' dir='ltr'>in</span> <span class='ocrx_word' id='word_1_831' title='bbox 2873 5460 2937 5500; x_wconf 91' lang='lat' dir='ltr'>eo</span> <span class='ocrx_word' id='word_1_832' title='bbox 2994 5440 3404 5514; x_wconf 12' lang='lat' dir='ltr'>scriptore&#39;rqui</span> <span class='ocrx_word' id='word_1_833' title='bbox 3463 5440 3818 5514; x_wconf 80' lang='lat' dir='ltr'>traditionem</span> 
     </span>
    </p>
   </div>
   <div class='ocr_carea' id='block_1_117' title="bbox 2213 5512 3819 5584">
    <p class='ocr_par' dir='ltr' id='par_1_117' title="bbox 2213 5512 3819 5584">
     <span class='ocr_line' id='line_1_117' title="bbox 2213 5512 3819 5584; baseline -0.001 -16"><span class='ocrx_word' id='word_1_834' title='bbox 2213 5521 2493 5584; x_wconf 71' lang='lat' dir='ltr'>tantonere</span> <span class='ocrx_word' id='word_1_835' title='bbox 2525 5515 2845 5572; x_wconf 89' lang='lat' dir='ltr'>defenderat.</span> <span class='ocrx_word' id='word_1_836' title='bbox 2875 5518 2942 5573; x_wconf 86' lang='lat' dir='ltr'>At</span> <span class='ocrx_word' id='word_1_837' title='bbox 2975 5514 3049 5570; x_wconf 89' lang='lat' dir='ltr'>ibi</span> <span class='ocrx_word' id='word_1_838' title='bbox 3105 5512 3474 5580; x_wconf 80' lang='lat' dir='ltr'>erthodoxus,</span> <span class='ocrx_word' id='word_1_839' title='bbox 3537 5512 3630 5569; x_wconf 88' lang='lat' dir='ltr'>hic</span> <span class='ocrx_word' id='word_1_840' title='bbox 3680 5524 3819 5568; x_wconf 80' lang='lat' dir='ltr'>vero</span> 
     </span>
    </p>
   </div>
   <div class='ocr_carea' id='block_1_118' title="bbox 2212 5585 2881 5646">
    <p class='ocr_par' dir='ltr' id='par_1_118' title="bbox 2212 5585 2881 5646">
     <span class='ocr_line' id='line_1_118' title="bbox 2212 5585 2881 5646; baseline 0 -5"><span class='ocrx_word' id='word_1_841' title='bbox 2212 5601 2242 5641; x_wconf 88' lang='lat' dir='ltr'>a</span> <span class='ocrx_word' id='word_1_842' title='bbox 2280 5603 2408 5644; x_wconf 89' lang='lat' dir='ltr'>vero</span> <span class='ocrx_word' id='word_1_843' title='bbox 2435 5585 2650 5646; x_wconf 88' lang='lat' dir='ltr'>devius.</span> <span class='ocrx_word' id='word_1_844' title='bbox 2681 5586 2756 5644; x_wconf 81' lang='lat' dir='ltr'>LE</span> <span class='ocrx_word' id='word_1_845' title='bbox 2786 5589 2881 5645; x_wconf 84' lang='lat' dir='ltr'>Pn.</span> 
     </span>
    </p>
   </div>
  </div>
