4058 6172
339 338 450 401 985

1605 332 1803 396 LIBER
1839 333 1925 394 DE
1965 334 2378 399 MONOGAMIA.

3488 379 3489 382 η
3537 343 3650 406 986

348 492 388 523 ω
427 481 598 539 usque
639 464 896 555 volvitur,
929 470 985 519 et
1020 477 1186 555 rurus
1213 481 1251 513 ω
1272 461 1339 555 ad
1369 480 1401 514 α
1422 461 1712 532 replicatur
1740 461 1930 555 (Apoc.
1965 477 2011 555 Α
2047 463 2334 522 Pauluan
2366 468 2685 539 Evangelia,
2717 465 2912 540 inquit,
2935 481 3028 537 ego
3049 483 3140 524 vos
3163 470 3486 542 generaviﬂ
3509 474 3630 532 Cor.

338 575 382 626 ι,
419 561 652 624 8;xxn,
689 554 794 625 13),
820 552 895 608 ita
913 552 1226 608 ostenderet
1278 551 1331 604 in
1389 565 1449 605 se
1504 565 1625 606 esse
1671 557 1724 606 et
1786 550 1924 604 initii

342 647 634 703 decursum
666 642 733 697 ad
763 640 946 711 ﬁnem,
983 651 1036 696 et
1055 639 1175 697 ﬁnis
1229 655 1513 695 recursum
1567 638 1636 694 ad
1690 637 1936 704 initium;

339 743 402 790 ut
466 731 644 788 omnis
681 729 966 801 dispositio
1021 729 1077 784 in
1124 744 1246 784 eum
1301 727 1570 792 desinens,
1615 743 1711 798 per
1771 743 1938 799 quem

339 828 522 891 empta
548 825 649 885 est,
709 834 810 891 per
857 818 1177 874 Sermonem
1244 817 1451 873 scilicet
1508 816 1628 881 Dei,
1690 816 1782 887 qui
1811 830 1939 873 caro

341 911 545 968 factum
594 917 693 973 est,
762 907 986 979 proinde
1068 905 1279 962 desinat
1359 905 1812 978 quemadmodum
1887 912 1942 960 et

340 998 534 1070 caepit.
569 998 639 1052 Et
681 997 816 1053 adeo
845 997 898 1051 in
929 997 1146 1052 Christo
1185 995 1366 1052 omnia
1406 1005 1728 1051 revocantur
1785 996 1830 1032 ιίι
1868 995 1936 1050 ad

341 1087 582 1153 initium,
606 1093 665 1140 ut
697 1093 752 1141 et
821 1084 952 1141 ﬁdes
1005 1101 1220 1143 reversa
1268 1085 1337 1140 sit
1389 1085 1803 1142 circumcisione
1873 1084 1939 1139 ad

339 1176 709 1246 integritatem
765 1174 940 1230 carnis
989 1175 1156 1245 illius,
1205 1175 1347 1230 sicut
1389 1175 1454 1229 ab
1504 1174 1658 1229 initio
1708 1174 1838 1245 fuit;
1883 1183 1935 1230 et

343 1264 570 1320 libertas
650 1263 893 1320 ciborum
953 1270 1006 1318 et
1051 1263 1332 1336 sanguinis
1386 1263 1556 1318 solius
1611 1262 1941 1318 abstinentia

341 1355 489 1412 sicut
514 1353 581 1408 ad
609 1352 764 1408 initio
820 1351 948 1421 fuit;
992 1360 1046 1407 et
1084 1352 1408 1409 matrimonii
1445 1351 1812 1420 individuitas,
1863 1351 1941 1405 si-

344 1442 525 1500 cutad
555 1441 707 1498 initio
764 1439 866 1496 fuit
925 1448 1025 1496 :et
1082 1441 1292 1512 repudii
1347 1440 1624 1507 cohibitio,
1669 1441 1813 1512 quod
1874 1439 1940 1496 ab

347 1532 504 1588 initio
534 1546 641 1586 non
671 1530 808 1596 fuit;
841 1539 895 1585 et
922 1537 1196 1601 postremo
1246 1536 1391 1586 totus
1449 1532 1614 1585 homo
1675 1529 1733 1584 in
1776 1545 1942 1600 para-

348 1622 531 1677 disum
604 1628 912 1689 revocatur,
957 1618 1049 1675 ubi
1096 1621 1164 1674 ab
1221 1619 1377 1674 initio
1430 1618 1552 1674 fuit.
1607 1619 1717 1674 Cur
1806 1631 1939 1690 ergo

348 1711 439 1767 vel
492 1724 874 1783 monogamum
928 1709 1020 1764 illo
1080 1724 1189 1764 non
1243 1708 1432 1765 debeat
1479 1708 1655 1764 Adam
1718 1705 1940 1772 referre,

353 1800 451 1870 qui
512 1814 621 1853 non
657 1759 862 1868 0potest
915 1808 1020 1854 tam
1092 1797 1362 1868 integrum
1427 1804 1699 1868 praestare,
1771 1811 1936 1867 quam
1988 1759 2031 1837 '

358 1886 488 1941 inde
534 1885 726 1941 missus
756 1887 878 1941 est?
905 1885 1181 1954 Quantum
1229 1885 1463 1956 pertinet
1491 1885 1673 1956 itaque
1720 1885 1785 1940 ad
1841 1883 1944 1940 ini-

355 1975 418 2030 tii
473 1975 876 2042 restitutionem,
936 1975 992 2028 id
1046 1989 1078 2028 a
1131 1982 1182 2029 te
1247 1974 1410 2046 exigit
1447 1984 1501 2030 et
1566 1973 1940 2044 dispositionis

353 2071 410 2119 et
432 2062 549 2133 spei
585 2070 685 2119 tute
714 2065 872 2133 ratio,
927 2063 1071 2135 quod
1125 2063 1194 2118 ab
1240 2062 1414 2132 initio,
1476 2063 1597 2134 fuit,
1647 2063 1945 2119 secundum

353 2150 568 2206 initium
601 2152 747 2222 quod
779 2151 874 2206 tibi
896 2159 951 2208 et
978 2151 1034 2205 in
1069 2151 1242 2206 Adam
1298 2159 1570 2217 censetur,
1625 2158 1676 2204 et
1713 2151 1769 2204 in
1827 2150 1942 2205 Noe

353 2251 682 2297 recensetur.
747 2240 902 2314 Elige
967 2239 1021 2294 in
1086 2255 1193 2310 quo
1263 2253 1453 2293 eorum
1511 2238 1724 2293 initium
1781 2245 1936 2293 tuum

350 2328 601 2399 deputes.
658 2331 718 2384 In
753 2328 1018 2384 ambobus
1074 2336 1124 2383 te
1179 2326 1278 2383 sibi
1329 2326 1691 2398 monogamiae
1746 2342 1946 2382 censu-

362 2433 423 2471 ra
459 2415 724 2472 defendit.
758 2417 865 2472 Sed
886 2417 1012 2472 etsi
1049 2415 1260 2471 initium
1292 2415 1602 2470 transmittit
1645 2415 1713 2469 ad
1759 2414 1946 2480 ﬁnem,

358 2512 419 2558 ut
443 2523 476 2556 α
501 2505 567 2559 ad
603 2526 665 2571 ω,
696 2503 969 2576 quomodo
1013 2501 1136 2558 ﬁnis
1182 2502 1407 2558 remittit
1445 2503 1507 2556 ad
1550 2502 1782 2570 initium,
1835 2511 1948 2558 uti.»

360 2593 431 2647 ad
452 2611 503 2663 αι,
541 2600 707 2664 atque
734 2593 808 2649 ita
860 2608 1053 2649 census
1096 2601 1280 2648 noster
1318 2591 1632 2647 transfertur
1688 2593 1742 2646 in
1789 2592 1948 2648 Chri-

358 2692 525 2749 stum,
555 2683 804 2739 animalis
836 2683 890 2738 in
916 2682 1239 2754 spiritalem,
1278 2681 1405 2754 quia
1432 2696 1536 2737 non
1590 2681 1764 2751 primo
1801 2681 1950 2752 quod

356 2770 604 2842 spiritale
664 2778 764 2839 est,
796 2770 893 2825 sed
923 2770 1070 2841 quod
1099 2769 1348 2839 animale,
1381 2769 1574 2824 dehinc
1603 2771 1750 2841 quod
1788 2768 1951 2839 spiri-

361 2861 467 2915 tale
501 2879 513 2914 :
546 2860 772 2931 proinde
814 2857 994 2916 936
1025 2859 1329 2924 videamus,
1362 2873 1427 2912 an
1475 2857 1709 2929 idipsum
1757 2857 1952 2913 debeas

361 2949 490 3006 huic
522 2963 738 3021 quoque
761 2948 948 3006 censui
983 2949 1258 3014 secundo;
1293 2962 1361 3000 an
1392 2947 1445 3002 in
1477 2949 1659 3002 eadem
1726 2955 1776 3000 te
1831 2945 1946 3001 for-

2048 558 2071 608 1
2098 570 2152 620 v,
2197 554 2328 624 16.).
2360 555 2532 612 Etiam
2568 557 2803 611 Abrahae
2832 565 2884 612 et
2911 554 3084 612 ﬁlium
3108 557 3320 614 exhibe.
3351 561 3472 617 Non
3502 561 3648 617 enim

2055 644 2300 714 passivus
2329 645 2443 714 tibi,
2478 661 2677 700 census
2707 645 2823 717 (13)
2854 655 2937 701 est
2991 646 3046 700 in
3079 646 3195 702 illo.
3229 648 3446 706 Certum
3496 659 3642 707 tem-

2049 749 2146 804 pus
2180 740 2281 800 est,
2312 750 2420 806 quo
2463 742 2589 789 tuus
2620 742 2774 804 pater
2823 742 2924 790 est.
2969 733 3026 790 Si
3084 735 3228 789 enim
3275 751 3341 792 ex
3399 736 3504 795 ﬁde
3550 739 3644 795 ﬁlii

2047 823 2369 891 deputamur
2423 823 2670 893 Abrahae,
2733 835 2791 878 ut
2861 823 3156 895 Apostolus
3202 825 3376 892 docet,
3451 829 3634 887 dicens

2049 911 2114 966 ad
2142 910 2390 966 Galatas:
2431 913 2768 983 Cognoscitis
2804 928 3026 984 nempe,
3079 915 3217 986 quia
3271 917 3367 987 qui
3397 931 3469 972 ea:
3515 919 3649 988 ﬁde,

2050 1001 2148 1055 isti
2184 1005 2318 1057 sunt
2347 1002 2460 1069 ﬁlii
2487 1002 2722 1058 Abrahae
2747 1001 2961 1071 (Galat.
2986 1017 3065 1070 III,
3097 1002 3153 1073 7)
3186 1021 3200 1068 ;
3255 1005 3476 1076 quando
3524 1021 3652 1063 cre-

2051 1089 2186 1144 didit
2223 1089 2495 1144 Abraham
2536 1091 2672 1159 Deo,
2703 1099 2757 1146 et
2796 1090 3113 1161 deputatum
3169 1099 3251 1146 est
3299 1093 3347 1147 ei
3379 1092 3432 1147 in
3486 1095 3652 1163 justi-

2051 1177 2235 1233 tiam?
2306 1177 2532 1248 Opinor,
2633 1178 2807 1233 adhuc
2858 1180 2912 1234 in
2996 1181 3357 1251 mon0gamia,
3419 1182 3544 1253 quia
3599 1184 3653 1239 in

2049 1265 2457 1321 circumcisione
2488 1265 2744 1321 nondum.
2769 1266 2928 1335 Quod
2995 1267 3040 1322 si
3077 1279 3263 1340 postea
3323 1269 3376 1325 in
3433 1281 3646 1326 utrum-

2051 1370 2154 1424 que
2187 1363 2417 1411 mutatus
2447 1364 2546 1421 est,
2581 1363 2635 1410 et
2665 1355 2719 1410 in
2749 1355 3040 1428 digamiam
3103 1375 3198 1428 per
3241 1360 3451 1416 ancillae
3509 1377 3648 1417 con-

2051 1443 2381 1515 cubinatum,
2439 1453 2492 1500 et
2556 1444 2608 1499 in
2652 1444 3116 1501 circumcisionem
3183 1463 3277 1517 per
3340 1439 3652 1505 testamenti

2052 1531 2411 1603 signaculum,
2479 1549 2584 1586 non
2646 1541 2801 1604 potes
2857 1533 3006 1588 illum
3065 1543 3276 1606 patrem
3327 1552 3646 1609 agnoscere,

2053 1619 2158 1673 nisi
2187 1627 2333 1685 tunc,
2364 1635 2485 1675 cum
2542 1622 2655 1674 Deo
2710 1621 2972 1693 credidit;
3007 1622 3279 1692 siquidem
3337 1625 3638 1681 secundum

2053 1706 2212 1762 ﬁdem
2238 1707 2376 1763 ﬁlius
2415 1709 2534 1776 ejus
2563 1725 2640 1779 es,
2673 1725 2778 1764 non
2811 1711 3108 1765 secundum
3142 1726 3386 1767 carnem.
3426 1714 3538 1770 Aut
3596 1715 3644 1770 si

2057 1797 2405 1870 posteriorem
2454 1799 2722 1853 Abraham
2770 1807 2976 1870 patrem
3032 1801 3297 1871 sequeris,
3355 1802 3409 1856 id
3465 1803 3658 1859 estdi-

2053 1903 2288 1959 gamum,
2343 1889 2524 1958 recipe
2579 1895 2632 1941 et
2670 1887 3059 1943 circumcisum.
3116 1889 3171 1943 Si
3211 1888 3394 1961 rejicis
3424 1891 3658 1948 circum-

2054 1976 2246 2047 cisum,
2281 1991 2412 2047 ergo
2469 1975 2748 2031 recusabis
2797 1987 2850 2032 et
2885 1976 3181 2050 digamum.
3213 1979 3358 2032 Duas
3424 1980 3660 2052 disposi-

2056 2067 2230 2121 tiones
2266 2067 2405 2134 ejus,
2438 2064 2578 2120 binis
2627 2065 2764 2120 inter
2794 2082 2850 2121 se
2880 2067 3060 2122 modis
3107 2066 3374 2132 diversas,
3431 2069 3660 2125 miscere

2056 2169 2163 2209 non
2194 2155 2414 2225 poteris.
2446 2154 2704 2226 Digamus
2733 2169 2854 2208 cum
2884 2156 3292 2211 circumcisione
3323 2172 3446 2212 esse
3494 2172 3660 2213 orsus

2056 2248 2154 2311 est,
2206 2257 2564 2314 monogamus
2609 2257 2731 2297 cum
2764 2243 3193 2315 praeputiatione.
3237 2245 3458 2318 Recipis
3504 2244 3668 2320 diga-r

2058 2329 2262 2387 miam‘?
2291 2329 2510 2384 admitte
2538 2335 2592 2383 et
2622 2329 3107 2389 circumcisionem.
3138 2328 3330 2386 Tueris
3358 2331 3662 2402 praeputia-

2059 2419 2259 2475 tionem
2289 2420 2318 2472 ἱ)
2346 2417 2545 2473 teneris
2573 2425 2626 2472 et
2655 2418 3033 2488 monogamim.
3074 2419 3226 2475 Adeo
3255 2427 3437 2474 autem
3468 2434 3661 2475 mono-

2059 2508 2201 2581 gami
2249 2507 2481 2562 Abrahae
2528 2505 2673 2561 ﬁlius
2719 2523 2796 2577 es,
2840 2506 2980 2563 sicut
3034 2514 3087 2562 et
3133 2507 3478 2579 praeputiati;
3523 2514 3583 2563 ut
3613 2507 3660 2563 si

2059 2596 2475 2665 circumcidaris,
2494 2596 2604 2664 jam
2617 2610 2722 2650 non
2741 2595 2818 2649 sis
2837 2593 2996 2660 ﬁlius,
3013 2597 3137 2666 quia
3167 2611 3275 2650 non
3301 2597 3409 2652 eris
3428 2612 3492 2652 ex
3522 2594 3650 2664 ﬁde,

2061 2686 2157 2741 sed
2188 2701 2254 2739 ex
2280 2684 2560 2756 signaculo
2613 2683 2735 2738 ﬁdei
2786 2683 2839 2736 in
2889 2683 3303 2753 przeputiatione
3325 2682 3654 2752 justiﬁcatae.

2060 2775 2240 2830 Habes
2261 2772 2602 2844 Apostolum,
2634 2771 2778 2826 disce
2805 2770 3162 2826 cumGalatis.
3187 2771 3414 2826 Proinde
3443 2772 3544 2826 etsi
3573 2771 3659 2825 di-

2060 2862 2291 2935 gamiam
2326 2860 2420 2916 tibi
2461 2858 2726 2925 intuleris,
2780 2873 2886 2912 non
2932 2874 2990 2912 es
3018 2858 3162 2912 illius
3206 2859 3437 2913 Abrahae
3493 2857 3660 2924 ﬁlius,

2059 2953 2214 3019 cujus
2243 2949 2374 3004 ﬁdes
2400 2949 2452 3002 in
2484 2945 2824 3018 monogamia
2848 2948 3139 3020 praecessit.
3174 2947 3311 3001 Nam
3351 2946 3452 3001 etsi
3476 2953 3662 3017 postea

363 3055 452 3093 ma
497 3053 612 3093 esse
665 3038 967 3102 conveniat.
1039 3037 1093 3091 in
1175 3051 1280 3108 qua
1336 3035 1662 3091 DOVissimus
1739 3049 1955 3106 quoque
1987 3009 2028 3087 θ
2062 3049 2215 3111 pater
2243 3038 2533 3092 multarum
2584 3036 2862 3090 nationum
2906 3044 3264 3107 nuncupatur,
3314 3036 3407 3091 sed
3474 3051 3663 3091 carum

359 3127 556 3196 Adam,
588 3127 643 3181 in
671 3143 776 3199 qua
813 3134 864 3182 et
895 3127 1099 3197 primus
1121 3142 1137 3192 ;
1159 3125 1373 3198 quando
1403 3124 1728 3182 novissimus
1757 3122 1951 3193 Adam,

360 3224 418 3279 id
447 3233 528 3280 est
548 3225 812 3295 Christus,
844 3224 1101 3294 innuptus
1132 3224 1184 3276 in
1212 3230 1407 3291 totum,
1431 3222 1575 3292 quod
1609 3223 1768 3277 etiam
1831 3220 1951 3291 pri-

360 3330 486 3369 mus
546 3314 739 3379 Adam,
793 3321 918 3368 ante
967 3312 1238 3368 exsilium.
1314 3311 1420 3366 Sed
1472 3311 1674 3366 donato
1722 3309 1954 3364 inﬁrmi-

359 3403 459 3460 tati
514 3413 616 3460 tuas
670 3403 848 3460 carnis
904 3417 1016 3458 suae
1083 3401 1350 3471 exemplo,
1423 3399 1712 3472 perfectior
1756 3401 1950 3465 Adam,

357 3492 417 3547 id
511 3503 591 3548 est
640 3492 907 3556 Christus,
972 3506 1037 3546 co
1091 3505 1308 3561 quoque
1391 3488 1606 3545 nomine
1664 3487 1954 3558 perfectior

356 3598 471 3653 qua
500 3581 778 3655 integrior,
824 3580 1020 3637 volenti
1067 3579 1286 3651 quidem
1338 3578 1437 3633 tibi
1493 3577 1662 3647 spado
1720 3576 1952 3632 occurrit

358 3671 416 3726 in
457 3686 654 3742 carne;
677 3670 721 3724 si
749 3685 876 3725 vero
905 3685 1010 3724 non
1044 3667 1268 3733 sufﬁcis,
1303 3681 1660 3738 monogamus
1714 3665 1948 3720 occurrit

361 3763 417 3816 in
449 3759 663 3831 spiritu,
694 3775 856 3814 unam
887 3757 1088 3812 habens
1114 3757 1414 3812 Ecclesiam
1442 3771 1720 3826 sponsam,
1752 3771 1954 3810 secun-

363 3849 494 3903 dum
532 3847 705 3903 Adam
754 3856 807 3902 et
851 3846 974 3901 Evas
1027 3845 1251 3916 ﬁguram
1285 3862 1299 3898 :
1331 3861 1490 3916 quam
1541 3843 1839 3914 Apostolus
1895 3842 1954 3896 in

363 3937 496 3992 illud
541 3953 794 4009 magnum
815 3944 1204 3991 sacramentum
1242 3935 1636 4006 interpretatur,
1687 3933 1740 3986 in
1795 3931 1952 3988 Chri-

357 4036 509 4082 stum
545 4034 597 4081 et
655 4025 971 4095 Ecclesiam,
1047 4023 1369 4092 competisse
1436 4021 1634 4077 carnali
1688 4035 1954 4090 monoga-

356 4117 487 4171 mize
538 4132 638 4187 per
687 4114 999 4185 spiritalem.
1066 4113 1224 4167 Vides
1264 4112 1428 4184 igitur
1499 4111 1956 4181 quemadmodum

355 4204 518 4260 etiam
595 4203 650 4257 in
731 4203 940 4257 Christo
1009 4214 1218 4255 novans
1280 4213 1520 4264 censum,
1596 4211 1702 4251 non
1777 4197 1952 4266 possis

357 4309 494 4349 eum
575 4293 693 4348 sine
739 4289 1095 4361 monogamia
1152 4286 1484 4358 professione
1539 4284 1780 4354 deferre,
1845 4284 1950 4338 nisi

2062 3145 2182 3201 quae
2213 3145 2276 3184 ex
2307 3125 2412 3180 ﬁde
2435 3125 2726 3198 digamiam
2763 3125 3095 3192 praecedente
3126 3124 3225 3179 ﬁlii
3254 3125 3526 3180 habebant
3555 3125 3659 3180 de-

2064 3216 2240 3290 putari
2257 3216 2506 3271 Abrahae.
2533 3213 2735 3269 Exinde
2757 3227 2844 3268 res
2866 3212 3117 3270 viderint.
3141 3213 3308 3268 Aliud
3332 3220 3457 3267 sunt
3473 3211 3661 3284 ﬁgura:

2061 3305 2207 3359 aliud
2235 3303 2439 3360 formae.
2460 3302 2616 3358 Aliud
2639 3301 2918 3372 imagines,
2935 3301 3082 3356 aliud
3111 3300 3479 3356 deﬁnitiones.
3503 3300 3650 3355 Ima-

2062 3391 2398 3466 gines937
2417 3401 2696 3447 transeunt
2736 3391 3058 3462 adimpletze,
3081 3389 3420 3444 deﬁnitiones
3439 3405 3657 3460 perma-

2063 3493 2192 3539 nent
2220 3481 2596 3553 adimplendae.
2631 3480 2902 3551 Imagines
2931 3480 3272 3549 prophetant,
3313 3477 3662 3534 deﬁnitiones

2063 3573 2382 3645 gubernant.
2443 3569 2585 3637 Quid
2627 3568 2861 3642 digamia
2917 3568 3008 3622 illa
3070 3567 3300 3623 Abrahae
3347 3567 3652 3637 portendat,

2060 3662 2201 3716 idem
2281 3660 2556 3729 apostolus
2627 3657 2835 3720 edocet,
2917 3656 3298 3727 interpretator
3377 3655 3658 3725 utriusque

2061 3749 2386 3806 Testamenti
2453 3749 2593 3803 sicut
2649 3747 2790 3800 idem
2851 3761 3034 3801 semen
3103 3752 3348 3800 nostrum
3403 3744 3459 3799 in
3511 3746 3662 3803 Isaac

2063 3847 2312 3896 vocatum
2351 3834 2686 3892 determinat.
2723 3834 2778 3889 Si
2817 3851 2882 3890 ex
2930 3834 3102 3890 libera
3140 3849 3218 3900 es,
3251 3833 3316 3886 ad
3361 3833 3510 3889 Isaac
3534 3849 3695 3902 per—.

2064 3928 2261 3994 tinens,
2292 3926 2377 3982 hic
2413 3934 2559 3983 certe
2589 3939 2754 3979 unum
2803 3921 3202 3978 matrimonium
3271 3920 3511 3992 pertulit.
3569 3920 3663 3976 Isti

2063 4017 2241 4088 itaque
2288 4022 2432 4078 sunt,
2477 4019 2533 4067 ut
2576 4011 2789 4083 Opinor,
2867 4011 2921 4066 in
2969 4010 3168 4082 quibus
3193 4024 3437 4064 censeor.
3486 4007 3665 4063 Crete-

2067 4122 2154 4161 ros
2210 4106 2409 4158 nescio.
2451 4102 2693 4172 Quorum
2730 4099 2775 4154 si
2803 4100 3044 4171 exempla
3097 4096 3490 4167 circumspicis,
3559 4097 3662 4152 ali-

2060 4194 2218 4262 cujus
2275 4189 2444 4244 David
2512 4189 2671 4243 etiam
2731 4202 2826 4257 per
2891 4187 3206 4258 sanguinem
3293 4185 3508 4254 nuptias
3555 4185 3663 4238 sibi

2061 4278 2380 4352 ingerentis,
2411 4276 2638 4346 alicujus
2680 4275 2980 4330 Salomonis
3039 4275 3199 4328 etiam
3245 4272 3510 4327 uxoribus
3565 4271 3657 4325 di-

358 4399 548 4448 carne,
579 4381 816 4454 sitquod
857 4355 1047 4450 spiritu
1100 4355 1188 4433 ille
1237 4385 1339 4441 est,
1390 4375 1511 4431 licet
1564 4385 1618 4430 et
1655 4375 1797 4444 quod
1856 4371 1960 4428 fuit
1991 4355 2214 4435 Dvitis;
2295 4365 2514 4420 meliora
2588 4362 2779 4454 sectari
2829 4364 3032 4454 jussus,
3085 4361 3275 4454 “habes
3338 4368 3391 4415 et
3451 4361 3652 4454 Ioseph

360 4474 417 4528 in
488 4487 670 4540 carne,
722 4486 873 4543 asque
918 4485 1038 4525 esse
1084 4465 1354 4523 debueris.
1425 4465 1530 4520 Sed
1577 4464 1750 4518 adhuc
1790 4463 1950 4518 nobis

357 4575 670 4632 quaramus
713 4560 922 4630 aliquos
991 4555 1217 4630 originis
1289 4553 1583 4626 principes.
1650 4552 1770 4606 Non
1829 4551 1947 4622 pla-

349 4659 478 4709 cent
524 4649 669 4704 enim
715 4648 1037 4717 quibusdam
1070 4646 1380 4717 monogami
1440 4650 1710 4712 parentes,
1771 4642 1944 4696 Adam

355 4746 417 4794 et
440 4739 577 4807 Noe,
609 4736 840 4792 fortasse
880 4752 977 4792 nec
998 4734 1262 4790 Christus.
1306 4732 1391 4786 Ab
1415 4731 1686 4786 Abraham
1715 4729 1953 4799 denique

361 4836 679 4900 provocant,
757 4825 1010 4897 prohibiti
1065 4832 1275 4894 patrem
1311 4821 1477 4877 alium
1535 4829 1735 4893 praeter
1773 4820 1948 4874 Deum

359 4930 676 4988 agnoscere.
701 4914 782 4970 Sit
825 4929 968 4969 nunc
997 4919 1146 4982 pater
1205 4919 1388 4965 noster
1439 4909 1734 4978 Abraham,
1787 4908 1857 4961 sit
1901 4913 1955 4960 et

2060 4457 2372 4530 unijugum,
2402 4463 2455 4510 et
2485 4454 2587 4507 hoc
2614 4449 2851 4515 nomine,
2876 4449 3049 4504 audeo
3067 4447 3266 4512 dicere,
3293 4455 3444 4517 patre
3466 4448 3657 4504 melio—

2059 4560 2199 4615 rem;
2255 4543 2421 4598 habes
2483 4541 2728 4612 Moysen,
2775 4536 2869 4592 Dei
2918 4536 2985 4590 de
3053 4535 3298 4605 proximo
3355 4534 3660 4604 arbitrum;

2060 4635 2226 4691 habes
2253 4634 2544 4701 Aaronem,
2583 4625 2937 4702 principalem
2971 4625 3327 4681 sacerdotem.
3373 4625 3664 4681 Secundus

2058 4740 2273 4796 quoque
2329 4725 2540 4792 Moyses
2565 4721 2677 4788 (14)
2709 4717 2898 4789 populi
2928 4713 3172 4782 secundi,
3215 4715 3306 4786 qui
3364 4715 3659 4786 imaginem

2060 4822 2300 4869 nostram
2328 4811 2383 4865 in
2415 4807 2854 4882 promisssionem
2884 4804 2984 4860 Dei
3003 4803 3232 4870 induxit,
3265 4805 3316 4857 in
3344 4816 3451 4872 quo
3486 4801 3660 4872 primo

2061 4916 2263 4956 nomen
2293 4897 2506 4956 Domini
2545 4895 2845 4952 dedicatum
2879 4903 2980 4961 est,
3014 4907 3122 4948 non
3150 4891 3250 4948 fuit
3281 4892 3552 4964 digamus.

1744 5034 1934 5096 Variae
1979 5031 2294 5093 lectiones.

439 5151 486 5188 1‘-
513 5147 907 5206 Bevocarentur
940 5145 1113 5203 Rhen.

1761 5236 2267 5302 Commentarius.

434 5355 548 5427 (l3)
579 5355 840 5410 Passivus
862 5353 965 5410 tibi
999 5365 1218 5414 census,
1254 5358 1359 5405 etc.
1394 5346 1675 5427 _Pass_ivum
1707 5363 1950 5416 censum,

361 5420 538 5496 inquit
585 5427 873 5480 Rhenanus
918 5431 1072 5496 vocat
1118 5438 1342 5496 censum
1391 5420 1682 5496 inﬁnitum,
1731 5435 1949 5488 vagum,

357 5491 608 5562 liberum,
641 5505 697 5552 et
719 5497 966 5552 licentem
996 5494 1107 5550 sive
1137 5493 1494 5549 licentiosum.
1532 5491 1665 5544 PAM.

433 5571 547 5638 (14)
582 5561 865 5625 Secundus
895 5564 1292 5639 quoquellfosgs
1329 5565 1539 5639 _Jesum
1583 5563 1742 5639 Nave
1786 5561 1953 5639 signi-

359 5632 510 5710 ﬁcat,
529 5632 600 5697 de
624 5643 781 5711 cujus
809 5632 1029 5711 nuptiis'
1050 5636 1180 5694 nihil
1229 5635 1506 5708 Scriptura
1553 5632 1788 5693 tradidit.
1855 5633 1964 5690 Ita-

2061 5357 2168 5413 que
2197 5355 2259 5393 ex
2289 5354 2353 5413 eo
2373 5353 2548 5413 neque
2570 5350 2666 5406 pro
2692 5333 2910 5413 nuptiis,
2936 5331 3398 5413 nequeadversus
3417 5329 3653 5413 nuptias,

2062 5399 2176 5466 sive
2231 5399 2635 5480 primasfsive
2670 5399 2951 5480 secundas,
3011 5399 3304 5480 quidquam
3358 5399 3652 5480 colligitur.

2061 5485 2129 5538 Et
2175 5471 2352 5536 tamen
2417 5471 2736 5548 Septimium
2779 5471 3416 5550 sequituriﬂicronymus
3453 5471 3586 5550 Ilib,
3609 5485 3661 5541 ι,

2061 5555 2326 5612 adversus
2351 5541 2718 5610 Iovinianum
2748 5569 2817 5623 ;-«
2839 5541 3087 5623 _Os_tende
3117 5543 3262 5623 mihi,
3315 5541 3508 5623 inquit,
3557 5541 3648 5597 Je-

2062 5611 2182 5682 sum
2207 5627 2371 5694 Nave,
2402 5623 2487 5682 vel
2515 5637 2738 5679 uxorem
2767 5619 3042 5686 habuisse,
3073 5614 3154 5670 vel
3181 5611 3346 5669 ﬁlios.
3380 5611 3407 5664 ii
3439 5611 3561 5670 Εἰς.
