4058 6172
440 273 545 335 987

1026 398 1253 454 CAPUT
1310 397 1426 451 VII.

512 489 639 544 Post
698 495 875 545 vetera
941 487 1185 557 exempla
1242 486 1593 559 originalium
1648 498 2029 555 personarum,

437 593 589 649 aeque
639 579 705 633 ad
760 587 940 635 vetera
984 586 1317 631 transeamus
1371 577 1724 631 instrumenta
1774 572 2034 647 legalium

436 666 858 735 Scripturarum,
891 674 949 721 ut
980 681 1075 735 per
1104 665 1346 720 ordinem
1378 665 1494 735 (15)
1526 664 1593 719 de
1648 662 1796 717 omni
1852 667 2036 715 nostra

438 765 689 827 paratura
720 764 1091 811 retractemus.
1125 755 1189 808 Et
1226 754 1481 825 quoniam
1512 753 1731 821 quidam
1761 750 2030 804 interdum

439 846 570 899 nihil
602 844 705 899 sibi
734 844 922 899 dicunt
944 860 1064 898 esse
1092 858 1213 899 cum
1250 843 1388 913 lege,
1419 858 1579 913 quam
1624 841 1869 895 Christus
1900 853 2032 909 non

438 934 704 999 dissolvit,
737 935 831 988 Sed
862 932 1189 1003 adimplevit,
1225 932 1497 986 interdum
1526 946 1647 1001 quae
1682 931 1869 985 volunt
1899 926 2035 997 legis

439 1024 740 1094 arripiunt;
775 1023 934 1094 plane
965 1031 1021 1076 et
1050 1036 1149 1076 nos
1204 1020 1282 1075 sic
1320 1020 1549 1075 dicimus
1607 1019 1900 1075 decessisse
1958 1016 2036 1069 le-

439 1129 585 1184 gem,
618 1121 673 1167 et
703 1127 867 1166 onera
895 1109 1110 1183 quidem
1152 1110 1306 1180 ejus;
1340 1124 1460 1180 qua)
1492 1107 1788 1163 secundum
1818 1112 2036 1161 senten-

441 1202 567 1256 tiam
622 1201 983 1269 apostolorum
1045 1214 1143 1254 nec
1192 1198 1377 1254 Patres
1424 1197 1691 1252 sustinere
1733 1196 2030 1260 voluerunt,

441 1290 807 1347 concesserint
838 1307 849 1345 :
876 1304 995 1362 quae
1053 1303 1181 1343 vero
1207 1288 1272 1341 ad
1297 1286 1557 1356 justitiam
1599 1290 1867 1355 spectant,
1928 1296 2035 1336 non

442 1385 649 1433 tantum
683 1384 957 1433 reservata
1007 1386 1374 1446 permaneant,
1432 1390 1612 1429 verum
1665 1384 1718 1427 et
1780 1371 2038 1443 ampliata

443 1475 499 1524 ut
544 1467 743 1522 scilicet
792 1466 1095 1520 redundare
1152 1464 1323 1536 possit
1371 1464 1582 1532 justitia
1634 1471 1817 1517 nostra
1873 1475 2038 1529 super

442 1556 747 1612 Scribarum
798 1562 852 1608 et
890 1555 1281 1609 Pharisaeorum
1350 1551 1639 1619 justitiam.
1704 1548 1762 1602 Si
1804 1546 2032 1617 justitia,

444 1645 628 1715 utique
654 1652 707 1698 et
734 1643 1011 1715 pudicitia.
1044 1642 1101 1694 Si
1132 1656 1281 1709 ergo,
1306 1638 1565 1709 quoniam
1599 1638 1652 1691 in
1687 1637 1803 1705 lege
1835 1634 2030 1703 praeci-

1130 270 1569 333 TERTULLIANI
1605 240 1879 331 OPERUM.
1910 269 2097 330 PARS.
2137 269 2206 330 Il.
2249 246 2319 315 -έ-
2353 270 2579 331 SERIBS
2615 270 2684 345 II,
2723 270 3037 333 MORALIA.

3620 273 3734 336 988

2143 394 2258 452 viro
2287 411 2443 464 uxor,
2474 396 2624 454 fratri
2662 398 2849 471 utique
2877 407 3109 470 nuptura
3137 398 3182 453 si
3230 399 3495 471 nupserit.
3528 398 3736 458 Omnes

2142 487 2287 541 enim
2318 502 2414 541 nos
2444 485 2632 543 fratres
2662 503 2851 543 sumus
2884 506 2897 541 :
2930 496 2985 543 et
3014 488 3102 542 illa
3130 496 3364 560 nuptura
3422 489 3479 543 in
3500 489 3735 546 Domino

2146 574 2301 629 habet
2330 576 2553 644 nubere,
2585 575 2639 629 id
2694 585 2796 643 est,
2852 590 2962 630 non
2997 576 3209 631 ethnico
3238 578 3332 631 sed
3362 575 3548 643 fratri;
3604 577 3731 647 quia

2146 672 2202 719 et
2228 670 2380 719 vetus
2408 665 2491 718 lex
2511 664 2697 719 adimit
2742 664 3056 736 conjugium
3123 665 3539 735 allOphylorum.
3596 666 3730 720 Cum

2144 760 2325 809 autem
2358 764 2410 809 et
2430 754 2486 807 in
2524 754 2765 810 Levitico
2792 762 3010 809 cantum
3042 753 3111 808 sit
3137 771 3149 808 :
3188 754 3518 827 Quicunque
3542 772 3737 827 sump-

2143 846 2282 900 serit
2303 846 2507 913 fratris
2519 859 2774 908 uxorem,
2790 842 3161 899 immunditia
3177 844 3736 915 est,turpitudo,sine

2146 933 2333 988 liberis
2371 934 2647 990 morietur
2676 933 2935 1003 15(Levit.
2964 948 3062 994 xx,
3108 934 3207 1003 31)
3233 951 3246 996 ;
3278 932 3587 998 sinedubio,
3602 933 3733 987 dum

2148 1020 2236 1075 ille
2278 1021 2590 1091 prohibetur
2644 1021 2819 1076 denuo
2876 1023 3100 1085 nubere,
3142 1028 3198 1075 et
3246 1020 3337 1075 illa
3384 1020 3724 1090 prohibetur,

2145 1124 2254 1164 non
2326 1110 2524 1165 habens
2602 1111 2805 1166 nubere
2860 1110 2961 1164 nisi
3029 1108 3197 1165 fratri.
3254 1108 3544 1179 Quomodo
3635 1125 3728 1164 er-

2145 1214 2217 1271 go
2247 1199 2508 1269 Apostolo
2546 1200 2831 1255 conveniet
2852 1207 2905 1254 et
2943 1199 3088 1271 Legi,
3115 1214 3272 1270 quam
3322 1213 3429 1254 non
3470 1198 3524 1252 in
3554 1207 3727 1255 totum

2147 1288 2444 1360 impugnat,
2503 1304 2628 1343 cum
2675 1288 2740 1342 ad
2800 1287 3081 1359 epistolam
3154 1287 3326 1359 ipsius
3403 1288 3727 1355 venerimus,

2145 1378 2477 1434 ostendetur.
2524 1377 2737 1431 Interim
2768 1377 2912 1448 quod
2960 1376 3224 1447 pertineat
3267 1376 3334 1431 ad
3362 1376 3577 1448 Legem,
3613 1394 3731 1432 ma-

2144 1467 2230 1539 gis
2261 1465 2739 1535 nobiscompetunt
2765 1464 3254 1535 argumentationes
3301 1464 3441 1534 ejus.
3487 1465 3732 1537 Denique

2147 1554 2397 1624 prohibet
2408 1553 2617 1621 eadem,
2632 1554 2941 1611 sacerdotes
2956 1554 3134 1609 denuo
3148 1554 3549 1620 nuberelLevit.
3571 1571 3730 1622 xxxi,

2151 1643 2258 1713 14).
2292 1631 2477 1698 Filiam
2533 1658 2750 1714 quoque
2796 1643 3083 1699 sacerdotis
3144 1644 3259 1712 (16)
3311 1642 3470 1712 jubet
3515 1644 3732 1699 viduam

443 1733 605 1803 pitur,
638 1742 696 1788 ut
722 1710 842 1802 quis
890 1729 1064 1784 fratris
1104 1729 1185 1784 sui
1244 1742 1474 1783 uxorem
1532 1725 1644 1780 sine
1706 1724 1893 1778 liberis
1939 1724 2039 1777 de-

2152 1736 2221 1791 rel
2253 1736 2498 1805 ejectam,
2525 1733 2570 1787 si
2591 1750 2775 1789 semen
2799 1748 2906 1789 non
2932 1732 3114 1804 fuerit,
3152 1733 3244 1798 illi,
3264 1710 3553 1788 in'domum
3573 1734 3735 1802 patris

442 1822 609 1878 functi
654 1821 709 1875 in
757 1818 1153 1873 matrimonium
1208 1817 1473 1885 adsumat,
1530 1814 1596 1868 ad
1657 1812 2034 1868 suscitandum

442 1910 589 1966 fratri
625 1924 722 1965 suo
768 1922 973 1974 semen,
1032 1906 1191 1976 idque
1242 1904 1443 1974 saepius
1487 1904 1707 1960 evenire
1765 1904 1817 1956 in
1874 1916 2034 1955 unam

443 2013 731 2071 personam
771 2003 944 2066 potest
979 1996 1273 2049 secundum
1303 1994 1551 2048 callidam
1592 1992 1734 2045 illam
1791 1989 2044 2061 quaestio-

444 2088 642 2144 tionem
683 2086 1124 2149 Sadducaeorum,
1160 2084 1279 2139 idco
1310 2090 1365 2137 et
1392 2082 1528 2137 alias
1568 2089 1754 2152 putant
1803 2078 2039 2151 permis-

444 2192 557 2231 sam
604 2173 959 2244 frequentiam
1008 2172 1355 2243 nuptiarum;
1390 2169 1691 2241 intelligere
1754 2168 2032 2222 debebunt

445 2264 620 2337 primo
649 2262 907 2319 rationem
939 2261 1112 2332 ipsius
1142 2259 1422 2332 praecepti,
1459 2268 1510 2313 et
1548 2260 1619 2313 ita
1674 2256 1843 2312 scient
1892 2256 2038 2308 illam

444 2355 713 2410 ratiomen
737 2352 848 2421 jam
871 2356 1173 2406 cessantem
1201 2364 1265 2403 ex
1310 2348 1390 2402 eis
1436 2361 1555 2401 esse
1605 2360 1725 2416 quae
1783 2348 2037 2399 evacuata

444 2450 569 2498 sunt
598 2442 756 2516 legis.
797 2439 1107 2495 Necessario
1155 2436 1550 2492 succedendum
1596 2442 1711 2487 erat
1742 2433 1796 2486 in
1848 2431 2038 2485 matri-

446 2531 688 2587 monium
718 2529 899 2585 fratris
928 2529 1044 2581 sine
1076 2526 1262 2603 liberis
1291 2524 1547 2579 defuncti.
1598 2521 1854 2585 Primum,
1914 2520 2039 2590 quia

448 2622 628 2675 adhuc
684 2626 845 2674 vetus
902 2617 993 2672 illa
1043 2612 1351 2669 benedictio
1424 2611 1708 2665 decurrere
1764 2608 2037 2663 habebat:

450 2710 691 2767 Crescite
719 2713 773 2765 et
794 2704 1105 2764 redundate
1133 2703 1295 2774 (Gen.
1317 2716 1357 2769 ι,
1391 2700 1502 2770 28).
1528 2698 1755 2763 Dehinc,
1790 2695 2044 2767 quoniam

447 2805 658 2870 patrum
686 2796 875 2851 delicta
927 2793 1084 2848 etiam
1115 2792 1181 2845 de
1230 2789 1354 2843 filiis
1408 2787 1780 2859 exigebantur.
1842 2784 2043 2847 Tertio,

449 2885 698 2956 quoniam
730 2883 993 2953 spadones
1024 2888 1078 2935 et
1106 2878 1316 2933 steriles
1372 2874 1716 2949 ignominiosi
1771 2875 2040 2928 habeban-

450 2983 554 3029 tur.
588 2974 794 3042 Itaque,
828 2985 895 3023 ne
911 2966 1134 3040 proinde
1168 2963 1432 3020 maledicti
1457 2961 1844 3033 judicarentur,
1868 2958 2038 3016 938

456 3062 547 3133 qui
610 3074 718 3114 non
766 3071 972 3113 naturae
1029 3064 1199 3118 reatu,
1239 3063 1293 3108 at
1348 3053 1537 3108 mortis
1589 3060 1871 3123 praeventu
1926 3050 2042 3106 orbi

450 3146 827 3214 decessissent,
846 3145 965 3199 ideo
994 3144 1101 3198 illis
1128 3158 1195 3197 ex
1216 3157 1313 3196 suo
1334 3156 1535 3215 genere
1563 3140 1783 3204 vicaria,
1816 3147 1869 3194 et
1891 3136 2046 3208 quasi

453 3246 742 3317 posthuma
805 3242 1022 3297 soboles
1078 3240 1485 3311 supparabatur.
1520 3239 1585 3291 At
1639 3236 1730 3291 ubi
1776 3246 1826 3290 et
1881 3237 2045 3292 Cres-

451 3336 565 3391 cite
621 3338 677 3389 et
728 3332 1041 3390 rcdundate
1073 3328 1355 3385 evacuavit
1385 3325 1695 3381 extremitas
1745 3334 2045 3394 temporum

452 3424 737 3479 inducente
788 3421 1049 3491 Apostolo
1078 3421 1119 3488 (l
1157 3422 1259 3477 Cor
1288 3434 1386 3481 vn,
1419 3419 1487 3469 29
1522 3434 1533 3469 :
1579 3416 1863 3487 Superest,
1894 3417 1959 3467 ut
1990 3416 2048 3468 et

450 3515 547 3589 qui
565 3513 770 3570 habent
792 3528 1016 3576 uxores,
1046 3510 1129 3565 sic
1158 3511 1294 3573 sint,
1328 3522 1394 3562 ac
1422 3508 1471 3561 si
1500 3520 1613 3559 non
1644 3503 1881 3559 habeant
1918 3502 2050 3572 quia

453 3609 673 3674 tempus
697 3604 758 3655 in
788 3601 1110 3657 collectoest
1132 3599 1368 3665 (Jercm.
1391 3609 1555 3657 χχχι,
1590 3592 1679 3661 29)
1704 3608 1717 3645 :
1752 3600 1842 3645 et:
1872 3589 2051 3645 Desiit

450 3708 560 3747 uva
580 3689 794 3751 acerba,
810 3705 843 3741 a
853 3686 1113 3758 patribus
1124 3684 1465 3740 manducata
1486 3682 1743 3749 ﬁliorum
1763 3679 1952 3735 dentes
1965 3676 2055 3731 ob-

450 3780 837 3849 stupefacere:
871 3776 1225 3845 unusquique
1255 3774 1409 3826 enim
1434 3772 1496 3825 in
1526 3786 1626 3825 suo
1657 3768 1889 3832 delicto;
1914 3768 2052 3823 orie-

455 3872 591 3932 tur;
621 3874 671 3918 et
716 3864 987 3933 spadones
1027 3877 1134 3914 non
1158 3870 1359 3915 tantum
1408 3855 1703 3930 ignominia
1740 3861 2049 3924 caruerunt,

453 3968 642 4008 verum
676 3960 725 4005 et
750 3948 979 4021 gratiam
1007 3954 1341 4016 meruerunt,
1366 3944 1573 4000 invitati
1594 3944 1647 3997 in
1694 3959 1855 4016 regna
1878 3941 2051 3998 caelo-

454 4057 599 4101 rum.
622 4038 833 4109 sepulta
862 4037 979 4111 lege
997 4034 1319 4092 succedendi
1340 4034 1392 4088 in
1418 4031 1823 4087 matrimonium
1854 4030 2048 4095 fratris,

454 4128 779 4186 contrarium
818 4127 936 4194 ejus
992 4124 1221 4179 obtinuit
1252 4140 1359 4179 non
1416 4121 1739 4179 succedendi
1772 4122 1825 4175 in
1856 4121 2043 4174 matri-

454 4220 698 4275 monium
715 4216 909 4273 fratris.
938 4218 999 4270 lit
1026 4216 1120 4285 ita,
1142 4224 1201 4269 ut
1224 4212 1648 4285 praediximus”,
1673 4212 1818 4283 quod
1852 4226 2042 4267 cessa-

2145 1822 2227 1879 sui
2248 1822 2484 1894 regredi,
2514 1831 2566 1878 et
2589 1824 2655 1878 de
2684 1838 2821 1893 pane
2850 1822 3069 1891 ejusali.
3094 1821 3293 1889 Ideo,si
3305 1837 3486 1877 semen
3500 1836 3606 1876 non
3618 1821 3737 1878 fue-

2146 1912 2233 1977 rit,
2265 1912 2361 1979 illi,
2392 1927 2520 1976 non,
2551 1920 2609 1966 ut
2634 1910 2681 1965 si
2701 1909 2879 1980 fuerit,
2894 1910 3075 1965 denuo
3096 1911 3262 1965 nubat
3292 1928 3303 1966 :
3338 1919 3542 1981 quanto
3560 1911 3735 1984 magis

2147 2000 2289 2055 enim
2332 2015 2439 2055 non
2469 2000 2712 2066 nubet,si
2742 1998 3086 2055 ﬁlioshabeat
3118 1997 3130 2052 ι
3155 1998 3252 2053 sed
3275 2008 3352 2064 ut,
3383 1999 3430 2053 si
3460 2000 3730 2068 habuerit,

2145 2105 2176 2143 a
2207 2089 2316 2145 tilio
2349 2091 2525 2159 p'otius
2551 2090 2718 2144 alatur
2746 2103 2907 2160 quam
2938 2104 2969 2142 a
3000 2096 3172 2157 patre,
3193 2103 3301 2158 quo
3331 2096 3385 2142 et
3420 2086 3562 2142 filius
3589 2103 3734 2161 pra:-

2147 2187 2359 2250 ceptum
2410 2179 2509 2233 Dei
2554 2187 2881 2249 exsequatur
2904 2220 2917 2243 ,
2957 2180 3102 2235 Hora
3136 2181 3365 2249 patrem
3392 2184 3445 2235 et
3490 2181 3735 2234 matrem

2150 2269 2341 2335 (Levii.
2377 2282 2543 2333 xxxx,
2572 2270 2681 2335 l3).
2703 2267 2815 2322 Nos
2839 2274 3013 2321 autem
3025 2267 3181 2320 Iesus
3207 2281 3450 2320 summus
3484 2266 3736 2321 sacerdos

2148 2365 2201 2411 et
2232 2371 2459 2427 magnus
2498 2354 2689 2423 Patris,
2730 2356 2797 2407 de
2823 2370 2922 2409 suo
2949 2353 3181 2410 vestiens
3213 2354 3358 2424 (quia
3406 2352 3622 2425 [Galat.
3650 2370 3733 2417 tu.

2150 2444 2236 2516 27]
2254 2448 2350 2517 qui
2373 2447 2431 2498 in
2460 2444 2677 2499 Christo
2692 2444 3055 2514 tinguuntur,
3083 2440 3736 2510 Christuminduerunt),

2149 2534 2465 2590 sacerdotes
2515 2536 2619 2589 Deo
2649 2532 2815 2588 Patri
2830 2548 2930 2588 suo
2941 2533 3081 2602 fecit
3109 2531 3223 2601 (ΓΙ)
3254 2532 3543 2587 secundum
3570 2532 3735 2585 Joan-

2150 2640 2273 2677 nem
2333 2622 2529 2694 (Apoc.
2590 2636 2628 2683 ι,
2695 2621 2772 2691 6).
2842 2621 2977 2674 Nam
3043 2628 3094 2674 et
3145 2618 3298 2675 illum
3353 2620 3737 2676 adolescentem

2152 2710 2491 2767 festinantem
2532 2708 2597 2763 ad
2653 2707 2937 2781 exsequias
2990 2708 3157 2779 patris
3204 2708 3327 2765 ideo
3372 2718 3610 2773 revocat,
3678 2716 3741 2766 ut

2151 2802 2398 2855 ostendat
2462 2798 2769 2855 sacerdotes
2824 2814 2921 2853 nos
2975 2800 3155 2854 vocari
3188 2797 3254 2852 ab
3300 2813 3366 2853 eo
3397 2838 3411 2863 ,
3457 2814 3593 2869 quos
3656 2798 3741 2853 lex

2150 2886 2368 2940 vetabat
2396 2892 2671 2956 parentum
2702 2885 2996 2955 sepulturae
3016 2886 3207 2941 adesse
3240 2901 3253 2938 :
3287 2885 3465 2956 Super
3497 2898 3743 2952 omnem,

2148 2974 2341 3044 inquit,
2399 2975 2655 3029 animam
2730 2972 3063 3043 defunctam
3115 2973 3231 3044 (l8)
3303 2973 3555 3029 sacerdos
3628 2988 3743 3028 non

2154 3062 2435 3129 introibit,
2482 3069 2537 3119 et
2564 3078 2733 3134 super
2760 3066 2981 3134 patrem
3010 3078 3180 3118 suum
3210 3068 3259 3119 et
3304 3076 3473 3133 super
3500 3064 3744 3117 matrem

2151 3170 2315 3209 suam
2345 3168 2457 3207 non
2478 3152 2968 3208 contaminabitur
2994 3151 3190 3220 (Levit.
3213 3165 3353 3213 χιιι,
3388 3150 3496 3216 13).
3522 3149 3669 3219 Ergo
3695 3157 3748 3202 et

2156 3257 2254 3297 nos
2287 3242 2385 3296 hoc
2411 3238 2590 3296 939
2612 3239 2947 3295 interdictum
2980 3240 3271 3296 observare
3300 3239 3608 3294 debemus?
3638 3252 3747 3292 non

2155 3329 2357 3401 utique.
2428 3329 2569 3384 Vivit
2621 3331 2761 3383 enim
2819 3329 3012 3383 unicus
3066 3337 3219 3399 pater
3258 3336 3442 3383 noster
3469 3328 3636 3394 Deus,
3694 3336 3747 3382 et

2155 3421 2325 3473 mater
2364 3417 2621 3481 Ecclesia;
2657 3424 2711 3471 et
2765 3431 2936 3489 neque
2985 3417 3087 3487 ipsi
3144 3417 3337 3473 mortui
3389 3431 3597 3479 sumus,
3656 3414 3753 3483 qui

2156 3507 2270 3561 Deo
2310 3506 2570 3573 vivimus;
2626 3521 2801 3576 neque
2857 3512 3103 3561 mortuos
3134 3505 3426 3572 sepelimus
3460 3546 3475 3571 ,
3505 3503 3631 3574 quia
3690 3510 3745 3557 et

2158 3595 2232 3649 illi
2285 3594 2470 3648 vivunt
2518 3593 2571 3646 in
2623 3593 2852 3649 Christo.
2911 3594 3066 3648 Certe
3124 3594 3430 3648 sacerdotes
3480 3606 3670 3646 sumus
3716 3606 3749 3644 a

2158 3682 2368 3737 Christo
2424 3683 2613 3747 vocati,
2676 3682 3032 3754 monogamite
3074 3682 3351 3736 debitores
3406 3696 3473 3736 ex
3509 3679 3750 3752 pristina

2157 3772 2252 3827 Dei
2300 3772 2440 3842 lege,
2481 3786 2601 3841 qua:
2641 3787 2736 3827 nos
2768 3781 2896 3826 tunc
2944 3771 2998 3826 in
3028 3769 3142 3828 suis
3186 3771 3563 3827 sacerdotibus
3618 3784 3749 3839 pro-

2159 3860 2419 3931 phetavit.

2757 3982 2983 4039 CAPUT
3013 3982 3155 4039 VIII.

2229 4126 2384 4181 Nunc
2452 4125 2518 4179 ad
2599 4126 2771 4196 legem
2826 4123 3046 4195 proprie
3104 4129 3364 4187 nostram,
3422 4120 3474 4175 id
3533 4129 3638 4187 est,
3683 4122 3749 4175 ad

2154 4214 2530 4284 Evangelium,
2557 4215 2824 4277 conversi,
2858 4212 3111 4283 qualibus
3129 4210 3432 4279 excipimur
3453 4207 3748 4279 exemplis!

454 4309 532 4364 vit
559 4308 733 4363 valere
760 4314 1004 4362 cessante
1026 4305 1253 4371 ratione,
1288 4320 1392 4359 non
1426 4310 1600 4375 potest
1631 4302 1720 4356 alii
1742 4317 2041 4373 argumen-
2069 4274 2113 4351 Β
2156 4304 2293 4358 Dum
2314 4302 2383 4357 ad
2413 4302 2701 4357 sententias
2750 4301 3112 4374 pervenimus,
3161 4314 3288 4354 ecce
3348 4298 3527 4352 statim
3594 4297 3751 4367 quasi

458 4398 714 4455 tationem
744 4396 1174 4454 accommodare.
1231 4396 1376 4468 Ergo
1406 4408 1513 4449 non
1570 4392 1737 4447 nubet
1790 4390 2048 4447 defuncto

2160 4392 2212 4445 in
2243 4391 2449 4459 limine,
2481 4390 2603 4447 duae
2646 4389 2690 4429 Π
2740 4389 2898 4446 nobis
2944 4389 3206 4444 antistites
3260 4386 3564 4445 christiana
3591 4400 3750 4440 sane-

1818 4489 2009 4551 Variee
2054 4492 2368 4552 lectiones.

532 4602 579 4640 15
611 4602 959 4659 Praedtcimus
998 4602 1180 4659 Venet.
1217 4599 1262 4639 ιδ
1291 4598 1588 4656 Moriemur
1618 4599 1791 4653 Fran.
1835 4597 2019 4654 Venet.
2064 4593 2109 4633 1⁷
2136 4595 2255 4651 Duo
2286 4598 2363 4651 at.

1863 4746 2358 4810 Commentarius.

532 4862 578 4928 (1
592 4863 646 4929 5)
660 4862 733 4915 De
745 4858 903 4915 omni
942 4861 1140 4915 nostra
1147 4858 1450 4929 paratum.
1476 4852 1751 4929 Significat
1768 4852 2047 4923 utriusque

459 4924 803 5007 Instrumenti
837 4946 931 4983 seu
962 4924 1289 4981 Testamenti
1321 4924 1641 5007 scripturas.
1672 4924 1799 5007 ﬁte.

534 5001 650 5072 (16)
684 5000 891 5055 Filiam
945 5014 1155 5072 quoque
1177 4994 1500 5072 sacerdotis,
1531 5006 1634 5072 etc.
1667 4994 2050 5072 Clariusbea-

467 5066 552 5127 tus
581 5066 981 5141 Hieronymus}
1011 5066 1369 5125 sacerdotalis
1399 5070 1556 5123 vidua
1588 5068 1642 5122 in
1672 5068 1833 5122 domo
1889 5066 2049 5141 jube-

468 5154 552 5197 tur
582 5138 979 5210 sedere'patris
1021 5143 1123 5206 sui,
1176 5157 1272 5195 nec
1328 5141 1623 5195 secundum
1664 5153 1824 5192 nosse
1863 5138 2051 5210 matri-

465 5214 727 5269 monium.
770 5208 872 5268 Sétl
916 5213 1112 5268 Auctor
1141 5212 1385 5283 sequitur
1433 5211 1592 5266 verba
1622 5210 1915 5279 Scripturac
1950 5208 2052 5260 Le-

468 5286 567 5342 vit.
590 5301 735 5339 xxu.
762 5286 899 5340 PAM.

538 5357 654 5427 (Π)
688 5357 1009 5427 Sacerdotes
1041 5372 1137 5411 nos
1168 5357 1273 5427 Deo
1332 5354 1494 5407 Patri
1524 5352 1685 5419 fecit.
1722 5350 1798 5402 De
1820 5345 2059 5427 intellec-

471 5437 524 5482 tu
546 5416 685 5483 \vero
713 5429 877 5497 hujus
910 5426 1013 5481 ieci
1042 5435 1091 5478 et
1124 5424 1428 5497 iverborum
1460 5416 1580 5491 quae
1610 5426 1911 5488 sequuntur
1940 5416 2061 5471 vide

472 5499 570 5555 lib.
604 5499 840 5570 praeced.
875 5513 997 5563 cap.
1030 5500 1083 5551 7.
1122 5496 1240 5570 Pais

543 5561 659 5639 (ιέ)
699 5571 899 5647 Super,
932 5561 1175 5641 amnem,
1208 5564 1401 5636 inquit,
1426 5564 1685 5619 animam
1714 5561 2065 5633 defunctam.

2158 4853 2445 4923 Comparat
2508 4851 2671 4907 etiam
2726 4852 2780 4905 in
2827 4851 2930 4906 hoc
2981 4850 3155 4921 legem
3212 4845 3760 4923 Evangelicamucum

2159 4916 2361 4994 Moysis
2411 4924 2547 4993 lege,
2583 4923 2724 4992 quod
2763 4923 2993 4994 sepelire
3022 4916 3239 4994 patrem.
3268 4916 3419 4972 suum
3454 4916 3755 4994 prohibeat

2165 4985 2811 5067 tur'sacerd'osm'agnus,
2829 4985 3168 5067 '_L_evit,'xx1,
3204 4990 3381 5067 Quare
3400 4986 3561 5067 etiam
3599 4985 3755 5067 _ap_ud

2159 5068 2442 5137 Auctorem
2465 5056 3162 5137 subintElligi'debet,'quod
3204 5056 3363 5137 paulo
3403 5058 3553 5129 prius
3581 5056 3763 5111 ἀειθ-

2163 5154 2222 5189 su
2266 5136 2465 5191 dictum
2506 5144 2606 5201 est,
2642 5131 2885 5191 summus
2905 5131 3159 5190 sacerdos
3189 5131 3304 5185 sive
3343 5145 3594 5201 magnus,
3634 5143 3765 5201 nam

2165 5207 2364 5277 alioqui
2399 5198 2772 5281 sacerdotibus
2813 5206 2931 5281 aliis
2959 5206 3168 5281 licebat
3199 5204 3399 5281 intrare
3432 5198 3613 5281 :supcr
3643 5198 3770 5281 ani:

2166 5270 2305 5331 mani
2341 5279 2524 5349 patris,
2560 5279 2769 5341 matris,
2829 5276 3017 5339 fratris,
3072 5286 3123 5349 et
3153 5275 3358 5349 sororis
3386 5270 3647 5349 virgipist
3686 5270 3766 5324 υῐί

2166 5341 2396 5405 habetur
2428 5341 2578 5404 initio
2608 5351 2849 5417 ejusdem
2878 5364 3000 5415 cap.
3028 5346 3161 5402 Hinc
3191 5346 3353 5401 etiam
3386 5344 3441 5397 Β.
3487 5341 3761 5417 Hiemi)!-

2174 5436 2292 5503 mus
2313 5400 3170 5503 demagnosacé‘vdo‘teﬁidipsum
3218 5418 3351 5473 citat
3395 5430 3484 5484 ep.
3542 5415 3636 5478 25,
3697 5400 3767 5466 de

2178 5492 2327 5548 obitu
2360 5490 2601 5549 Blaesillte
2633 5494 2698 5547 ad
2730 5490 2972 5546 Paulam.
2996 5492 3132 5545 Pu.
