4028 6188
297 345 406 412 989

295 473 462 532 titatis
489 481 798 540 occurrunt,
838 473 1178 548 monogamia
1229 482 1285 531 et
1336 474 1667 532 continentia
1711 493 1725 531 :

298 564 512 634 pudica,
577 563 634 619 in
678 561 930 618 Zacharia
1007 565 1311 630 sacerdote;
1363 565 1466 620 alia
1522 565 1754 638 integra,
1835 563 1889 618 in

297 653 507 710 Joanne
557 659 946 725 antecursore;
989 653 1092 708 alia
1143 654 1360 722 placans
1389 654 1578 721 Deum,
1613 654 1722 710 alia
1751 669 1900 727 prae-

302 741 494 798 dicans
517 740 820 808 Christum;
857 740 960 798 alia
989 749 1158 797 totum
1200 743 1506 812 praedicans
1545 743 1904 823 sacerdotem,
1928 750 1942 758 “

307 830 413 886 alia
443 830 564 901 plus
593 830 883 900 praeferens
910 846 1070 902 quam
1102 833 1399 901 propheten
1430 831 1498 898 18,
1523 832 1723 887 scilicet
1751 847 1897 898 eum,

308 917 404 990 qui
449 933 554 974 non
591 925 798 974 tantum
856 919 1243 991 praedicaverit,
1302 928 1397 975 aut
1452 919 1900 976 demonstraverit

311 1021 510 1072 coram,
556 1022 744 1062 verum
803 1007 963 1063 etiam
1030 1007 1379 1078 baptizaverit
1421 1008 1712 1066 Christum.
1769 1006 1904 1075 Quis

308 1093 445 1149 enim
477 1107 673 1164 corpus
701 1093 914 1148 Domini
953 1093 1172 1168 dignius
1200 1093 1436 1150 initiaret
1465 1095 1532 1162 19,
1555 1112 1713 1166 quam
1752 1096 1902 1164 ejus-

305 1181 447 1237 modi
475 1197 623 1248 caro,
650 1181 826 1252 qualis
853 1191 908 1237 et
957 1181 1203 1252 concepit
1263 1181 1390 1236 illud
1457 1189 1513 1236 et
1545 1181 1775 1253 peperit.
1834 1183 1904 1238 Et

303 1269 576 1326 Christum
623 1270 838 1342 quidem
875 1271 1031 1344 virgo
1075 1270 1232 1324 enixa
1289 1277 1394 1335 est,
1449 1275 1614 1326 semel
1672 1278 1904 1342 nuptura

299 1365 422 1428 post
450 1366 664 1428 partum
701 1360 838 1431 (l9),
879 1368 941 1416 ut
980 1364 1204 1429 uterque
1259 1358 1446 1414 titulus
1501 1359 1794 1415 sanctitatis
1849 1359 1902 1413 in

297 1445 498 1502 Christi
543 1462 708 1502 sensu
744 1447 1178 1518 dispuugeretur.
1227 1463 1326 1517 per
1355 1455 1577 1503 matrem
1634 1456 1687 1502 et
1738 1447 1905 1519 virgi-

307 1549 431 1589 nem
457 1537 512 1590 et
540 1535 823 1591 univiram.
853 1537 925 1590 At
984 1535 1078 1591 ubi
1099 1533 1276 1591 infans
1341 1535 1546 1605 templo
1594 1535 1900 1602 exhibetur,

307 1623 430 1696 quis
460 1623 608 1678 illum
643 1623 698 1678 in
725 1641 918 1680 manus
948 1625 1220 1697 suscipit?
1249 1625 1369 1698 quis
1401 1625 1456 1680 in
1484 1625 1677 1695 spiritu
1702 1625 1905 1696 primus

305 1714 552 1786 agnoscit
579 1717 608 1769 ‘?
667 1715 952 1782 Virjustus
977 1724 1030 1770 et
1059 1723 1266 1780 cautus,
1323 1723 1376 1769 et
1405 1715 1590 1787 utique
1605 1716 1656 1754 20
1692 1730 1798 1770 non
1824 1714 1906 1769 di-

1561 348 1756 411 LIBER
1794 347 1883 408 DE
1918 321 2361 416 uouocAMIA.‘

3490 359 3602 422 990

1785 473 1890 573 alia
1934 493 1980 573 Α
2010 478 2318 573 cathedram
2347 499 2498 540 suam
2528 484 2818 543 collocaret
2844 487 2914 552 22,
2964 503 3058 559 qui
3104 485 3443 542 sanctitatem
3469 501 3598 543 car-

2011 565 2095 621 nis
2137 569 2426 642 praecipere
2457 573 2652 644 magis,
2681 589 2790 630 non
2822 575 2982 632 etiam
3013 575 3163 630 obire
3206 575 3599 643 meminissent,

2007 670 2165 725 quam
2204 657 2308 714 illis
2327 662 2575 718 omnibus
2605 663 2784 719 modis
2803 664 3103 719 insinuarat
3140 664 3189 703 33
3211 672 3262 720 et
3303 663 3603 720 docendam

2009 751 2061 796 et
2086 747 2365 814 agendam,
2416 749 2467 804 in
2507 753 2698 821 primis
2735 753 2803 808 de
2835 768 2934 807 suo
2974 752 3246 824 exemplo,
3298 762 3422 809 tunc
3458 753 3508 792 ²⁸ι
3537 753 3604 809 de

2008 832 2217 888 caeteris
2258 839 2619 907 argumentis;
2665 856 2788 895 cum
2831 857 3140 914 puerorum
3189 840 3318 897 dicit
3350 856 3468 896 esse
3506 858 3600 899 re-

2007 937 2184 992 gnum
2230 927 2497 982 caelorum
2542 928 2764 999 (Matth.
2813 945 2980 995 xvm,
3027 932 3091 994 3;
3131 943 3287 996 xxxx,
3333 930 3450 1000 14);
3485 945 3606 987 cum

2010 1021 2286 1069 consortes
2306 1014 2412 1070 illis
2447 1015 2570 1072 facit
2590 1018 2725 1073 alios
2745 1028 2871 1088 post
2906 1019 3124 1091 nuptias
3147 1035 3372 1089 pueros;
3397 1035 3518 1074 cum
3537 1020 3606 1075 ad

2009 1102 2437 1173 simplicitatem
2458 1105 2726 1162 columbae
2757 1107 2975 1175 (Matth.
3015 1123 3181 1173 χχιχ,
3213 1111 3302 1178 16)
3326 1117 3604 1180 provocat,

2011 1188 2123 1244 avis
2150 1205 2256 1246 non
2290 1199 2499 1248 tantum
2536 1193 2801 1259 innocuae,
2832 1211 3024 1251 verum
3071 1206 3122 1251 et
3160 1196 3393 1267 pudicae,
3443 1213 3603 1269 quam

2011 1291 2173 1332 unam
2212 1296 2351 1334 unus
2399 1281 2672 1337 masculus
2718 1281 2864 1339 novit
2891 1283 3036 1353 (20);
3085 1299 3208 1338 cum
3255 1284 3606 1340 Samaritanus

2011 1365 2264 1421 maritum
2296 1376 2473 1438 negat,
2514 1379 2574 1424 ut
2621 1370 2921 1426 adulterum
2973 1372 3226 1428 ostendat
3257 1388 3606 1430 numerosum

2013 1454 2261 1509 maritum
2312 1458 2424 1525 (21)
2482 1457 2667 1526 (Joan.
2705 1473 2785 1523 tv,
2834 1458 2957 1529 17);
3009 1474 3133 1514 cum
3173 1459 3226 1514 in
3274 1462 3609 1518 revelatione

2013 1542 2204 1613 gloriae
2251 1559 2362 1600 sua:
2399 1545 2466 1599 de
2511 1553 2591 1601 tot
2637 1549 2833 1603 sanctis
2881 1555 2934 1602 et
2975 1548 3268 1617 prOphetis,
3305 1548 3524 1619 Moysen
3556 1556 3610 1604 et

2013 1629 2198 1686 Helian
2251 1649 2434 1689 secum
2485 1637 2702 1700 mavult,
2755 1636 2986 1690 alterum
3035 1651 3440 1706 monogamum,
3470 1637 3608 1692 alte-

2013 1735 2130 1773 rum
2170 1722 2461 1790 spadonem
2491 1723 2502 1776 l
2544 1723 2663 1777 Non
2712 1723 2855 1778 enim
2885 1724 3034 1779 aliud
3067 1724 3167 1780 fuit
3200 1723 3410 1789 Helias,
3442 1741 3607 1796 quam

340 1774 374 1786 ν
775 1774 791 1782 -
1256 1774 1264 1780 ι
1505 1774 1518 1787 ι
2199 1774 2212 1790 ι
2259 1774 2262 1775 ν
2314 1774 2460 1778 *ν’-κη
2492 1774 2501 1776 -
2545 1774 2663 1777 *τέ-ν
2719 1774 2855 1778 -------
2890 1774 3034 1779 η---η-
3067 1774 3166 1780 --η
3200 1774 3241 1779 --
3259 1774 3410 1789 """r
3447 1774 3606 1796 1""—

303 1817 519 1873 gamus,
551 1802 635 1859 vel
683 1819 750 1858 ne
796 1803 1016 1874 dignius
1071 1804 1117 1841 ²ι
1170 1819 1291 1858 mox
1340 1803 1582 1859 Christus
1625 1819 1655 1856 a
1711 1802 1908 1857 femina
1941 1774 1985 1852 Β
2011 1809 2266 1875 Joannes,
2290 1815 2389 1884 qui
2418 1815 2480 1868 in
2507 1814 2724 1868 virtute
2741 1818 2797 1868 et
2827 1814 3038 1884 spiritu
3066 1815 3222 1869 venit
3247 1815 3454 1883 Helice;
3480 1829 3606 1870 cum

306 1890 696 1958 praedicaretur
714 1898 897 1946 vetere
930 1891 1089 1946 vidua
1119 1901 1174 1946 et
1205 1890 1432 1958 univira,
1466 1907 1585 1963 quae
1613 1898 1667 1946 et
1696 1891 1896 1961 templo

311 1974 496 2030 dedita
525 1976 656 2031 satis
687 1977 738 2030 in
759 1977 1053 2048 semetipsa
1073 1977 1445 2048 portendebat,
1466 1979 1654 2049 quales
1671 1977 1900 2049 spiritali

317 2063 540 2134 templo,
600 2064 654 2119 id
684 2073 767 2120 est
793 2065 1048 2121 Ecclesia:
1099 2065 1334 2121 debeant
1387 2065 1684 2120 adhaerere.
1743 2064 1902 2121 Tales

315 2152 546 2208 arbitros
601 2153 774 2209 infans
810 2141 1074 2210 Dominus
1111 2160 1392 2224 expertus,
1430 2166 1538 2208 non
1559 2151 1696 2208 alios
1713 2152 1901 2209 habuit

315 2248 372 2296 et
398 2243 630 2298 adultus.
657 2244 873 2301 Petrum
905 2243 1081 2299 solum
1109 2243 1330 2298 invenio
1358 2241 1635 2310 maritum,
1667 2257 1758 2312 per
1809 2257 1898 2297 so-

309 2343 492 2397 crum;
527 2345 906 2403 monogamum
941 2346 1234 2403 presumo,
1270 2345 1366 2401 per
1400 2331 1718 2394 Ecclesiam,
1779 2344 1899 2400 quia

307 2436 470 2492 super
497 2421 650 2475 illum
679 2418 960 2485 aediﬁcata,
1011 2435 1224 2476 omnem
1271 2419 1496 2491 gradum
1554 2417 1760 2475 ordinis
1816 2419 1902 2474 sui

307 2509 376 2564 de
430 2509 766 2580 monogamis
811 2518 927 2564 erat
954 2509 1300 2565 collocutura.
1333 2508 1568 2564 Caeteros
1588 2523 1707 2564 cum
1731 2508 1900 2562 mari-

311 2604 396 2652 tos
441 2613 549 2652 non
578 2597 831 2662 invenio;
865 2605 956 2653 aut
1004 2597 1273 2666 spadones
1319 2595 1618 2667 intelligam
1673 2611 1903 2653 necesse

311 2697 414 2755 est,
434 2693 527 2740 aut
543 2685 904 2742 continentes.
926 2686 1036 2742 Nec
1063 2686 1208 2742 enim
1231 2685 1274 2740 si
1305 2700 1478 2756 penes
1499 2685 1720 2740 Graecos
1746 2700 1868 2742 com
1883 2714 1900 2727 ο

313 2775 461 2828 muni
498 2775 761 2832 vocabulo
790 2785 1078 2831 censentur
1124 2776 1380 2830 mulieres
1407 2783 1460 2830 et
1519 2789 1740 2842 uxores,
1803 2789 1902 2844 pro

313 2864 720 2919 consuetudinis
776 2863 1026 2919 facilitate
1098 2864 1396 2934 (caeterum,
1471 2871 1554 2920 est
1625 2865 1903 2935 pr0prium

315 2952 634 3006 vocabulum
672 2959 946 3020 uxorum),
1005 2951 1128 3005 ideo
1167 2951 1392 3006 Paulum
1439 2950 1517 3006 sic
1572 2951 1902 3021 interpreta-

320 3040 516 3103 bimur,
555 3038 712 3108 quasi
741 3039 1073 3093 demonstret
1103 3054 1302 3094 uxores
1329 3039 1606 3110 apostolos
1627 3039 1902 3097 habuisse.

319 3126 377 3180 Si
405 3125 474 3181 de
505 3125 856 3181 matrimoniis
890 3124 1194 3194 disputaret
1239 3127 1404 3196 (quod
1449 3125 1503 3180 in
1555 3126 1907 3198 sequentibus

319 3213 465 3280 facit,
495 3213 588 3268 ubi
623 3214 794 3286 magis
835 3214 1125 3285 Apostolus
1171 3213 1385 3284 aliquod
1433 3215 1746 3285 exemplum
1805 3230 1904 3270 no-

320 3301 528 3357 minare
557 3302 860 3373 potuisset),
893 3313 1036 3359 recte
1063 3303 1334 3362 videretur
1362 3304 1578 3360 dicere:
1613 3305 1731 3362 Non
1753 3307 1908 3361 enim

321 3391 585 3447 habemus
598 3396 942 3464 potestatem
970 3408 1180 3449 umores
1215 3393 1704 3463 circumducendi,
1732 3391 1909 3451 940

318 3482 469 3537 sicut
508 3483 702 3538 caeteri
730 3483 974 3554 apostoli
1006 3486 1062 3538 et
1098 3484 1308 3556 Cephas
1328 3482 1374 3551 (ι
1410 3483 1686 3548 Cor.1x)?
1716 3486 1784 3538 At
1815 3483 1904 3538 ubi

319 3585 380 3626 ea
403 3571 701 3643 subjungit,
742 3587 864 3640 quae
893 3571 960 3626 de
981 3571 1236 3628 victuaria
1275 3571 1604 3627 exhibitione
1634 3573 1908 3628 abstinen-

320 3659 443 3716 tiam
475 3659 613 3729 ejus,
665 3663 977 3726 ostenduut,
1009 3660 1240 3716 dicentis
1268 3679 1282 3717 :
1319 3662 1440 3718 Non
1478 3662 1631 3716 enim
1659 3666 1906 3733 potesta-

318 3753 432 3807 tem
486 3751 743 3808 habemus
787 3748 1176 3808 manducandi
1194 3755 1250 3808 et
1277 3751 1497 3809 bibendi
1523 3749 1552 3804 ?
1581 3766 1688 3804 non
1711 3765 1906 3805 uxores

315 3839 647 3896 demonstrat
673 3840 740 3894 ab
769 3840 1024 3910 apostolis
1064 3840 1479 3908 circumductas,
1541 3855 1676 3910 quas
1705 3848 1758 3894 et
1814 3838 1906 3911 qui

315 3943 427 3982 non
482 3927 708 3993 habent;
775 3935 1100 3998 potestatem
1165 3935 1343 3981 tamen
1419 3925 1774 3982 manducandi
1851 3934 1907 3981 et

312 4015 533 4071 bibendi
558 4015 784 4081 habent;
812 4015 903 4068 sed
933 4014 1250 4083 simpliciter
1295 4014 1566 4079 mulieres,
1630 4030 1752 4086 quae
1808 4014 1904 4069 illo

314 4104 504 4159 eodem
533 4103 791 4166 instituto,
823 4117 930 4171 quo
958 4108 1011 4157 et
1053 4100 1356 4157 Dominium
1383 4101 1724 4166 comitantes,
1795 4102 1902 4155 mi-

315 4190 633 4244 nistrabant.
664 4190 781 4244 Jam
808 4204 938 4246 vero
991 4190 1037 4244 si
1085 4189 1332 4244 Christus
1387 4190 1639 4257 reprobat
1692 4189 1905 4244 Scribas

316 4285 371 4332 et
400 4277 718 4345 Pharisaeos,
749 4277 1000 4332 sedentes
1031 4278 1083 4331 in
1113 4277 1362 4331 cathedra
1383 4277 1606 4346 Moysei,
1670 4292 1768 4332 nec
1823 4276 1903 4332 fa-

2005 1891 2106 1954 ilte
2134 1903 2358 1956 vorator
2378 1907 2432 1956 et
2461 1906 2690 1972 potator
2720 1901 2898 1967 homo,
2930 1902 3317 1975 prandiorum
3346 1908 3401 1959 et
3422 1920 3603 1960 caena-

2005 2003 2137 2041 rum
2176 2005 2304 2045 cum
2329 1989 2650 2060 publicanis
2689 1996 2744 2047 et
2777 1993 3163 2062 peccatoribus
3206 1995 3602 2064 frequentatur

2010 2075 2233 2145 (Matth.
2274 2092 2342 2144 x;
2402 2079 2532 2134 Luc.
2571 2093 2680 2143 ~xv,
2736 2081 2823 2149 i3,
2888 2081 2996 2149 19),
3066 2081 3229 2136 semel
3280 2080 3418 2150 apud
3463 2096 3600 2134 unas

2011 2165 2227 2233 nuptias
2275 2173 2453 2221 orenat
2507 2167 2687 2220 multis
2745 2165 2930 2237 utique
2967 2169 3318 2224 nubentibus.
3379 2167 3602 2224 Totiens

2011 2251 2153 2308 enim
2186 2254 2354 2310 voluit
2383 2255 2653 2311 celebrare
2682 2272 2793 2324 eas,
2824 2257 3074 2327 quotiens
3105 2266 3161 2313 et
3189 2271 3332 2315 esse.

2634 2353 2859 2411 CAPUT
2886 2357 2986 2411 IX.

2082 2491 2189 2548 Sed
2233 2492 2314 2549 ha
2346 2497 2843 2568 argumentationes
2885 2496 3065 2568 potius
3115 2497 3490 2554 existimentur
3538 2497 3606 2554 de

2011 2582 2339 2651 ocnjecturis
2382 2591 2600 2654 coactae,
2633 2584 2679 2638 si
2720 2601 2828 2640 non
2874 2593 2927 2640 et
2972 2586 3255 2642 sententiae
3303 2586 3597 2652 astiterint,

2011 2687 2145 2744 quas
2190 2672 2454 2727 Dominus
2499 2672 2674 2728 emisit
2730 2673 2781 2727 in
2833 2673 3038 2744 repudii
3088 2682 3400 2742 retractatu,
3460 2676 3607 2748 quod

2013 2761 2338 2829 permissum
2377 2760 2665 2829 aliquando
2703 2761 2817 2828 jam
2841 2760 3118 2829 prohibet;
3153 2761 3209 2816 in
3241 2762 3453 2832 primis,
3483 2763 3609 2834 quia

2013 2847 2081 2903 ab
2109 2849 2278 2905 initio
2315 2863 2432 2904 non
2461 2849 2578 2917 fuit
2605 2848 2705 2911 sic,
2759 2845 2900 2901 sicut
2932 2847 3256 2902 matrimonii
3303 2865 3560 2904 numerus
3589 2864 3606 2913 ;

2013 2943 2122 2990 tum
2151 2938 2283 3009 quia
2311 2952 2445 3007 quos
2475 2939 2616 2992 Deus
2645 2937 2952 3007 conjunxit
2973 2936 3134 2993 homo
3157 2951 3274 2992 non
3296 2937 3608 3009 separabit,

2015 3023 2238 3096 (Matth.
2272 3039 2399 3093 χιχ,
2427 3028 2479 3088 6,
2512 3025 2593 3095 8);
2625 3025 2852 3088 scilicet,
2889 3040 2957 3079 ne
2994 3034 3180 3081 contra
3215 3026 3503 3082 Dominum
3533 3027 3611 3083 fa-

2018 3113 2142 3168 ciat.
2187 3113 2345 3168 Solus
2391 3112 2535 3168 enim
2591 3113 2679 3167 ille
2725 3114 3018 3184 separabit,
3071 3114 3166 3187 qui
3202 3127 3253 3170 et
3279 3116 3600 3186 conjunxit;

2019 3202 2294 3273 separabit
2393 3213 2593 3272 autem,
2679 3217 2786 3258 non
2861 3219 2959 3272 per
3037 3204 3288 3260 duritiam
3371 3207 3609 3276 repudii,

2016 3308 2174 3362 quam
2253 3292 2548 3362 esprobrat
2607 3299 2662 3346 et
2725 3293 3059 3362 compescit,
3132 3293 3224 3348 sed
3288 3308 3379 3362 per
3451 3296 3611 3352 debi-

2017 3384 2131 3436 tum
2170 3380 2377 3436 mortis.
2411 3380 2688 3450 Siquidem
2750 3397 2901 3438 unus
2941 3397 3014 3438 ea:
3050 3382 3370 3453 passeribus
3404 3384 3613 3442 duobus

2015 3487 2130 3527 non
2144 3471 2296 3526 cadit
2316 3472 2381 3526 in
2402 3476 2618 3528 terram
2636 3472 2760 3528 sine
2779 3473 2962 3544 patris
2992 3473 3284 3528 voluntate
3301 3473 3522 3542 (Matth.
3550 3487 3609 3541 χ,

2014 3561 2127 3631 29).
2164 3559 2351 3634 Igitur,
2381 3562 2434 3616 si
2465 3576 2598 3632 quos
2627 3562 2768 3617 Deus
2797 3563 3122 3630 conjunxit,
3148 3561 3308 3616 homo
3328 3576 3444 3616 non
3462 3578 3616 3632 sepa-

2015 3649 2166 3706 rabit
2189 3649 2444 3719 repudio;
2469 3664 2618 3721 aeque
2635 3659 3054 3704 consentaneum
3082 3647 3245 3704 941
3277 3656 3376 3711 est,
3397 3659 3454 3703 ut
3475 3663 3615 3720 quos

2015 3739 2163 3794 Deus
2192 3739 2461 3809 separavit
2492 3745 2685 3802 morte,
2705 3738 2865 3793 homo
2885 3752 2994 3791 non
3023 3737 3321 3810 conjungat
3340 3738 3614 3793 matrimo-

2014 3826 2140 3895 nio;
2173 3826 2402 3897 proinde
2437 3835 2623 3882 contra
2660 3826 2758 3881 Dei
2780 3824 3119 3882 voluntatem
3135 3827 3423 3894 juncturus
3463 3840 3615 3898 sepa-

2015 3915 2307 3981 rationem,
2346 3921 2508 3986 atque
2554 3914 2599 3969 si
2651 3921 2953 3985 separasset
2995 3913 3452 3982 conjunctionem.
3503 3915 3617 3969 Hoc

2013 4012 2274 4075 quantum
2318 4005 2386 4058 ad
2438 4003 2532 4059 Dei
2579 4004 2911 4059 voluntatem
2959 4018 3068 4058 non
3119 4002 3523 4068 destruendam,
3565 4009 3619 4059 et

2015 4092 2145 4146 initi
2203 4090 2432 4146 formam
2485 4093 2870 4147 restruendam.
2917 4090 3206 4160 Craterum,
3259 4091 3450 4146 etalio
3481 4089 3616 4146 ratio

2021 4181 2330 4248 conspirat;
2373 4182 2479 4233 imo
2514 4194 2623 4234 non
2681 4181 2808 4247 alia,
2861 4180 2960 4232 sed
3021 4195 3142 4249 qute
3191 4178 3330 4232 initii
3388 4177 3616 4232 formam

2021 4270 2296 4338 imposuit,
2344 4274 2397 4318 ct
2444 4266 2771 4322 voluntatem
2817 4267 2912 4321 Dei
2957 4267 3125 4324 movit
3171 4267 3236 4319 ad
3285 4265 3620 4334 prohibitio-

317 4368 524 4422 cientes
577 4344 709 4438 quae
753 4367 1025 4432 docerent,
1072 4366 1226 4438 quale
1279 4373 1360 4421 est
1432 4344 1492 4421 ut
1555 4367 1671 4438 ipse
1738 4381 1903 4438 super
1937 4344 1981 4420 ο
2010 4373 2136 4415 nem
2156 4355 2403 4426 repudii:
2434 4355 2709 4423 Quoniam
2729 4357 2829 4427 qui
2850 4355 3137 4412 dimiserit
3166 4371 3406 4412 uxorem
3423 4370 3612 4421 suam,

1691 4513 1881 4577 Variae
1921 4512 2231 4576 lectiones.

386 4647 435 4725 πῇ
471 4649 806 4725 PrOphetans
845 4649 1018 4725 R_he_n.
1045 4647 1103 4725 ‘19
1130 4647 1355 4725 Initiarit
1382 4652 1542 4725 Leop,
1575 4654 1780 4725 gontra
1811 4663 2002 4725 omnes
2042 4643 2165 4703 edd.
2197 4641 2246 4681 ²ο
2279 4641 2516 4712 Uterque
2545 4637 2672 4694 alii.
2715 4637 2760 4677 ²ι
2794 4635 3075 4710 Indignius
3103 4638 3274 4693 Fran.
3312 4635 3530 4725 Oberth.
3567 4637 3616 4676 22

324 4719 624 4778 Collocarat
653 4724 821 4778 Fran.
871 4721 920 4760 2³
952 4719 1254 4777 lnsinuaret
1288 4719 1544 4779 Fran.“
1573 4721 1708 4776 Tum
1738 4723 1864 4776 Lat.

1718 4864 2219 4929 Commentarius.

393 4997 508 5070 (19)
539 4999 608 5053 Et
641 4995 928 5053 Christum
955 4994 1180 5070 quidem
1200 4999 1352 5069 virgo
1381 5000 1554 5070 enixa
1592 5002 1695 5065 est,
1743 4998 1915 5055 semel

321 5068 583 5142 nuptura
607 5072 729 5142 post
757 5068 1011 5142 partum.
1052 5068 1200 5142 lianc
1226 5068 1538 5142 Tertulliani
1586 5071 1911 5124 sententiam

323 5138 874 5195 asserenti‘llelvidio
946 5139 1271 5210 contradixit
1333 5139 1734 5210 Hieronymus:
1795 5142 1917 5195 «Et

321 5212 388 5265 de
417 5211 748 5266 Tertulliano
795 5210 1030 5279 quidem,
1055 5209 1249 5280 inquit,
1284 5209 1417 5264 nihil
1476 5209 1704 5281 amplius
1767 5212 1911 5276 dico,

318 5298 474 5350 quam
517 5281 770 5337 Ecclesiae
801 5281 1073 5335 hominem
1105 5297 1211 5336 non
1232 5282 1418 5336 E'uisse.
1456 5303 1476 5329 η
1500 5280 1711 5349 Quibus
1735 5282 1914 5338 verbis

321 5353 586 5424 significat
621 5353 944 5422 Septimium
975 5354 1244 5406 nonnulla’
1283 5353 1572 5422 scripsisse
1629 5353 1914 5410 Catholicis

322 5440 371 5477 m
393 5425 554 5478 inime
582 5435 965 5478 consentanea.
999 5424 1126 5478 th.

391 5494 504 5562 (20)
533 5496 708 5563 Quam
731 5511 904 5550 unam
927 5512 1075 5551 unus
1093 5496 1404 5551 masculus.
1428 5494 1584 5550 novit
1608 5494 1752 5549 Istud
1775 5493 1913 5549 forte

320 5565 477 5620 Plinii
508 5565 598 5619 lib.
631 5583 683 5631 x,
716 5582 763 5621 c.
796 5566 865 5620 34
895 5566 1120 5636 accepit,
1155 5566 1248 5621 sed
1276 5566 1474 5621 falsum
1523 5581 1646 5636 esse
1702 5573 1912 5620 testan-

325 5646 412 5694 tur
439 5651 622 5692 rerum
659 5635 978 5693 naturalium
1024 5635 1310 5712 diligentes
1361 5635 1624 5694 historici.
1683 5636 1764 5692 LE
1810 5637 1907 5692 Pa.

2094 4994 2177 5066 (2t
2191 4995 2210 5062 )
2231 4995 2294 5066 Ut
2307 4991 2636 5066 adulterum
2659 4987 2914 5066 ostendat
2927 4985 3616 5066 numerosumnmaritum.

2022 5055 2165 5119 Istud
2191 5055 2270 5120 ad
2311 5061 2537 5118 haeresim
2567 5060 2804 5131 pertinet
2837 5058 3069 5131 Montani
3095 5076 3108 5123 ;
3148 5071 3256 5131 quo
3287 5055 3344 5110 fit
3373 5064 3431 5131 u_t
3460 5055 3621 5110 etiam

2023 5138 2335 5205 detorqueat
2382 5134 2543 5190 verba
2567 5127 2778 5185 "Christi
2839 5131 2910 5183 ad
2967 5127 3354 5205 Samaritanam
3395 5127 3618 5205 Joanne.

2023 5223 2100 5272 1v,
2133 5199 2209 5259 ad'
2225 5206 2489 5261 secundas
2529 5205 2768 5272 nuptias,
2788 5218 2914 5257 cum
2943 5208 3120 5255 tamen
3142 5201 3230 5254 ille
3258 5199 3526 5272 (loquatur
3554 5199 3619 5253 de

2023 5270 2093 5332 eo
2119 5277 2210 5347 qui
2241 5277 2547 5330 adhaerebat
2575 5270 2651 5328 illi
2682 5270 2788 5328 non
2822 5272 3128 5347 in~nuptiis,
3173 5271 3268 5325 sed
3302 5271 3356 5325 in
3389 5270 3620 5347 fornica-

2022 5341 2186 5418 tione,
2226 5348 2382 5402 sicuti
2410 5349 2469 5420 Β.
2505 5351 2734 5420 August.
2788 5354 2839 5400 et
2874 5343 3046 5399 Graeci
3103 5341 3494 5420 commentarii.
3533 5341 3618 5419 in-

2025 5411 2407 5490 terprirtantur.
2441 5419 2496 5472 Β.
2528 5411 2886 5485 Hieronymus
2927 5413 3266 5490 cum_simile_
3285 5411 3416 5490 quid
3445 5411 3618 5490 dixis-

2021 5482 2122 5555 set,
2157 5490 2247 5544 lib.
2284 5506 2300 5544 ι
2331 5490 2453 5544 adv.
2489 5491 2690 5553 Jovin.,
2723 5482 2914 5558 postea
2937 5487 3159 5558 Apolog.
3194 5484 3266 5558 ad
3285 5482 3614 5558 Pammach.

2021 5553 2542 5631 sic-interpretatur,
2610 5568 2670 5614 ut
2714 5553 2821 5631 non
2881 5553 3148 5631 referatur
3197 5553 3264 5608 ad
3326 5553 3619 5631 secundas,

2019 5631 2128 5689 imo
2166 5635 2221 5689 et
2257 5625 2435 5690 sextas
2463 5625 2699 5707 nuptias,
2733 5629 2829 5684 sed
2849 5629 2914 5683 ad
2942 5626 3306 5708 prostitutam.
3332 5625 3468 5691 Plut.
