4058 6172
473 324 576 383 991

473 452 855 546 praeterquam
874 461 949 546 eos
964 461 1163 503 caussa
1175 449 1463 513 adulterii,
1481 449 1765 546 facieam
1777 449 2066 506 adultera-
2100 468 2146 546 Α

474 537 556 601 ri;
571 542 648 590 et:
667 537 764 606 qui
784 534 1073 591 dimissam
1088 554 1123 591 a
1149 539 1265 594 viro
1287 538 1538 602 duxerit,
1563 537 2068 611 adulteratutique

475 623 695 692 (Matth.
727 638 787 688 x,
820 626 928 693 22).
978 626 1117 681 Nam
1149 635 1202 680 et
1229 626 1437 681 nubere
1475 626 1715 697 legitime
1760 642 1867 681 non
1890 636 2069 697 potest

472 711 747 781 repudiata
775 712 859 783 25;
892 708 946 767 et
979 714 1024 768 si
1055 714 1180 784 quid
1223 715 1327 769 tale
1360 714 1690 770 commiserit
1730 715 1848 770 sine
1880 716 2067 771 matri-

471 800 637 856 monii
682 801 898 856 nomine
930 844 942 867 ,
980 818 1087 857 non
1123 804 1266 872 capit
1336 804 1574 875 elogium
1636 804 1908 869 adulterii,
1955 821 2066 875 qua

470 888 793 944 adulterium
842 890 897 944 in
937 890 1286 947 matrimonio
1317 892 1524 946 crimen
1570 894 1698 946 est?
1728 894 1874 947 Deus
1911 893 2064 949 aliter

469 979 699 1047 censuit,
727 979 862 1034 citra
910 995 1070 1049 quam
1101 980 1362 1045 homines,
1396 992 1454 1034 ut
1483 980 1534 1034 in
1584 989 1778 1047 totum,
1825 982 1937 1038 sive
1968 1000 2063 1051 per

471 1067 701 1137 nuptias,
761 1068 1100 1140 sive‘vulgo,
1152 1068 1333 1124 alteris
1378 1069 1480 1124 viri
1528 1069 1789 1125 admissio
1845 1071 2058 1126 adulte-

473 1156 613 1211 rium
661 1157 1035 1228 pronuntietur
1098 1159 1210 1213 Deo
1258 1159 1327 1211 26.
1376 1158 1663 1215 Videamus
1723 1160 1867 1216 enim
1928 1161 2057 1232 quid

469 1246 534 1300 sit
554 1246 949 1302 matrimonium
970 1247 1110 1318 apud
1132 1248 1329 1313 Deum,
1352 1256 1404 1303 et
1425 1248 1499 1303 ita
1514 1264 1908 1320 cognoscemus
1926 1250 2057 1322 quid

467 1334 535 1389 sit
560 1351 712 1405 aeque
758 1336 1104 1390 adulterium.
1138 1336 1541 1392 Matrimonium
1582 1344 1683 1402 est,
1741 1353 1864 1392 cum
1911 1338 2056 1393 Deus

462 1422 645 1494 jungit
680 1424 817 1479 duos
843 1423 897 1477 in
928 1440 1088 1478 unam
1120 1440 1353 1490 carnem,
1389 1433 1479 1480 aut
1502 1426 1725 1494 junctos
1752 1426 2054 1497 deprehen-

466 1510 600 1566 dens
630 1512 681 1565 in
710 1513 899 1567 eadem
931 1528 1113 1584 carne,
1143 1515 1261 1583 conj
1272 1514 1577 1569 unctionem
1640 1515 1886 1587 signavit.
1941 1515 2059 1569 Adu

468 1600 658 1655 teriam
686 1612 764 1656 est
809 1601 947 1674 (22),
989 1618 1130 1669 cum,
1173 1618 1389 1673 quoquo
1422 1604 1582 1658 modo
1613 1603 1891 1673 disjunctis
1919 1604 2052 1661 duo-

466 1689 587 1753 bus,
619 1690 721 1744 alia
747 1706 892 1756 caro,
924 1691 1033 1746 imo
1062 1691 1242 1746 aliena
1289 1691 1545 1746 miscetur
1573 1692 1640 1746 de
1669 1708 1777 1762 qua
1806 1691 1911 1746 dici
1941 1708 2049 1746 non

1167 321 1610 385 TERTULLIANI
1647 322 1915 385 OPERUM
1954 325 2122 387 PARS
2158 325 2229 390 II.
2266 354 2338 370 —
2372 321 2606 384 SERIES
2643 321 2714 394 II,
2756 321 3081 383 MORALIA.

3661 324 3777 386 992

2760 444 2985 502 CAPUT
3051 445 3126 500 X.

2249 535 2420 593 Video
2448 534 2559 604 jam
2591 531 2715 587 hinc
2743 534 2810 588 ad
2840 534 3165 604 Apostolum
3218 549 3319 589 nos
3348 535 3657 606 provocari.
3690 539 3772 593 Ad

2177 626 2334 695 cujus
2361 639 2579 679 sensum
2608 623 2820 679 facilius
2851 623 3309 695 perspiciendum,
3352 631 3501 680 tanto
3559 624 3769 682 instan-

2173 714 2277 770 tius
2324 712 2757 784 praeculcandum
2813 721 2894 767 est
2942 713 3221 767 mulierem
3280 713 3453 787 magis
3509 714 3767 773 defuncto

2172 803 2360 858 marito
2434 802 2628 872 teneri,
2686 801 2982 872 quominus
3045 801 3206 856 alium
3253 801 3425 856 virum
3501 804 3764 862 admittat.

2168 890 2548 963 Recogitemus
2594 892 2735 946 enim
2794 890 3092 960 repudium,
3148 898 3237 945 aut
3290 891 3562 946 discordia
3631 892 3765 965 ﬁeri,

2168 989 2262 1035 aut
2298 981 2622 1037 discordiam
2672 979 2888 1048 facere;
2923 986 3149 1034 mortem
3197 996 3325 1035 vero
3360 996 3425 1035 ex
3483 982 3605 1051 lege
3644 984 3767 1051 Dei,

2166 1084 2276 1124 non
2302 1084 2368 1123 ex
2398 1068 2631 1125 hominis
2661 1067 2871 1123 offensa
2906 1066 3141 1122 evenire.
3175 1067 3344 1138 quue
3373 1069 3616 1124 omnium
3645 1088 3765 1129 esse

2163 1157 2425 1225 debitum,
2458 1156 2619 1211 etiam
2651 1172 2761 1211 non
2808 1156 3147 1211 maritorum.
3180 1156 3350 1228 Igitur
3378 1156 3424 1212 si
3484 1159 3767 1229 repudiata

2162 1263 2288 1317 quae
2329 1261 2425 1318 per
2454 1246 2794 1311 discordiam,
2830 1252 2883 1299 et
2929 1244 3087 1309 iram,
3117 1253 3171 1299 et
3210 1245 3418 1310 odium,
3467 1254 3523 1301 et
3573 1263 3766 1305 causas

2170 1348 2379 1399 eorum,
2430 1334 2691 1405 injuriam
2743 1333 2828 1389 vel
2874 1332 3277 1398 contumeliam,
3336 1334 3418 1392 vel
3475 1335 3769 1407 quamlibet

2161 1422 2454 1493 querelam,
2478 1430 2534 1476 et
2560 1423 2739 1476 anima
2766 1429 2818 1476 et
2848 1436 3075 1490 corpore
3105 1428 3357 1491 separata
3403 1428 3485 1475 est
3550 1430 3763 1477 tenetur

2159 1508 2396 1576 inimico,
2429 1526 2498 1567 ne
2526 1510 2701 1565 dicam
2743 1508 2929 1564 marito
2961 1527 2975 1574 ;
3008 1518 3209 1581 quanto
3249 1510 3421 1582 magis
3466 1508 3580 1576 illa,
3639 1527 3765 1582 que

2164 1615 2339 1671 neque
2369 1614 2488 1666 suo,
2525 1614 2700 1671 neque
2732 1598 2907 1654 mariti
2962 1598 3112 1665 vitio,
3146 1598 3239 1653 sed
3296 1597 3587 1654 Dominicae
3634 1600 3769 1674 legis

2164 1696 2381 1755 eventu,
2418 1704 2449 1742 a
2502 1687 2839 1744 matrimonio
2903 1702 3012 1742 non
3066 1695 3335 1755 separata,
3394 1686 3491 1743 sed
3548 1687 3755 1755 relicta,

468 1777 662 1849 possit.
702 1782 831 1834 Haec
861 1755 947 1835 est
976 1796 1105 1837 caro
1144 1797 1215 1837 ea:
1259 1796 1428 1838 carne
1456 1797 1601 1845 mea,
1636 1785 1691 1837 et
1738 1782 1836 1837 hoc
1882 1799 1941 1838 os
1986 1800 2058 1840 ex
2091 1755 2134 1831 Β
2166 1778 2283 1847 ejus
2319 1778 2425 1833 erit
2456 1778 2613 1832 etiam
2640 1776 2910 1849 defuncti,
2936 1779 3022 1833 cui
3052 1777 3216 1833 etiam
3244 1776 3497 1834 defuncto
3528 1793 3761 1834 concor-

465 1867 675 1922 ossibus
704 1869 845 1925 meis
875 1870 1041 1938 (Gen.
1077 1884 1139 1936 ιι,
1179 1869 1292 1939 23).
1325 1868 1498 1924 Semel
1533 1872 1677 1925 enim
1714 1871 1820 1925 hoc
1849 1879 1902 1925 et
1941 1871 2053 1926 fac-

468 1963 601 2024 tum,
634 1963 687 2009 et
734 1956 1160 2025 pronuntiatum,
1210 1957 1349 2013 sicut
1395 1960 1463 2011 ab
1510 1958 1682 2025 initio,
1725 1958 1799 2014 ita
1828 1969 1881 2015 et
1910 1975 2055 2016 nunc

464 2045 517 2099 in
560 2043 719 2098 aliam
750 2061 962 2100 carnem
1009 2062 1115 2101 non
1156 2055 1333 2117 potest
1362 2047 1672 2103 convenire.
1716 2048 1900 2119 Itaque
1931 2048 2049 2103 sine

463 2147 624 2187 causa
649 2133 819 2199 dices,
844 2136 1013 2190 Deum
1044 2134 1172 2191 vivo
1201 2135 1393 2191 marito
1426 2136 1568 2191 nolle
1599 2137 1935 2207 repudiatam
1964 2137 2055 2191 alii

464 2221 583 2277 viro
624 2224 805 2297 jungi,
855 2225 1009 2294 quasi
1058 2235 1267 2280 mortuo
1302 2225 1460 2292 velit;
1501 2226 1715 2297 quando
1747 2226 1790 2280 si
1836 2238 2053 2282 mortuo

465 2325 572 2365 non
622 2318 850 2379 tenetur,
899 2313 1125 2383 proinde
1154 2330 1253 2368 nec
1282 2314 1437 2381 vivo;
1472 2321 1578 2368 tam
1610 2314 1834 2384 repudio
1866 2316 2057 2370 matri-

463 2399 710 2455 monium
750 2400 1032 2455 dirimente
1079 2417 1246 2471 quam
1294 2410 1487 2467 morte,
1520 2417 1626 2456 non
1677 2402 1939 2457 tenebitur
1984 2405 2053 2475 ei,

463 2487 548 2541 cui
600 2504 702 2559 per
749 2488 891 2559 quod
934 2491 1233 2556 tenebatur,
1284 2490 1572 2561 abruptum
1609 2499 1735 2556 est;
1782 2491 1918 2547 adeo
1947 2508 2054 2547 non

464 2576 684 2631 interest
712 2577 757 2614 ²Ἷ
788 2576 910 2633 vivo
951 2594 1016 2632 an
1048 2587 1260 2634 mortuo
1289 2578 1410 2633 viro
1460 2580 1649 2633 nubat.
1691 2579 1883 2651 Neque
1912 2580 2053 2635 enim

467 2665 523 2719 in
555 2665 709 2721 illum
737 2666 1014 2738 delinquit,
1057 2667 1151 2722 sed
1184 2667 1238 2721 in
1273 2670 1639 2737 semetipsum.
1679 2670 1850 2725 Omne
1888 2670 2059 2727 delic-

469 2759 594 2810 tum
628 2755 769 2828 quod
798 2756 1093 2813 admiserit
1134 2756 1311 2823 homo,
1354 2762 1522 2813 extra
1569 2774 1773 2830 corpus
1815 2763 1899 2815 est
1913 2779 1931 2827 ;
1961 2759 2060 2831 qui

464 2862 499 2899 a
514 2848 672 2902 utem
686 2847 1069 2915 adulteratur,
1088 2850 1149 2903 in
1160 2863 1364 2918 corpus
1383 2865 1547 2904 suum
1563 2848 1847 2919 delinquit
1866 2850 1905 2919 (Ι
1933 2850 2059 2907 Cor.

2160 1868 2303 1921 diam
2332 1866 2496 1921 debet
2523 1866 2535 1921 l
2570 1870 2616 1923 A
2643 1881 2749 1938 quo
2779 1851 3063 1938 repudium
3094 1883 3202 1922 non
3233 1866 3424 1928 audiit,
3455 1882 3562 1922 non
3589 1867 3764 1925 diver-

2160 1955 2253 2023 tit;
2276 1955 2363 2012 cui
2390 1954 2676 2026 repudium
2716 1971 2821 2011 non
2855 1955 3092 2025 scripsit,
3136 1971 3261 2011 cum
3286 1957 3403 2026 ipso
3435 1968 3518 2012 est
3548 1974 3563 2027 ;
3597 1972 3759 2028 quem

2157 2045 2401 2100 amisisse
2432 2045 2624 2115 noluit,
2661 2045 2882 2099 retinet.
2934 2046 3110 2100 Habet
3154 2061 3336 2100 secum
3390 2047 3550 2100 animi
3582 2046 3762 2101 licen-

2162 2134 2310 2205 tiam,
2339 2134 2432 2205 qui
2462 2135 2638 2189 omnia
2685 2133 2891 2189 homini
2917 2150 3037 2205 qute
3068 2149 3175 2190 non
3231 2135 3391 2189 habet
3434 2133 3758 2206 imaginario

2161 2222 2333 2277 fructu
2373 2230 2724 2293 repraesentat
2776 2224 2909 2292 (25).
2969 2223 3147 2292 Ipsam
3194 2223 3424 2293 denique
3456 2222 3754 2295 interrogo

2164 2311 2414 2366 feminam
2474 2329 2487 2366 :
2545 2312 2644 2366 Dic
2698 2311 2851 2376 mihi,
2892 2326 3048 2366 soror
3125 2311 3178 2365 in
3228 2327 3359 2382 pace
3448 2313 3755 2382 praemisisti

2161 2401 2336 2455 virum
2368 2408 2519 2455 tuum
2540 2399 2567 2453 ?
2585 2400 2726 2469 Quid
2750 2400 3148 2471 respondebit?
3169 2403 3249 2454 An
3271 2400 3541 2455 discordia
3556 2401 3582 2454 ?
3605 2404 3750 2473 Ergo

2163 2489 2265 2543 hoc
2293 2490 2462 2559 magis
2489 2488 2537 2543 ei
2565 2488 2741 2545 vincta
2770 2499 2869 2556 est,
2903 2504 3023 2544 cum
3056 2505 3163 2559 quo
3192 2489 3353 2544 habet
3380 2491 3525 2561 apud
3582 2490 3755 2547 Deum

2164 2578 2533 2634 causam.Non
2558 2577 2823 2640 discessit,
2858 2594 2979 2649 quae
3002 2584 3234 2634 tenetur.
3266 2578 3373 2634 Sed
3401 2579 3457 2634 in
3474 2582 3752 2653 pace(26).

2165 2667 2307 2736 Ergo
2363 2674 2678 2736 perseveret
2705 2667 2759 2735 in
2791 2683 2855 2721 ea
2896 2684 3019 2723 cum
3039 2668 3129 2723 illo
3178 2684 3398 2724 necesse
3424 2678 3528 2737 est,
3593 2686 3754 2740 quem

2156 2754 2268 2823 jam
2298 2754 2578 2824 repudiare
2609 2770 2717 2809 non
2748 2754 2964 2825 pote’rit,
2997 2772 3064 2810 ne
3136 2756 3216 2811 sic
3245 2756 3458 2827 quidem
3522 2767 3753 2827 nuptura

2172 2842 2218 2896 si
2248 2842 2531 2912 repudiare
2559 2844 2838 2913 potuisset.
2864 2844 3024 2898 Enim
3056 2860 3182 2901 vero
3212 2855 3266 2902 et
3292 2860 3388 2917 pro
3415 2845 3592 2900 anima
3630 2847 3751 2917 ejus

466 2949 540 2998 v1,
576 2933 685 3004 18).
721 2935 1072 2990 Adulteratur
1121 2944 1318 3001 autem,
1356 2935 1493 2991 sicut
1535 2952 1698 3008 supra
1747 2936 2060 3008 praestruxi-
2086 2932 2128 3010 ε
2153 2942 2291 2999 orat,
2320 2941 2371 2988 et
2401 2933 2745 3004 refrigerium
2794 2936 3005 2989 interim
3054 2935 3361 3008 adpostulat
3415 2936 3463 2991 ei
3491 2937 3559 3002 33,
3614 2944 3667 2991 et
3696 2936 3751 2991 in

464 3035 605 3084 mus,
646 3021 741 3091 qui
801 3022 955 3077 aliam
993 3039 1208 3079 carnem
1246 3023 1354 3078 sibi
1384 3024 1648 3079 immiscet
1694 3041 1856 3098 super
1906 3026 2050 3080 illam

462 3104 763 3175 pristinam,
806 3127 962 3181 quam
1009 3112 1151 3166 Deus
1198 3119 1291 3167 aut
1335 3114 1616 3182 conjunxit
1660 3115 1711 3169 in
1752 3116 1907 3180 duos,
1954 3120 2051 3170 aut

459 3196 805 3266 conjunctam
828 3200 1203 3270 deprehendit.
1226 3200 1462 3273 Ideoque
1483 3203 1705 3258 abstulit
1742 3204 2043 3275 repudium,

459 3285 604 3353 quod
651 3288 718 3342 ab
766 3288 920 3344 initio
951 3305 1058 3344 non
1107 3290 1244 3360 fuit;
1278 3299 1355 3354 ut,
1407 3292 1554 3363 quod
1599 3292 1666 3345 ab
1722 3291 1878 3349 initio
1922 3294 2045 3362 fuit,

460 3373 664 3430 muniat
711 3375 943 3432 duorum
998 3378 1052 3432 in
1101 3395 1263 3435 unam
1322 3395 1537 3435 carnem
1598 3382 2045 3450 perseverantiam

458 3477 526 3514 ne
601 3467 892 3521 necessitas
946 3469 1032 3523 vel
1100 3469 1314 3524 occasio
1384 3469 1553 3524 tertia;
1616 3470 2048 3525 concarnationis

460 3551 744 3625 irrumpat,
778 3555 878 3610 soli
909 3572 1084 3611 causae
1116 3558 1431 3624 permittens
1469 3559 1778 3630 repudium,
1810 3558 1857 3612 si
1906 3558 2047 3613 forte

457 3645 794 3709 praevenerit,
846 3645 931 3700 cui
972 3658 1325 3715 praecavetur.
1378 3647 1531 3702 Adeo
1559 3654 1737 3702 autem
1760 3647 2045 3715 repudium

458 3745 491 3783 a
519 3731 810 3799 primordio
852 3749 959 3788 non
998 3734 1116 3798 fuit,
1166 3742 1225 3789 ut
1271 3735 1413 3803 apud
1458 3736 1728 3790 Romanos
1775 3737 1890 3805 (23)
1925 3745 2044 3807 post

457 3834 659 3872 annum
682 3823 1134 3877 sexcentesimum
1163 3822 1337 3879 942
1360 3824 1517 3879 Urbis
1544 3824 1773 3878 conditae
1795 3826 1851 3879 id
1876 3842 2047 3895 genus

455 3907 665 3961 duritiae
709 3910 1056 3964 commissum
1104 3912 1402 3968 denotetur.
1448 3913 1554 3968 Sed
1602 3912 1680 3967 illi
1726 3913 1889 3968 etiam
1935 3929 2044 3969 non

458 3994 802 4062 repudiantes
832 3996 1094 4053 adulteria
1122 4000 1507 4065 commiscent;
1542 4001 1722 4068 nobis,
1752 4002 1855 4057 etsi
1885 4019 2043 4073 repu-

460 4081 686 4153 diemus,
735 4100 804 4139 ne
837 4085 1043 4141 nubere
1093 4087 1315 4159 quidem
1356 4087 1539 4145 licebit
1567 4089 1703 4160 (24).

2162 3022 2330 3093 prima
2395 3024 2798 3079 resurrectione
2858 3024 3212 3091 consortium,
3278 3035 3331 3080 et
3363 3023 3523 3081 offert
3551 3025 3745 3080 annuis

2156 3112 2346 3167 diebus
2377 3111 2687 3167 dormitioni
2730 3113 2896 3182 sejus.
2929 3115 3062 3168 Nam
3097 3115 3218 3169 haec
3262 3114 3364 3170 nisi
3394 3114 3597 3181 fecerit,
3625 3130 3748 3171 vere

2161 3200 2490 3271 repudiavit,
2550 3212 2813 3273 quantum
2854 3204 2905 3258 in
2938 3203 3054 3274 ipsa
3081 3211 3204 3273 est;
3261 3213 3313 3259 et
3367 3204 3588 3275 quidem
3651 3206 3751 3259 hoc

2156 3289 2410 3359 iniquius,
2443 3300 2641 3360 quanto
2669 3305 2775 3362 quo
2808 3291 2968 3347 modo
2998 3291 3188 3363 potuit,
3226 3294 3351 3362 quia
3398 3306 3506 3347 non
3544 3292 3752 3363 potuit;

2153 3385 2206 3433 et
2233 3378 2333 3431 hoc
2370 3378 2666 3448 indignius,
2698 3387 2900 3449 quanto
2929 3377 3037 3450 jam
3078 3379 3374 3452 indignius,
3409 3380 3453 3434 si
3487 3381 3613 3450 quia
3642 3395 3748 3435 non

2154 3465 2349 3520 meruit
2384 3466 2452 3523 29.
2486 3468 2590 3520 Aut
2628 3467 2885 3538 numquid
2942 3468 3074 3523 nihil
3109 3468 3309 3524 erimus
3339 3476 3460 3539 post
3500 3469 3757 3523 mortem?

2153 3552 2469 3609 Secnudum
2525 3555 2757 3624 aliquem
2828 3556 3146 3627 Epicurum,
3201 3567 3405 3611 etnon
3458 3558 3756 3613 secundum

2153 3641 2443 3697 Christum.
2491 3643 2649 3712 Quod
2680 3645 2725 3698 si
2776 3646 3048 3701 credimus
3102 3654 3433 3702 mortuorum
3492 3662 3761 3702 resurrec-

2155 3729 2373 3798 tionem,
2416 3731 2602 3803 utique
2659 3734 2984 3802 tenebimur,
3021 3750 3140 3789 cum
3173 3736 3371 3807 quibus
3401 3735 3753 3791 resurrecturi

2154 3830 2358 3887 sumus,
2410 3819 2671 3874 rationem
2710 3821 2778 3875 de
2835 3822 3093 3878 alterutro
3145 3822 3427 3878 reddituri.
3472 3822 3529 3877 Si
3582 3831 3757 3878 autem

2153 3906 2210 3960 in
2238 3906 2329 3962 illo
2359 3924 2473 3965 aavo
2503 3927 2682 3982 neque
2704 3913 2919 3970 nubent
2941 3930 3115 3985 neque
3134 3914 3449 3983 nubentur,
3470 3916 3565 3971 sed
3595 3921 3764 3973 erunt

2154 4006 2395 4076 aequales
2441 4009 2652 4080 angelis
2683 4008 2886 4080 (Matth
2942 4027 3085 4076 xxu,
3140 4012 3261 4081 30);
3324 4029 3432 4067 non
3482 4012 3607 4068 ideo
3658 4028 3764 4068 non

2168 4094 2474 4151 tenebimur
2528 4098 2853 4170 conjugibus
2909 4098 3079 4157 943
3124 4101 3416 4159 defunctis.
3477 4102 3601 4174 quia
3648 4117 3759 4157 non

1826 4242 2015 4306 Variae
2044 4247 2359 4309 lectiones.

529 4343 578 4381 2⁵
607 4342 726 4396 Non
765 4350 817 4398 et
854 4344 1059 4400 nubere
1088 4346 1129 4400 Ι.

1166 4354 1339 4415 potest
1367 4350 1538 4403 Fran.
1571 4349 1694 4419 Rig.
1726 4364 1830 4403 non
1857 4349 2031 4403 abest.
2065 4351 2246 4406 Paris.
2284 4351 2333 4388 26
2365 4352 2411 4405 Α
2434 4353 2547 4408 Deo
2577 4354 2736 4411 addit
2773 4356 2944 4412 Rhea.
2978 4358 3135 4414 Pam.
3166 4358 3337 4414 Seml.
3369 4360 3527 4419 Leop.
3565 4357 3755 4415 Obert.

453 4414 610 4494 emis.
646 4416 761 4494 Κίρ.
822 4416 955 4494 edit.
985 4414 1176 4494 .Veuet.
1221 4419 1284 4494 _2"
1318 4420 1412 4494 cui
1470 4434 1604 4489 ergo
1641 4414 1971 4494 tenebitur?
2018 4420 2159 4473 Nihil
2217 4423 2328 4476 Deo
2361 4424 2586 4481 interest
2624 4426 2771 4494 vivo,
2805 4434 2907 4484 etc.
2941 4429 3113 4484 Seml.
3163 4429 3379 4486 Oberth.
3417 4414 3587 4485 Rhea.
3624 4429 3761 4483 nihil

455 4486 592 4573 adeo
621 4502 686 4540 an
708 4489 869 4573 Lepp.
889 4488 937 4524 28
966 4488 1287 4573 Adpostulct
1306 4489 1509 4570 “offerat
1539 4486 1670 4545 Par.
1694 4491 1999 4573 adpostulat
2027 4493 2170 4573 enim
2205 4494 2381 4573 then.
2404 4498 2572 4573 Seml.
2599 4496 2647 4573 2?
2679 4486 2773 4553 Fr:
2792 4500 2995 4554 Junius
3012 4502 3205 4573 locum
3234 4502 3381 4573 hunc
3424 4505 3764 4573 corruptum

458 4559 539 4611 sic
589 4559 859 4645 emenda
907 4569 1107 4630 quanto
1149 4561 1261 4629 jam
1302 4560 1559 4633 iniquius,
1602 4577 1711 4631 qua
1757 4559 1865 4616 non
1902 4561 2120 4631 potuit;
2164 4573 2216 4618 et
2272 4566 2374 4621 hoc
2432 4566 2735 4639 indignius,
2777 4580 2976 4640 quanto
3000 4572 3112 4640 jam
3158 4570 3452 4645 indignius,
3492 4559 3617 4643 quia
3655 4586 3765 4627 nou

464 4627 682 4682 meruit.

1847 4730 2341 4797 Commentarius.

524 4832 641 4905 (22)
670 4833 1036 4915 Adulterium
1056 4838 1161 4901 est,
1194 4843 1297 4916 etc.
1334 4835 1770 4918 Fornicationem
1791 4836 1877 4894 hic
1908 4853 2039 4961 quo:
2064 4854 2108 4929 ο

528 4921 557 4959 e
622 4906 723 4959 sub
789 4905 1041 4959 adulterii
1105 4921 1318 4961 nomine
1393 4909 1816 4961 comprehendit.
1866 4925 1928 4961 ve
1956 4920 2028 4961 uti

492 4921 557 4959 ue
616 4906 723 4979 sub
758 4905 1041 4979 _adulterii
1105 4906 1318 4979 nomine
1393 4909 1816 4979 comprehendit,
1866 4905 2028 4963 veluti

453 4975 629 5099 Erae?
680 4975 770 5045 qui
835 4976 935 5031 sub
999 4978 1218 5047 μοιχείας
1293 4975 1532 5034 nomine‘
1597 4980 1648 5035 id
1718 4980 2042 5052 intelligunt.

498 5062 530 5099 E
612 5062 666 5099 ιι.

498 5062 530 5099 Ε
572 5062 666 5099 I'R.

528 5117 643 5186 (23)
678 5119 741 5173 Ut
769 5118 917 5191 apud
959 5121 1251 5177 Romanos.
1287 5120 1503 5177 Servius
1534 5121 1817 5191 Sulpitius,
1871 5120 2045 5191 inquit

450 5189 740 5262 Rhenanus
784 5188 838 5241 in
868 5188 959 5262 lib.
1009 5208 1169 5262 quem
1198 5194 1497 5262 composuit
1524 5194 1589 5248 de
1615 5188 1866 5255 Dotibus,
1929 5188 2042 5246 tum

452 5261 679 5329 primum
755 5261 1039 5317 cautiones
1108 5264 1183 5317 rei
1250 5261 1444 5319 uxoriae
1518 5264 1840 5319 necessarias
1922 5279 2040 5316 esse

454 5330 596 5386 visas
639 5332 852 5405 scripsit
889 5349 1050 5397 ,cum
1082 5336 1174 5403 Sp.
1218 5335 1502 5399 Carvilius,
1542 5335 1624 5388 cui
1656 5337 1806 5405 Ruga
1834 5349 2043 5400 cogno-

455 5414 696 5459 mentum
748 5404 870 5468 fuit,
937 5405 1015 5457 vir
1081 5405 1295 5469 nobilis,
1350 5422 1469 5459 cum
1520 5421 1684 5459 uxore
1748 5404 2042 5458 divortium

455 5474 599 5537 fecit,
644 5474 772 5545 quia
803 5475 976 5547 liberi,
1019 5478 1261 5546 corporis
1289 5477 1437 5539 vitio,
1480 5491 1639 5547 exgea
1704 5474 2039 5547 nouigigue-

455 5554 655 5599 rentur.
715 5550 873 5602 Auno
921 5546 984 5599 ν.
1037 5547 1097 5602 C.
1152 5549 1275 5612 523,
1336 5547 1406 5601 M.
1439 5545 1646 5611 Attilio,
1701 5546 1758 5600 P.
1825 5545 2036 5602 Val—crio

460 5630 569 5670 oss.
598 5620 745 5673 Pan.

2217 4839 2340 4920 (ἓέ)¹
2375 4841 2556 4920 Nobis,
2582 4846 2686 4920 etsi
2726 4846 3103 4920 repudiemus,
3134 4864 3235 4920 ine
3261 4847 3469 4904 nubere
3532 4848 3767 4920 quidem

2158 4910 2361 4989 licebit.
2399 4914 2581 4989 l_\fobis,
2633 4915 2683 4989 id
2725 4910 2825 4981 est,
2887 4910 3261 4974 Paracleticis.
3291 4920 3425 4973 Nam
3450 4910 3595 4988 apud
3630 4921 3763 4989 Psy-

2153 4982 2334 5062 chicos
2368 4984 2499 5062 alias
2525 4988 2744 5062 nuptias
2776 4999 2897 5059 post
2927 4989 3215 5062 divortium
3257 4990 3429 5045 fuisse
3461 4982 3761 5061 permissas

2154 5057 2325 5128 innuit
2376 5057 2631 5128 principio
2663 5057 2791 5113 libri
2818 5076 2834 5113 I
2864 5061 2937 5116 ad
2964 5076 3223 5117 uxorem.
3270 5063 3393 5117 Bia.

2223 5126 2334 5203 (2ft)
2364 5126 2764 5203 Habet'secum
2803 5134 2986 5187 animi
3036 5134 3351 5199 licentiam,
3404 5134 3503 5203 qui
3561 5134 3763 5188 omnia

2153 5193 2371 5275 lto-mira
2399 5215 2525 5269 quae
2540 5216 2653 5275 nou
2672 5201 2833 5259 habet
2863 5205 3205 5275 imaginario
3216 5193 3759 5274 fructu‘reprarsen-

2154 5267 2472 5345 tat._Quam
2506 5274 2838 5340 praelicenter
2897 5267 3002 5330 hoc
3055 5267 3380 5345 Septimius!
3413 5267 3514 5329 etsi
3557 5275 3758 5331 oftiicia

2152 5340 2531 5411 intelligantur,
2606 5345 2789 5414 qualia
2842 5340 3141 5400 describit'
3178 5347 3313 5401 libro
3378 5346 3451 5401 ad
3512 5348 3755 5403 Uxorem

2151 5418 2412 5467 secundo.
2446 5414 2568 5468 RtG.

2230 5484 2346 5561 (26)
2377 5486 2492 5561 Sed
2510 5486 2572 5539 in
2589 5488 3258 5561 _pace.__Hoc_respondet
3310 5488 3389 5544 illi
3416 5488 3566 5560 quod
3607 5504 3752 5561 prae-

2146 5558 2323 5624 cessit,
2356 5559 2442 5613 An
2470 5558 2533 5612 in
2564 5558 2885 5615 discordia?
2925 5558 3049 5615 Bia.
