4058 6172
279 322 393 391 993

1557 317 1750 380 LIBER
1785 315 1872 377 DE
1909 313 2315 376 MONOGAMIA.

3468 318 3573 379 994

277 453 386 510 erit
414 450 682 509 restitutio
727 447 984 522 coniugii.
1012 447 1216 520 Atquin
1249 461 1314 503 eo
1341 445 1519 519 magis
1557 443 1881 535 tenebimur,
1916 455 1962 535 Α
1995 445 2040 500 si
2086 444 2282 505 veteris
2325 441 2678 501 obliviscaris.
2738 441 2920 498 Debes
2975 439 3151 512 magis
3207 439 3283 497 illi
3332 441 3568 515 placere,

277 543 411 615 quia
457 542 511 595 in
555 539 834 596 meliorem
889 544 1089 594 statum
1127 535 1480 603 destinamur,
1529 531 1880 588 resurrecturi

279 646 340 685 in
370 629 609 702 spiritale
647 627 994 693 consortium,
1053 624 1288 700 agnituri
1329 634 1437 680 tam
1490 621 1878 692 nosmetipsos,

278 734 447 791 quam
475 725 530 775 et
555 723 790 773 nostros.
827 716 1113 785 Caeterum,
1145 714 1416 784 quomodo
1443 711 1643 783 gratias
1679 710 1797 764 Deo
1824 708 1878 763 in

281 818 543 863 aeternum
572 821 850 873 canemus,
883 806 928 860 si
959 819 1066 859 non
1095 802 1334 857 manebit
1385 801 1442 854 in
1489 799 1646 855 nobis
1691 811 1882 854 sensus

281 905 341 952 et
380 896 637 952 memoria
663 895 830 950 debiti
862 893 1072 965 hujus?
1101 892 1146 948 si
1202 889 1520 955 substantia,
1579 903 1687 942 non
1745 901 1880 942 con-

282 986 512 1042 scientia
540 984 948 1041 reformabimur
975 984 1003 1037 ‘I
1033 984 1176 1052 Ergo
1206 981 1299 1052 qui
1327 995 1447 1036 cum
1497 979 1614 1033 Deo
1654 976 1876 1041 erimus,

283 1075 448 1130 simul
477 1074 703 1143 erimus,
723 1072 853 1127 dum
881 1086 1070 1130 omnes
1123 1069 1270 1140 apud
1314 1071 1486 1124 Deum
1514 1082 1682 1122 unum
1737 1065 1883 1137 (licet

282 1177 497 1219 merces
523 1163 690 1229 varia,
720 1161 846 1217 licet
873 1162 1058 1232 (Joan.
1090 1173 1214 1225 XIV,
1247 1161 1300 1227 2)
1321 1159 1520 1215 multae
1557 1156 1881 1212 mansiones

279 1267 458 1324 penes
486 1253 717 1308 Patrem
738 1249 1017 1320 eumdem)
1047 1263 1154 1304 uno
1184 1247 1404 1302 denario
1459 1245 1704 1314 ejusdem
1742 1259 1881 1298 mer-

280 1341 435 1396 cedis
472 1340 702 1410 operati,
732 1339 788 1395 id
807 1348 888 1394 est
914 1338 1036 1396 vitae
1064 1346 1301 1404 aeternae,
1333 1335 1389 1388 in
1420 1349 1527 1404 qua
1555 1332 1727 1404 magis
1773 1345 1880 1386 non

281 1429 555 1500 separabit
582 1445 721 1500 quos
748 1426 1027 1496 conjunxit
1064 1427 1228 1493 Deus,
1277 1439 1440 1494 quam
1462 1423 1518 1477 in
1544 1422 1646 1477 ista
1674 1420 1882 1475 minore

278 1519 393 1574 vita
419 1517 658 1590 separari
688 1525 849 1572 vetat.
881 1515 1015 1571 Cum
1055 1515 1170 1570 haec
1213 1513 1288 1568 ita
1307 1513 1432 1578 sint,
1465 1510 1735 1582 quomodo
1789 1508 1880 1562 alii

280 1605 403 1661 viro
425 1605 655 1672 vacabit,
686 1620 807 1676 quae
845 1619 944 1660 suo
995 1602 1160 1658 etiam
1213 1601 1270 1656 in
1317 1600 1559 1655 futurum
1615 1604 1875 1668 occupata

282 1703 372 1752 est
393 1696 420 1749 ?
442 1695 674 1766 Utrique
708 1703 883 1750 autem
913 1693 1064 1749 sexui
1093 1692 1379 1762 loquimur,
1405 1689 1506 1744 etsi
1535 1688 1604 1743 ad
1649 1689 1878 1743 alterum

285 1800 468 1841 sermo
497 1792 610 1852 est;
649 1782 774 1854 quia
801 1797 906 1838 una
934 1780 1218 1851 disciplina
1248 1787 1460 1850 praeest.
1492 1777 1671 1832 Alium
1703 1778 1870 1832 habe-

290 1873 374 1928 bit
397 1873 454 1927 in
483 1872 689 1944 spiritu,
711 1871 875 1927 alium
902 1870 960 1926 in
986 1885 1148 1926 carne
1175 1870 1202 1924 τ
1227 1867 1337 1925 Hoc
1381 1867 1482 1923 erit
1525 1867 1865 1934 adulterium,

287 1959 452 2017 unius
500 1960 706 2017 femina:
753 1961 810 2016 in
859 1961 998 2015 duos
1034 1959 1180 2015 viros
1236 1956 1583 2012 conscientia.
1633 1955 1691 2011 Si
1737 1955 1874 2011 alter

281 2063 316 2101 a
356 2063 521 2103 carne
568 2048 865 2118 disjunctus
907 2053 1010 2116 est,
1059 2045 1158 2100 sed
1203 2045 1258 2099 in
1315 2046 1474 2100 corde
1524 2050 1763 2099 remanet
1799 2043 1868 2112 3°,

283 2137 396 2192 illic
423 2137 535 2209 (ubi
574 2138 730 2194 etiam
780 2137 1044 2210 cogitatus
1091 2134 1208 2190 sine
1256 2133 1436 2190 carnis
1473 2147 1789 2204 congressu,
1820 2138 1873 2185 et

282 2229 605 2283 adulterium
650 2237 773 2282 ante
825 2227 1033 2298 perﬁcit
1088 2224 1132 2264 31
1191 2241 1258 2280 ex
1306 2221 1769 2293 concupiscentia,
1820 2227 1874 2276 et

281 2318 698 2375 matrimonium
728 2331 794 2372 ex
829 2318 1100 2372 voluntate
1131 2313 1249 2386 (27)
1296 2329 1464 2384 usque
1491 2311 1667 2365 adhuc
1701 2309 1872 2363 mari-

283 2415 373 2461 tus
416 2414 518 2476 est,
569 2406 746 2475 ipsum
782 2405 918 2460 illud
960 2402 1267 2476 possidens,
1319 2419 1413 2473 per
1441 2399 1585 2472 quod
1622 2408 1676 2454 et
1703 2398 1874 2452 factus

281 2507 387 2561 est,
417 2495 471 2550 id
499 2505 580 2551 est
607 2499 842 2550 animum
872 2493 1024 2567 (28):
1082 2494 1136 2546 in
1166 2507 1274 2564 quo
1305 2492 1350 2547 si
1399 2499 1454 2546 et
1484 2491 1628 2544 alius
1659 2487 1870 2544 habita-

281 2583 382 2650 bit,
412 2585 516 2640 hoc
547 2585 647 2640 erit
674 2583 900 2640 crimen.
932 2583 1221 2648 Caeterum,
1250 2595 1360 2636 non
1391 2587 1472 2636 est
1526 2577 1796 2646 exclusus,
1829 2578 1874 2631 si

282 2690 315 2728 a
347 2673 539 2728 viliore
584 2673 908 2730 commercio
957 2671 1135 2727 carnis
1179 2669 1412 2726 decessit
1448 2669 1517 2721 33.
1551 2667 1874 2723 Honoratior

281 2766 508 2820 maritus
535 2771 637 2830 est,
660 2763 876 2834 quando
905 2761 1156 2818 mundior
1189 2761 1360 2817 factus
1379 2767 1481 2816 est.

891 2905 1114 2960 CAPUT
1153 2903 1252 2958 XI.

361 3031 430 3087 Ut
452 3030 617 3104 igitur
645 3029 700 3084 in
730 3029 962 3086 Domino
990 3029 1039 3068 33
1068 3029 1238 3084 nubas
1257 3026 1555 3083 secundum
1597 3025 1799 3099 Legem
1825 3032 1880 3079 et

286 3123 614 3192 Apostolum
653 3120 722 3190 (si
755 3127 931 3174 tamen
978 3120 1065 3173 vel
1115 3119 1220 3173 hoc
1264 3118 1463 3186 curas),
1504 3114 1675 3186 qualis
1721 3129 1781 3169 es
1821 3113 1875 3170 id

282 3209 689 3264 matrimonium
719 3207 1012 3279 postulans,
1043 3207 1186 3279 quod
1235 3206 1312 3262 eis
1334 3221 1367 3260 a
1389 3203 1586 3275 quibus
1619 3203 1875 3274 postulas,

284 3317 394 3356 non
429 3300 552 3356 licet
583 3301 820 3372 habere;
853 3299 918 3354 ab
951 3298 1205 3370 episcOpo
1255 3309 1604 3366 monOgamo,
1659 3309 1690 3346 a
1719 3307 1875 3362 pres-

284 3389 493 3461 byteris
553 3397 609 3444 et
662 3389 904 3444 diaconis
976 3387 1221 3456 ejusdem
1276 3383 1593 3439 sacramenti
1643 3381 1778 3453 (29),
1847 3395 1877 3434 a

280 3478 488 3544 viduis,
519 3493 741 3549 quarum
775 3487 970 3534 sectam
1000 3476 1054 3530 in
1085 3484 1136 3530 te
1167 3473 1473 3529 recusasti?
1510 3472 1574 3526 Et
1615 3471 1692 3526 illi
1719 3470 1877 3538 plane

281 3569 364 3624 sic
397 3570 604 3622 dabunt
635 3569 778 3623 viros
808 3576 861 3622 et
886 3581 1102 3636 uxores,
1134 3564 1410 3634 quomodo
1438 3560 1707 3616 buccellas
1736 3558 1872 3631 (30).

281 3657 401 3711 Hoc
426 3655 571 3711 enim
601 3663 684 3710 est
711 3655 855 3726 apud
885 3654 1044 3711 illos:
1082 3652 1242 3709 Omni
1258 3651 1482 3724 petenti
1523 3653 1576 3705 te
1607 3647 1778 3703 dabis.
1811 3647 1879 3700 Et

284 3748 620 3818 conjungent
665 3760 762 3802 vos
803 3744 855 3797 in
902 3741 1140 3799 Ecclesia
1184 3741 1417 3813 virgine,
1466 3740 1630 3794 unius
1676 3734 1875 3792 Christi

293 3835 451 3890 unica
502 3849 719 3905 sponsa.
768 3834 837 3888 Et
875 3831 1054 3887 orabis
1107 3845 1203 3900 pro
1246 3828 1445 3884 maritis
1490 3830 1614 3896 tuis,
1660 3841 1800 3884 novo
1826 3832 1878 3881 et

293 3936 492 3978 vetere.
544 3923 696 3993 Elige
736 3921 821 3976 cui
861 3932 911 3976 te
942 3919 1234 3974 adulteram
1279 3925 1519 3988 praestes.
1567 3916 1725 3984 Puto,
1758 3931 1878 3968 am-

290 4012 498 4068 bobus.
544 4011 699 4080 Quod
737 4011 783 4065 si
813 4009 1013 4081 sapias,
1049 4019 1222 4063 taceas
1271 4005 1542 4061 defuncto.
1575 4004 1878 4074 Repudium

289 4104 364 4158 sit
393 4103 476 4158 illi
523 4102 794 4157 silentium
841 4109 1012 4165 tuum,
1063 4096 1253 4152 alienis
1296 4099 1407 4166 jam
1451 4093 1719 4150 dotalibus
1762 4093 1879 4164 (31)

287 4195 578 4264 scriptum.
611 4192 726 4246 Hoc
755 4190 917 4247 modo
960 4203 1164 4244 novum
1195 4182 1586 4257 promereberis
1614 4183 1882 4246 maritum,

1988 546 2211 619 propter
2235 551 2397 608 quem
2424 535 2538 589 Deo
2566 531 2776 602 placere
2806 546 2913 586 non
2941 528 3116 586 944
3149 530 3407 587 maluisti.
3442 533 3572 590 Haec

1988 629 2234 706 Psychici
2262 626 2447 684 volunt
2482 623 2802 692 Apostolum
2831 621 3114 692 probasse,
3163 627 3255 675 aut
3294 621 3351 674 in
3401 629 3573 678 totum

1989 738 2099 781 non
2148 715 2496 788 recOgitasse,
2556 727 2677 766 eum
2706 709 2966 765 scriberet
2999 725 3012 760 :
3043 706 3242 764 Mulier
3271 710 3462 766 vincta
3491 715 3575 766 est

1989 815 2054 868 in
2074 811 2350 883 quantum
2373 800 2639 872 temporis
2668 800 2801 855 vivit
2829 799 2916 852 vir
2947 799 3106 869 ejus;
3127 799 3177 852 si
3200 803 3394 854 autem
3421 816 3575 858 mor-

1991 905 2124 957 tuus
2145 897 2342 968 fuerit,
2360 892 2534 948 libera
2562 891 2684 954 est;
2716 889 2814 942 cui
2835 887 2974 953 vult,
3006 886 3187 942 nubat
3210 906 3228 942 :
3253 891 3484 944 tantum
3512 890 3576 944 in

1988 985 2222 1044 Domino
2262 983 2307 1054 (Ι
2349 982 2470 1037 Cor.
2531 992 2630 1043 vn,
2700 977 2814 1045 39).
2886 977 2960 1030 Ex
2999 975 3105 1030 hoc
3146 974 3291 1029 enim
3338 976 3576 1044 capitulo

1953 1061 2282 1130 defendunt
2343 1067 2610 1124 licentiam
2664 1064 2891 1121 secundi
2958 1062 3306 1132 matrimonii,
3365 1063 3475 1119 imo
3522 1072 3578 1120 et

1991 1161 2221 1236 plurimi,
2249 1159 2294 1214 si
2323 1155 2548 1213 secundi
2595 1171 2606 1210 :
2651 1153 2796 1226 quod
2850 1152 2990 1208 enim
3029 1152 3194 1207 semel
3225 1167 3345 1206 esse
3393 1152 3572 1221 desiit,

1990 1252 2138 1310 omni
2181 1247 2472 1306 obnoxium
2540 1253 2624 1300 est
2702 1259 2946 1300 numero.
3006 1241 3128 1310 Quo
3183 1249 3358 1298 autem
3405 1255 3571 1298 sensu

1991 1339 2284 1414 Apostolus
2313 1335 2610 1408 scripserit,
2637 1332 2710 1388 ita
2749 1331 3030 1397 relucebit,
3061 1331 3105 1386 si
3137 1331 3294 1401 prius
3341 1339 3572 1398 constet,

1991 1448 2100 1488 non
2131 1433 2234 1487 hoc
2255 1427 2403 1482 illum
2429 1441 2595 1480 sensu
2627 1421 2935 1494 scripsisse,
2963 1435 3070 1492 quo
3117 1420 3366 1493 Psychici
3409 1428 3578 1477 utun-

1993 1529 2098 1577 tur.
2135 1515 2413 1574 Constabit
2451 1524 2652 1584 autem,
2709 1512 2755 1566 si
2802 1512 2924 1583 quis
2979 1525 3043 1565 ea
3069 1511 3409 1579 recordetur,
3456 1523 3577 1580 quae

1985 1610 2110 1667 huic
2140 1605 2374 1678 capitulo
2422 1603 2636 1657 diversa
2693 1607 2820 1655 sunt
2857 1607 2910 1655 et
2965 1601 3110 1670 apud
3149 1598 3470 1669 doctrinam,
3522 1605 3577 1653 et

1985 1700 2128 1772 apud
2168 1694 2522 1759 voluntatem,
2555 1697 2608 1744 et
2654 1690 2798 1759 apud
2859 1687 3129 1759 prepriam
3197 1687 3364 1759 ipsius
3419 1685 3578 1742 Pauli

1991 1784 2352 1858 disciplinam.
2387 1779 2445 1834 Si
2473 1778 2617 1834 enim
2645 1776 2910 1832 secundas
2938 1777 3153 1847 nuptias
3213 1775 3466 1844 permittit
3505 1775 3576 1842 3‘,

1991 1893 2112 1953 quae
2142 1875 2209 1928 ab
2238 1869 2390 1925 initio
2419 1882 2526 1923 non
2565 1865 2803 1930 fuerunt,
2828 1863 3096 1935 quomodo
3130 1862 3375 1918 adﬁrmat
3402 1863 3579 1919 omnia

1980 1951 2051 2027 ad
2085 1966 2297 2023 initium
2322 1956 2567 2028 recolligi
2605 1956 2660 2011 in
2690 1953 2945 2010 Christo?
2985 1951 3040 2006 Si
3081 1951 3194 2008 vult
3245 1966 3344 2005 nos
3387 1959 3580 2008 iterare

1980 2053 2263 2127 conjugia,
2296 2052 2569 2121 quomodo
2626 2058 2808 2099 semen
2837 2047 3080 2096 nostrum
3121 2039 3177 2094 in
3226 2040 3374 2094 Isaac
3411 2040 3578 2094 semel

1980 2146 2174 2203 marito
2203 2149 2420 2197 auctore
2468 2131 2751 2191 defendit?
2779 2130 3063 2201 Quomodo
3110 2137 3280 2184 totum
3331 2127 3575 2182 ordinem

1982 2234 2242 2292 Ecclesia
2281 2230 2349 2284 de
2378 2223 2720 2294 monogamis
2749 2221 3008 2292 disponit,
3027 2219 3089 2274 Isi
3132 2232 3239 2273 non
3267 2218 3383 2271 haec
3411 2215 3574 2270 disci-

1981 2324 2130 2397 plina
2159 2317 2425 2392 praecedit
2468 2315 2523 2368 in
2563 2312 2737 2381 laicis,
2783 2327 2851 2365 ex
2909 2309 3111 2380 quibus
3137 2305 3394 2362 Ecclesia
3445 2304 3581 2360 ordo

1981 2394 2240 2486 proiicit?
2287 2403 2572 2474 Quomodo
2613 2401 2667 2455 in
2715 2397 3058 2454 matrimonio
3107 2395 3285 2451 adhuc
3315 2394 3520 2465 positos
3551 2407 3583 2447 a

1982 2482 2158 2558 i‘ructu
2205 2490 2530 2553 matrimonii
2594 2497 2802 2553 avocat,
2846 2486 3030 2541 dicens
3081 2484 3134 2538 in
3180 2482 3410 2539 collecto
3459 2495 3581 2536 esse

1983 2600 2219 2660 tempus,
2244 2585 2288 2640 si
2311 2599 2408 2654 per
2439 2587 2668 2636 mortem
2711 2565 3057 2631 matrimonio
3111 2574 3326 2643 elapsos
3383 2570 3576 2626 iterum

1983 2681 2038 2735 in
2069 2659 2469 2733 matrimonium
2501 2668 2746 2726 revocat?
2808 2666 2936 2719 Haec
2993 2663 3038 2718 si
3078 2663 3295 2718 diversa
3350 2668 3475 2716 sunt
3530 2659 3580 2715 ei

1983 2767 2233 2839 capitulo,
2270 2764 2336 2817 de
2383 2773 2492 2829 quo
2522 2759 2716 2827 agitur,
2739 2753 3026 2822 constabit,
3076 2757 3133 2803 ut
3172 2747 3428 2813 diximus,
3471 2761 3579 2802 non

1985 2835 2088 2912 hoc
2115 2854 2270 2908 illum
2307 2861 2470 2904 sensu
2519 2841 2827 2915 scripsisse,
2859 2853 2966 2910 quo
3021 2835 3270 2906 Psychici
3325 2841 3568 2889 utuntur.

1987 2943 2127 3014 Quia
2173 2938 2381 2996 facilius
2421 2941 2523 3002 est,
2600 2939 2658 2987 ut
2728 2929 2961 3000 aliquam
3046 2926 3307 2980 rationem
3391 2923 3592 2977 habeat

1991 3012 2157 3091 unum
2210 3027 2344 3085 illud
2403 3021 2716 3094 capitulum,
2765 3033 2886 3090 quae
2939 3031 3061 3072 cum
3115 3012 3323 3070 caeteris
3379 3012 3578 3084 sapiat,

1989 3137 2152 3196 quam
2173 3131 2232 3174 ut
2255 3115 2551 3187 Apostolus
2590 3111 2804 3166 diversa
2833 3107 2972 3161 inter
3000 3120 3058 3160 se
3087 3103 3338 3158 docuisse
3382 3101 3578 3157 videa-

1987 3193 2096 3268 tur.
2120 3212 2252 3265 Eam
2286 3205 2550 3260 rationem
2589 3201 2640 3254 in
2689 3199 2808 3269 ipsa
2837 3195 3062 3250 materia
3099 3193 3400 3266 poterimus
3431 3205 3588 3246 reco.

1987 3313 2269 3374 gnoscere.
2309 3291 2441 3361 Quae
2472 3290 2573 3345 ista
2601 3285 2823 3341 materia
2851 3281 3112 3356 Apostolo
3143 3281 3240 3336 fuit
3295 3277 3582 3336 scribendi

1986 3367 2152 3447 talia?
2180 3381 2523 3455 Tyrocinium
2601 3391 2754 3433 novae
2799 3383 2852 3429 et
2906 3388 3028 3427 cum
3088 3369 3317 3425 maxime
3370 3367 3594 3423 orientis

1988 3477 2270 3540 Ecclesiae,
2319 3485 2480 3543 quam
2537 3469 2675 3523 lacte
2736 3461 2942 3519 scilicet
2997 3460 3278 3524 educabat,
3339 3455 3586 3511 nondum

1984 3565 2162 3622 solido
2200 3563 2314 3619 cibo
2363 3559 2406 3630 (Ι
2445 3557 2566 3613 Cor.
2618 3552 2702 3623 ιιι)
2759 3546 3038 3606 validioris
3092 3544 3398 3601 doctrinae:
3448 3542 3586 3599 adeo

1988 3662 2066 3723 ut,
2099 3668 2209 3726 pra
2257 3649 2346 3703 illa
2374 3629 2618 3700 infantia
2645 3639 2794 3708 ﬁdei,
2851 3639 3168 3708 ignorarent
3228 3633 3408 3687 adhuc
3458 3629 3588 3702 quid

1988 3718 2399 3812 sibi-agendum
2449 3742 2590 3790 esset
2613 3729 2757 3786 circa
2795 3725 2975 3782 carnis
3031 3731 3085 3780 et
3140 3737 3303 3778 sexus
3345 3718 3587 3776 necessi-

1987 3807 2368 3896 tatemiCujus
2399 3822 2563 3878 etiam
2608 3819 2758 3890 ipsas
2783 3814 2988 3884 species
3035 3827 3101 3867 ex
3157 3807 3442 3880 rescriptis
3497 3807 3591 3861 in-

1989 3917 2302 3992 telligimus,
2327 3930 2449 3968 cum
2479 3908 2609 3964 dicit
2641 3923 2654 3962 :
2689 3908 2764 3962 De
2802 3903 2889 3959 his
2932 3904 3124 3957 autem
3163 3915 3292 3970 qua:
3319 3895 3591 3962 scribitis,

1989 3988 2197 4066 bonum
2210 4009 2294 4061 est
2309 4001 2524 4061 homini
2543 3997 2842 4054 mulierem
2861 4007 2978 4047 non
3008 3993 3323 4059 attingere;
3368 3988 3598 4059 propter

1989 4096 2400 4168 fornicationes
2419 4089 2536 4160 (32)
2551 4090 2743 4141 autem
2752 4123 2768 4152 ,
2783 4082 3164 4152 unusquisque
3176 4090 3418 4134 uxorem
3430 4090 3594 4130 suam

1995 4161 2194 4235 habeat
2233 4178 2278 4246 (Ι
2312 4177 2435 4233 Cor.
2466 4177 2570 4243 v1,)
2613 4191 2628 4225 :
2660 4169 2894 4226 ostendit
2928 4166 3094 4221 fuisse
3149 4163 3244 4234 qui
3301 4161 3358 4215 in
3399 4161 3592 4215 matri-

1689 4278 1775 4340 Va
1811 4282 1843 4339 i'

363 4371 416 4409 3°
444 4371 740 4426 Remanent
768 4370 940 4425 Fran.
987 4363 1338 4420 31Periicitur
1394 4361 1571 4417 Rhen.
1626 4357 1676 4395 ³2
1715 4297 1879 4413 1)ίέοὲ

1995 4287 2402 4413 ἳῧιῖῗιῗείςειηι.
2439 4348 2487 4386 33
2544 4347 2660 4401 Deo
2700 4343 2877 4402 Rhen.
2915 4341 3086 4400 Seml.
3125 4338 3307 4396 Obert.
3370 4335 3422 4374 3"
3477 4335 3596 4390 Ad-

288 4443 438 4497 mitt.
468 4441 545 4498 al.

1693 4497 2211 4574 Commentariust

373 4617 488 4689 (27)
532 4619 598 4672 Et
661 4615 1108 4672 matrimonium
1139 4628 1210 4668 ex
1239 4612 1558 4689 voluntate,
1600 4605 1880 4689 etc_.Istud

293 4682 583 4746 conﬁrmat
630 4701 971 4742 communem
1022 4693 1229 4755 patrum
1276 4692 1329 4736 et
1383 4682 1884 4755 Jureconsultorum

293 4760 639 4830 sententiam,
685 4759 827 4830 quod
869 4749 1034 4830 etiam
1060 4760 1178 4808 sine
1233 4768 1531 4830 congressu
1571 4749 1745 4806 carnis
1775 4764 1888 4801 ma-

298 4827 637 4886 trimonium
685 4827 843 4885 iaciat
898 4829 1165 4892 voluntas,
1214 4827 1326 4880 sive
1385 4837 1728 4886 consensus;
1778 4834 1886 4890 quo

297 4904 442 4957 adeo
490 4901 646 4955 etiam
691 4900 1018 4970 adprobatur
1047 4894 1730 4970 B.”Virginispet.losep‘li
1769 4905 1888 4944 ma-

301 4972 616 5030 trimonium
646 4965 788 5042 apud
825 4974 1060 5044 August.
1086 4969 1180 5023 lib.
1224 4965 1328 5044 {de
1367 4968 1536 5044 Nupt.
1572 4969 1633 5044 et
1669 4965 1890 5044 (Iunonu-

297 5047 476 5117 pisc.,
502 5059 640 5117 _eap.
683 5032 747 5098 711
802 5054 854 5098 et
883 5032 1100 5117 disertis,
1129 5039 1334 5117 verbis
1367 5032 1528 5117 etiam
1569 5037 1699 5117 illud
1737 5032 1889 5117 alﬁr-

299 5107 472 5171 inant'
500 5114 558 5171 Β.
587 5107 864 5185 Chrysost.
910 5116 1056 5169 hom.
1082 5115 1150 5165 32
1181 5113 1362 5183 operis
1402 5110 1542 5185 imp.
1581 5115 1634 5160 et
1664 5107 1724 5160 Β.
1755 5107 1890 5185 Am-

305 5190 524 5242 brosius
567 5186 662 5240 lib.
695 5175 761 5242 de
801 5187 994 5241 Instit.
1037 5175 1278 5254 virgin.,
1330 5196 1378 5234 c.
1404 5175 1506 5254 716';
1554 5192 1741 5232 verum
1770 5175 1895 5230 inde

308 5274 418 5314 non
438 5259 680 5328 sequitur
705 5260 847 5326 quod
874 5253 1377 5328 praemistt’Auctor.
1403 5253 1536 5328 Pais.

385 5329 497 5400 (28)
521 5320 772 5402 'Ipsum'i
779 5320 899 5384 llud
916 5326 1205 5402 possidens
1223 5338 1324 5402 per
1353 5320 1497 5402 quod
1513 5323 1567 5373 et
1604 5322 1794 5401 [actus
1815 5322 1898 5375 est

305 5391 581 5466 maritus,
617 5400 675 5455 id
696 5405 777 5455 est
797 5391 1332 5463 ani-mum.Etetiim,
1360 5391 1422 5445 ut
1443 5391 1595 5445 aiunt
1622 5391 1898 5466 juriseon-

307 5474 461 5538 sulti,
527 5462 744 5542 nuptias
823 5485 1120 5527 consensus
1187 5467 1327 5528 facit,
1391 5478 1500 5518 non
1557 5462 1898 5517 concubitus.

303 5545 439 5600 Βία.

384 5613 503 5686 (29)
519 5614 560 5670 Α
574 5612 916 5687 presbyteris
937 5616 993 5669 et
1003 5610 1252 5670 diaconis
1271 5606 1518 5680 ejusdem
1533 5604 1902 5674 sacra-menti,

1989 4605 2092 4658 hoc
2122 4611 2226 4663 est,
2257 4591 2622 4666 monogamis.
2653 4591 2730 4666 Li;
2759 4592 2858 4666 Ba.

2065 4672 2178 4742 (30)
2215 4659 2293 4727 Et
2321 4669 2412 4742 illi
2426 4659 2622 4742 "plane
2651 4665 2730 4742 sic
2761 4661 2970 4742 dabunt
2999 4660 3148 4742 uiros
3177 4659 3467 4742 et'uxores
3485 4667 3592 4742 quo

1991 4725 2478 4801 modo'buccellas'.
2512 4735 2778 4791 Omnibus
2815 4732 3019 4786 scilicet
3049 4727 3384 4801 petentibus.
3420 4725 3584 4801 Quasi

1975 4796 2154 4870 “etiam
2185 4796 2254 4867 de
2281 4808 2533 4880 conjugio
2559 4807 2860 4880 sitdictum
2888 4796 3240 4880 i_llud.—01nni_
3271 4796 3489 4868 petenti
3538 4798 3592 4849 te

1997 4888 2146 4950 dato,
2185 4883 2330 4954 quod
2378 4871 3042 4954 suhm‘haberetituﬁlum_
3088 4871 3154 4925 ad
3195 4871 3591 4954 eleemosyngm

1998 4936 2352 5029 periihebtem
2409 4951 2482 5029 ait
2537 4950 2681 5026 libro
2757 4946 2823 5001 de
2877 4945 3182 5029 Baptismo,
3238 4936 3594 5029 Itaque'ALhic

1998 5006 2469 5084 iéiiﬁé‘iénesus
2523 5018 2873 5090 nequiorem,
2921 5006 3280 5090 signiﬁcatum
3313 5006 3589 5090 _involvit,

2000 5083 2546 5172 quemadmodum
2586 5083 2906 5172 Salomonis
2961 5083 3268 5172 Proverbiis
3293 5083 3538 5172 legimus
3580 5096 3594 5132 :

2003 5153 2095 5228 S‘ic
2134 5173 2216 5226 est
2246 5169 2335 5222 via
2362 5163 2620 5220 mulieris
2651 5161 2958 5226 adulterae;
2989 5157 3222 5216 comedit
3251 5160 3308 5212 et
3337 5153 3504 5224 tergit
3537 5166 3595 5208 os

2002 5258 2191 5299 suum.
2212 5239 2287 5293 Le
2315 5241 2412 5292 Pa.
3217 5297 3240 5299 Ar
3417 5261 3422 5266 .

2077 5315 2190 5383 (3t)
2241 5310 2457 5367 Alienis
2501 5307 2631 5383 jam
2670 5301 2904 5360 dotalib.
2961 5299 3176 5383 Dlotalia
3203 5297 3441 5383 Graecis,
3477 5298 3597 5383 iisi-

2003 5369 2185 5457 πρᾶυιοξ
2266 5389 2320 5436 et
2383 5369 2678 5457 napcirpspvam
2723 5388 2844 5457 qutp
2907 5372 3102 5457 I'I‘luliel‘
3164 5380 3357 5440 praater
3410 5369 3591 5424 dotem

2007 5444 2351 5512 constitutam
2392 5444 2775 5506 secum‘affert.
2808 5444 2889 5498 LE
2920 5445 3014 5499 Pn.

2079 5507 2456 5599 (S2);Propter
2500 5518 2923 5599 forniqationes.
2965 5513 3047 5599 Ad
3075 5511 3291 5599 verbum
3323 5507 3594 5599 transtulit

2010 5577 2381 5670 qub'd'drséc'e’
2402 5577 2512 5648 est'
2547 5585 2632 5642 διὰ
2666 5584 2725 5641 δὲ
2750 5585 2836 5646 τὰς
2871 5583 3127 5655 metretas;
3156 5581 3212 5637 in
3273 5595 3382 5651 quo
3415 5577 3597 5638 etiam
