4058 6172
444 252 553 316 995
1123 245 1574 309 TEBTULLIANI
1611 246 1880 313 ΟΡΕῆοΜ
1916 248 2085 310 PARS
2121 247 2189 311 Ii.
2228 280 2298 294 -—
2334 247 2555 310 SBRIES
2592 246 2660 320 II,
2699 246 3017 309 MORALIA.
3623 247 3738 309 996

440 376 621 435 monio
658 390 689 430 a
718 372 824 429 ﬁde
853 372 1205 444 deprehensi',
1237 374 1557 431 verebantur
1593 390 1661 429 ne
1690 388 1792 430 non
1849 373 2033 432 liceret
2070 390 2115 468 Α
2148 375 2480 432 demonstrat
2527 374 2953 448 intelligendam,
3020 390 3143 446 quae
3190 382 3246 430 et
3279 374 3399 445 ipsa
3444 373 3525 430 sic
3572 373 3741 430 fuerit

442 466 522 522 eis
577 463 916 520 matrimonio
945 477 1045 517 suo
1118 462 1312 518 exinde
1358 463 1455 529 uti,
1506 464 1635 533 quia
1699 464 1755 516 in
1820 479 2030 518 carnem

445 560 682 611 sanctam
728 551 925 608 Christi
975 552 1350 608 credidissent.
1383 553 1451 607 Et
1498 565 1674 606 tamen
1734 551 2033 607 secundum

445 643 658 702 veniam
693 641 959 705 concedit,
995 656 1097 695 non
1140 641 1437 696 secundum
1470 639 1642 698 945
1701 641 2032 711 imperium;

447 733 502 790 id
539 740 641 798 est,
672 730 981 803 indulgens,
1015 744 1123 783 non
1192 729 1507 800 praecipiens
1556 730 1627 784 ita
1670 728 1808 784 ﬁeri.
1868 730 2039 785 Caete-

449 838 587 889 rum,
615 820 850 875 malebat
888 833 1081 874 omnes
1119 817 1175 872 id
1203 834 1319 873 esse
1358 818 1505 888 quod
1538 828 1591 872 et
1640 818 1775 889 ipse.
1807 819 2035 875 Proinde

448 920 503 968 et
539 912 607 966 de
638 908 856 978 repudio
916 905 1231 971 rescribens,
1281 905 1611 961 demonstrat
1663 908 1922 978 quosdam
1970 907 2038 962 de

451 999 556 1055 isto
613 1011 831 1068 quoque
897 994 1212 1065 cogitasse:
1271 994 1352 1049 vel
1406 994 1663 1064 maxime,
1705 998 1832 1067 quia
1886 1006 1939 1051 et
1985 998 2037 1050 in

451 1085 681 1143 ethnicis
710 1082 1072 1139 matrimoniis
1127 1096 1234 1137 non
1277 1084 1537 1154 putabant
1580 1093 1700 1153 post
1732 1083 1891 1139 fidem
1937 1084 2039 1139 sibi

452 1172 928 1248 perseverandum.
962 1170 1283 1238 Quaerebam
1328 1180 1382 1226 et
1410 1172 1477 1226 de
1505 1171 1803 1243 virginibus
1856 1173 2040 1227 consi-

453 1265 583 1320 lium
616 1266 967 1335 (prteceptum
1008 1261 1151 1314 enim
1210 1259 1426 1315 Domini
1480 1276 1588 1315 non
1632 1259 1785 1332 erat),
1833 1258 2043 1317 bonum

456 1370 573 1412 esse
586 1352 805 1411 homini
822 1351 963 1406 sisic
980 1352 1353 1421 permaneat;
1378 1349 1559 1421 utique
1574 1349 1846 1420 quomodo
1880 1364 1911 1402 a
1942 1348 2045 1403 fide

456 1442 621 1498 fuerit
639 1442 910 1496 inventus.
956 1440 1182 1494 Vinctus
1240 1455 1297 1494 es
1351 1439 1400 1476 ³⁵
1431 1440 1626 1503 uxori,
1660 1456 1731 1495 ne
1760 1439 2045 1510 quresieris

2141 467 2359 521 inventa
2397 465 2573 523 soluta
2616 481 2645 519 a
2676 465 2815 534 viro,
2873 464 3142 536 quomodo
3190 471 3241 520 et
3288 464 3372 521 vir
3418 462 3639 518 solutus
3667 465 3738 519 ab

2140 570 2347 625 uxore;
2383 570 2477 626 per
2504 564 2731 610 mortem
2761 554 2963 625 utique,
2994 569 3099 612 non
3150 569 3245 625 per
3275 552 3564 622 repudium
3593 551 3737 607 facta

2142 644 2406 700 solutione
2454 644 2626 715 :quia
2644 643 2940 713 repudiatis
2988 658 3094 698 non
3145 642 3477 712 permitteret
3507 642 3733 710 nubere,

2144 733 2399 787 adversus
2442 730 2737 803 pristinum
2796 738 3143 802 praceptum.
3191 731 3377 801 Itaque
3448 728 3637 784 mulier
3690 729 3737 783 si

2142 820 2402 894 nupserit,
2436 835 2543 876 non
2572 820 2868 891 delinquet,
2898 820 3025 890 quia
3052 836 3153 876 nec
3191 816 3370 876 946
3407 819 3493 875 hic
3529 834 3737 875 secun-

2145 910 2248 965 dus
2295 909 2514 965 maritus
2559 907 2903 978 deputabitur
2947 908 3041 980 qui
3089 907 3138 948 39
3166 917 3250 964 est
3281 922 3316 964 a
3363 906 3469 963 ﬁde
3502 907 3738 977 primus,

2147 1006 2200 1053 et
2230 997 2365 1051 adeo
2406 997 2484 1054 sic
2513 1009 2618 1063 est,
2659 1004 2718 1052 ut
2747 1006 3027 1068 propterea
3055 996 3313 1067 adjecerit
3347 1015 3358 1051 :
3399 999 3647 1052 Tantum
3672 998 3739 1053 in

2148 1088 2405 1154 Domino;
2462 1085 2588 1156 quia
2639 1086 2707 1141 de
2738 1102 2801 1140 ea
2846 1086 3125 1156 agebatur,
3176 1100 3297 1155 qua:
3342 1084 3622 1142 ethnicum
3649 1086 3742 1139 ha-

2148 1175 2355 1241 buerat,
2384 1183 2438 1228 et
2472 1172 2669 1228 amisso
2701 1188 2764 1228 eo
2791 1171 3126 1237 crediderat;
3160 1188 3232 1226 ne
3261 1172 3311 1210 ⁴⁰
3337 1171 3544 1228 scilicet
3575 1173 3741 1228 etiam

2151 1271 2273 1332 post
2327 1260 2486 1317 ﬁdem
2526 1261 2738 1317 ethnico
2780 1276 2837 1316 se
2883 1262 3088 1316 nubere
3134 1275 3295 1330 posse
3348 1270 3741 1331 prasumeret;

2154 1350 2278 1405 licet
2306 1366 2407 1406 nec
2433 1350 2536 1406 hoc
2589 1349 2831 1421 Psychici
2890 1357 3101 1406 curent.
3153 1349 3401 1405 Sciamus
3448 1351 3607 1421 plane
3636 1365 3745 1405 non

2154 1440 2232 1495 sic
2260 1456 2379 1496 esse
2408 1439 2460 1493 in
2492 1439 2684 1495 Graeco
2706 1439 3015 1495 authentico
3045 1438 3159 1510 (33)
3193 1439 3491 1509 (quomodo
3514 1441 3567 1494 in
3584 1455 3745 1495 usum

455 1531 793 1588 solutionem
812 1527 1041 1585 Solutus
1063 1542 1118 1582 es
1156 1526 1223 1581 ab
1253 1542 1449 1591 uxore,
1474 1542 1544 1582 ne
1580 1527 1866 1597 quaesieris
1906 1542 2045 1581 ατο·
2076 1557 2122 1635 A
2154 1529 2285 1585 exiit
2315 1545 2409 1598 per
2462 1528 2689 1585 duarum
2734 1528 3058 1599 syllabarum
3088 1534 3181 1582 aut
3207 1527 3453 1582 callidam
3485 1536 3577 1582 aut
3612 1529 3745 1583 sim-

456 1635 578 1675 rem
602 1637 619 1673 :
640 1619 691 1674 si
717 1621 912 1673 autem
932 1618 1213 1687 acceperis
1254 1632 1492 1671 uxorem
1546 1632 1661 1672 non
1707 1616 1998 1686 deliquisti
2026 1636 2043 1671 :

455 1706 580 1778 quia
609 1717 733 1761 ante
760 1704 922 1759 ﬁdem
977 1704 1157 1757 soluto
1194 1704 1261 1757 ab
1292 1719 1480 1773 uxore,
1514 1718 1619 1757 non
1680 1704 2052 1760 numerabitur

458 1802 583 1867 post
612 1795 771 1849 ﬁdem
811 1792 1047 1847 secunda
1070 1807 1224 1857 uxor,
1256 1808 1375 1862 quae
1403 1800 1525 1863 post
1554 1791 1711 1847 ﬁdem
1746 1793 1919 1864 prima
1947 1803 2049 1849 est.

464 1884 514 1939 Α
548 1881 652 1936 ﬁde
681 1882 824 1935 enim
856 1878 1021 1932 etiam
1043 1878 1163 1947 ipsa
1192 1877 1300 1935 vita
1328 1882 1510 1934 nostra
1530 1889 1803 1936 censetur.
1835 1881 1936 1936 Sed
1968 1882 2052 1936 hic

466 1986 687 2044 parcere
746 1984 803 2023 se
841 1967 969 2022 dicit
1023 1965 1170 2022 illis:
1224 1969 1463 2040 alioquin
1522 1986 1831 2040 pressuram
1879 1971 2057 2027 carnis

462 2060 896 2127 subsecuturam,
917 2072 1029 2127 pra:
1058 2058 1321 2132 angustiis
1354 2068 1654 2129 temporum
1677 2060 2060 2132 impedimenta

465 2147 793 2203 matrimonii
840 2148 1243 2218 recusantibus;
1278 2148 1406 2218 quin
1466 2148 1643 2218 potius
1680 2149 1748 2205 de
1825 2149 2059 2206 Domino

464 2237 873 2294 sollicitudinem
906 2237 1205 2291 habendam
1260 2239 1615 2307 promerendo
1671 2239 1739 2304 ³6,
1797 2256 1957 2309 quam
1987 2243 2055 2297 de

466 2328 680 2383 marito.
710 2327 777 2381 Et
803 2326 850 2365 37
881 2326 954 2379 ita
994 2335 1213 2380 revocat
1242 2325 1387 2397 quod
1417 2327 1680 2396 permisit.
1720 2327 1811 2384 Sic
1837 2344 1970 2400 ergo
2004 2331 2056 2383 in

464 2417 657 2474 eodem
686 2416 807 2487 ipso
836 2414 1090 2485 capitulo,
1123 2429 1228 2483 quo
1261 2414 1454 2468 deﬁnit
1494 2431 1954 2487 unumquemque,
2008 2419 2059 2471 in

462 2521 566 2576 qua
596 2504 876 2559 vocatione
932 2502 1233 2573 vocabitur,
1279 2504 1332 2557 in
1364 2520 1425 2558 ea
1482 2521 1797 2574 permanere
1842 2508 2059 2573 debere,

464 2591 757 2662 adjiciens:
790 2591 987 2649 Mulier
1016 2594 1206 2647 vincta
1227 2593 1597 2664 cst,quandiu
1618 2596 1757 2650 vivit
1786 2596 1872 2651 vir
1892 2599 2015 2668 ejus
2047 2618 2065 2653 :

464 2682 515 2736 si
536 2684 735 2737 autem
762 2678 1073 2744 dormierit,
1110 2680 1279 2736 libera
1303 2686 1384 2735 est
1396 2700 1414 2746 ;
1442 2683 1537 2736 cui
1556 2684 1697 2738 volet
1722 2684 2064 2748 nubat,tan-

470 2772 595 2826 tum
626 2770 687 2824 in
711 2771 941 2827 Domino
973 2769 1015 2838 (l
1050 2770 1173 2824 Cor.
1208 2783 1310 2836 vu,
1332 2768 1450 2840 39);
1480 2770 1604 2825 hinc
1632 2770 1681 2808 33
1708 2786 1924 2844 qquue
1945 2790 2060 2829 eam

2156 1618 2349 1690 plicem
2371 1616 2700 1673 eversionem
2730 1615 2775 1654 41
2809 1616 2925 1688 (34)
2952 1634 2970 1671 :
3003 1617 3062 1673 Si
3088 1615 3386 1672 dormierit
3412 1617 3462 1653 ¹ί²
3483 1620 3571 1673 vir
3600 1619 3745 1687 eius,

2156 1706 2309 1779 quasi
2335 1706 2400 1760 de
2429 1705 2609 1760 futuro
2647 1713 2821 1770 sonet,
2881 1719 2944 1759 ac
2977 1719 3073 1773 per
3098 1704 3204 1759 hoc
3251 1704 3496 1759 videatur
3526 1704 3594 1759 ad
3627 1720 3747 1759 eam

2160 1794 2449 1867 pertinere,
2506 1808 2628 1864 quae
2680 1793 2790 1860 jam
2841 1793 2894 1847 in
2952 1790 3058 1846 ﬁde
3099 1792 3271 1847 virum
3319 1792 3574 1847 amiserit.
3636 1793 3751 1847 Hoc

2161 1883 2378 1955 quidem
2410 1881 2455 1935 si
2485 1882 2555 1936 ita
2584 1890 2745 1946 esset,
2786 1881 2841 1936 in
2870 1880 3135 1935 inﬁnitum
3178 1880 3372 1936 emissa
3403 1881 3631 1946 licentia,
3660 1889 3750 1935 to-

2165 1973 2301 2026 tiens
2337 1972 2509 2027 virum
2552 1970 2808 2036 dedisset,
2856 1972 3104 2042 quotiens
3155 1969 3390 2026 amissus
3437 1980 3599 2035 esset,
3630 1971 3752 2025 sine

2163 2060 2276 2115 ullo
2332 2060 2537 2129 pudore
2586 2059 2842 2125 nubendi,
2903 2061 3064 2113 etiam
3109 2059 3340 2114 ethnicis
3396 2068 3749 2130 congruente.

2166 2151 2273 2207 Sed
2300 2149 2403 2205 etsi
2431 2149 2503 2203 ita
2530 2147 2847 2218 cssetquasi
2870 2148 2937 2201 de
2967 2146 3146 2203 futuro
3180 2164 3191 2204 :
3225 2148 3286 2204 Si
3311 2149 3474 2219 cujus
3505 2148 3753 2203 maritus

2168 2242 2436 2296 mortuus
2484 2238 2684 2307 luerit,
2744 2234 3073 2289 tantumdem
3120 2244 3174 2289 et
3228 2232 3465 2288 futurum
3511 2234 3573 2286 ad
3634 2250 3753 2288 eam

2170 2326 2485 2398 pertineret,
2561 2324 2717 2393 cujus
2778 2328 2903 2377 ante
2960 2320 3116 2376 ﬁdem
3173 2320 3435 2378 morietur
3507 2321 3751 2377 maritus.

2167 2414 2381 2485 Quaevis
2409 2414 2457 2451 43
2477 2412 2681 2482 accipe,
2704 2411 2831 2465 dum
2848 2419 3041 2465 caetera
3071 2426 3178 2465 non
3209 2420 3441 2467 evertas.
3464 2410 3595 2465 Nam
3627 2426 3753 2465 cum

2170 2514 2223 2561 et
2253 2505 2343 2558 illa
2373 2502 2635 2559 sententia
2665 2500 3082 2570 cedant,servus
3112 2505 3338 2557 vocatus
3362 2517 3438 2569 es,
3470 2518 3542 2557 ne
3572 2517 3753 2555 cura-

2170 2596 2317 2652 veris
2347 2612 2360 2646 :
2386 2592 2851 2663 Imprwputiatus
2877 2592 3106 2645 vocatus
3135 2606 3190 2646 es
3202 2588 3426 2659 (35),ne
3455 2590 3754 2645 circumci-

2172 2684 2327 2739 deris
2355 2680 2766 2737 :circumcisus
2798 2682 3028 2735 vocatus
3058 2695 3136 2748 es,
3162 2694 3232 2733 ne
3262 2677 3570 2735 adduxeris
3604 2678 3749 2749 (36);

2172 2773 2367 2845 quibus
2413 2769 2724 2826 concurrit:
2772 2769 2999 2825 Vinctus
3046 2785 3105 2825 es
3133 2769 3325 2834 uxori,
3366 2784 3438 2826 ne
3472 2770 3755 2840 quwsicris

539 2948 587 2985 ³⁵
616 2944 775 3001 Enim
832 2946 1006 3001 Rhen.
1046 2944 1215 3001 Seml.
1256 2945 1304 2982 ³6
1333 2946 1631 3001 Promendo
1670 2868 2420 3008 Frumg'fllifaiiggilﬁiii.
2455 2947 2503 2984 38
2542 2946 2688 2999 Hauc
2714 2945 2891 3001 Rhen.
2932 2944 2981 2982 39
3010 2942 3153 3011 Quia
3199 2944 3324 3015 Rig.
3374 2944 3496 3001 Ven.
3544 2943 3596 2979 ⁴⁰
3645 2943 3756 2998 Ne-

470 3019 642 3075 abest.
692 3016 866 3072 Ithen.
899 3014 943 3053 ¹ι¹
986 3015 1355 3071 Emersionem
1391 3018 1560 3075 Seml.
1586 3018 1636 3055 ¹ι²
1666 3022 1856 3074 Autem
1886 3022 2039 3079 inser
2068 3023 2240 3079 Rhen.
2276 3018 2442 3076 Seml.
2466 3017 2515 3055 4³
2544 3017 2799 3086 Quamvis
2838 3016 3009 3073 Seml.
3038 3015 3193 3073 Pam.

1938 3092 2435 3156 Commentarius.

470 3196 761 3292 auctorem
792 3193 1031 3292 imitatus
1060 3204 1158 3292 est)
1207 3193 1269 3251 B.
1305 3194 1686 3267 Hieronymus,
1741 3197 1874 3252 lib.1
1930 3198 2055 3255 adv.
2092 3214 2135 3292 ο

473 3268 679 3330 Jovin.,
702 3272 784 3319 ter
810 3274 1085 3335 quaterve.
1118 3266 1259 3320 Pu.

543 3338 653 3408 (33)
676 3338 928 3393 Sciamus
946 3338 1117 3408 plane
1145 3353 1260 3393 non
1280 3338 1360 3392 sic
1379 3351 1492 3393 esse
1521 3339 1583 3391 in
1610 3338 1797 3394 Grreco
1817 3339 2061 3396 authen-

478 3412 607 3466 tico.
663 3424 785 3463 cum
834 3424 995 3481 omne
1034 3416 1086 3481 et
1114 3410 1315 3462 veteris
1345 3416 1398 3463 et
1454 3424 1608 3462 novm
1655 3409 1945 3481 Scripturaa
1974 3412 2061 3465 in-

476 3486 830 3537 strumentum
864 3481 917 3533 in
948 3478 1197 3533 Latinum
1230 3494 1536 3533 sermonem
1585 3478 1790 3536 exinde
1841 3481 2066 3536 transla-

477 3559 588 3606 tum
620 3553 708 3617 sit,
754 3551 925 3606 multo
971 3550 1153 3618 purior
1202 3565 1414 3603 manere
1463 3551 1734 3604 credenda
1790 3562 1871 3606 est
1902 3553 2063 3607 fontis

476 3625 644 3689 unda,
686 3638 845 3691 quam
879 3620 992 3688 rivi,
1017 3629 1082 3691 rut
1112 3619 1486 3691 aitadversus
1534 3621 1839 3676 Helvidium
1869 3624 2064 3677 Hiero-

473 3708 685 3762 nymus,
704 3689 901 3759 Itaque
926 3697 979 3744 et
1009 3690 1145 3745 libro
1179 3689 1243 3745 de
1274 3692 1601 3761 Prcescript.
1645 3692 1961 3752 hcereticor.
1996 3696 2064 3748 ad

473 3762 728 3840 ecclesias
748 3762 1073 3840 apostolicus
1101 3768 1372 3840 provocat,
1410 3780 1434 3812 α
1458 3764 1597 3832 apud
1646 3778 1779 3832 quas
1825 3766 2060 3820 authen-

478 3834 620 3901 ticae,
648 3830 843 3902 inquit,
876 3830 1065 3886 litterae
1092 3831 1463 3902 apostolorum
1493 3830 1812 3900 reeilantur,
1865 3851 2067 3889 sonan-

478 3913 557 3959 tes
584 3901 794 3966 vocem,
831 3912 1276 3968 repraesentantes
1300 3901 1507 3957 faciem.
1559 3924 1581 3953 α
1616 3904 1718 3958 Sed
1778 3906 1949 3961 Graeci
1998 3906 2065 3960 il-

475 3974 581 4027 lius
601 3971 899 4026 authentici
922 3972 1185 4025 editiones
1217 3974 1356 4026 haud
1387 3974 1555 4027 fuisse
1597 3990 1787 4030 omnes
1839 3993 2065 4033 accura-

477 4044 716 4119 tissimas
743 4044 851 4119 jam
898 4042 1024 4096 olim
1062 4043 1361 4119 observavit
1415 4044 1710 4119 Gregorius
1767 4048 2063 4119 Nyssenus,

477 4125 622 4185 Orat.
639 4118 694 4179 2,
724 4115 790 4170 de
820 4115 1247 4172 Resurrectione
1294 4117 1445 4171 Dom.
1497 4115 1703 4171 Etenim
1760 4115 1853 4185 ait,
1884 4118 1929 4171 ἐν
1967 4123 2068 4179 τοῖς

479 4183 832 4258 ἀκριϐεστέρος
924 4184 1247 4258 ἀντιγράφοις.
1302 4187 1648 4258 Evangelium
1736 4183 1899 4245 Maeci
1958 4206 2068 4246 non

478 4255 704 4330 pergere
734 4255 897 4330 :ultra
944 4255 1058 4312 haec
1097 4257 1279 4330 verba,
1319 4255 1577 4328 ἆφοϐοἷῖντο
1614 4261 1709 4330 γάρ
1763 4262 2067 4330 cujusmodi

480 4327 779 4402 ullahodie
807 4339 1015 4402 exstare
1046 4328 1282 4383 nondum
1312 4327 1393 4383 ρει
1421 4327 1891 4400 compertum,nisi
1917 4337 2064 4402 quod

479 4399 532 4453 in
550 4400 851 4454 biblotheca
884 4399 1051 4469 Regia
1068 4408 1307 4454 servatur
1334 4399 1609 4471 exemplar
1638 4399 1830 4456 litteris
1853 4399 2064 4459 descri-

480 4478 632 4544 ptum
678 4471 1008 4544 majusculis,
1043 4471 1152 4544 ubi
1198 4480 1331 4544 ipost
1379 4472 1487 4544 illa,
1535 4471 1785 4544 ἐφρϐσῡντο
1822 4473 2070 4544 1&pnota

482 4542 617 4620 ﬁnis
646 4541 976 4620 adpingitur.
1009 4543 1133 4620 ltlox
1159 4543 1229 4620 ab
1262 4542 1501 4620 ejusdem
1538 4543 1761 4620 _lib_ra_rii
1792 4541 1953 4620 manu
1990 4546 2066 4600 le-

2159 3214 2249 3252 res
2268 3196 2629 3265 reperiuntur.
2650 3193 2717 3246 Et
2736 3193 2830 3265 lib.
2863 3196 3067 3265 contra
3095 3193 3370 3265 Faustum
3401 3191 3668 3265 Manich"
3692 3208 3753 3257 η,

2171 3284 2291 3339 cap.
2327 3263 2382 3339 6,
2413 3265 2505 3321 ubi
2531 3268 2598 3319 de
2629 3264 2781 3339 Pauli
2813 3264 3058 3339 epistolis
3088 3263 3215 3318 citat
3242 3263 3483 3339 codicem
3512 3263 3756 3339 Latinum

2170 3333 2533 3407 emendatum,
2567 3344 2619 3391 et
2647 3333 2889 3407 codicem,
2912 3337 3161 3391 Graecum
3194 3333 3351 3389 etiam
3392 3334 3755 3407 emendatum,

2170 3408 2535 3465 authenticum
2571 3406 2721 3472 dicit,
2754 3406 2897 3476 quod
2926 3415 3008 3478 est
3037 3406 3352 3478 auctoritate
3381 3406 3618 3478 dignius,
3653 3414 3756 3461 tam

2170 3481 2224 3535 in
2254 3480 2459 3536 Graecis
2496 3494 2657 3549 quam
2693 3480 2748 3533 in
2782 3477 3002 3549 Latinis.
3042 3478 3153 3549 Nec
3184 3476 3354 3548 piguit
3401 3476 3754 3549 Augustinum

2172 3552 2353 3624 plures
2401 3547 2664 3624 inspicere
2715 3548 2949 3614 codices,
2994 3547 3486 3624 ut__ipsc_’tes_ta_tur_
3537 3548 3588 3600 in
3611 3548 3755 3624 psal.

2171 3618 2351 3679 ixvn:
2407 3643 2429 3671 ι
2467 3618 2650 3675 Plures
2728 3628 2911 3675 autem
2973 3619 3184 3674 codices
3227 3618 3421 3684 Latini,
3476 3619 3667 3686 inquit,
3701 3626 3756 3673 et

2170 3694 2400 3748 maxime
2439 3691 2637 3754 Grmci,
2688 3690 2761 3744 ita
2814 3689 3099 3745 distinctos
3151 3705 3340 3745 versus
3379 3688 3601 3759 habent;
3647 3709 3670 3738 ι
3702 3698 3757 3744 et

2171 3766 2335 3835 paulo
2366 3772 2517 3835 post:
2555 3784 2578 3813 cr
2608 3760 2746 3835 Quae
2775 3761 3120 3816 distinctione
3152 3762 3448 3835 multorum
3485 3761 3756 3835 codicum,

2171 3831 2223 3891 et
2243 3831 2558 3889 auctoritate
2588 3834 2903 3903 digniorum
2923 3831 3263 3896 consonanti,
3287 3831 3401 3887 sine
3418 3831 3583 3886 dubio
3620 3847 3762 3903 prte—

2173 3906 2411 3970 ferenda,
2452 3926 2474 3953 ι
2509 3912 2612 3961 etc.
2646 3903 2789 3958 Idem
2823 3905 2890 3957 ad
2930 3904 3068 3956 Psal.
3102 3904 3386 3956 eumdem:
3423 3924 3443 3951 α
3481 3903 3640 3957 Istam
3672 3919 3762 3955 re-

2175 3978 2482 4049 petitionem
2530 3988 2638 4049 non
2668 3990 2854 4049 omnes
2896 3973 3107 4028 codices
3138 3974 3373 4049 habent,
3395 3982 3449 4027 et
3486 3988 3603 4029 eam
3634 3973 3763 4029 dili-

2174 4044 2449 4121 gentiores
2478 4047 2629 4121 stella
2657 4044 2905 4121 apposita
2938 4055 3254 4121 praenatant.
3294 4064 3316 4092 ν
3342 4045 3466 4121 Β-ισ.

2243 4121 2360 4189 (34)
2390 4120 2495 4173 Per
2513 4118 2679 4174 duar.
2695 4114 3359 4189 's’yllabarLeversionem.
3374 4114 3431 4168 In
3448 4114 3766 4189 authentico

2172 4182 2269 4245 illo
2303 4182 2399 4244 suo
2430 4190 2622 4261 legisse
2686 4182 2912 4261 videtur,
2955 4185 3053 4261 ear
3081 4190 3226 4257 κοιμᾷ
3264 4182 3344 4254 δὲ,
3416 4185 3462 4239 si
3517 4187 3768 4261 dormiat,

2177 4261 2220 4317 si
2254 4257 2615 4322 mortuus'sit,
2667 4258 2895 4313 maritus
2939 4257 3163 4323 scilicet,
3216 4264 3504 4323 antequam
3536 4272 3671 4312 uxor
3703 4258 3769 4310 ad

2178 4331 2337 4385 fidem
2385 4339 2684 4386 vocaretur.
2722 4330 2790 4385 Ut
2838 4344 2905 4383 ex
2935 4327 3147 4399 illoeav
3184 4330 3330 4399 κοιμᾷ
3368 4326 3449 4399 δὲ
3478 4344 3576 4398 per
3603 4344 3768 4382 ever-

2176 4402 2379 4457 sionem
2395 4401 2616 4456 duarum
2646 4401 2971 4472 syllabarum
3031 4398 3228 4472 factum
3256 4396 3323 4472 sit
3354 4416 3378 4472 :_
3410 4396 3493 4451 ea;
3520 4402 3772 4472 ⁸ιιοξμιηθῇ,

3139 4469 3296 4538 Quod
3314 4468 3469 4523 etiam
3500 4469 3569 4524 de
3595 4468 3777 4524 futuro

2180 4475 2222 4528 si
2251 4472 2629 4543 dormierit,|si
2659 4469 2901 4543 mortuus
2933 4469 3114 4543 fuerit.

2192 4554 2366 4608 sonat,
2400 4538 2578 4613 inquit
2612 4540 2921 4613 Septimius.
2979 4539 3144 4607 Quasi
3171 4538 3417 4613 Apostoli
3467 4554 3661 4595 sensus
3686 4557 3781 4613 ex-

479 4603 649 4687 gitur,
682 4603 735 4665 in
780 4603 1129 4687 quisbusdam
1157 4603 1305 4687 libris
1331 4614 1571 4687 reperiri,
1615 4614 1783 4687 Ilium
1810 4610 1865 4687 δὲ
1896 4635 2083 4687 παρηγ-
2117 4603 2161 4680 D
2193 4603 2447 4687 tendatur
2473 4603 2663 4669 'etiam
2691 4603 2763 4667 ad
2795 4628 2915 4666 eum
2946 4603 3152 4687 casum,
3193 4603 3301 4687 quo
3352 4610 3521 4687 virum
3555 4614 3687 4687 post
3711 4610 3783 4663 ﬁ-

479 4683 694 4805 ἒελμένα
722 4687 825 4741 τοῖς
849 4686 955 4754 περὶ
997 4686 1078 4737 τὸν
1114 4684 1285 4805 Πέτὲον
1330 4685 1576 4754 συντόμως
1624 4682 1917 4756 ἐξήγγειλον.
1948 4682 2087 4741 Metti:

516 4754 536 4805 ὲ
568 4758 727 4805 ταῦτα
767 4754 846 4805 καὶ
874 4757 1017 4805 αὐτὸς
1058 4757 1161 4805 τοῖς
1238 4755 1297 4805 πὸ
1342 4754 1583 4805 ἀνατολῆι
1632 4758 1715 4805 καὶ
1754 4758 1867 4805 ἄνοὶ
1906 4754 2087 4805 δύσεως

480 4754 536 4805 δὲ
568 4758 727 4807 ταῦτα
767 4754 846 4805 καὶ
874 4757 1017 4814 αὐτὸς
1058 4757 1161 4813 τοῖς
1207 4754 1297 4805 ἀπὸ
1342 4754 1583 4811 ἀνατολῆι
1632 4754 1724 4808 καῖ
1749 4754 1867 4828 ἄχρὶ
1906 4754 2088 4820 δύσεως

480 4824 806 4901 ἐξοξπέστειλεν
834 4820 901 4901 ι’
930 4829 1088 4901 «grav
1116 4826 1175 4901 to
1201 4827 1427 4901 ispbv_ic_a‘t
1464 4829 1712 4901 ἄφθαρτον
1751 4830 1977 4901 κήρυγμα
2004 4836 2088 4896 τῆς

479 4892 638 4950 αϊδίου
668 4896 923 4969 cosmetae.
963 4898 1099 4953 Tum
1124 4892 1293 4969 altera
1330 4892 1550 4969 librariii
1573 4892 1721 4969 nota,
1753 4892 2089 4955 in'no'nnulis

1026 4977 1144 5039 post
1214 4967 1322 5035 illa,
1400 4966 1651 5040 ἐφοϐοῦντο
1711 4966 1845 5042 λγὰρ,
1911 4973 2085 5039 sequi,

489 5037 731 5114 Ἂναετὰε
762 5034 817 5090 δὲ
838 5009 1255 5110 πρωίβῖϋῑθῐθΓᾶ
1293 5009 1505 5109 (ἰυὶθτίῐι
1574 5009 2089 5114 vulgat‘isheditigni:

516 4754 536 4805 ὲ
568 4758 727 4807 ταῦτα
767 4754 846 4805 καὶ
874 4757 1017 4814 ante;
1058 4757 1161 4813 τοῖς

476 4969 638 5023 etiam
668 4967 946 5023 codicibus

477 5111 606 5167 bus.
622 5110 748 5164 Bia.

547 5210 620 5220 —
672 5182 735 5235 In
779 5182 963 5239 Crwco
1018 5183 1363 5237 authentico.
1422 5181 1477 5235 in
1533 5182 1720 5237 Graeca
1760 5184 2001 5251 veritate,
2034 5187 2087 5239 in

477 5250 918 5325 Graecaorigine.
937 5253 1263 5325 Hironymus
1278 5256 1447 5325 praef.
1483 5253 1543 5306 in
1562 5255 1794 5323 Evang.,
1826 5255 2089 5324 Augusti-

476 5341 589 5380 nus
618 5324 873 5400 lib._t£de
917 5324 1209 5400 Doctrina
1231 5324 1437 5400 Christ.
1469 5338 1596 5400 c_ap._
1625 5328 1709 5400 i3.
1746 5325 1935 5400 Libros
1965 5343 2083 5400 au-

478 5405 587 5452 tem
616 5396 751 5453 Novi
771 5396 1098 5451 Testamenti
1125 5438 1137 5460 ,
1165 5394 1213 5449 si
1242 5394 1372 5464 quid
1402 5394 1458 5448 in
1487 5394 1689 5449 Latinis
1737 5394 2084 5452 varietatibus

484 5468 680 5535 titulat,
710 5466 920 5522 Graecis
975 5470 1442 5538 cederebportere
1464 5479 1571 5538 non
1599 5464 1837 5538 dubium
1850 5473 1975 5538 est;
2031 5478 2085 5524 et

484 5534 740 5607 maxime,
770 5538 864 5610 qui
891 5538 1037 5609 apud
1079 5534 1335 5592 eccleSias
1378 5535 1647 5592 doctiores
1684 5544 1740 5591 et
1766 5534 2080 5609 diligentio-

2194 4688 2317 4742 dem
2349 4686 2415 4738 ab
2447 4699 2617 4739 uxore
2646 4693 2943 4752 susceptam
2991 4685 3124 4736 mori
3157 4682 3447 4753 contigerit
3475 4698 3585 4753 quo
3615 4682 3781 4737 etiam

2195 4773 2323 4811 casu
2356 4756 2514 4809 liceat
2543 4755 2701 4810 uxori
2732 4754 2935 4809 nubere
2962 4754 3201 4808 aliiviro.
3231 4753 3300 4807 Et
3330 4760 3504 4807 tamen
3535 4755 3590 4807 in
3612 4769 3785 4806 mem-

2198 4826 2377 4883 branis
2407 4826 2510 4879 illis
2535 4825 2926 4890 vetustissimis,
2960 4841 3094 4895 quas
3125 4823 3224 4877 viri
3253 4824 3398 4878 docti
3424 4825 3538 4895 jam
3573 4824 3787 4895 pridem

2198 4914 2263 4953 ex
2306 4897 2545 4968 ampliss.
2595 4897 2681 4954 Cl.
2708 4896 2932 4951 Puteani
2980 4894 3301 4968 bibliotheca
3347 4894 3651 4960 laudavere,
3684 4895 3790 4968 _di-

2197 4961 2490 5024 sertissi'me
2520 4970 2777 5038 scriptum
2805 4968 3016 5039 legitur,
3102 4965 3182 5017 ἐὰν
3221 4961 3277 5016 δὲ
3322 4968 3525 5039 μιμηοῇ
3592 4969 3613 5016 ὀ
3671 4965 3788 5035 ἀνὴρ

2198 5042 2344 5106 αὐτῆς
2375 5041 2520 5109 quod
2550 5040 2747 5093 ibidem
2780 5040 2969 5093 Latine
2998 5053 3213 5109 quoque
3228 5038 3505 5109 _redditur,
3536 5040 3588 5094 si
3658 5054 3792 5109 vero

2197 5107 2593 5167 domuitionem
2622 5113 2707 5166 vir
2738 5113 2861 5180 ejus
2890 5107 3189 5179 acceperit.
3212 5107 3344 5180 Quae
3374 5125 3504 5163 sane
3529 5108 3791 5178 loquendi

2197 5182 2371 5236 forma
2426 5177 2784 5236 Christianum
2834 5177 3082 5234 maritum
3130 5177 3439 5251 signiﬁcare
3490 5177 3666 5251 magis
3704 5180 3792 5236 vi-

2195 5254 2370 5314 detur,
2395 5268 2555 5323 quam
2584 5254 2874 5307 ethnicum.
2908 5252 3034 5305 Rm.

2267 5324 2384 5397 (33)
2414 5320 2880 5397 Imprazputiatus
2908 5326 3136 5379 vocatus
3174 5337 3251 5378 es.
3275 5322 3333 5377 In
3354 5321 3703 5393 prmpntiatn,
3742 5320 3790 5374 ἓν

2192 5393 2513 5467 ἀκροϐυστίᾳ(
2548 5393 2671 5452 Βιίὶ.

2262 5463 2377 5539 (36)
2408 5463 2485 5539 Nc
2528 5467 2851 5539 adduxeris.
2904 5465 3233 5539 Praeputium
3260 5463 3482 5521 scilicet.
3514 5464 3790 5537 Praeputia

2190 5536 2409 5607 dueere,
2442 5537 2574 5595 dixit
2599 5537 2897 5608 Iuvenalis,
2930 5544 3036 5592 sat.
3069 5538 3124 5593 6.
3152 5536 3281 5594 lite.
