4062 6178
223 350 233 354 “
293 343 406 404 997

1565 332 1758 396 LIBER
1797 330 1880 391 DE
1921 329 2328 393 MONOGAMIA.

3481 339 3588 400 998

300 468 647 527 solutionem
669 484 689 522 :
709 465 927 523 solutus
947 483 1001 525 es
1020 466 1089 523 ab
1109 479 1310 532 uxore,
1341 477 1413 519 ne
1431 461 1729 550 quaesieris
1748 473 1890 515 αωο-
1932 471 1978 550 A
2006 456 2139 550 sitos
2165 456 2301 529 (39),
2328 467 2380 512 et
2411 471 2478 550 ne
2505 457 2595 550 vel
2621 455 2738 550 ipse
2761 455 2941 550 honor
2967 458 3018 550 (ξε
3045 457 3245 550 aliquid
3268 459 3372 550 sibi
3401 463 3467 516 ad
3516 463 3584 517 li-

298 573 468 624 rem;
515 555 645 611 satis
692 554 1030 612 manifestum
1078 564 1178 621 est,
1217 554 1284 610 ad
1331 552 1568 609 eoshaec
1594 548 1888 621 pertinere,

301 645 396 715 qui
445 643 502 698 in
542 657 680 698 nova
725 650 778 697 et
807 643 1010 699 recenti
1054 643 1334 698 vocatione
1381 639 1681 705 constituti,
1713 637 1781 692 de
1809 637 1894 691 his

303 732 677 798 consulebant,
725 732 776 786 in
827 733 1024 803 quibus
1052 751 1080 786 a
1140 731 1245 788 ﬁde
1288 731 1503 788 fuerant
1547 728 1888 799 deprehensi.

305 823 433 878 Haec
468 820 569 877 erit
607 821 974 890 interpretatio
1019 821 1235 894 capituli
1282 820 1436 876 istius
1492 835 1558 874 ne
1611 821 1716 873 hoc
1763 833 1892 872 exa-

306 911 574 974 minanda,
614 925 682 963 an
711 918 767 965 et
802 911 1053 982 tempori,
1093 920 1147 966 et
1175 925 1371 979 causae,
1402 917 1456 964 et
1485 916 1591 963 tam
1632 906 1895 978 exemplis

308 1006 362 1055 et
411 997 743 1068 argumentis
800 998 1248 1069 praecedentibus,
1294 1013 1456 1068 quam
1506 1008 1560 1053 et
1617 994 1896 1050 sententiis

306 1095 358 1142 et
393 1086 641 1142 sensibus
689 1087 1174 1160 subsequentibus;
1206 1085 1372 1144 947
1401 1096 1454 1143 et
1492 1087 1546 1141 in
1576 1085 1786 1157 primis,
1820 1100 1887 1138 an

306 1175 474 1247 ipsius
503 1175 751 1246 Apostoli
781 1185 834 1232 et
861 1177 1086 1234 consilio
1106 1177 1325 1248 proprio
1353 1182 1618 1249 cungruat
1656 1184 1709 1230 et
1736 1175 1893 1230 insti-

308 1271 421 1319 tuto
474 1281 490 1318 :
522 1263 657 1320 nihil
697 1265 835 1320 enim
865 1266 1271 1322 custodiendum
1301 1273 1403 1333 est,
1426 1279 1588 1335 quam
1620 1279 1688 1318 ne
1714 1263 1898 1318 diver-

306 1367 402 1408 sus
430 1351 533 1407 sibi
575 1353 698 1424 quis
727 1355 776 1392 ’δίο
813 1353 1264 1425 deprehendatur.

917 1443 1145 1499 CAPUT
1171 1442 1296 1498 XII.

378 1528 520 1584 Audi
560 1538 616 1584 et
654 1528 1061 1586 subtilissimam
1091 1547 1122 1586 e
1167 1528 1437 1586 contrario
1479 1528 1904 1599 argumentatio-

301 1633 454 1674 nem.
516 1619 692 1688 Adeo,
717 1619 988 1692 inquiunt,
1056 1618 1299 1690 permisit
1357 1619 1649 1688 Apostolus
1703 1617 1898 1673 iterare
1933 1651 1980 1730 Α

301 1705 633 1730 ιΑ--..Ι.2.-...
688 1718 742 1730 --ι
777 1707 925 1730 --1--
953 1707 1036 1730 ---3
1074 1715 1193 1730 ---..a
1252 1706 1302 1730 2..
1340 1706 1476 1730 -1---
1542 1705 1897 1730 ...ΑηΑι-...υιέη-

285 1718 316 1759 c
335 1705 658 1774 onnubium,
688 1718 748 1762 ut
777 1707 928 1764 solos
948 1707 1040 1779 qui
1072 1715 1198 1763 sunt
1252 1706 1306 1762 in
1335 1706 1502 1771 clero,
1542 1705 1898 1778 monogamim

287 1792 439 1866 jugo
486 1795 868 1854 adstrinxerit:
928 1798 1074 1868 quod
1115 1796 1258 1850 enim
1308 1793 1625 1866 quibusdam
1660 1793 1906 1864 praescri-

304 1880 408 1950 bit,
456 1881 509 1936 id
557 1897 666 1938 non
710 1885 960 1940 omnibus
1004 1884 1328 1954 praescribit.
1375 1883 1632 1954 Nunquid
1673 1898 1803 1955 ergo
1852 1890 1906 1937 et

317 1969 462 2038 quod
493 1971 744 2025 omnibus
773 1970 1036 2041 praecipit,
1069 1969 1205 2028 solis
1233 1971 1502 2041 episcopis
1540 1985 1646 2025 non
1670 1968 1909 2041 praescri-

319 2055 436 2126 bit;
487 2057 534 2112 si
571 2059 718 2128 quod
753 2059 1020 2130 episcopis
1067 2059 1382 2129 praescribit,
1432 2075 1539 2115 non
1572 2065 1626 2113 et
1662 2057 1911 2114 omnibus

325 2144 570 2216 praecipit
597 2147 625 2200 ‘2
652 2149 730 2201 An
780 2147 904 2204 ideo
953 2148 1226 2215 omnibus,
1261 2147 1387 2219 quia
1417 2156 1472 2202 et
1507 2146 1777 2218 episcopis
1798 2147 1826 2201 ?
1857 2153 1912 2200 et

334 2231 460 2290 ideo
510 2235 797 2304 episcopis,
829 2239 956 2309 quia
1001 2247 1056 2294 et
1097 2237 1386 2292 omnibus?
1416 2238 1569 2294 Unde
1604 2237 1747 2292 enim
1797 2237 1914 2307 epi-

323 2322 473 2392 sCOpi
505 2332 558 2379 et
592 2325 810 2380 clerus?
841 2342 1019 2383 nonne
1066 2327 1134 2382 de
1161 2326 1454 2384 omnibus?
1480 2327 1536 2382 Si
1575 2341 1685 2382 non
1727 2339 1914 2380 omnes

327 2413 682 2482 monogamiee
713 2420 987 2483 tenentur;
1036 2415 1177 2470 unde
1229 2414 1536 2487 monogami
1587 2412 1643 2468 in
1672 2412 1914 2470 clerum?

327 2499 410 2554 An
437 2503 570 2556 ordo
600 2501 793 2574 aliquis
809 2518 1055 2560 seorsum
1083 2503 1302 2559 debebit
1331 2503 1535 2558 institui
1562 2519 1916 2576 monogamo-

327 2603 464 2656 rum,
514 2591 582 2646 de
641 2606 749 2662 quo
804 2592 1032 2648 adiectio
1079 2591 1172 2648 fiat
1234 2593 1289 2646 in
1337 2591 1591 2648 clerum?
1639 2592 1746 2648 Sed
1794 2609 1915 2649 cum

325 2677 629 2733 extollimur
695 2690 749 2736 et
811 2680 1064 2737 inﬂamur
1137 2682 1397 2737 adversus
1470 2681 1674 2736 clerum
1704 2719 1721 2746 ,
1791 2689 1918 2738 tunc

328 2781 495 2822 unum
551 2782 739 2823 omnes
804 2784 1024 2833 sumus;
1100 2778 1223 2824 tunc
1289 2784 1484 2823 omnes
1561 2771 1912 2840 sacerdotes;

327 2855 454 2924 quia
503 2856 806 2912 sacerdotes
854 2872 952 2912 nos
1003 2856 1120 2912 Deo
1165 2864 1216 2912 et
1270 2857 1413 2911 Patri
1459 2856 1593 2927 fecit
1638 2858 1825 2928 (Apoc.
1873 2874 1913 2926 ι,

2003 545 2250 611 centiam,
2292 545 2446 618 quasi
2500 546 2567 602 de
2640 545 2924 619 privilegio
2974 546 3076 604 loci
3122 548 3457 606 blandiretur
3509 552 3586 608 ⁸⁸.

2001 633 2364 704 Prospiciebat
2435 634 2665 704 Spiritus
2724 644 2939 690 sanctus
2993 637 3242 692 dicturos
3299 640 3588 710 quosdam.

2013 745 2036 772 ε
2076 721 2272 778 Omnia
2301 721 2464 779 licent
2495 722 2767 796 episcOpis
2801 743 2815 790 ;
2870 744 2894 776 ι
2926 724 3066 780 sicut
3109 725 3198 780 ille
3225 737 3406 783 vester
3437 727 3593 785 Uthi-

2003 811 2187 867 nensis
2216 827 2314 868 nec
2339 811 2666 868 Scantiniam
2717 812 2892 868 timuit
2929 813 3065 885 (40).
3107 813 3248 881 Quot
3285 815 3335 854 ⁵ο
3361 816 3504 872 enim
3537 827 3594 872 et

2003 901 2206 974 digami
2255 900 2301 938 ⁵1
2333 901 2626 973 praesident
2685 902 2827 973 apud
2869 919 2987 972 vos,
3036 903 3359 960 insultantes
3407 906 3594 980 utique

2002 989 2287 1060 Apostolo,
2342 997 2486 1046 certe
2539 1005 2646 1046 non
2708 991 3108 1060 erubescentes,
3167 1008 3292 1049 cum
3337 994 3453 1050 haec
3495 997 3596 1051 sub

2008 1078 2113 1132 illis
2161 1078 2439 1151 leguntur!
2496 1081 2613 1151 Age
2647 1080 2778 1149 jam,
2825 1081 2916 1151 qui
2950 1088 3104 1151 putas
3139 1085 3510 1154 exceptionem
3539 1086 3589 1124 ⁵2

2007 1164 2178 1222 948
2210 1168 2568 1239 monogamim
2598 1167 2666 1222 de
2693 1167 2962 1238 episcopis
2999 1169 3212 1236 factam,
3246 1173 3442 1230 recede
3487 1180 3541 1230 et
3567 1190 3599 1229 a

2015 1256 2236 1326 reliquis
2268 1256 2434 1312 titulis
2454 1256 2776 1329 disciplinae,
2819 1257 2915 1328 qui
2946 1273 3068 1313 cum
3103 1262 3445 1333 monogamia
3472 1262 3595 1333 epi-

2015 1344 2192 1413 scoiiis
2241 1345 2604 1401 ascribuntur.
2635 1347 2773 1414 ;Noli
2813 1362 2932 1401 esse
2959 1349 3484 1421 irreprehensibilis,
3513 1367 3600 1409 so-

2013 1430 2190 1495 brius,
2213 1433 2348 1490 bene
2368 1436 2645 1502 moratus,
2670 1434 2985 1505 hospitalis,
3018 1436 3270 1492 docibilis
3291 1440 3456 1509 ;quin
3473 1455 3601 1497 vero

2013 1525 2069 1576 et
2098 1522 2226 1576 vino
2257 1520 2499 1588 deditus,
2532 1526 2585 1578 et
2613 1538 2792 1578 manu
2811 1523 3524 1594 promptusadczedendum
3545 1531 3602 1582 et

2013 1626 2250 1682 pugnax
2260 1609 2308 1646 ⁵³
2325 1613 2381 1664 et
2397 1610 2657 1681 pecuniae
2676 1627 2899 1682 amans,
2931 1615 2986 1668 et
3002 1611 3229 1668 domum
3248 1629 3364 1670 non
3384 1629 3604 1684 regens,

2012 1713 2113 1754 nec
2120 1699 2372 1766 ﬁliorum
2385 1713 2596 1753 curans
2607 1697 2996 1770 disciplinam,
3008 1700 3104 1756 sed
3113 1717 3216 1757 nec
3235 1700 3302 1756 ab
3313 1705 3607 1758 extraneis

2013 1786 2215 1843 bonam
2233 1792 2448 1857 famam
2477 1791 2702 1844 sectans
2733 1788 2787 1858 (Ι
2809 1789 2944 1844 Tim.
2969 1803 3050 1843 ιιι.
3084 1793 3116 1844 2
3135 1790 3334 1860 seqq.).
3370 1791 3427 1846 Si
3458 1791 3605 1846 enim

2015 1889 2166 1929 suam
2224 1875 2426 1932 habent
2472 1876 2714 1947 episcopi
2764 1876 2939 1949 legem
2995 1877 3134 1934 circa
3185 1880 3598 1952 monogamiam,

2015 1963 2174 2017 etiam
2215 1972 2412 2020 caetera
2449 1981 2572 2035 qua:
2620 1965 2980 2038 monogamia:
3018 1965 3278 2022 accedere
3315 1969 3604 2040 Oportebit,

2020 2051 2287 2122 episc0pis
2313 2061 2473 2108 erunt
2516 2053 2730 2124 scripta.
2771 2053 2946 2110 Laicis
2987 2070 3139 2121 vero,
3169 2057 3324 2128 queis
3352 2072 3610 2128 monoga-

2020 2141 2126 2195 mia
2155 2157 2263 2198 non
2301 2145 2567 2207 convenit,
2614 2154 2808 2199 caetera
2841 2159 3054 2215 quoque
3086 2145 3264 2200 aliena
3291 2149 3439 2202 sunt.
3473 2147 3613 2201 Eva-

2022 2229 2160 2299 sisti,
2212 2231 2487 2301 Psychice,
2519 2232 2562 2286 si
2608 2231 2766 2302 velis,
2819 2232 3029 2288 vincula
3076 2233 3376 2306 disciplinae
3425 2234 3608 2317 tglius.

2023 2322 2317 2378 Praescribe
2371 2331 2680 2377 constanter
2723 2339 2829 2379 non
2901 2323 3154 2380 omnibus
3201 2327 3442 2398 praecipi,
3492 2344 3612 2400 quae

2021 2411 2344 2482 quibusdam
2393 2411 2500 2466 sint
2557 2420 2857 2483 praecepta:
2927 2422 3016 2468 aut
3067 2413 3110 2466 si
3156 2421 3351 2470 caetera
3394 2416 3612 2487 quidem

2025 2501 2331 2556 communia
2375 2510 2520 2568 sunt,
2584 2501 2928 2572 monogamia
2976 2517 3106 2557 vero
3155 2503 3286 2559 solis
3340 2505 3612 2576 episcopis

2029 2587 2283 2659 imposita
2328 2597 2426 2656 est,
2485 2589 2726 2660 nunquid
2777 2587 2850 2642 illi
2901 2590 3001 2644 soli
3051 2589 3335 2647 Christiani
3383 2609 3616 2664 pronun-

2027 2676 2216 2743 tiandi,
2248 2677 2305 2732 in
2335 2693 2474 2748 quos
2514 2688 2621 2732 tota
2651 2677 2930 2746 disciplina
2956 2678 3148 2733 collata
3178 2682 3304 2735 est?

2619 2765 2848 2820 CAPUT
2875 2766 3019 2819 XIII.

2095 2853 2200 2909 Sed
2229 2861 2283 2910 et
2328 2853 2609 2909 Timotheo
2657 2854 2915 2922 scribens,
2957 2855 3073 2909 vult
3122 2857 3464 2927 juvenculas
3502 2875 3618 2916 nu-

331 2947 402 3014 6;
449 2962 501 2999 ν.
566 2946 702 3015 10);
772 2960 896 2999 cum
963 2945 1030 2998 ad
1091 2947 1546 3015 permquationem
1613 2927 1917 3016 disciplinae
1951 2927 1994 3004 θ
2028 2943 2153 2999 bere
2198 2945 2334 3014 (41),
2376 2944 2525 3012 ﬁlios
2567 2945 2866 3016 suscipere,
2917 2946 3132 3000 matres
3180 2947 3428 3016 familia:
3455 2964 3617 3020 agere

331 3033 677 3089 sacerdotalis
745 3047 1126 3103 provocamur,
1197 3032 1516 3103 deponimus
1584 3032 1801 3099 infulas,
1869 3046 1922 3091 et

336 3120 572 3191 impares
622 3120 670 3158 4⁵
725 3137 914 3176 smnus
959 3120 1074 3191 (37)
1111 3137 1124 3174 :
1164 3120 1246 3175 De
1286 3120 1664 3176 ecclesiasticis
1705 3122 1918 3177 ordini-

334 3207 435 3261 bus
462 3208 512 3246 ἰδ
557 3208 836 3278 agebatur,
887 3209 1078 3280 quales
1108 3207 1344 3263 ordinari
1375 3216 1666 3280 Oporteret.
1700 3209 1926 3280 Oporte-

334 3295 425 3350 bat
458 3295 621 3366 igitur
648 3311 863 3352 omnem
905 3295 1207 3353 communis
1236 3296 1535 3366 disciplinae
1575 3296 1799 3353 formam
1829 3314 1926 3354 sua

335 3381 510 3439 fronte
548 3386 776 3456 preponi
805 3386 942 3457 (38),
974 3385 1211 3441 edictum
1251 3385 1649 3458 quodammodo
1678 3386 1914 3442 futurum

337 3473 604 3530 universis
635 3476 687 3530 in
730 3474 1097 3544 princeptione
1126 3475 1195 3546 (ιτ,
1243 3491 1354 3547 quo
1384 3477 1558 3550 magis
1583 3476 1742 3531 sciret
1772 3477 1926 3548 plebs

335 3577 456 3617 cum
479 3565 725 3618 ordinem
754 3564 857 3619 sibi
894 3564 1310 3630 observandum,
1341 3564 1433 3636 qui
1472 3564 1671 3620 faceret
1700 3581 1922 3637 praepo-

2031 3031 2082 3102 (Ι
2116 3031 2250 3086 Tim.
2283 3048 2338 3095 v,
2374 3033 2487 3101 14).
2533 3029 2618 3086 Ad
2649 3047 2739 3086 cas
2788 3031 2988 3106 dirigit,
3031 3033 3221 3104 quales
3250 3051 3410 3107 supra
3442 3038 3616 3093 deno-

2029 3127 2126 3188 tat,
2151 3118 2467 3190 juvenculas
2493 3119 2700 3184 viduas,
2730 3136 2850 3190 quae
2878 3121 2932 3174 in
2966 3121 3217 3178 viduitate
3248 3125 3616 3195 deprehensae,

2030 3218 2083 3263 et
2109 3207 2416 3277 aliquandiu
2449 3207 2736 3264 adsectata:
2765 3209 2832 3272 ⁵4,
2874 3216 3154 3280 postquam
3186 3211 3241 3266 in
3286 3213 3493 3269 deliciis
3523 3217 3619 3270 ha-

2033 3296 2265 3352 buerunt
2288 3293 2583 3362 Christum,
2606 3298 2814 3353 nubere
2844 3299 3049 3366 volunt,
3081 3301 3340 3356 habentes
3354 3303 3620 3371 judicium

2032 3384 2180 3459 quod
2225 3385 2455 3456 primam
2482 3385 2646 3442 fidem
2705 3387 3077 3443 resciderunt:
3108 3387 3256 3443 illam
3295 3391 3560 3457 videlicet,
3592 3409 3623 3448 a

2034 3492 2159 3548 qua.
2193 3474 2246 3530 in
2276 3475 2536 3530 viduitate
2567 3476 2821 3542 inventae,
2845 3487 2897 3531 et
2925 3476 3179 3547 professa
3203 3493 3344 3545 eam,
3367 3495 3472 3534 non
3503 3497 3628 3551 per-

2031 3570 2298 3620 severant.
2332 3565 2552 3633 Propter
2589 3565 2732 3635 quod
2773 3565 2882 3622 vult
2912 3581 3002 3620 eas
3039 3566 3265 3632 nubere,
3301 3583 3370 3623 ne
3397 3569 3625 3640 primam

1709 3708 1898 3771 Variae
1931 3711 2242 3772 lectiones.

405 3828 453 3866 ἰθ
475 3827 610 3904 Quis
639 3829 813 3904 abest.
838 3831 1084 3904 iSieml.“5
1115 3832 1370 3904 Sic.rRig.
1404 3848 1432 3904 e
1465 3831 1558 3887 lib.
1599 3833 1785 3904 Ursini
1816 3831 1991 3890 Rhen.
2029 3847 2186 3903 pares
2214 3833 2292 3888 at.
2327 3840 2508 3904 partes
2535 3832 2654 3889 cod.
2711 3833 2912 3890 Wouw.
2943 3831 3200 3904 impares.
3241 3835 3291 3874 ἰδ
3329 3833 3628 3892 Ordinibus

336 3899 533 3980 aberat
566 3902 1161 3980 in‘CondLDivionensi
1183 3903 1298 3980 Rig.
1322 3899 1471 3980 “Min
1494 3903 1860 3980 _pra_ese_ssi_one
1891 3899 2173 3980 Βίρεξιζςη.
2209 3899 2566 3980 impressiope
2598 3905 2772 3980 Rhen.
2817 3906 2997 3980 S_em_l._
3020 3899 3183 3980 Leop.
3213 3906 3393 3964 Obert.
3429 3908 3482 3980 53
3519 3907 3627 3964 So-

339 3986 436 4079 qqr
468 3971 676 4079 Riqgllt).
703 3970 752 4007 ’⁸9
783 3970 1545 4079 Baagiiiatugasi’p‘i‘l.‘libera
1571 3975 1696 4032 Cod.
1741 3970 2040 4031 Wouw.'50
2069 3973 2226 4043 Quod
2256 3970 2373 4047 Rig.
2405 3973 2448 4012 ⁵¹
2482 3977 2550 4032 Ει
2577 3992 2641 4031 ex
2670 3975 2899 4048 digamia
2931 3976 3103 4032 Rhen.
3125 3970 3188 4017 ’⁵2
3219 3978 3625 4050 Acceptionem.

339 4042 519 4098 Rhen.
543 4041 593 4080 53
627 4041 838 4110 Pugnas
865 4041 1041 4097 Rhen.
1076 4043 1123 4080 ⁵⁸·
1152 4042 1435 4099 At’fectatm
1468 4045 1643 4100 Rhen.

1735 4159 2226 4224 Commentarius.

415 4260 533 4354 (37)
557 4262 1538 4354 Deponimuslinfuflas,.et‘impares
1568 4279 1792 4354 sumus:
1942 4279 1988 4354 υ
2019 4278 2302 4334 gamorum
2332 4261 2620 4354 signiﬁpat,
2670 4264 2833 4354 undeL
2861 4272 3150 4354 sumuntur
3187 4264 3488 4336 praepositi.
3503 4265 3628 4354 "Ita-

347 4331 747 4412 eruendavimus
775 4349 838 4388 ex
870 4331 1009 4412 libro
1039 4331 1550 4412 Ursiui._Ait'i_gitur
1591 4352 1604 4388 :
1644 4334 1760 4412 Nos
1780 4334 1916 4412 laici,

345 4418 466 4458 cum
543 4403 608 4457 ad
683 4407 1138 4474 per-mquationem
1219 4402 1516 4474 disciplina:
1577 4403 1926 4457 sacci-dotalis

348 4489 722 4544 prowocamur.
776 4476 1094 4544 deponimus
1155 4491 1439 4546 personam
1487 4476 1923 4538 sacerdotalem;

345 4554 398 4670 Et
425 4546 534 4613 jam
580 4546 829 4612 dicimus,
860 4547 1001 4602 alios
1055 4562 1172 4600 esse
1202 4545 1388 4622 laicos,
1424 4545 1560 4600 alios
1589 4548 1923 4601 sacerdotes.

396 4631 472 4670 re.

396 4631 472 4670 IG.

417 4687 532 4758 (38)
572 4688 865 4759 Oportebat
897 4688 1078 4757 igitur
1106 4687 1796 4761 communisdisciplinm
1821 4691 1932 4761 for-

346 4757 622 4833 mamsua
637 4764 824 4829 fro-nte
840 4761 1098 4830 proponi.
1114 4759 1407 4833 Eleganter
1427 4757 1660 4833 frontem
1687 4757 1931 4833 Ecclesiae

347 4839 503 4902 vocat
530 4830 837 4902 episcopos,
872 4830 1243 4902 presbyteros,
1292 4831 1571 4885 diaconos.
1615 4831 1930 4902 Oportebat,

349 4899 654 4970 inquit,’in
704 4901 878 4955 fronte
925 4899 1183 4955 Eccleize
1233 4903 1548 4957 Lhristianee
1607 4899 1834 4972 proponi
1874 4917 1934 4956 ac

350 4974 590 5041 pendere
625 4972 874 5035 formam,
910 4973 1012 5025 hoc
1035 4983 1134 5036 est,
1197 4973 1402 5027 tabulas
1449 4973 1606 5026 totius
1634 4973 1933 5041 disciplinae

349 5042 725 5115 ecclesiasticae
760 5061 774 5107 ς
810 5051 866 5095 ut
906 5042 996 5115 sic,
1020 5045 1345 5112 praecederet
1373 5043 1602 5097 edictum
1635 5047 1778 5115 quod
1803 5043 1930 5115 unif

351 5112 489 5166 versi
543 5121 920 5182 Sequerentur.
970 5113 1058 5165 Sic
1091 5116 1234 5166 enim
1286 5116 1478 5182 legitur
1518 5114 1571 5168 in
1623 5112 1936 5170 Uivioneusi

352 5183 536 5256 codice
570 5191 833 5256 vetusto:
875 5205 894 5230 ι
950 5183 1192 5256 Edictum
1247 5187 1642 5256 quodammodo
1695 5185 1934 5240 futurum

353 5254 612 5309 universis
632 5256 684 5308 in
721 5253 1098 5325 praeceptimie.
1137 5257 1259 5310 lita.

425 5356 494 5364 —
510 5327 833 5382 Communis
855 5325 1173 5396 disciplinae
1192 5329 1463 5396 formam.
1486 5325 1682 5395 Legem
1698 5341 1936 5383 commu-

355 5409 476 5467 nem
514 5396 780 5466 signiﬁcat
818 5404 922 5450 tam
956 5397 1102 5451 laicis
1121 5413 1282 5467 quam
1309 5397 1680 5452 sacerdotibus
1717 5398 1934 5461 dictam.

354 5465 508 5538 τύπον
537 5465 617 5519 rei:
645 5469 870 5538 ποιμνίου
898 5469 1077 5537 (Petri
1104 5465 1182 5535 v).
1221 5469 1345 5523 RIG.

428 5536 542 5605 (39)
571 5539 682 5611 Quo
700 5536 879 5609 magis
902 5536 1073 5596 sciret
1099 5539 1253 5611 plebs
1283 5557 1415 5596 eum
1441 5540 1700 5611 ordinem
1726 5541 1832 5596 sibi
1851 5539 1939 5597 ob-

355 5609 714 5677 servandum,
734 5612 830 5683 qui
855 5614 1074 5681 faceret
1096 5609 1444 5683 prwpositos.
1474 5610 1730 5668 Ordinem
1751 5625 1942 5668 mone-

2035 4333 2403 4408 queomnenr
2431 4333 2637 4408 plebem
2685 4333 2895 4408 volebat
2939 4351 3063 4408 esse
3097 4333 3468 4408 monogamos.
3503 4335 3626 4390 Rm.

2108 4401 2222 4473 (40)
2266 4401 2451 4473 Vester
2503 4401 2824 4473 Uthinensis
2862 4420 2963 4458 nec
3013 4401 3372 4461 Scantinia-in
3405 4407 3626 4462 timuit.

2040 4472 2236 4529 Uthina
2281 4472 2539 4544 Oppidum
2581 4487 2661 4526 est
2708 4472 2927 4539 Africae,
2987 4475 3198 4528 colonia
3243 4479 3628 4533 Romanorum.

2037 4546 2158 4628 Non
2188 4543 2745 4628 agnoscebataulem,
2786 4554 2844 4628 ut
2875 4543 3129 4628 videtur‘n
3159 4563 3350 4603 novam
3398 4549 3634 4628 Montani

2041 4614 2336 4689 prohetiam
2384 4614 2723 4689 “Uthinensis
2794 4614 3048 4689 Ecclesia.
3084 4615 3246 4689 Notat
3293 4626 3472 4672 autem
3522 4619 3633 4689 epi-

2039 4685 2268 4754 sc0pum
2291 4688 2358 4742 de
2379 4686 2563 4741 illicita
2584 4701 2776 4757 venere
2801 4726 2817 4756 ,
2833 4701 2976 4754 cum,
2999 4685 3146 4757 dicit,
3173 4703 3271 4742 nec
3293 4685 3632 4744 Scantiniam

2040 4759 2237 4813 timuit.
2289 4759 2349 4812 P.
2397 4756 2701 4828 Scantinius
2763 4757 2947 4828 legem,
2995 4756 3266 4828 tulit'qua
3317 4761 3633 4827 paederastae

2040 4828 2488 4902 gravisupplicio
2526 4827 2886 4902 afficerentur.
2930 4827 3110 4902 RHuN.

2116 4899 2227 4969 (41)
2272 4897 2742 4970 Vultjuvenculas
2764 4898 2992 4955 nubere.
3023 4899 3220 4954 Locum
3253 4899 3398 4953 hunc
3427 4897 3636 4970 Auctor

2041 4971 2110 5026 ad
2156 4969 2454 5026 institutum
2485 4987 2641 5025 suum
2679 4972 2994 5040 detorquet;
3035 4980 3093 5024 ut
3131 4971 3216 5026 vix
3247 4971 3462 5040 assequi
3510 4969 3636 5040 quis

2042 5041 2214 5112 possit
2244 5042 2370 5114 quid
2394 5040 2536 5114 velit.
2579 5041 2736 5096 Varia
2765 5040 3032 5114 estdetiam
3071 5049 3312 5114 veterum
3342 5041 3632 5112 expositio,

2046 5109 2178 5167 inter
2206 5109 2339 5184 quas
2371 5112 2538 5181 placet
2555 5117 2792 5184 maxime
2824 5109 2910 5164 illa
2941 5112 3220 5184 Epiphanii
3249 5109 3434 5168 contra
3484 5115 3636 5167 Mon-

2045 5182 2267 5239 tanistas
2313 5192 2370 5237 ut
2401 5183 2567 5254 priori
2615 5182 2732 5237 loco
2781 5198 2903 5237 cum
2930 5182 3084 5254 dicit;
3132 5185 3394 5240 Iuniores
3439 5185 3638 5240 viduas

2044 5255 2250 5318 devita,
2278 5263 2404 5320 etc.,
2439 5254 2695 5324 loquatur
2731 5254 2800 5325 de
2829 5254 2894 5308 iis
2924 5270 3045 5325 quae
3082 5255 3400 5325 promisere,
3433 5266 3482 5310 et
3502 5270 3636 5325 pro-

2045 5329 2227 5380 missis
2258 5342 2364 5396 non
2417 5333 2575 5389 stant,
2626 5324 2888 5396 judicium
2920 5324 3198 5395 habentes,
3240 5340 3304 5381 eo
3347 5324 3633 5396 quodpri-

2047 5413 2186 5450 mam
2252 5395 2408 5453 ﬁdem
2465 5397 2668 5451 irritam
2698 5395 2955 5466 fecerint;
2986 5407 3170 5467 postea
3199 5411 3332 5467 vero
3355 5395 3458 5467 illis
3510 5410 3638 5451 ver-

2047 5469 2150 5545 bis.
2192 5468 2311 5527 Volo
2339 5483 2466 5545 (ἔναυ
2481 5465 3035 5545 juvenculasviduas
3054 5468 3278 5534 nubere,
3293 5466 3372 5545 .de
3399 5465 3486 5533 iis,
3525 5467 3642 5545 qui-

2048 5539 2149 5595 bus
2199 5556 2295 5610 per
2350 5537 2709 5596 inﬁrmitatem
2771 5540 2838 5595 ad
2887 5539 3084 5595 alteras
3138 5537 3374 5594 transire
3422 5537 3638 5606 nuptias

2051 5611 2332 5680 permittit.
2363 5611 2506 5670 PAI.
