4058 6172
431 301 538 364 999

1145 299 1585 362 TERTULLIANI
1620 300 1883 366 OPERUM
1921 304 2102 368 PARS
2144 306 2215 368 II.
2253 339 2325 352 -—-
2361 306 2588 371 SERIES
2624 310 2692 384 II,
2721 310 3041 374 MORALIA.

3573 318 3707 380 1000

421 448 586 503 ﬁdem
635 454 905 515 suspectae
953 443 1230 500 viduitatis
1288 455 1479 517 postea
1532 447 1862 516 rescindant,
1911 464 2007 505 nor

2120 433 2293 526 istius.
2333 436 2391 493 Si
2427 437 2573 494 enim
2602 438 2844 497 Christus
2881 442 3104 498 abstulit
3141 441 3287 514 quod
3325 442 3542 515 Moyses
3582 461 3720 517 prae-

422 542 481 591 ut
522 534 725 589 totiens
769 534 991 599 nubant,
1025 533 1273 605 quotiens
1320 535 1371 588 in
1421 535 1680 591 viduitate
1716 546 1910 593 tentata
1937 539 2006 605 ⁵⁵,

421 622 530 677 imo
561 630 615 677 et
641 622 698 677 in
742 622 949 677 deliciis
994 622 1173 676 habita
1211 623 1482 677 noluerint
1509 640 1871 694 perseverare.
1905 627 2009 681 Le-

419 712 599 781 gimus
625 727 745 766 eum
777 718 829 765 et
857 709 927 767 ad
965 711 1233 765 Romanos
1264 711 1620 767 scribentem:
1661 714 1792 780 Qua:
1813 719 2010 772 autem

420 801 648 857 subviro
669 803 752 855 est
771 800 1003 864 mulier,
1024 799 1239 856 viventi
1261 802 1375 856 viro
1390 803 1583 855 vincta
1603 805 1720 868 est;
1742 804 1792 859 si
1812 807 2011 860 autem

420 888 638 954 abierit,
662 893 935 946 evacuata
954 892 1033 945 est
1057 906 1091 943 a
1126 891 1238 959 lege
1258 891 1394 943 veri.
1417 891 1618 961 Nempe
1645 907 1770 962 ergo
1792 893 2012 948 vivente

416 978 537 1037 viro
553 978 876 1035 adulterare
882 978 1202 1049 putabitur,
1217 981 1264 1033 si
1276 981 1479 1048 juncta
1497 979 1676 1048 fuerit
1689 982 1860 1036 alteri
1872 983 2007 1037 viro.

418 1068 479 1123 Si
504 1083 630 1123 vero
668 1068 867 1126 abierit
890 1069 995 1134 vir,
1032 1066 1270 1121 liberata
1288 1070 1369 1122 est
1399 1085 1434 1121 a
1457 1067 1587 1137 lege,
1620 1069 1761 1139 quod
1780 1086 1895 1125 non
1933 1072 2013 1125 sit

418 1156 683 1213 adultera
710 1160 865 1227 facta
894 1156 1002 1210 alii
1042 1157 1158 1211 viro
1190 1154 1367 1225 (Rom.
1400 1170 1495 1210 vn.
1531 1159 1581 1222 2,
1614 1159 1685 1226 6).
1708 1155 1877 1212 949
1906 1158 2012 1213 Sed

418 1253 471 1300 et
514 1244 792 1315 sequentia
842 1258 1199 1315 recognosce,
1249 1258 1354 1313 quo
1404 1260 1602 1298 sensus
1650 1244 1768 1310 iste,
1802 1246 1891 1315 qui
1927 1247 2020 1303 tibi

2115 525 2273 596 cepit,
2296 526 2422 597 quia
2448 528 2514 583 ab
2545 531 2714 586 initio
2735 547 2849 587 non
2873 531 2993 601 fuit
3016 533 3098 589 sic
3124 532 3350 604 (Matth.
3383 533 3585 604 xrx,8),
3628 552 3728 593 nec

2116 615 2195 670 sic
2221 616 2269 652 ⁵8
2300 615 2420 671 ideo
2448 618 2513 672 ab
2542 618 2646 673 alia
2684 620 2899 675 venisse
2960 620 3152 677 virtute
3190 623 3524 693 reputabitur
3572 624 3729 680 Chri-

2118 712 2265 773 stus;
2300 720 2396 759 cnr
2425 720 2534 759 non
2581 715 2633 761 et
2662 707 2966 764 Paracletus
3008 709 3308 775 abstulerit,
3347 713 3490 783 quod
3534 712 3731 768 Paulus

2116 790 2381 848 indulsit?
2411 793 2550 864 Quia
2579 804 2631 849 et
2668 797 2960 851 secundum
3005 799 3403 855 matrimonium
3455 801 3521 855 ab
3574 800 3726 858 initio

2120 895 2228 935 non
2269 882 2387 947 fuit,
2434 899 2533 938 nec
2591 884 2715 939 ideo
2766 894 3051 956 suspectus
3106 888 3384 943 habendus
3435 889 3524 960 sit,
3571 892 3724 964 quasi

2118 971 2342 1040 spiritus
2377 972 2607 1044 alienus,
2648 982 2850 1028 tantum
2904 985 2964 1030 ut
3001 976 3120 1032 Deo
3162 984 3215 1032 et
3252 977 3459 1033 Christo
3506 979 3726 1053 dignum

2120 1061 2187 1114 sit
2205 1060 2347 1131 quod
2371 1062 2753 1131 superducitur
2771 1063 2820 1103 ⁵9
2836 1064 2863 1118 ‘?
2885 1063 2939 1119 Si
2955 1064 3005 1103 50
3026 1067 3136 1121 Deo
3167 1074 3220 1122 et
3243 1067 3456 1123 Christo
3500 1070 3725 1143 dignum

2120 1147 2219 1204 fuit
2272 1148 2524 1206 duritiam
2563 1148 2739 1206 cordis
2782 1159 3024 1223 tempore
3076 1155 3297 1224 expleto
3339 1172 3682 1229 compescere
3709 1202 3723 1225 ,

2122 1254 2221 1294 cur
2243 1254 2349 1294 non
2379 1239 2596 1311 dignius
2626 1237 2880 1297 sit950
2900 1249 2951 1297 et
2975 1243 3088 1298 Deo
3118 1251 3171 1299 et
3202 1244 3411 1301 Christo
3432 1246 3724 1304 inﬁrmita-

417 1331 708 1397 blanditur,
742 1332 931 1386 evadat
964 1349 977 1384 :
1013 1332 1228 1401 Itaque,
1260 1329 1455 1400 inquit,
1479 1334 1694 1402 fratres
1716 1335 1848 1402 mei,
1871 1350 2025 1391 mor-
2123 1337 2233 1384 tem
2279 1331 2459 1385 carnis
2504 1338 2739 1400 tempore
2771 1333 2888 1401 jam
2932 1334 3242 1391 collectiore
3296 1337 3563 1395 discutere
3585 1340 3613 1394 ‘l
3658 1342 3715 1397 Si

421 1421 1337 1492 tiﬁcaminietvoslegipercorpus
1355 1422 2027 1493 Christi,utefﬁciamini
2123 1418 2327 1486 justum
2364 1429 2448 1474 est
2500 1419 2897 1477 matrimonium
2960 1437 3069 1478 non
3120 1424 3376 1495 separari,
3443 1427 3628 1496 utique
3666 1438 3723 1484 et

415 1511 606 1575 alteri,
650 1512 704 1565 ei
743 1510 959 1565 scilicet
1011 1510 1106 1580 qui
1152 1526 1187 1563 a
1225 1512 1469 1566 mortuis
1526 1514 1865 1580 resurrexit,
1933 1514 2027 1566 uti
2126 1522 2233 1561 non
2263 1507 2439 1562 iterari
2490 1510 2772 1565 honestum
2803 1512 2908 1566 est.
2939 1512 3214 1583 Denique,
3266 1516 3408 1584 apud
3458 1519 3715 1573 saeculum

416 1600 677 1670 fructum
701 1602 955 1669 feramus
985 1601 1110 1655 Deo.
1139 1599 1277 1653 Cum
1298 1600 1449 1655 enim
1474 1615 1705 1654 eramus
1726 1603 1789 1654 in
1819 1618 2010 1666 carne,

414 1689 700 1761 passiones
731 1688 1089 1757 delictorum,
1123 1703 1244 1758 quis
1284 1702 1389 1757 per
1421 1688 1591 1757 legem
1612 1688 2011 1757 efﬁciebantur

417 1778 481 1833 in
523 1777 789 1833 membris
818 1777 1028 1829 nostris
1067 1775 1137 1827 ad
1177 1777 1439 1843 fructum
1480 1777 1783 1845 ferendum
1811 1780 2007 1833 morti:

416 1883 571 1922 nunc
603 1870 800 1921 autem
838 1865 1098 1919 evacuati
1116 1879 1313 1918 sumus
1336 1881 1372 1919 a
1403 1866 1537 1936 lege,
1570 1869 1784 1922 mortui
1812 1869 1875 1922 in
1897 1884 2009 1938 quo

420 1957 767 2017 tenebamur,
792 1953 863 2007 ad
891 1950 1249 2007 serviendum
1263 1955 1370 2009 Deo
1392 1955 1453 2007 in
1477 1958 1727 2011 novitate
1746 1958 2004 2029 spiritus,

419 2047 473 2101 et
518 2058 634 2097 non
688 2044 749 2096 in
777 2043 1066 2098 vetustate
1107 2041 1336 2098 litterae.
1388 2040 1573 2112 Igitur,
1629 2043 1673 2097 si
1704 2042 2011 2099 mortificari

416 2147 517 2187 nos
541 2132 693 2200 jubet
714 2128 823 2203 legi
851 2144 949 2199 per
978 2143 1173 2199 corpus
1201 2130 1417 2194 Christi,
1448 2131 1591 2202 quod
1638 2142 1717 2185 est
1745 2132 2005 2198 Ecclesia,

419 2237 538 2291 quas
563 2217 752 2289 spiritu
774 2218 1023 2273 novitatis
1044 2225 1272 2285 constat,
1301 2232 1408 2275 non
1431 2235 1526 2288 per
1547 2218 1774 2274 litteram
1813 2230 2010 2277 vetus-

420 2308 561 2376 tatis,
590 2307 643 2360 id
675 2312 756 2360 est
785 2305 948 2376 legis;
983 2305 1237 2361 auferens
1269 2314 1321 2360 te
1352 2323 1382 2359 a
1412 2307 1550 2379 lege,
1578 2323 1699 2377 qua:
1731 2324 1837 2363 non
1870 2317 2012 2364 tenet

418 2412 662 2461 uxorem,
697 2394 884 2449 marito
913 2393 1189 2459 defuncto,
1221 2393 1511 2464 quominus
1542 2394 1632 2449 alii
1661 2396 1776 2452 viro
1805 2395 1915 2464 fiat,
1942 2396 2008 2450 ad

418 2484 746 2543 contrariam
791 2490 841 2535 te
874 2482 1066 2553 redigit
1094 2482 1481 2551 conditionem,
1514 2499 1603 2549 ne,
1634 2484 1835 2541 amisso
1874 2485 2009 2554 viro,

419 2575 619 2641 nubas;
652 2579 1019 2643 quantumque
1068 2586 1174 2625 non
1212 2570 1546 2641 deputareris
1604 2572 1845 2628 adultera
1876 2573 2013 2629 facta

419 2664 573 2726 alteri
617 2661 731 2717 viro
785 2666 908 2732 post
953 2667 1180 2715 mortem
1238 2659 1433 2726 mariti,
1485 2660 1529 2715 si
1587 2662 1762 2716 adhuc
1800 2662 1854 2717 in
1887 2662 2011 2733 lege

421 2766 586 2824 agere
670 2750 914 2817 deberes,
977 2754 1122 2801 tanto
1199 2764 1263 2803 ex
1320 2748 1635 2804 diversitate
1688 2750 2012 2805 conditionis

2132 1604 2419 1667 utrumque
2456 1597 2512 1653 in
2560 1597 2701 1653 bona
2747 1598 3029 1671 disciplina
3061 1601 3366 1672 deputatur,
3397 1604 3542 1661 aliud
3592 1622 3719 1663 con-

2129 1684 2324 1740 cordiae
2366 1686 2603 1759 nomine,
2642 1686 2785 1743 aliud
2853 1689 3144 1760 pudicitiae.
3210 1693 3477 1764 Regnavit
3519 1694 3715 1752 duritia

2118 1775 2301 1831 cordis
2360 1791 2535 1846 usque
2588 1776 2653 1831 ad
2721 1778 3034 1835 Christum:
3080 1783 3320 1852 regnavit
3367 1794 3423 1839 et
3484 1785 3711 1841 infirmi-

2117 1872 2197 1920 tas
2248 1865 2425 1919 carnis
2464 1881 2636 1935 usque
2666 1867 2733 1920 ad
2782 1868 3109 1925 Paracletum
3151 1870 3300 1927 Nova
3347 1872 3437 1928 lex
3495 1875 3716 1930 abstulit

2117 1953 2426 2024 repudium,
2477 1955 2665 2011 habuit
2726 1956 2869 2027 quod
2915 1958 3167 2015 auferret.
3209 1962 3359 2017 Nova
3411 1965 3712 2035 prophetia,

2117 2045 2412 2100 secundum
2479 2046 2915 2113 matrimonium,
2983 2064 3089 2105 non
3155 2050 3337 2107 minus
3434 2053 3710 2124 repudium

2120 2135 2332 2206 prioris.
2373 2135 2479 2190 Sed
2535 2135 2739 2190 facilius
2794 2137 2985 2192 duritia
3032 2138 3212 2195 cordis
3270 2138 3482 2197 Christo
3532 2144 3708 2207 cessit,

2117 2240 2280 2293 quam
2330 2222 2613 2278 infirmitas
2677 2224 2872 2280 carnis.
2944 2225 3071 2281 Plus
3138 2228 3251 2284 haec
3310 2228 3411 2284 sibi
3492 2231 3709 2285 Paulum

2117 2311 2369 2379 defendit,
2423 2326 2583 2381 quam
2630 2311 2718 2365 illa
2765 2312 3037 2384 Moysen;
3072 2324 3244 2369 tamen
3284 2315 3527 2372 defendit
3589 2333 3706 2372 cum

2120 2401 2477 2472 indulgentem
2528 2417 2650 2457 eum
2696 2409 2889 2472 captat,
2959 2404 3395 2474 praescribentem
3446 2417 3699 2473 recusat,

2118 2506 2239 2562 quae
2288 2491 2521 2560 potiores
2590 2492 2879 2546 sententias
2954 2500 3008 2549 et
3082 2502 3367 2566 perpetuas
3414 2496 3706 2553 voluntates

2118 2582 2236 2650 ejus
2294 2580 2500 2647 eludit;
2535 2595 2655 2651 quae
2694 2596 2802 2637 non
2850 2581 2978 2635 sinit
3008 2598 3106 2638 nos
3152 2584 3253 2640 hoc
3286 2586 3550 2656 Apostolo
3580 2602 3709 2657 prae-

2121 2677 2280 2735 stare,
2341 2668 2486 2739 quod
2550 2669 2773 2726 mavult.
2824 2670 2893 2726 Et
2947 2687 3191 2743 quosque
3258 2671 3539 2729 inﬁrmitas
3601 2675 3705 2731 ista

2122 2758 2591 2829 impudentissima
2636 2759 2690 2813 in
2739 2761 3097 2831 eXpugnando
3140 2762 3361 2817 meliora
3392 2778 3705 2833 persevera-

422 2816 673 2897 adulterii
732 2846 786 2894 te
860 2816 1171 2907 prmjudicat
1239 2844 1360 2907 post
1415 2849 1642 2894 mortem
1692 2839 1866 2893 mariti
1925 2840 2017 2894 alii
2046 2816 2091 2893 Α
2124 2816 2250 2902 bit?
2281 2847 2515 2917 Tempus
2543 2847 2663 2915 ejus
2692 2816 3223 2904 ’donecharacletus
3256 2816 3564 2920 Openiretur
3593 2850 3704 2917 fuit,

424 2930 719 2985 nubentem
750 2944 765 2981 :
793 2926 917 2998 quia
941 2926 1053 2994 jam
1087 2923 1404 2981 mortiﬁcata
1442 2942 1501 2980 es
1542 2927 1668 2999 legi,
1702 2944 1808 2983 non
1840 2939 2017 2998 potest

425 3018 522 3073 tibi
576 3018 754 3084 licere,
795 3030 918 3069 cum
965 3012 1234 3069 recessisti
1293 3015 1360 3069 ab
1406 3031 1470 3071 ea
1517 3016 1664 3087 apud
1712 3032 1875 3099 quam
1924 3017 2018 3072 tibi

423 3106 638 3162 licebat.

1009 3199 1236 3256 CAPUT
1276 3201 1424 3256 XIV.

492 3301 649 3355 Nunc
676 3297 722 3352 si
753 3304 807 3354 et
834 3297 1081 3353 absolute
1112 3299 1401 3368 Apostolus
1432 3298 1765 3369 permisisset
1794 3301 1849 3355 in
1883 3301 2009 3367 ﬁde,

423 3390 625 3445 amisso
653 3388 1011 3453 matrimonio,
1032 3388 1260 3452 nubere,
1298 3387 1524 3458 proinde
1556 3388 1788 3455 fecisset,
1824 3407 2016 3461 quem-

422 3478 707 3533 admodum
756 3483 807 3531 et
835 3484 1047 3540 caetera,
1076 3491 1197 3546 qua:
1244 3476 1503 3531 adversus
1542 3475 1768 3530 formam
1810 3479 2011 3549 regulae

423 3584 538 3625 suae
581 3582 680 3638 pro
711 3566 1014 3620 conditione
1048 3572 1348 3633 temporum
1399 3564 1583 3634 gessit,
1618 3564 2012 3623 circumcidens

421 3655 765 3710 Timotheum
789 3661 1011 3723 prepter
1064 3650 1541 3720 superinductitios
1582 3651 1631 3688 ⁵6
1682 3652 1845 3708 falsos
1896 3654 2009 3708 fra-

422 3753 615 3810 tres,et
655 3756 804 3795 rasos
835 3739 1096 3810 quosdam
1126 3739 1387 3794 inducens
1416 3738 1468 3792 in
1502 3740 1759 3809 templum
1792 3750 2012 3813 prepter

420 3830 844 3888 observationem
883 3827 1208 3882 Judaeorum
1256 3826 1400 3898 (Act,
1452 3842 1571 3891 xvr,
1623 3830 1689 3895 3;
1747 3845 1864 3896 xxx,
1895 3830 2007 3899 24),

420 3922 509 3976 ille
556 3920 647 3990 qui
677 3918 912 3981 Galatas,
959 3915 1013 3969 in
1071 3917 1209 3987 Lege
1257 3917 1496 3972 volentes
1552 3935 1729 3989 agere,
1764 3920 2008 3992 castigat.

2129 2936 2181 2990 in
2216 2951 2376 3007 quem
2414 2935 2577 2991 dilata
2606 2934 2651 2973 61
2700 2944 2824 2991 sunt
2848 2952 2879 2990 a
2925 2937 3176 3005 Domino,
3218 2954 3340 3008 quas
3382 2950 3507 2996 tunc
3544 2940 3705 2994 susti-

2123 3027 2239 3081 neri
2284 3027 2333 3064 62
2374 3040 2481 3080 non
2530 3035 2800 3096 poterant,
2853 3043 2972 3097 quas
3040 3027 3155 3096 jam
3208 3029 3409 3085 nemini
3456 3030 3706 3100 competit

2125 3126 2333 3187 portare
2373 3130 2480 3170 non
2511 3128 2711 3185 posse;
2762 3114 2889 3186 quia
2944 3132 3041 3185 per
3086 3132 3246 3187 quem
3284 3118 3444 3173 datur
3493 3127 3704 3189 portare

2125 3220 2303 3273 posse,
2354 3219 2462 3258 non
2509 3202 2677 3259 deest.
2747 3202 2997 3271 Quandiu
3046 3206 3393 3261 causabimur
3457 3222 3699 3274 carnem,

2122 3293 2246 3365 quia
2273 3292 2407 3347 dixit
2434 3291 2722 3357 Dominus,
2781 3295 2917 3350 Caro
2946 3296 3181 3364 inﬁrma
3203 3295 3429 3365 (Matth.
3460 3300 3659 3365 xxv,1)
3680 3296 3708 3351 Ἰ

2120 3383 2224 3438 Sed
2259 3381 2521 3450 praemisit
2548 3390 2601 3438 et
2632 3383 2886 3453 Spiritus
2916 3389 3252 3456 promptus;
3284 3393 3344 3439 ut
3365 3384 3545 3440 vincat
3589 3385 3706 3456 spi-

2120 3471 2252 3526 ritus
2290 3487 2522 3536 carnem,
2578 3479 2638 3526 ut
2674 3471 2826 3527 cedat
2873 3473 3017 3541 quod
3050 3472 3321 3528 infirmum
3368 3482 3451 3529 est
3478 3473 3704 3530 fortiori.

2118 3561 2252 3615 Nam
2283 3567 2335 3614 et
2368 3578 2379 3616 :
2412 3561 2514 3629 Qui
2530 3564 2714 3631 potest
2734 3576 2951 3631 capere,
2974 3564 3162 3634 capiat
3186 3560 3421 3631 (Matth.
3450 3579 3575 3628 xix,
3598 3563 3705 3629 l2),

2119 3649 2319 3719 inquit;
2368 3649 2418 3702 id
2462 3657 2559 3713 cst,
2607 3649 2700 3720 qui
2749 3665 2854 3704 non
2893 3657 3087 3720 potest,
3134 3650 3392 3709 discedat.
3444 3651 3709 3706 Discessit

2119 3744 2171 3793 et
2210 3738 2299 3792 ille
2328 3738 2503 3805 dives,
2536 3737 2627 3807 qui
2661 3752 2765 3793 non
2805 3749 3021 3808 ceperat
3056 3739 3369 3794 substantiae
3396 3739 3701 3795 dividendae

2118 3826 2308 3899 egenis
2356 3833 2706 3896 praeceptum,
2759 3834 2812 3881 et
2851 3827 3106 3883 dimissus
3148 3837 3228 3883 est
3267 3830 3550 3885 sententiae
3587 3845 3699 3884 suae

2117 3931 2149 3969 a
2178 3915 2405 3969 Domino
2437 3915 2659 3986 (Matth.
2684 3931 2804 3970 xix.
2833 3918 3049 3987 16-22).
3080 3917 3192 3972 Nec
3227 3918 3346 3974 ideo
3385 3917 3582 3974 duritia
3610 3918 3711 3972 im-

421 4008 527 4064 Sed
558 4008 631 4061 ita
659 4022 743 4059 res
773 4006 1055 4075 exigebant
1084 4005 1156 4068 57,
1193 4013 1249 4059 ut
1278 4005 1532 4061 omnibus
1579 4010 1771 4064 omnia
1825 4011 2005 4078 fieret,
2041 3997 2086 4074 Β
2120 4003 2395 4085 putabitur
2424 4003 2636 4059 Christo
2680 4004 2748 4058 de
2778 4004 2981 4059 arbitrii
3005 4006 3375 4076 cujuscunque
3414 4008 3572 4063 liberi
3614 4006 3701 4061 vi-

420 4115 523 4170 quo
553 4112 740 4156 omnes
763 4096 1150 4165 luerifaceret,
1170 4096 1501 4165 parturiens
1522 4096 1667 4166 illos,
1694 4098 1865 4156 donec
1882 4102 2006 4171 for-

415 4191 677 4244 maretur
710 4186 963 4243 Christus
991 4187 1054 4239 in
1084 4186 1244 4256 ipsis,
1274 4189 1329 4241 et
1355 4186 1697 4256 calefaciens
1729 4191 2007 4261 tanquam

415 4280 625 4333 nutrix
658 4273 927 4347 parvulos
970 4273 1104 4343 ﬁdei
1142 4273 1193 4343 (Ι
1230 4274 1351 4329 Cor.
1385 4289 1467 4339 ix,
1502 4278 1602 4343 20;
1649 4277 1767 4332 Gal.
1811 4292 1889 4347 tv,
1921 4278 2001 4349 9);

417 4365 662 4422 docendo
690 4365 931 4437 quazdam
988 4379 1080 4434 per
1119 4364 1354 4432 veniam,
1408 4379 1515 4418 non
1563 4381 1659 4435 per
1689 4363 2000 4437 imperium,

414 4454 558 4510 aliud
613 4461 695 4510 est
736 4452 881 4511 enim
925 4452 1229 4524 indulgere,
1277 4452 1423 4506 aliud
1465 4453 1655 4520 jubere
1705 4471 1717 4507 :
1780 4454 2003 4522 proinde

2117 4092 2189 4147 tio
2219 4093 2287 4146 53.
2325 4095 2479 4159 Ecce,
2527 4092 2701 4165 inquit
2734 4097 2896 4165 posui
2923 4101 3056 4151 ante
3088 4101 3139 4152 te
3170 4096 3378 4152 bonum
3412 4102 3465 4153 et
3486 4098 3708 4153 malum

2116 4184 2309 4251 (Deut.
2345 4199 2483 4251 xxx,
2522 4187 2621 4251 45;
2652 4184 2824 4239 Eccli.
2854 4200 2943 4239 xv.
2978 4183 3100 4255 18;)
3129 4183 3271 4256 elige
3301 4186 3443 4256 quod
3497 4188 3704 4240 bonum

2116 4284 2197 4327 est
2225 4291 2240 4343 ;
2275 4274 2321 4328 si
2352 4289 2459 4328 non
2486 4281 2662 4343 potes,
2683 4273 2812 4344 quia
2863 4288 2972 4329 non
3027 4274 3115 4329 vis
3147 4274 3331 4345 (posse
3379 4274 3528 4330 enim
3543 4282 3619 4343 te,
3652 4277 3705 4332 si

2112 4361 2267 4427 velis,
2326 4362 2562 4417 ostendit
2625 4360 2757 4433 (/12),
2811 4361 2935 4432 quia
2983 4371 3074 4417 tuo
3135 4362 3355 4419 arbitrio
3405 4374 3697 4435 utrumque

2114 4453 2417 4523 proposuit)
2464 4450 2707 4508 discedas
2754 4459 2969 4525 oportet
3017 4453 3086 4506 ab
3117 4466 3202 4519 eo,
3235 4452 3391 4521 cujus
3430 4467 3539 4509 non
3568 4451 3703 4508 facis

413 4543 765 4613 temporalem
814 4541 1081 4597 licentiam
1128 4540 1449 4611 permittens
1520 4543 1700 4596 denuo
1764 4542 2021 4596 nubendi
2112 4539 2456 4597 voluntatem.

414 4640 637 4703 propter
676 4629 1034 4685 infirmitatem
1062 4628 1255 4693 carnis,
1304 4629 1760 4698 quemadmodum
1791 4631 2002 4700 Moyses

414 4717 730 4789 repudiandi
752 4722 981 4791 propter
1010 4717 1289 4773 duritiam
1319 4716 1499 4774 cordis
1528 4718 1725 4784 (Deut.
1750 4734 1899 4785 xxiv,
1924 4720 1997 4788 1),

412 4818 466 4864 et
525 4808 615 4863 hic
704 4807 887 4877 itaque
943 4805 1229 4861 reddemus
1301 4804 1737 4876 supplementum
1807 4822 2003 4864 sensus

2710 4626 2938 4684 CAPUT
2974 4628 3096 4684 XV.

2181 4717 2313 4788 Quae
2344 4717 2508 4789 igitur
2550 4716 2635 4772 hic
2682 4716 2879 4773 duritia
2917 4726 3119 4787 nostra,
3149 4717 3193 4772 si
3223 4732 3330 4773 non
3379 4718 3700 4775 facientibus

2108 4807 2438 4865 voluntatem
2468 4805 2568 4860 Dei
2596 4806 3015 4862 renuntiamus?
3049 4805 3179 4875 Quae
3221 4807 3468 4873 haeresis,
3507 4809 3552 4864 si
3599 4823 3694 4863 se-

1779 4958 1973 5020 Varia:
2019 4961 2326 5020 lectiones.

484 5066 532 5104 ⁵⁵
560 5064 833 5120 Tentanda
864 5062 1122 5136 Rhen._§6
1151 5062 1577 5136 Superductitios
1599 5064 1779 5136 Rhen.
1825 5062 1874 5100 δ”
1906 5064 2278 5136 Exigebatal.
2311 5063 2370 5136 _58
2408 5063 2518 5136 Nec
2546 5062 2626 5118 sic
2670 5063 2825 5120 abest
2856 5065 3029 5119 Fran.
3059 5062 3109 5102 59
3135 5062 3505 5134 Superdicitur
3538 5066 3618 5122 al.
3648 5064 3698 5103 5°

411 5136 517 5194 Sed
551 5138 721 5194 Seml.
750 5136 931 5194 Obert.
963 5136 1009 5173 δι
1042 5134 1271 5191 Dilatata
1299 5135 1475 5193 Rhen.
1507 5135 1558 5173 δ²
1586 5135 1864 5190 Sustinere
1895 5133 2067 5191 Fran.
2090 5135 2138 5172 (³³
2170 5134 2400 5190 Servitio
2432 5133 2605 5190 Rhen.

1821 5257 2315 5323 Commentarius.

481 5396 597 5469 (42)
618 5398 778 5453 Posse
791 5397 941 5469 enim
965 5398 1049 5469 te,
1063 5395 1112 5449 si
1128 5393 1284 5469 velis,
1310 5392 1360 5445 si
1382 5389 1653 5469 ostendit.
1681 5391 1888 5460 Pugnat
1908 5389 1995 5446 hic

411 5465 583 5524 locus
614 5484 714 5537 pro
752 5465 1116 5537 continentia,_
1154 5466 1287 5537 adeo
1336 5468 1396 5514 ut
1426 5465 1479 5512 in
1510 5469 1699 5514 nostra
1727 5468 1992 5537 pqtestate

409 5539 512 5593 sita
554 5531 817 5603 videatur,
848 5538 1011 5592 modo
1056 5535 1122 5588 ad
1177 5533 1349 5585 Deum
1382 5545 1738 5588 recurremus.
1772 5531 1830 5585 S.
1872 5532 1990 5586 Au-

410 5609 683 5681 gustinus,
712 5608 808 5663 lib.
848 5608 912 5663 de
943 5605 1136 5664 Adult.
1186 5604 1414 5674 conjug.
1448 5616 1509 5672 ιι,
1542 5617 1592 5659 c.
1623 5604 1692 5657 29
1722 5620 1737 5659 :
1774 5623 1795 5652 α
1834 5603 1992 5660 Levis

2105 5390 2205 5446 erit
2233 5390 2580 5445 continentiae
2614 5389 2841 5456 sarcina,
2880 5388 2923 5443 si
2953 5387 3153 5444 Christi
3181 5388 3283 5444 erit
3312 5380 3545 5458 ;Christi
3574 5392 3698 5461 erit,

2101 5461 2310 5588 δξιῆίῗε
2330 5462 2523 5589 ἓάειὶι,
2544 5476 2664 5533 quae
2683 5462 2934 5533 impetrat
2954 5476 2985 5515 a
3002 5461 3226 5531 jubente
3248 5462 3362 5517 Deo
3380 5464 3699 5535 quaajusse-

2101 5550 2146 5588 ri
2173 5574 2187 5588 .
2271 5548 2305 5588 ις
2376 5549 2430 5589 n.
