4058 6172
303 390 444 451 1009

1634 381 1832 444 LIBER
1872 381 1957 441 DE
1993 382 2020 441 J
2029 383 2090 443 El
2097 385 2183 445 UN
2188 388 2292 447 IIS.

3464 400 3602 463 1010

299 517 491 591 nique,
533 526 588 574 et
648 518 805 588 periit
842 535 856 576 :
895 521 1077 588 salvus
1126 518 1382 592 alioquin,
1457 515 1546 572 uni
1593 511 1891 604 arbuscula
1924 525 1970 604 Α
2008 515 2170 583 (Gen.
2200 531 2282 585 rx,
2315 518 2412 589 2);
2440 534 2568 576 nam
2593 527 2646 576 et
2685 519 2922 592 hocipso
2954 523 3102 591 quod
3131 539 3251 580 eam
3280 527 3446 583 solam
3477 545 3600 584 car-

293 607 549 678 jejunare
586 606 862 663 maluisset
891 608 968 676 27;
1000 616 1058 662 ut
1104 610 1222 678 jam
1289 607 1415 662 hinc
1443 603 1692 660 animalis
1756 599 1893 656 fides

299 709 491 752 semen
537 710 697 751 suum
725 703 1103 770 recognoscat,
1153 693 1346 751 exinde
1399 695 1674 750 deducens
1713 705 1896 746 carna-

301 783 436 839 lium
487 784 890 855 appetitionem.
942 794 997 840 et
1042 783 1406 855 spiritualium
1476 777 1891 838 recusationem.

301 875 488 928 Teneo
544 872 710 940 igitur
751 888 785 926 a
820 872 1116 942 primordio
1149 873 1474 941 homicidam
1531 872 1738 944 gulam,
1782 878 1895 924 tor-

300 961 503 1016 mentis
542 970 702 1032 atque
748 961 1028 1033 suppliciis
1066 962 1119 1016 in
1169 963 1256 1017 die
1310 960 1653 1032 puniendam,
1693 957 1901 1013 etiamsi

308 1052 462 1106 Deus
521 1051 670 1106 nulla
714 1051 927 1120 jejuuia
975 1051 1346 1122 praecepisset;
1388 1051 1680 1106 ostendens
1718 1055 1898 1101 tamen

301 1141 448 1195 unde
477 1140 548 1195 sit
574 1140 787 1196 occisus
813 1140 985 1195 Adam
1013 1125 1184 1206 ,mihi
1213 1140 1504 1211 reliquerat
1549 1136 1902 1208 intelligenda

299 1229 540 1284 remedia
585 1229 825 1298 offensa,
862 1229 953 1300 qui
995 1229 1256 1285 offensam
1293 1230 1684 1284 demonstraret
1714 1247 1726 1281 :
1760 1226 1900 1281 ultro

296 1317 500 1383 cibum,
531 1317 732 1389 quibus
761 1318 936 1374 modis
965 1317 1270 1390 quibusque
1310 1317 1645 1388 temporibus
1691 1317 1900 1386 potuis-

297 1423 436 1474 sem,
469 1423 571 1478 pro
608 1423 817 1462 veneno
858 1407 1194 1478 deputarem,
1245 1416 1300 1462 et
1357 1406 1660 1462 antidotum
1701 1403 1900 1459 famem

298 1512 597 1560 sumerem,
638 1512 735 1566 per
772 1511 934 1566 quam
985 1512 1278 1567 purgarem
1323 1495 1509 1550 mortis
1546 1511 1579 1550 a
1602 1492 1900 1565 primordio

299 1601 550 1641 caussam
583 1585 634 1624 ³8
661 1585 715 1639 in
746 1600 833 1640 me
867 1601 1080 1657 quoque
1119 1602 1245 1640 cum
1275 1585 1393 1654 ipso
1415 1599 1614 1656 genere
1648 1584 1899 1637 transdu-

298 1682 469 1740 ctam,
529 1682 710 1729 certus
768 1675 870 1730 hoc
926 1675 1096 1729 Deum
1154 1674 1310 1738 velle,
1364 1675 1519 1744 cujus
1571 1672 1898 1728 contrarium

299 1762 492 1828 noluit,
541 1762 782 1832 satisque
830 1761 1112 1817 confidens
1143 1762 1455 1832 placituram
1503 1761 1580 1815 illi
1626 1761 1902 1816 centiuen-

305 1849 396 1904 tia
435 1866 632 1919 curam,
664 1865 694 1902 a
722 1864 829 1921 quo
870 1850 1177 1905 damnatam
1224 1849 1613 1919 comperissem
1664 1849 1895 1925 ineunti-

305 1937 508 1992 nentia
546 1937 776 2008 culpam.
821 1939 1007 2004 Porro,
1052 1955 1178 1993 eum
1215 1949 1267 1993 et
1291 1937 1408 2008 ipse
1434 1938 1702 2008 jejunium
1732 1953 1893 1992 man-

299 2027 415 2091 det,
467 2034 522 2080 et
567 2026 797 2080 animam
836 2034 1250 2098 conquassatam
1308 2025 1524 2098 preprie
1569 2025 1753 2098 utique
1791 2025 1898 2081 cibi

296 2115 572 2188 angustiis
599 2114 920 2171 sacrificium
943 2115 1175 2187 appellet
1205 2116 1373 2184 (Psal.
1409 2132 1462 2182 ι,
1495 2116 1607 2186 18),
1635 2117 1758 2186 quis
1785 2117 1897 2185 jam

296 2205 576 2260 dubitabit
643 2207 887 2260 omnium
936 2222 1066 2278 erga
1120 2207 1323 2261 victum
1371 2206 1422 2243 29
1474 2206 1898 2260 macerationum

293 2293 436 2348 hanc
475 2292 645 2348 fuisse
697 2294 979 2364 rationem,
1025 2310 1131 2366 qua
1177 2309 1371 2348 rursus
1409 2292 1691 2348 interdicto
1727 2292 1850 2350 cibo
1880 2335 1894 2359 ,

295 2389 355 2436 et
399 2381 686 2437 observato
735 2392 1036 2454 pracepto,
1092 2381 1442 2453 primordiale
1483 2383 1598 2452 jam
1643 2381 1898 2436 delictum

294 2469 622 2541 expiaretur,
666 2479 726 2526 ut
762 2471 926 2526 homo
957 2487 1051 2542 per
1093 2473 1336 2534 eamdem
1375 2470 1656 2526 materiam
1692 2485 1899 2526 caussa

293 2559 432 2616 satis
459 2560 572 2614 Deo
596 2560 776 2628 faciat,
801 2577 898 2630 per
923 2577 1087 2632 quam
1111 2559 1433 2624 offenderat,
1458 2559 1512 2613 id
1538 2567 1640 2622 est.
1663 2575 1761 2631 per
1787 2559 1896 2614 cibi

292 2646 737 2702 interdictionem
768 2666 782 2713 ;
819 2660 976 2720 atque
1005 2649 1075 2703 ita
1105 2649 1335 2703 salutem
1352 2648 1545 2705 amulo
1583 2648 1747 2705 modo
1777 2648 1900 2704 red-

293 2737 622 2792 accenderet
685 2736 885 2804 inedia,
951 2736 1113 2794 sicuit
1161 2738 1486 2793 exstinxerat
1549 2737 1760 2810 sagina,
1802 2751 1898 2808 pro

293 2825 464 2881 unico
493 2825 676 2881 illicito
707 2826 861 2897 plura
886 2825 1031 2881 licita
1055 2827 1449 2882 contemnens?

909 2968 1130 3026 CAPUT
1187 2968 1275 3026 IV.

2006 619 2128 660 nem
2159 608 2276 662 esui
2303 608 2352 646 32
2384 609 2588 675 eximit,
2625 613 2781 681 cujus
2812 611 2991 667 anima
3020 628 3128 668 non
3156 632 3250 685 per
3279 619 3601 689 sanguinem

2001 693 2315 760 effunditur,
2371 699 2548 752 omnis
2598 699 2820 770 reliqua
2877 701 3054 757 carnis
3102 717 3254 757 usum
3305 706 3354 745 33
3383 722 3605 767 conces-

2003 781 2138 838 sisse
2187 784 2528 842 manifestum
2575 795 2676 845 est.
2742 790 2830 845 Ad
2875 790 2992 846 hac
3040 795 3450 863 respondemus,
3492 815 3603 855 non

2007 875 2326 944 competisse
2355 876 2568 930 onerari
2598 877 2872 933 hominem
2917 881 3097 952 aliqua
3135 885 3308 940 adhuc
3334 887 3604 944 abstinen-

2008 960 2095 1016 tia
2124 962 2266 1036 lege,
2313 965 2409 1036 qui
2443 981 2562 1020 cum
2610 969 2846 1024 maxime
2899 981 3002 1026 tam
3049 972 3220 1028 levem
3266 974 3604 1034 interdictio-

2010 1066 2152 1117 nem,
2207 1053 2366 1109 unius
2412 1055 2613 1111 scilicet
2652 1060 2820 1127 pomi,
2863 1060 3085 1116 tolerare
3114 1078 3222 1117 non
3272 1064 3479 1133 potuit;
3516 1082 3604 1120 re-

2009 1138 2231 1195 missum
2276 1143 2455 1214 itaque
2496 1145 2642 1199 illum
2688 1147 2936 1204 libertate
2971 1149 3089 1220 ipsa
3123 1153 3605 1209 corroborandum.

2011 1229 2183 1300 Eque
2211 1230 2260 1268 3"
2297 1243 2416 1302 post
2442 1233 2710 1291 diluvium
2747 1236 2799 1290 in
2836 1237 3224 1295 reformatione
3251 1241 3462 1310 generis
3505 1243 3606 1296 hu-

2010 1320 2178 1384 mani,
2236 1321 2524 1378 suffecisse
2584 1341 2745 1379 unam
2767 1325 2981 1382 interim
3038 1329 3212 1399 legem
3261 1345 3295 1384 a
3340 1330 3606 1400 sanguine

2011 1408 2342 1478 abstinendi,
2375 1411 2640 1482 permisso
2668 1415 2716 1450 ³⁵
2745 1431 2846 1470 usu
2874 1415 2922 1453 ³6
2943 1425 3282 1473 caterorum.
3316 1419 3429 1474 Jam
3459 1421 3604 1476 enim

2006 1496 2264 1563 judicium
2318 1499 2584 1556 Dominus
2628 1505 2940 1559 ostenderat
2979 1521 3075 1574 per
3112 1506 3397 1575 diluvium;
3431 1510 3604 1564 adhuc

2007 1585 2168 1640 etiam
2228 1589 2584 1644 comminatus
2638 1583 2808 1647 fuerat
2883 1611 2980 1662 per
3030 1596 3439 1665 exquisitionem
3489 1615 3609 1654 san-

2009 1673 2191 1745 guinis
2217 1675 2284 1729 de
2317 1693 2478 1731 manu
2508 1678 2709 1744 fratris,
2743 1693 2795 1735 et
2818 1682 2886 1735 de
2920 1698 3079 1738 manu
3119 1686 3308 1741 bestiae
3340 1688 3495 1758 (Gen.
3527 1705 3602 1755 ιχ,

2013 1763 2089 1830 5).
2121 1759 2309 1817 Omnis
2338 1764 2384 1800 37
2415 1765 2872 1836 itaquejustitiam
2898 1770 3088 1839 judicii
3137 1776 3562 1841 praministrans
3586 1818 3603 1844 ,

2011 1851 2291 1906 materiam
2337 1853 2602 1908 libertatis
2648 1856 2841 1922 emisit,
2899 1874 2994 1929 per
3043 1859 3256 1916 veniam
3311 1879 3606 1933 supparans

2005 1942 2342 2014 disciplinam
2367 1963 2381 2011 ;
2417 1947 2730 2016 permittens
2759 1949 2959 2020 omnia,
2977 1958 3036 2004 ut
3057 1951 3292 2007 demeret
3313 1955 3603 2025 quiddam;

2009 2032 2127 2100 plus
2147 2042 2455 2104 exacturus,
2508 2035 2554 2089 si
2601 2037 2722 2108 plus
2781 2039 3180 2105 commisisset;
3228 2041 3601 2099 abstinentiam

2006 2119 2386 2192 imperaturus,
2435 2141 2555 2180 cum
2588 2127 2976 2199 indulgentiam
3000 2129 3348 2200 praemisisset
3378 2131 3463 2199 38;
3499 2148 3604 2202 quo

2005 2209 2198 2280 magis,
2234 2219 2294 2266 ut
2339 2212 2591 2279 diximus,
2625 2216 2972 2285 primordiale
3000 2218 3251 2274 delictum
3297 2221 3606 2290 expiaretur

2007 2299 2231 2367 majoris
2275 2300 2615 2358 abstinentia
2644 2305 2976 2374 operatione,
3007 2305 3062 2362 in
3103 2308 3323 2376 majoris
3372 2309 3603 2365 licentia

2006 2400 2308 2444 0008510118.

2637 2535 2871 2592 CAPUT
2911 2537 2976 2592 ν.

2077 2655 2338 2728 Denique,
2389 2658 2501 2727 jam
2557 2668 2613 2715 et
2680 2660 2958 2716 familiaris
3014 2665 3246 2734 populus
3291 2665 3449 2738 allegi
3487 2667 3603 2724 Deo

2007 2743 2187 2815 C(Bpit,
2220 2753 2274 2798 et
2317 2747 2586 2802 restitutio
2636 2748 2868 2804 hominis
2910 2750 3079 2804 imbui
3122 2753 3314 2820 potuit,
3350 2761 3474 2808 tunc
3519 2755 3605 2810 le-

2005 2847 2103 2902 ges
2157 2833 2567 2906 disciplinaque
2608 2852 2796 2892 omnes
2830 2837 3096 2908 imposita
3121 2841 3284 2895 etiam
3329 2858 3450 2912 qua
3495 2844 3602 2897 de-

2007 2931 2293 2991 cerperent
2346 2922 2571 2994 victum,
2596 2925 2863 2996 ademptis
2911 2927 3228 2997 quibusdam
3281 2930 3443 2985 veluti
3492 2930 3601 2984 im-

2009 3010 2244 3076 mundis,
2305 3026 2415 3082 quo
2481 3012 2691 3068 facilius
2720 3015 3008 3086 aliquando
3077 3017 3285 3087 jejunia
3352 3019 3605 3076 toleraret

365 3094 494 3148 Haec
560 3095 694 3149 ratio
754 3093 1070 3150 servabatur
1128 3094 1274 3165 apud
1342 3091 1737 3164 providentiam
1793 3094 1891 3151 Dei
1930 3076 1972 3153 ε
2003 3099 2188 3165 homo,
2251 3076 2514 3170 perpetua
2560 3101 2614 3155 in
2663 3076 2990 3173 quibusdam
3060 3076 3380 3162 abstinentia
3451 3125 3599 3164 usus.

291 3197 395 3252 pro
446 3183 781 3254 temporibus
836 3183 1018 3238 omnia
1056 3183 1383 3239 modulantis
1429 3185 1498 3254 ³ο,
1548 3200 1615 3238 ne
1660 3183 1784 3254 quis
1833 3199 1896 3240 ex

291 3271 516 3328 diverso
587 3271 656 3326 ad
719 3272 1072 3340 dejiciendam
1136 3273 1570 3343 propositionem
1631 3279 1896 3328 nostram.

287 3361 401 3416 Cur
448 3375 602 3431 ergo,
649 3362 789 3417 dicat
833 3376 940 3416 non
997 3361 1181 3416 statim
1224 3362 1369 3416 Deus
1417 3360 1655 3432 aliquam
1723 3361 1898 3417 victus

286 3449 578 3505 constituit
612 3451 1043 3521 castigationem,
1094 3451 1337 3521 quinimo
1369 3457 1425 3506 et
1467 3451 1616 3506 auxit
1659 3450 1895 3522 permis-

285 3549 499 3604 sionem
517 3549 547 3601 ?
567 3548 702 3604 Nam
726 3548 784 3602 in
812 3547 1105 3619 primordio
1135 3549 1352 3618 quidem
1372 3549 1659 3603 herbidum
1691 3547 1895 3604 solum-

289 3637 459 3692 modo
477 3647 529 3692 et
551 3638 837 3694 arboreum
855 3635 1030 3693 θῦε)
1058 3637 1258 3692 homini
1291 3635 1545 3708 pabulum
1573 3637 1851 3692 addixerat
1875 3654 1890 3694 :

293 3731 436 3783 Ecce
462 3727 590 3783 dedi
616 3727 763 3782 vobis
793 3744 956 3785 omne
975 3730 1179 3797 fenum
1195 3728 1576 3785 sementivum
1597 3730 1892 3784 seminans

289 3830 483 3870 semen
503 3816 646 3886 quod
663 3819 748 3871 est
775 3833 944 3887 super
965 3819 1178 3870 terram
1199 3835 1216 3880 ;
1249 3821 1303 3871 et
1323 3831 1486 3873 omne
1509 3819 1725 3887 lignum
1745 3818 1891 3888 quod

296 3903 458 3957 habet
479 3904 540 3957 in
561 3905 859 3977 semetipso
879 3906 1140 3974 fructum
1171 3906 1405 3960 seminis
1422 3908 1722 3962 sementim'
1739 3905 1888 3962 vobis

290 3995 407 4048 erit
438 3995 501 4047 in
546 4009 729 4049 escam
769 3996 929 4063 (Gen.
981 4007 1064 4060 Ix,
1107 3995 1218 4061 29).
1250 3996 1435 4048 Postea
1463 4009 1595 4049 vero
1635 3995 1705 4048 ad
1746 3997 1882 4066 Noe,

287 4089 600 4137 enumerata
659 4080 992 4151 subjectione
1048 4081 1291 4137 omnium
1349 4081 1644 4137 bestiarum
1706 4093 1881 4155 terra,

287 4179 347 4227 et
399 4169 693 4226 volatilium
751 4169 893 4241 cali,
927 4177 980 4225 et
1000 4170 1328 4228 moventium
1362 4171 1415 4226 in
1450 4180 1588 4225 terra
1620 4212 1634 4241 ,
1683 4182 1736 4226 et
1806 4172 1887 4243 pi-

287 4259 470 4316 scium
514 4259 699 4323 maris,
742 4267 796 4312 et
824 4259 1000 4314 omnis
1047 4261 1273 4315 viventis
1317 4259 1360 4297 ³¹
1389 4303 1404 4326 ,
1439 4261 1646 4324 Erunt,
1691 4259 1887 4330 inquit,

261 4395 265 4400 .
289 4349 442 4405 vobis
462 4351 525 4403 in
541 4351 921 4415 escam,velut
941 4350 1096 4406 olera
1135 4351 1272 4416 [mni
1289 4349 1416 4406 dedi
1433 4351 1579 4406 vobis
1594 4350 1884 4416 universa;

2009 3189 2140 3242 Nam
2181 3198 2234 3244 et
2275 3191 2478 3260 primus
2509 3193 2744 3264 pepulus
2792 3193 2907 3265 (16)
2947 3195 3106 3266 primi
3139 3197 3370 3252 hominis
3401 3200 3604 3256 rescul-

2007 3284 2188 3346 pserat
2225 3277 2428 3333 crimen
2476 3280 2608 3349 (t7),
2661 3281 2885 3349 pronior
2923 3284 3099 3336 ventri
3127 3301 3288 3354 quam
3325 3287 3452 3342 ’Deo
3498 3290 3602 3345 de-

2008 3357 2348 3436 prehensus;
2396 3382 2518 3421 cum
2559 3367 2627 3421 de
2667 3368 2861 3424 duritia
2900 3370 3162 3441 [Egyptian
3204 3374 3476 3430 servitutis
3508 3391 3602 3432 va-

2005 3454 2114 3508 lida
2140 3469 2307 3509 manu
2338 3457 2433 3511 Dei
2461 3463 2515 3510 et
2551 3456 2772 3511 sublimi
2813 3458 3030 3513 brachio
3077 3468 3296 3530 ereptus
3341 3463 3604 3520 Dominus

2005 3544 2123 3612 ejus
2151 3543 2300 3599 visus
2327 3545 2408 3613 39;
2440 3555 2494 3600 et
2526 3553 2683 3600 terra
2712 3545 2848 3602 lacte
2873 3545 3055 3603 960
3083 3558 3136 3604 et
3166 3552 3324 3606 melle
3355 3554 3602 3610 mananti

2005 3631 2334 3698 destinatus;
2383 3632 2559 3688 statim
2617 3643 2798 3689 autem
2847 3637 3155 3691 solitudinis
3209 3639 3443 3708 c0piosa
3491 3643 3600 3696 cir-

2002 3729 2317 3792 cumspectu
2368 3721 2778 3789 scandalizatus,
2832 3724 3126 3780 saturitatis
3163 3727 3433 3798 Egyptia
3496 3730 3600 3786 de-

2003 3809 2252 3866 trimenta
2283 3811 2334 3849 ¹ίο
2363 3811 2665 3882 suspirans,
2699 3812 2755 3866 in
2785 3813 3006 3884 Moysen
3038 3825 3091 3872 et
3120 3817 3302 3872 Aaron
3339 3818 3600 3874 mussita-

1999 3898 2102 3955 vit:
2141 3901 2367 3957 Utinam
2397 3899 2726 3958 obiissemus
2754 3904 3014 3973 percussi
3031 3922 3066 3960 a
3097 3907 3329 3962 Domino
3365 3908 3426 3961 in
3449 3913 3604 3965 terra

1994 3991 2234 4062 zEgypti,
2265 3989 2492 4060 quando
2518 4006 2689 4063 super
2707 3992 2848 4048 ollas
2876 3995 3141 4049 carnium
3178 3997 3519 4064 sedebamus,
3545 4003 3604 4056 et

1994 4095 2162 4149 panes
2185 4079 2248 4132 in
2281 4079 2708 4149 plenitudinem
2746 4081 3166 4138 comedebamus
3188 4084 3210 4136 ,ν
3246 4086 3520 4153 Quomodo
3550 4087 3596 4126 ἐί

1995 4168 2248 4223 eduxisti
2261 4184 2359 4222 nos
2374 4168 2435 4221 in
2451 4169 2565 4224 hac
2580 4169 2801 4225 deserta
2814 4171 2887 4224 ad
2902 4173 3356 4240 interﬁciendum
3367 4193 3604 4248 synago-

1997 4273 2126 4326 gam
2169 4257 2342 4310 istam
2375 4259 2566 4325 fame?
2605 4256 2803 4326 (Exod.
2851 4273 2972 4326 xvr,
3022 4261 3100 4327 2.)
3147 4262 3350 4316 Eadem
3402 4266 3600 4320 ventris

2000 4342 2309 4413 pralatione
2349 4343 2730 4413 deploraturus
2771 4351 2889 4398 erat
2926 4348 3141 4402 eosdem
3182 4348 3346 4403 duces
3391 4367 3518 4406 suos
3547 4360 3601 4409 et

288 4453 493 4492 verum
516 4452 748 4492 carnem
777 4440 842 4492 in
871 4441 1156 4509 sanguine
1185 4440 1396 4493 animm
1422 4454 1541 4494 ,ςαίε
1574 4454 1690 4494 non
1722 4439 1889 4496 editis
1923 4422 1968 4500 Β
1996 4431 2094 4488 Dei
2143 4430 2390 4502 arbitros,
2451 4446 2588 4500 quos
2642 4431 2913 4488 desiderio
2977 4435 3153 4489 carnis
3207 4444 3259 4491 et
3313 4439 3594 4496 recordata

1661 4608 1852 4671 Varia
1883 4613 2197 4674 lectiones.

363 4710 411 4748 2⁷
441 4709 716 4783 Maluisset
755 4711 924 4768 Seml.
983 4710 1034 4748 2⁸
1078 4712 1272 4766 Casum
1322 4711 1489 4768 Seml.
1519 4711 1569 4750 29
1598 4709 1992 4772 Victus.Seml.
2027 4717 2172 4781 forte
2211 4724 2346 4783 ergo
2395 4707 2615 4783 [unum
2660 4707 2987 4783 Moderantis
3021 4709 3205 4783 §eml.
3239 4709 3281 4748 ³¹
3315 4710 3598 4781 Serpentis

285 4783 469 4856 seml.
500 4782 549 4819 ³2
577 4782 708 4856 Esui
740 4783 892 4838 tollit
923 4783 1091 4856 Seml.
1119 4783 1174 4856 _33
1217 4783 1377 4838 Esum
1416 4785 1552 4839 Jun.
1587 4785 1632 4822 3"
1672 4787 1845 4856 Atque
1889 4779 2659 4856 Seml._Le0p.'315_Permissu
2680 4852 2692 4856 Α
2722 4779 2888 4856 Seml.
2924 4780 2972 4815 36
3021 4779 3149 4856 ΕειιΔ
3179 4782 3314 4856 Jun.
3368 4779 3600 4842 videtur

283 4853 557 4932 abfuisse.
590 4854 636 4930 3.7
668 4855 944 4932 De_manu
995 4853 1180 4932 bestia
1211 4865 1416 4932 omnes.
1468 4847 1823 4932 Itaqugfun.
1866 4858 2023 4932 Leop.
2068 4853 2130 4932 33.
2161 4847 2494 4932 Permisisset
2543 4851 2812 4932 ngml,“39
2848 4851 3070 4932 E‘rneptus
3112 4851 3381 4932 dominus
3421 4857 3594 4932 Seml.

284 4921 548 4996 dominus
572 4923 690 4993 ejus
718 4924 869 4981 visus
907 4932 988 4980 est
1018 4926 1153 4981 Jun.
1189 4932 1242 4979 et
1285 4924 1414 4981 add.
1460 4921 1580 4983 cod:
1632 4929 1832 4987 Wouw.
1887 4921 1982 4982 eis'
2000 4926 2150 4996 conj.
2206 4924 2364 4978 Pam.
2397 4929 2449 4976 et
2478 4923 2629 4978 uncis
2659 4921 2849 4978 utitur.
2879 4921 2928 4958 ἰο
2977 4922 3312 4980 Detrimento
3344 4927 3514 4984 Seml.
3547 4929 3595 4967 ‘1

296 4994 574 5064 Quoniam
601 4998 679 5051 al.

1688 5077 2188 5160 Coinmentarius.

364 5217 480 5286 (15)
513 5218 574 5274 Si
597 5219 701 5273 uni
730 5217 1048 5274 arbusculae
1075 5219 1344 5289 jejunare
1372 5218 1687 5276 maluisset.
1722 5219 1891 5287 Quale

281 5288 556 5355 jejunium
585 5290 612 5340 ?
653 5289 1094 5358 quandoquidem
1124 5288 1328 5343 Adamo
1377 5291 1520 5344 Deus
1551 5306 1617 5344 ex
1649 5292 1793 5345 omni
1826 5292 1892 5345 li-

289 5373 408 5433 gno
464 5360 749 5433 comedere
791 5359 1106 5428 indulserat,
1155 5363 1310 5433 unica
1366 5369 1567 5415 tantum
1611 5363 1891 5417 arbuscula

285 5431 532 5498 excepta.
567 5431 710 5503 Sane
741 5434 1004 5503 Adamum
1051 5431 1281 5500 perdidit
1315 5446 1419 5486 non
1451 5433 1596 5500 gula,
1628 5436 1724 5488 sed
1755 5450 1893 5503 pra-

288 5508 521 5555 matura
553 5501 844 5556 divinitatis
886 5505 1105 5572 cupido.
1136 5503 1263 5559 11m.

363 5573 478 5642 (l6)
515 5573 654 5646 Nam
684 5579 739 5632 et
780 5575 1000 5646 primus
1027 5576 1288 5646 papulas,
1318 5581 1437 5646 etc.
1467 5573 1674 5628 Primus
1699 5575 1892 5646 appel-

285 5643 436 5715 latur
478 5643 712 5715 populus
753 5643 1036 5712 Iudaicus,
1096 5643 1166 5700 ad
1206 5643 1609 5701 distinctionem
1669 5643 1894 5701 secundi

283 5714 572 5770 Gentium.
605 5716 704 5772 Hic
749 5730 876 5772 vero
924 5717 1138 5772 videtur
1184 5731 1406 5788 prorsus
1454 5717 1786 5789 snperiluum
1823 5717 1894 5772 il-

2004 5217 2120 5279 lud,
2183 5217 2327 5286 quod
2373 5217 2508 5270 adeo
2565 5216 2871 5286 parenthesi
2921 5217 3258 5285 inclusimus,
3325 5224 3599 5280 Dominus

2001 5290 2141 5360 ejus.
2187 5305 2281 5341 seu
2313 5289 2487 5357 potius
2517 5289 2614 5351 eis,
2649 5290 2799 5341 visus
2831 5293 2931 5343 est.
2961 5290 3096 5344 ΡΑιι.

2077 5360 2384 5427 (l7)Primi
2407 5360 3048 5433 hominisfesculpserat
3069 5364 3304 5417 crimen.
3349 5364 3599 5433 Augusti-

2003 5446 2104 5483 nus
2145 5433 2207 5485 in
2263 5433 2412 5486 PsaI.
2451 5446 2506 5484 γι
2543 5449 2552 5485 :
2592 5450 2615 5480 ‹‹
2653 5431 2790 5484 Dum
2823 5434 2962 5485 enim
3013 5449 3109 5486 nos
3129 5431 3508 5500 convertimur,
3545 5436 3596 5490 id

2003 5509 2121 5574 est,
2144 5502 2434 5574 mutatione
2463 5501 2654 5556 veteris
2684 5503 2826 5564 vita,
2862 5503 3212 5566 resculpimus
3249 5502 3516 5574 Spiritum.
3571 5527 3594 5553 ι

2006 5571 2232 5628 Rufinus
2263 5573 2314 5627 in
2339 5575 2585 5628 eumdem
2609 5574 2690 5628 Ps.
2727 5591 2740 5627 :
2777 5594 2802 5622 α
2831 5575 2966 5627 Dum
2997 5571 3381 5640 convertimur,
3411 5574 3460 5628 id
3493 5586 3592 5640 est,

2008 5643 2137 5716 dum
2177 5645 2591 5700 commutatione
2620 5645 2820 5700 veteris
2849 5645 2971 5698 vita
3002 5645 3376 5716 resculpimur.
3404 5665 3427 5697 ι
3466 5647 3592 5705 RI'G.
