4062 6178
464 396 599 458 1011

1179 402 1622 467 TERTULLIANI
1656 397 1923 463 OPERUM
1960 392 2131 455 PARS
2185 394 2252 454 II.
2281 426 2352 439 -—
2386 396 2613 458 SERIES
2644 399 2709 471 ΙΙ,
2742 398 3062 459 MORALIA.

3613 396 3756 458 1012

461 524 831 596 Egyptiarum
874 525 1153 597 copiarum
1202 533 1556 587 exacerbabat
1596 549 1611 591 :
1674 529 1805 599 Quis
1856 539 1957 581 nos
2005 520 2054 560 ¹ι²
2087 533 2134 613 Α
2162 521 2463 593 Praeposuit
2505 524 2822 597 corruptelaa
2858 523 3170 580 divitiarum
3201 522 3483 581 edacitatis
3514 523 3756 579 enormi-

460 619 705 671 vesceret
724 614 773 653 4³
790 632 960 674 carne
975 615 1003 670 ?
1033 620 1314 676 Venerunt
1341 622 1405 677 in
1424 628 1677 681 mentem
1696 616 1852 677 nobis
1869 615 2050 687 pisces

462 719 593 776 quos
634 705 699 758 in
728 706 956 777 Egi/pio
986 707 1285 766 edebamus
1312 714 1515 782 gratis,
1540 716 1596 768 et
1627 719 1971 772 cucumeres,
1996 705 2053 756 et

458 808 718 865 pepones,
751 798 807 849 et
828 796 1013 867 porri,
1042 802 1099 853 et
1122 814 1272 870 cepe,
1302 805 1357 857 et
1386 801 1547 858 allia.
1580 803 1651 858 At
1673 813 1827 856 nunc
1854 795 2052 850 anima

459 887 659 939 nostra
675 884 837 939 arida.
866 886 1015 941 nihil
1036 890 1149 944 nisi
1169 890 1219 927 ’ἀτί
1246 906 1464 946 manna
1488 891 1678 947 vident
1700 886 1850 944 oculi
1870 883 2053 939 nostri

461 971 654 1036 (Num.
687 988 768 1040 χι,
799 974 880 1044 4).
928 974 1004 1029 Ita
1047 984 1099 1030 et
1127 977 1231 1031 illis
1279 974 1628 1052 xerOphagize
1673 991 1840 1050 panes
1868 974 1917 1011 4⁵
1946 988 2047 1026 an-

462 1059 618 1129 gelici
647 1059 759 1131 (18)
799 1061 1155 1133 displicebant
1210 1066 1395 1120 allium
1436 1068 1615 1138 potius
1642 1075 1697 1122 et
1731 1080 1860 1135 cepe
1889 1077 2051 1133 quam

462 1148 660 1203 coelum
706 1149 938 1223 fragrare
970 1154 1249 1211 malebant.
1274 1156 1340 1210 Et
1369 1157 1487 1212 ideo
1520 1165 1626 1210 tam
1666 1153 1891 1225 ingratis
1920 1165 2051 1224 gra-

463 1236 595 1291 tiora
618 1249 669 1293 et
695 1240 1049 1295 esculentiora
1068 1258 1301 1315 quaeque
1322 1246 1561 1300 detracta
1588 1250 1731 1308 sunt,
1764 1240 2053 1315 punienda:

463 1326 623 1381 simul
644 1328 785 1399 gulae
814 1337 868 1383 et
896 1332 1210 1387 exercenda
1238 1333 1583 1390 continentiae
1618 1347 1830 1402 caussa,
1880 1338 1940 1386 ut
1966 1329 2056 1384 illa

462 1415 828 1484 damnaretur,
858 1417 959 1473 ista
988 1419 1314 1477 erudiretur.

1072 1509 1299 1566 CAPUT
1338 1512 1431 1567 VI.

532 1594 688 1650 Nunc
715 1594 759 1649 si
789 1602 991 1651 temere
1031 1600 1266 1655 rationes
1296 1601 1539 1672 castigati
1567 1616 1596 1654 a
1625 1602 1740 1655 Deo
1768 1596 1963 1661 victus,
1999 1600 2055 1648 et

464 1683 764 1756 castigandi
795 1693 1017 1755 propter
1052 1688 1227 1741 Deum
1256 1704 1286 1742 a
1314 1690 1487 1757 nobis,
1520 1688 1588 1741 ad
1631 1683 2048 1756 primordiorum

463 1774 825 1841 experimenta
860 1775 1246 1842 revocavimus,
1290 1775 1671 1832 conscientiam
1711 1786 2047 1830 communem

464 1861 827 1926 consulamus,
898 1862 1015 1932 ipsa
1076 1872 1266 1919 natura
1322 1864 1642 1935 euuntiabit,
1708 1863 1896 1934 quales
1954 1874 2053 1914 nos

466 1957 586 2003 ante
643 1949 893 2019 pabulum
943 1957 995 2004 et
1043 1960 1226 2020 potum
1284 1953 1338 2007 in
1394 1953 1603 2026 virgine
1653 1953 1831 2007 adhuc
1890 1949 2059 2006 saliva

465 2037 718 2092 exhibere
767 2037 1040 2093 consuerit
1086 2042 1246 2095 rebus
1282 2041 1538 2097 duntaxat
1578 2057 1774 2097 sensus
1802 2040 1852 2078 ‘16
1880 2054 2054 2111 agen-

468 2126 550 2178 dis
586 2140 695 2195 quo
758 2124 938 2183 divina
1013 2134 1308 2184 tractantur
1373 2129 1420 2183 si
1496 2129 1661 2185 multo
1729 2125 2059 2201 pollentioris

466 2214 682 2281 mentis,
752 2214 797 2268 si
865 2215 1030 2271 multo
1079 2215 1361 2273 vivaeioris
1427 2217 1648 2287 cordis,
1720 2232 1882 2288 quam
1935 2230 2059 2270 cum

469 2311 637 2359 totum
692 2303 825 2358 illud
881 2304 1207 2360 domicilium
1253 2305 1526 2362 interioris
1582 2305 1858 2375 hominis,
1917 2305 2059 2360 escis

469 2391 743 2461 stipatum,
784 2392 923 2447 vinis
969 2392 1304 2458 inundatum,
1358 2393 1727 2465 decoquendis
1763 2395 1873 2463 jam
1912 2402 2055 2448 ster-

471 2481 690 2537 coribus
724 2488 957 2536 aestuans
1016 2483 1086 2548 4⁷,
1138 2482 1646 2553 praemeditatorium
1676 2483 1770 2553 (19
1827 2481 2059 2538 efficitur

470 2570 810 2641 latrinarum,
868 2571 922 2625 in
978 2587 1085 2641 quo
1144 2572 1299 2641 plane
1351 2571 1487 2626 nihil
1543 2580 1654 2627 tam
1710 2572 1766 2626 in
1812 2571 2057 2643 proximo

468 2659 727 2731 supersit,
777 2675 937 2729 quam
985 2660 1052 2713 ad
1100 2659 1379 2715 lasciviam
1419 2674 1647 2730 sapere:
1701 2660 2059 2718 Manducavit

469 2750 709 2821 pOpulus
762 2752 820 2804 et
866 2749 1024 2817 bibit,
1078 2754 1133 2806 et
1177 2755 1559 2806 surrexerunt
1618 2750 1810 2807 ludere
1857 2748 2055 2822 (Exod.

476 2851 664 2905 xxxu,
708 2835 785 2907 6).
813 2837 1060 2909 Intellige
1109 2847 1304 2894 sanctae
1328 2839 1621 2910 Scripturae
1644 2839 2050 2895 verecundiam:

476 2924 672 2994 lusum,
722 2925 827 2980 nisi
868 2926 1218 2997 impudicum,
1259 2942 1367 2983 non
1405 2927 1731 2984 denotasset.
1773 2931 2056 2994 Cﬁernm,

477 3014 898 3085 quotusquisque
934 3015 1239 3071 meminerit
1284 3017 1578 3091 religionis,
1628 3017 1902 3088 occupatis
1948 3034 2068 3073 me-

478 3100 664 3157 moriae
719 3101 872 3165 locis,
928 3103 1201 3173 impeditis
1256 3106 1529 3175 sapientia
1579 3108 1869 3162 membris?
1897 3107 2066 3162 Nemo

478 3190 553 3248 ita
572 3199 630 3245 ut
649 3191 821 3259 decet,
844 3191 917 3247 ita
937 3201 1111 3263 utpar
1135 3202 1237 3259 est,
1267 3196 1343 3250 ita
1367 3205 1425 3251 ut
1442 3195 1575 3251 utile
1618 3204 1699 3250 est
1733 3239 1745 3263 ,
1772 3195 2071 3252 recordabi—

482 3286 567 3333 tur
586 3280 682 3334 Dei
710 3280 764 3335 in
785 3295 851 3336 eo
872 3291 1128 3353 tempore,
1162 3298 1268 3355 quo
1295 3284 1475 3355 ipsum
1494 3284 1595 3339 sibi
1620 3285 1891 3341 hominem
1922 3285 2069 3341 exci-

481 3366 610 3425 dere
656 3370 893 3425 solemne
932 3380 1014 3427 est
1060 3374 1196 3443 (20).
1239 3372 1469 3429 Omnem
1511 3373 1847 3443 disciplinam
1898 3375 2072 3429 victus

481 3455 645 3515 961
712 3468 805 3515 aut
852 3460 1050 3517 occidit
1106 3469 1197 3516 aut
1243 3464 1504 3529 vulnerat,
1568 3462 1811 3533 Mentior,
1862 3461 1907 3517 si
1961 3477 2071 3517 non

481 3548 743 3605 Dominus
785 3550 901 3620 ipse
959 3551 1283 3607 oblivionem
1341 3552 1425 3607 sui
1486 3552 1826 3622 exprobrans
1860 3550 2067 3615 Israeli,

482 3652 733 3692 caussam
790 3639 1109 3708 plenitudini
1167 3641 1384 3710 deputat
1440 3642 1523 3692 ἐει
1588 3642 1941 3697 Incrassatus
1985 3644 2073 3698 est

484 3726 739 3794 dilectus,
772 3730 829 3782 et
843 3730 1269 3798 pingue/"actus,
1294 3733 1350 3785 et
1380 3729 1659 3787 dilatatus
1691 3734 1794 3794 est,
1830 3734 1883 3787 et
1914 3729 2073 3786 dere-

486 3814 657 3885 liquit
694 3816 870 3870 Deum
906 3817 1005 3886 qui
1052 3818 1189 3887 fecit
1206 3832 1357 3883 eum,
1380 3821 1435 3874 et
1475 3817 1738 3875 abscessit
1775 3835 1810 3873 a
1838 3820 2075 3875 Domino

482 3902 891 3971 salutiﬁcalore
931 3920 1029 3960 suo
1076 3905 1265 3975 (Deut.
1329 3920 1515 3975 χχχιι,
1569 3911 1679 3978 15).
1729 3908 1973 3980 Denique
2021 3907 2074 3962 in

484 3990 670 4044 eodem
714 3992 1134 4048 Deuteronomio
1185 3996 1429 4050 eamdem
1486 4011 1729 4052 caussam
1780 3997 2078 4069 praecaveri

483 4078 700 4148 jubens,
749 4082 847 4147 Ne,
894 4080 1086 4153 inquit,
1117 4099 1247 4140 cum
1295 4084 1722 4143 manducaveris
1752 4092 1809 4142 et
1850 4088 2074 4155 biberis,

492 4174 549 4227 et
567 4168 758 4230 domos
783 4172 1033 4243 optimas
1060 4173 1443 4243 cediﬁcaveris,
1468 4176 1656 4234 ovibus
1685 4181 1740 4233 et
1761 4176 1924 4233 bobus
1958 4179 2072 4235 tuis

482 4259 907 4332 multiplicatis,
946 4265 1003 4317 et
1049 4266 1282 4334 argento
1310 4268 1365 4321 et
1397 4282 1556 4332 auro,
1599 4266 1920 4323 extollatur
1975 4284 2073 4323 cor

487 4354 672 4420 tuum,
692 4355 749 4408 et
767 4351 1110 4410 obliviscaris
1134 4354 1357 4410 Domini
1373 4357 1473 4411 Dei
1497 4357 1585 4412 tui
1604 4356 1922 4428 (Deutmu,
1957 4356 2066 4425 12).
2104 4339 2149 4415 υ

2163 617 2344 681 tatem,
2385 614 2472 669 cui
2501 614 2634 686 ipsae
2671 615 2872 673 divitias
2905 625 3213 687 procurant.
3253 616 3358 670 Per
3386 613 3505 670 illas
3553 614 3759 671 scilicet

2158 700 2509 757 incrassatum
2557 712 2671 759 erat
2717 720 2812 761 cor
2859 704 3062 775 p0puli,
3097 719 3163 759 ne
3208 704 3383 760 oculis
3420 704 3653 771 videret,
3701 713 3756 761 et

2158 790 2378 845 auribus
2434 792 2662 861 audiret,
2715 804 2770 849 et
2822 794 2983 848 corde
3029 792 3629 864 conjiceret'adipibus
3649 794 3757 848 ob-

2159 890 2383 949 structo,
2430 899 2563 953 quas
2631 882 2951 938 nominatim
3003 883 3120 937 esui
3176 883 3428 949 abstulit,
3486 883 3758 939 dedoceas

2157 970 2431 1026 hominem
2460 973 2664 1047 sagina!
2714 974 2954 1027 studere.
3011 972 3302 1040 Caeterum,
3365 972 3448 1028 cui
3501 988 3599 1028 cor
3643 989 3760 1030 ere-

2158 1067 2301 1115 ctum
2332 1061 2382 1099 49
2429 1064 2611 1132 potius
2638 1062 3013 1116 inveniebatur
3040 1077 3203 1132 quam
3240 1060 3641 1134 impinguatum
3672 1064 3751 1133 ⁵ο,

2159 1151 2515 1223 quadraginta
2590 1152 2783 1207 diebus
2856 1152 3190 1222 totidemque
3263 1152 3516 1208 noctibus
3596 1169 3760 1225 supra

2160 1240 2406 1294 humanm
2454 1247 2657 1295 naturae
2707 1240 3017 1296 facultatem
3076 1241 3345 1311 jejunium
3411 1245 3755 1312 perennavit,

2160 1328 2389 1398 spiritali
2472 1329 2578 1384 ﬁde
2654 1330 2906 1387 virtutem
2968 1331 3448 1401 subministrante;
3501 1341 3553 1387 et
3614 1333 3752 1388 vidit

2160 1419 2330 1472 oculis
2378 1420 2473 1473 Dei
2520 1419 2767 1491 gloriam,
2802 1428 2854 1475 et
2884 1419 3086 1477 audivit
3135 1419 3355 1476 auribus
3403 1420 3501 1475 Dei
3542 1436 3750 1487 vocem,

2157 1512 2211 1560 et
2238 1507 2397 1562 corde
2425 1508 2655 1575 conjecit
2686 1508 2780 1564 Dei
2828 1508 3006 1578 legem
3033 1508 3145 1578 jam
3197 1518 3323 1564 tunc
3367 1509 3615 1565 docentis
3643 1527 3757 1566 non

2157 1596 2221 1649 in
2238 1596 2354 1651 solo
2372 1612 2521 1667 pane
2540 1599 2723 1653 vivere
2746 1598 3054 1669 hominem,
3077 1598 3174 1654 sed
3198 1600 3262 1653 in
3290 1600 3447 1657 omni
3476 1600 3637 1656 verbo
3665 1601 3765 1655 Dei

2158 1685 2285 1739 Luc.
2320 1699 2395 1748 tv,
2432 1686 2524 1754 4);
2557 1701 2679 1740 cum
2727 1684 2945 1756 quidem
2994 1702 3093 1742 nec
3139 1686 3316 1758 ipsum
3374 1686 3595 1759 Moysen
3646 1688 3759 1745 Deo

2157 1778 2388 1839 pastum,
2458 1772 2800 1843 inediamque
2865 1775 2986 1844 ejus
3066 1776 3291 1831 nomine
3355 1774 3401 1814 ⁵1
3461 1776 3759 1848 saginatam

2164 1868 2472 1915 constanter
2528 1862 2878 1932 contemplari
2946 1862 3143 1919 valeret
3199 1863 3455 1937 pinguior
3501 1867 3756 1936 populus.

2166 1947 2353 2003 Merito
2390 1947 2553 2019 igitur
2591 1949 2835 2005 etiamin
2864 1967 3025 2008 carne
3055 1968 3112 2008 se
3142 1953 3408 2008 Dominus
3444 1954 3494 2008 ei
3532 1955 3764 2010 ostendit

2163 2035 2387 2107 collegae
2428 2038 2762 2107 jejuniorum
2812 2056 3051 2107 suorum,
3104 2056 3211 2096 non
3250 2042 3428 2096 minus
3476 2050 3528 2097 et
3569 2043 3759 2098 Heliae.

2164 2124 2296 2179 Nam
2354 2135 2406 2181 et
2450 2128 2629 2183 Helias
2678 2129 2780 2184 hoc
2828 2130 3061 2197 primum
3119 2132 3263 2203 quod
3317 2130 3515 2189 famem
3587 2130 3762 2187 fuerat

2167 2215 2513 2285 imprecatus,
2565 2217 2697 2272 satis
2738 2220 2846 2287 jam
2898 2234 2961 2275 se
3010 2220 3233 2289 jejuniis
3282 2228 3537 2277 voverat:
3600 2221 3761 2288 Vivit,

2159 2302 2349 2375 inquit,
2382 2306 2677 2370 Dominus,
2705 2309 2799 2362 cui
2835 2308 3049 2364 adsisto
3080 2310 3142 2364 in
3182 2314 3484 2381 conspectu
3523 2312 3666 2381 ejus,
3718 2312 3767 2367 si

2164 2395 2276 2451 erit
2303 2410 2395 2450 ros
2427 2396 2553 2450 istis
2582 2398 2752 2451 annis
2774 2401 2833 2452 et
2865 2399 3044 2453 imber
3064 2397 3157 2465 (III
3189 2400 3318 2468 Reg.
3351 2400 3513 2468 xvn).
3546 2399 3756 2454 Dehinc

2164 2483 2458 2537 minantem
2515 2484 2726 2539 Jezabel
2781 2483 2996 2558 fugiens
3047 2487 3169 2554 post
3228 2486 3452 2540 unicum
3498 2487 3761 2555 pabulum

2164 2578 2219 2627 et
2246 2579 2452 2643 potum,
2496 2588 2657 2644 quem
2684 2573 2750 2627 ab
2779 2572 2975 2642 angelo
3013 2570 3423 2644 expergefactus
3451 2572 3758 2641 invenerat,

2164 2670 2217 2714 et
2264 2661 2400 2731 ipse,
2433 2660 2787 2734 quadraginta
2813 2659 3007 2715 diebus
3046 2668 3101 2715 et
3137 2660 3384 2716 noctibus
3423 2675 3595 2715 vacuo
3628 2677 3764 2717 ven-

2160 2755 2265 2814 tre,
2315 2749 2466 2805 arido
2514 2764 2628 2817 ore,
2689 2750 2933 2820 pervenit
2981 2748 3036 2803 in
3083 2756 3317 2804 montem
3363 2748 3622 2819 [Chorebg
3664 2748 3758 2804 ubi

2166 2856 2287 2895 cum
2334 2838 2389 2892 in
2452 2838 2707 2909 spelunca
2753 2838 2804 2875 ⁵2
2844 2836 3202 2905 devertisset,
3274 2853 3439 2908 quam
3511 2837 3763 2892 familiari

2173 2943 2467 3001 congressu
2511 2928 2606 2983 Dei
2651 2936 2905 2998 exceptus
2952 2926 3079 2983 estl
3137 2927 3277 2995 Quid
3308 2932 3389 2993 tu,
3443 2928 3619 2993 Helia,
3674 2926 3764 2982 hic

2176 3020 2267 3090 (III
2296 3019 2419 3089 Reg.
2462 3032 2586 3081 xm,
2629 3018 2736 3087 9)?
2771 3016 2938 3071 multo
2988 3015 3209 3070 amicior
3246 3015 3349 3069 ista
3397 3031 3527 3081 vox,
3581 3030 3764 3084 quam,

2175 3106 2372 3170 Adam,
2407 3105 2502 3161 ubi
2531 3120 2608 3170 es,
2641 3105 2804 3178 (Gen.
2832 3120 2919 3171 III,
2951 3104 3006 3175 9)
3030 3104 3058 3158 ‘I
3080 3103 3173 3157 Illa
3200 3104 3343 3158 enim
3379 3110 3529 3173 pasto
3560 3103 3766 3158 homini

2177 3194 2499 3263 minabatur,
2543 3193 2645 3247 ista
2704 3194 2893 3263 jejuno
2941 3193 2990 3231 ⁵³
3038 3192 3419 3248 blandiebatur.
3468 3192 3640 3246 Tanta
3686 3198 3772 3247 est

2178 3282 2571 3353 circumscripti
2613 3282 2785 3338 victus
2826 3281 3200 3352 praerogativa,
3242 3289 3301 3334 ut
3346 3280 3519 3334 Deum
3552 3288 3775 3350 praestet

2179 3372 2387 3429 homini
2472 3371 2928 3435 contubernalem,
2994 3384 3179 3441 parem
3245 3383 3437 3424 revera
3504 3368 3643 3437 pari.
3715 3367 3773 3423 Si

2181 3461 2326 3518 enim
2358 3465 2502 3518 Deus
2525 3464 2773 3515 xternus
2795 3476 2909 3515 non
2930 3461 3139 3515 esuriet
3168 3460 3300 3528 (Isa.
3333 3472 3373 3521 ι,
3398 3456 3511 3529 11),
3536 3466 3592 3511 ut
3620 3464 3775 3511 testa-

2182 3560 2269 3607 tur
2316 3566 2413 3621 per
2459 3548 2674 3614 Isaiam,
2728 3549 2830 3603 hoc
2879 3547 2983 3602 erit
3036 3558 3251 3618 tempus
3297 3561 3404 3618 quo
3452 3546 3613 3601 homo
3660 3547 3777 3601 Deo

2183 3642 2518 3725 adaequgtur,
2546 3653 2669 3694 eum
2700 3638 2815 3691 sine
2846 3636 3039 3705 pabulo
3071 3634 3211 3691 vivit

2691 3723 2865 3782 962
2905 3724 3127 3781 CAPUT
3168 3723 3278 3779 VII.

2254 3816 2619 3875 Processimus
2664 3815 2845 3886 itaque
2917 3813 3030 3884 (21)
3090 3813 3202 3881 jam
3263 3812 3333 3866 ad
3381 3810 3646 3881 exempla,
3695 3826 3777 3866 re-

2185 3908 2460 3965 volvamus
2511 3904 2752 3960 utilitatis
2803 3902 3049 3958 efﬁcacia
3088 3908 3378 3971 potestates
3426 3902 3475 3939 ⁵4
3513 3899 3671 3954 istius
3728 3899 3779 3937 ⁵⁵

2185 3996 2368 4061 officii,
2409 3994 2554 4067 quod
2584 3995 2743 4048 etiam
2790 3992 2985 4048 iratum
3013 3992 3188 4046 Deum
3216 3988 3417 4045 homini
3446 3986 3775 4043 reconciliet.

2187 4085 2493 4157 Deliquerat
2550 4082 2732 4152 Israel,
2800 4081 2857 4137 in
2917 4081 3207 4152 aquatione
3254 4079 3395 4150 apud
3460 4079 3683 4149 Maspha
3730 4077 3783 4115 55

2187 4183 2547 4250 congregatus
2576 4188 2611 4229 a
2646 4172 2914 4238 Samuele,
2969 4171 3064 4227 sed
3094 4171 3139 4209 ⁵⁷
3191 4171 3263 4225 ita
3301 4169 3483 4225 statim
3521 4168 3778 4224 delictum

2178 4265 2396 4338 jejunio
2440 4262 2615 4331 diluit,
2648 4272 2705 4319 ut
2744 4261 3046 4332 periculum
3074 4259 3244 4331 praelii
3295 4258 3452 4314 simul
3481 4258 3678 4332 fugerit
3697 4257 3771 4310 ⁵8.

2185 4356 2319 4411 Cum
2344 4353 2574 4408 maxime
2603 4351 2822 4408 Samuel
2869 4349 3130 4406 offerebat
3170 4347 3539 4405 holocaustum
3573 4348 3623 4415 (Ι
3650 4348 3778 4417 Reg.

1850 4480 2044 4543 Variae
2087 4484 2399 4544 lectiones.

550 4581 601 4619 42
629 4581 751 4636 Non
816 4583 1003 4642 Venet.
1038 4584 1088 4622 "3
1129 4585 1318 4641 Pascet
1361 4585 1497 4641 Jun.
1538 4585 1730 4641 Vescet
1757 4586 1918 4648 Leop.
1952 4585 2002 4623 4⁸⁸
2029 4586 2156 4642 Sine
2187 4586 2355 4643 Seml.
2388 4585 2438 4622 4⁵
2484 4584 2655 4639 Penes
2704 4584 2876 4638 Fran.
2917 4579 3071 4648 panis
3116 4578 3236 4635 cod.
3288 4581 3487 4636 Wouw.
3525 4578 3574 4616 35
3605 4577 3780 4633 Sensu

488 4652 1093 4725 GelenJTExtestuans
1120 4656 1197 4710 al.
1227 4654 1279 4693 ’⁷8
1307 4657 1533 4725 Reputat
1562 4657 1732 4713 Seml.
1755 4656 1805 4694 49

1879 4664 2090 4712 vectum
2128 4660 2300 4714 Fran.
2333 4655 2446 4725 5°Q

2452 4656 2502 4709 ui
2533 4654 2660 4710 add.
2695 4652 2866 4723 Seml.
2899 4652 3058 4723 Le0p.
3083 4649 3129 4689 ⁵1
3160 4649 3531 4723 Numinecoel.
3568 4651 3775 4723 Wouw.

483 4727 642 4805 l_.eop.
662 4720 737 4805 '5:
750 4724 1073 4805 Speluncam
1123 4728 1256 4805 Jun.
1287 4727 1337 4766 53
1370 4720 1566 4798 Jejuno
1615 4728 1740 4784 Ven.
1773 4726 1821 4765 5“
1848 4728 2089 4785 Potestas
2131 4729 2256 4786 Ven.
2290 4728 2339 4765 55
2386 4720 2564 4798 Ipsius
2614 4723 2784 4780 Seml.
2811 4722 2863 4761 55
2888 4720 3134 4793 Masphat
3174 4722 3345 4779 Seml.
3393 4722 3441 4760 ⁵⁷
3474 4722 3596 4778 Sed-
3626 4720 3801 4805 abest.

483 4800 655 4855 Fran.
687 4798 739 4837 ⁵8
766 4798 988 4855 Fuderit
1018 4799 1188 4856 Seml.

1859 4922 2305 4987 Commentariu
2334 4939 2387 4983 s.

554 5025 665 5107 (18)
698 5027 1055 5151 Xerpfrhagice
1078 5045 1253 5102 panes
1289 5027 1757 5110 angelici..Iionge
1792 5028 2077 5085 dissimiles

554 5098 749 5151 nletrcrs
795 5099 829 5151 1|
854 5116 900 5151 18
944 5101 1107 5151 arida).
1153 5100 1427 5151 hominum
1485 5100 1706 5151 altilium
1753 5100 2071 5151 saginationi

485 5098 749 5178 athleticis
764 5098 900 5225 Rillis
944 5098 1107 5156 aridae
1153 5098 1427 5157 hominum
1485 5098 1720 5157 altiliuni
1753 5100 2071 5174 saginationi

486 5184 736 5225 DI'OVISIS.
815 5182 890 5225 IG.
1927 5182 1933 5187 ’

525 5184 736 5225 l‘OVlSlS.
764 5182 890 5227 ttIG.
1927 5182 1933 5187 ’

486 5186 736 5241 prowsrs.
764 5186 890 5227 ntG.
1927 5186 1933 5187 “

557 5240 669 5310 (19)
697 5241 1216 5298 Prxmeditarium.
1240 5243 1354 5298 Hoc
1390 5242 1554 5297 etiam
1582 5242 1823 5298 imitatus
1851 5243 1911 5298 B.
1957 5240 2077 5297 Hie-

483 5326 765 5384 ronymus,
794 5331 819 5361 (ι
867 5312 1037 5380 Quale
1090 5312 1281 5383 inquit,
1352 5314 1619 5383 jejunium
1667 5323 1767 5382 est,
1792 5326 1883 5368 aut
1944 5330 2077 5384 qua-

484 5383 551 5487 lis
582 5382 805 5438 refectio
836 5393 954 5487 pqst
987 5385 1249 5487 jejuqium
1272 5386 1299 5437 ‘P
1350 5384 1610 5487 Pridianis
1657 5385 1831 5487 epulis
1870 5382 2074 5466 disten-

522 5472 658 5487 Imnc
714 5463 761 5487 ni
795 5463 882 5487 nr”
917 5471 977 5487 no-
1026 5470 1120 5487 nnc
1151 5470 1262 5487 unm
1294 5470 1379 5487 mn
1421 5472 1434 5487 ι
1466 5472 1488 5487 n
1519 5471 1691 5487 nanum
1766 5472 1859 5487 ann
1893 5466 2073 5487 nntnlo

483 5456 681 5520 dimus,
702 5463 767 5529 et
794 5461 977 5529 guttur
1026 5462 1265 5529 nostrum
1294 5455 1723 5529 meditatorium},
1766 5472 1861 5529 seu
1892 5456 2075 5529 potius

483 5525 991 5598 praemeditaforium
1030 5525 1259 5598 efficitur
1302 5526 1630 5582 latrinarum.
1664 5525 1704 5581 »⁷
1749 5526 1853 5598 Qui
1895 5525 2073 5582 etiam

486 5597 703 5672 adlegat
731 5599 1036 5672 Scriptu_ras
1066 5597 1153 5653 hic
1181 5598 1388 5663 citatas,
1418 5600 1595 5655 Exod.
1617 5597 1784 5672 xxxi,
1816 5613 1879 5672 ac
1908 5601 2069 5672 Deut.

486 5669 676 5726 xxxiii
704 5679 756 5727 et
799 5669 896 5730 vri.
936 5670 1065 5726 item
1106 5672 1212 5727 Isa.
1244 5686 1323 5741 vr,
1357 5681 1587 5743 excepto
1616 5671 1761 5743 quod
1804 5669 1877 5727 ibi
1905 5670 2065 5727 etiam

2186 5027 2294 5101 legi
2325 5025 2536 5091 debeat,
2561 5028 2763 5101 Deum,
2788 5023 2932 5101 quod
2960 5023 3152 5101 Graece
3180 5022 3240 5101 fit
3256 5022 3399 5101 Θεὸν,
3423 5029 3477 5078 et
3507 5023 3658 5101 quod,
3681 5037 3777 5101 au-

2184 5096 2300 5154 ctor
2346 5114 2442 5153 sua
2486 5106 2666 5154 utatur
2715 5096 2894 5168 phrasi
2942 5096 3313 5165 salviﬁcatori
3360 5108 3456 5165 pro
3504 5096 3776 5150 salutari.

2185 5173 2327 5226 Pam.

2237 5243 2369 5369 ((20)
2406 5241 2471 5296 In
2498 5256 2556 5297 eo
2588 5242 2839 5311 tempore
2872 5254 2981 5311 quo
3001 5239 3191 5310 ipsum
3228 5238 3333 5293 sibi
3371 5236 3656 5294 hominem
3678 5252 3777 5292 ex-

2276 5329 2366 5369 ere
2394 5313 2641 5368 solemne
2674 5316 2776 5366 est.
2812 5312 3019 5366 Etenim
3048 5325 3143 5369 per
3174 5310 3491 5364 ebrietatem
3521 5308 3775 5369 aliquan—

2181 5308 2366 5370 cidere
2394 5313 2641 5368 solemne
2674 5308 2776 5366 est.
2812 5308 3035 5366 Etenim‘
3048 5325 3143 5380 per
3174 5310 3491 5364 ebrietatem
3521 5308 3775 5379 aliquan—

2184 5384 2351 5456 tiSper
2375 5383 2634 5453 sapientia
2665 5382 2911 5456 moritur.
2940 5382 3064 5435 Βία.

2251 5449 2364 5527 (21)
2432 5449 2826 5534 Processimus
2870 5452 3123 5534 itaque.”
3148 5449 3287 5534 Quid
3360 5450 3777 5534 intemperantia

2183 5521 2422 5600 praestat,
2470 5526 2773 5600 docuit,__ut
2807 5521 2999 5600 jejunii
3045 5521 3274 5600 elTectus
3295 5521 3579 5580 ostendat:
3630 5529 3773 5595 quod

2181 5593 2346 5657 variis
2376 5598 2460 5654 hic
2473 5597 2737 5670 exemplis
2772 5593 3105 5668 exsequitur.
3136 5594 3213 5652 La
3242 5595 3338 5652 Pa.
