4058 6172
297 369 436 431 1013

1615 351 1812 426 LIBER
1852 366 1933 426 nn
1971 367 2264 428 JEJUNIIS.

3452 373 3590 434 1014

293 514 393 566 vn,
439 495 517 566 9),
548 495 604 550 in
650 493 796 548 nullo
850 492 1021 561 magis
1068 499 1405 564 procuratam
1463 492 1728 548 audimus.
1789 493 1883 548 Dei
1915 508 1962 586 Α
1998 495 2165 552 modo
2213 504 2424 550 naturae
2475 495 2865 566 mutationem,
2919 503 3009 550 aut
3049 498 3404 566 periculorum
3434 519 3594 560 aver-

292 583 657 652 clementiam,
695 597 854 653 quam
890 581 1211 636 abstinentia
1257 580 1461 652 pepuli.
1501 583 1567 636 El.
1613 581 1883 653 Allophyli

294 675 483 748 praelio
552 674 602 712 ⁵9
658 671 1012 726 admovebant
1056 664 1070 727 ἑ
1117 671 1190 724 ibi
1248 670 1470 725 demum
1526 672 1577 709 δο
1625 672 1889 726 Dominus

292 763 533 820 intonuit
591 776 725 817 voce
753 775 953 830 magna
998 775 1161 830 super
1195 760 1529 831 Allopltylos,
1591 768 1643 815 et
1681 761 1887 817 confusi

291 864 440 920 sunt,
474 859 528 908 et
566 857 887 906 corruerunt
926 848 979 902 in
1026 857 1316 916 conspectu
1364 849 1610 920 Israelis;
1662 859 1714 905 et
1761 864 1890 920 pro-

289 949 574 998 cesserunt
618 939 721 994 viri
760 937 929 992 Israel
983 953 1048 994 ex
1083 938 1328 1010 Maspha,
1353 944 1406 992 et
1455 940 1716 1008 persecuti
1767 948 1890 994 sunt

291 1030 635 1101 Allophylos,
672 1034 750 1082 et
802 1042 974 1097 usque
1041 1028 1272 1082 Betchor
1335 1027 1648 1082 ceciderunt
1703 1037 1887 1101 pastos

291 1118 541 1187 impasti,
580 1123 813 1170 armatos
841 1113 1094 1170 inermes.
1139 1115 1232 1170 Hae
1274 1122 1432 1170 erunt
1458 1116 1602 1170 vires
1629 1116 1885 1186 jejunan-

291 1206 427 1261 tium
484 1205 643 1259 Deo:
693 1201 886 1257 coelum
944 1218 1051 1273 pro
1109 1203 1377 1272 ejusmodi
1441 1203 1650 1261 militat.
1715 1205 1888 1258 Habes

286 1294 522 1351 formam
568 1291 806 1363 prmsidii
842 1291 1003 1347 etiam
1041 1290 1377 1363 Spiritalibus
1419 1291 1576 1346 bellis
1626 1307 1885 1347 necessa-

289 1383 446 1438 riam.
497 1379 731 1436 Proinde
769 1395 892 1434 cum
938 1395 1035 1434 rex
1077 1379 1425 1450 Assyriorum
1479 1381 1844 1437 Sennacherib
1871 1422 1885 1447 ,

288 1470 672 1541 compluribus
745 1469 855 1538 jam
921 1467 1223 1524 civitatibus
1285 1469 1475 1540 captis,
1551 1470 1734 1526 Israeli
1796 1487 1888 1540 per

288 1561 576 1631 Rapsacen
605 1557 968 1627 blasphemias
1006 1565 1062 1612 et
1087 1559 1260 1612 minas
1308 1557 1594 1614 intentaret
1631 1559 1731 1630 (IV
1758 1561 1885 1630 Reg.

287 1664 453 1719 xvnl,
508 1648 620 1720 t9),
659 1647 789 1702 nihil
828 1645 974 1702 aliud
1021 1647 1168 1702 illum
1199 1663 1230 1701 a
1261 1649 1536 1718 proposito
1584 1648 1637 1701 in
1672 1648 1883 1703 [Ethio—

287 1738 412 1810 pias
479 1737 692 1792 avertit.
771 1735 1009 1804 Dehinc,
1049 1735 1175 1806 quid
1244 1735 1388 1789 aliud
1443 1735 1488 1774 61
1549 1743 1764 1790 centum
1832 1741 1885 1790 et

291 1825 572 1898 octOginta
625 1823 793 1879 millia
859 1825 924 1878 de
972 1821 1212 1879 exercitu
1278 1825 1396 1893 ejus
1475 1840 1568 1892 per
1626 1823 1885 1895 angelum

291 1915 618 1985 absumpsit,
659 1929 816 1986 quam
867 1913 1108 1968 Ezechiae
1154 1913 1300 1984 regis
1339 1911 1682 1969 humiliatio?
1711 1913 1886 1984 Siqui-

287 2003 441 2072 dem,
513 2004 703 2058 duritia
756 2002 930 2058 hostis
1005 2005 1338 2070 annuntiata,
1421 2010 1623 2060 vestem
1695 2001 1880 2070 scidit,

287 2106 511 2147 saccum
561 2091 754 2156 induit,
817 2090 1111 2162 eodemque
1166 2091 1346 2145 habitu
1409 2092 1652 2146 seniores
1699 2105 1883 2146 sacer-

291 2182 485 2236 dotum
532 2180 599 2236 ad
643 2181 817 2236 Deum
867 2195 964 2250 per
1013 2180 1226 2235 Esaiam
1272 2181 1420 2236 adire
1466 2180 1646 2249 jussit,
1695 2180 1878 2251 utique

281 2271 494 2340 jejunio
545 2285 732 2342 preces
762 2279 1159 2342 prosequente:
1196 2285 1374 2340 neque
1405 2270 1550 2324 enim
1589 2270 1697 2324 cibi
1739 2277 1881 2325 tem-

287 2375 391 2429 pus
420 2360 476 2414 in
516 2358 777 2430 periculo,
807 2374 908 2414 nec
947 2359 1242 2414 saturitatis
1270 2359 1446 2414 cultus
1474 2359 1528 2413 in
1561 2375 1718 2415 sacco
1741 2359 1878 2429 (22).

288 2449 518 2517 Semper
561 2449 740 2505 inedia
787 2449 1037 2505 mteroris
1084 2449 1306 2520 sequela
1357 2455 1475 2518 est,
1516 2448 1654 2504 sicut
1698 2446 1881 2503 latitia

289 2537 532 2596 accessio
583 2537 808 2611 saginae.
869 2537 970 2594 Per
1005 2539 1144 2594 hanc
1199 2537 1452 2594 moeroris
1498 2538 1777 2608 sequelam
1828 2543 1882 2591 et

292 2628 554 2694 inediam,
615 2628 776 2682 etiam
840 2627 1024 2685 civitas
1070 2627 1164 2683 illa
1207 2627 1490 2700 peccatrix,
1547 2628 1746 2683 Ninive
1806 2627 1873 2685 de

285 2717 455 2774 exitio
508 2715 796 2788 praedicato
843 2717 1122 2773 liberatur.
1181 2716 1323 2772 Satis
1370 2717 1514 2772 enim
1563 2716 1878 2787 poenitentia

291 2807 557 2862 scelerum
617 2805 1088 2862 commendaverat
1121 2806 1171 2844 62
1224 2805 1336 2860 Deo
1389 2805 1657 2875 jejunium
1699 2805 1876 2862 triduo

289 2893 496 2962 functa,
568 2895 730 2949 etiam
794 2893 1093 2965 pecudibus
1162 2894 1386 2960 enectis,
1442 2894 1638 2965 quibus
1713 2894 1880 2948 iratus

287 2982 439 3038 Deus
488 2999 596 3040 non
626 2992 739 3038 erat
787 2982 988 3053 (Jonce,
1020 2983 1126 3056 tu).
1175 2983 1412 3039 Sodoma
1438 2997 1655 3054 quoque
1675 2989 1728 3038 et
1764 2981 1879 3038 Go-

1995 584 2230 656 sionem,
2306 594 2396 640 aut
2462 585 2782 641 delictorum
2848 583 3336 658 oblitterationem;
3404 607 3590 649 verum

1995 673 2155 729 etiam
2202 681 2657 730 sacramentorum
2703 672 3029 743 agnitionem
3094 673 3230 746 (23),
3275 679 3484 749 jejunia
3523 682 3591 738 de

1996 763 2108 818 Deo
2147 765 2515 818 merebuntur.
2558 762 2754 832 Aspice
2791 761 3030 817 Danielis
3057 767 3362 837 exemplum
3387 810 3401 833 ,
3452 767 3592 827 eirea

1996 851 2266 907 somnium
2305 851 2448 923 regis
2496 851 2786 922 Babylonis
2876 868 3068 907 omnes
3134 855 3418 912 turbantur
3475 860 3589 932 (24)

1995 942 2268 1012 δορὴίειεθ,
2330 949 2528 1015 negant
2588 939 2725 996 ultro
2763 941 2814 978 6³
2858 941 2925 996 de
2989 943 3304 1011 praestantia
3360 945 3592 1003 humana

1994 1045 2153 1101 posse
2211 1030 2465 1097 cognosci
2507 1031 2651 1099 (25);
2692 1029 2836 1082 solus
2874 1030 3060 1084 Daniel
3100 1032 3216 1086 Deo
3273 1032 3478 1100 fidens,
3537 1045 3591 1093 et

1992 1119 2167 1174 sciens
2205 1119 2346 1190 quod
2393 1119 2460 1172 ad
2515 1118 2901 1173 demerendam
2957 1118 3054 1171 Dri
3102 1120 3327 1191 gratiam
3375 1122 3594 1195 faceret,

1994 1206 2223 1277 spatium
2295 1205 2456 1260 tridui
2503 1206 2736 1276 postulat
2795 1221 2916 1260 cum
2958 1222 3056 1261 sua
3130 1208 3461 1265 fraternitate
3507 1213 3593 1281 je-

1991 1295 2166 1364 junat,
2226 1301 2384 1366 atque
2420 1296 2490 1349 ita
2522 1293 2854 1350 orationibus
2903 1297 3313 1365 commendatis,
3347 1309 3400 1354 et
3447 1302 3591 1358 ordi-

1994 1399 2117 1436 nem
2147 1393 2201 1439 et
2230 1383 2679 1456 significationem
2719 1384 2912 1438 somnii
2956 1400 3052 1454 per
3082 1386 3264 1439 omnia
3287 1386 3587 1462 instruitur,

1995 1472 2202 1542 tyranni
2242 1473 2500 1543 sopltistis
2529 1473 2784 1543 parcitur,
2829 1474 2973 1527 Deus
3014 1474 3369 1547 glorificatur,
3401 1477 3590 1534 Daniel

1993 1560 2312 1628 honoratur,
2373 1577 2481 1615 non
2539 1561 2802 1616 minorem
2851 1561 2948 1616 Dei
2999 1562 3222 1634 gratiam
3288 1573 3340 1618 et
3402 1573 3591 1635 postea

1993 1664 2205 1720 quoque
2250 1649 2516 1704 relaturus
2552 1665 2691 1705 anno
2746 1650 2921 1720 primo
2978 1652 3125 1725 regis
3159 1652 3333 1719 Darii,
3365 1669 3488 1708 cum
3526 1670 3592 1710 ex

1995 1739 2286 1810 recogitata
2356 1739 2766 1809 praedicatorum
2830 1747 3134 1808 temporum
3199 1742 3266 1794 ab
3330 1741 3586 1814 .leremia,

1996 1826 2141 1882 dedit
2181 1827 2371 1883 faciem
2401 1843 2549 1882 suam
2594 1828 2707 1882 Deo
2737 1826 2854 1897 (26)
2887 1828 2941 1879 in
2993 1828 3217 1896 jejuniis
3257 1837 3307 1884 et
3337 1845 3494 1885 sacco
3536 1841 3592 1887 et

1997 1915 2195 1971 cinere.
2237 1917 2375 1970 Nam
2410 1921 2464 1969 et
2501 1915 2725 1984 angelus
2755 1913 2952 1968 missus
2986 1914 3051 1966 ad
3119 1930 3263 1982 eum,
3295 1915 3433 1972 hanc
3476 1925 3588 1972 sta-

1997 2004 2089 2058 tim
2121 2003 2399 2073 professus
2436 2011 2515 2059 est
2544 2018 2762 2058 causam
2795 2002 2989 2059 divinae
3017 2002 3345 2076 dignationis
3380 2022 3394 2057 :
3423 2006 3586 2074 .Veni,

1996 2093 2170 2163 inquit
2249 2093 2620 2147 demonstrare
2710 2091 2808 2146 tibi
2894 2101 3159 2163 quatenus
3270 2091 3592 2149 miserabilis

1994 2197 2052 2236 es
2107 2183 2257 2253 (27),
2314 2181 2611 2251 jejunando
2669 2180 2897 2237 scilicet.
2958 2181 3013 2236 Si
3069 2183 3181 2237 Deo
3245 2183 3589 2248 miserabilis,

1994 2269 2246 2326 leonibus
2305 2270 2362 2324 in
2410 2271 2528 2326 lacu
2567 2269 2746 2326 fuerat
2783 2267 3083 2339 horribilis;
3115 2271 3206 2324 ubi
3255 2270 3475 2342 quidem
3516 2267 3592 2322 illi

1991 2375 2084 2414 sex
2130 2359 2321 2415 diebus
2354 2358 2622 2431 jejunanti
2652 2357 2940 2429 prandium
3002 2358 3232 2433 angelus
3262 2360 3587 2430 procuravit.

2587 2498 2812 2555 CAPUT
2842 2499 2982 2556 VIII.

2059 2623 2350 2680 Reddimus
2378 2631 2431 2680 et
2458 2631 2650 2680 caetera
2689 2625 2768 2692 65;
2799 2623 2869 2678 ad
2896 2638 3035 2680 nova
3073 2622 3217 2679 enim
3253 2639 3392 2680 nunc
3421 2625 3590 2682 docu-

1988 2722 2164 2768 menta
2188 2728 2540 2784 properamus
2563 2730 2576 2770 :
2601 2713 2652 2767 in
2675 2712 2860 2767 limine
2885 2712 3166 2784 Evangelii
3195 2713 3362 2782 (Luc.
3386 2730 3443 2782 Il,
3473 2715 3587 2786 37),

1985 2804 2136 2856 Anna
2183 2801 2480 2872 prophetis,
2515 2800 2626 2855 filia
2665 2799 2955 2855 Phanuelis
2979 2844 2992 2871 ,
3026 2816 3150 2871 quae
3189 2801 3446 2856 infantem
3477 2803 3590 2856 Do-

1989 2891 2192 2946 minum
2220 2897 2274 2944 et
2329 2888 2574 2961 agnovit,
2625 2897 2677 2944 et
2715 2888 2876 2942 multa
2931 2903 3096 2959 super
3136 2903 3204 2943 eo
3273 2890 3587 2960 praedicavit

1991 2979 2425 3051 exspectantibus
2475 2978 2897 3048 redemptionem
2956 2977 3208 3046 Israelis,
3266 2985 3387 3048 post
3423 2995 3586 3052 egre-

299 3073 522 3128 morrha
565 3052 881 3141 evasissent,
931 3072 978 3128 si
1019 3052 1377 3142 jejunassent.
1430 3052 1543 3127 Hoc
1570 3052 1882 3127 remedium
1915 3052 1960 3130 Β
1989 3069 2138 3144 gium
2195 3069 2406 3123 titulum
2444 3066 2649 3122 veteris
2678 3066 2899 3121 univirae
2933 3067 3224 3134 viduitatis,
3251 3069 3588 3138 jejuniorum

290 3161 544 3234 agnoscit
592 3172 645 3219 et
691 3160 897 3232 Achab,
949 3176 1067 3217 cum
1112 3159 1182 3216 illi
1227 3171 1350 3232 post
1397 3159 1881 3232 transgressionem

293 3260 348 3306 et
394 3250 750 3307 idololatriam
772 3259 824 3305 et
870 3265 1059 3306 necem
1091 3250 1375 3318 Nabuthae,
1407 3255 1626 3321 propter
1670 3248 1880 3305 vineam

295 3340 614 3410 interempti
645 3355 676 3394 a
701 3340 937 3409 Jezabel,
968 3339 1354 3411 exprobrasset
1382 3336 1560 3394 Helias
1585 3356 1598 3391 :
1636 3337 1887 3404 Qualiter

293 3429 580 3494 occidisti,
611 3433 667 3485 et
705 3428 1098 3484 hereditatem
1125 3427 1416 3500 possedisti
1437 3428 1500 3482 in
1544 3426 1676 3490 loco,
1702 3441 1807 3497 quo
1835 3425 1886 3463 6³

293 3518 640 3588 sanguinem
669 3516 949 3572 Nabuthae
962 3515 1528 3584 canesdeiinxerant,
1557 3518 1723 3569 tuum
1747 3530 1887 3586 quoe-

295 3624 404 3681 que
441 3608 732 3678 delingent
759 3605 854 3676 (Ill
893 3607 1002 3677 Reg
1035 3620 1172 3671 .xxr,
1215 3605 1325 3676 19).
1350 3603 1601 3659 Destituit
1640 3603 1892 3674 semetip-

302 3713 448 3761 sum,
500 3705 554 3750 et
601 3711 818 3752 saccum
866 3695 1010 3749 carni
1046 3710 1156 3749 suae
1204 3693 1476 3765 imposuit,
1503 3701 1556 3747 et
1609 3691 1889 3762 jejunavit,

296 3791 354 3842 et
407 3785 662 3842 dormivit
719 3787 772 3839 in
814 3800 1004 3848 sacco;
1047 3794 1101 3838 et
1154 3792 1282 3839 tunc
1347 3798 1523 3838 sermo
1563 3781 1780 3836 Domini
1819 3781 1885 3836 ad

301 3874 538 3930 Heliam:
579 3875 773 3931 Vidisti
806 3877 873 3930 ut
894 3874 1170 3930 reveritus
1201 3875 1280 3930 sit
1300 3871 1482 3927 Achab
1504 3890 1538 3928 a
1560 3875 1708 3943 facie
1724 3875 1889 3926 mea?

295 3967 405 4021 Pro
426 3979 486 4020 eo
503 3963 642 4037 quod
664 3965 935 4018 reveritus
956 3966 1058 4026 est,
1084 3978 1197 4017 non
1219 3961 1596 4032 superducam
1622 3962 1889 4015 liesura-m

299 4055 364 4108 in
433 4053 622 4108 diebus
671 4053 868 4124 ipsius,
910 4052 1004 4106 sed
1054 4053 1117 4107 in
1154 4050 1341 4108 diebus
1387 4051 1500 4120 ﬁlii
1550 4046 1726 4104 963
1769 4050 1889 4118 ejus

298 4141 682 4214 supe-rducam
704 4158 829 4198 eam
845 4140 1000 4208 (ibid.
1025 4140 1135 4210 29),
1159 4140 1251 4209 qui
1273 4154 1380 4194 non
1395 4148 1511 4192 erat
1521 4137 1885 4205 jejunaturus.

301 4232 382 4285 Ita
434 4229 700 4300 jejunium
753 4230 806 4282 in
865 4231 1033 4284 Deum
1085 4226 1400 4282 reverentiae
1456 4241 1594 4296 epus
1649 4232 1747 4281 est.
1792 4225 1890 4280 Per

302 4322 453 4391 quod
501 4321 658 4375 Anna
695 4332 911 4391 quoque
965 4317 1207 4372 ambiens
1254 4329 1390 4370 uxor
1439 4312 1686 4369 Helcanm
1740 4321 1888 4368 retro

300 4409 513 4464 sterilis
556 4407 870 4480 impetravit
914 4406 1070 4462 facile
1119 4420 1152 4460 a
1178 4405 1290 4460 Deo
1331 4403 1544 4458 inanem
1592 4401 1714 4457 cibo
1759 4417 1892 4456 ven-

301 4507 449 4555 trem
493 4496 602 4554 filio
655 4497 899 4569 implere,
951 4505 1004 4552 et
1046 4495 1266 4567 quidem
1315 4492 1594 4564 propheta.
1640 4490 1750 4547 Sed
1791 4505 1899 4546 non

1991 3174 2206 3230 quoque
2254 3157 2581 3211 testimonio;
2625 3163 2893 3227 augetur,
2945 3155 3240 3211 ostendens
3289 3157 3340 3212 in
3393 3158 3585 3229 quibus

1993 3245 2185 3303 ofﬁciis
2223 3243 2444 3300 assideri
2477 3243 2730 3299 Ecclesiae
2768 3243 2977 3308 debeat,
3027 3251 3080 3298 et
3118 3261 3148 3297 a
3199 3244 3361 3300 nullis
3415 3246 3590 3318 magis

1995 3334 2219 3409 intelligi
2274 3335 2565 3398 Christum,
2614 3349 2774 3404 quam
2823 3333 2987 3388 semel
3041 3333 3242 3405 nuptis,
3292 3350 3436 3406 saepe
3504 3335 3588 3403 je-

1989 3426 2156 3496 junis.
2191 3427 2309 3496 Ipse
2337 3440 2463 3480 mox
2492 3425 2757 3478 Dominus
2794 3422 3058 3493 baptisma
3092 3437 3248 3477 suum
3275 3465 3288 3489 ,
3322 3433 3374 3478 et
3401 3423 3455 3476 in
3487 3438 3589 3480 suo

1995 3514 2258 3578 omnium,
2285 3512 2514 3584 jejuniis
2555 3511 2857 3583 dedicavit,
2900 3511 3101 3567 habens
3148 3510 3363 3566 efficere
3420 3526 3590 3582 panes

1997 3619 2062 3658 ex
2092 3602 2379 3670 lapidibus,
2411 3599 2572 3656 etiam
2600 3598 2885 3654 Jordanem
2917 3599 3042 3656 vino
3081 3598 3308 3654 fortasse
3337 3615 3584 3671 manare,

1997 3693 2046 3746 si
2091 3692 2162 3745 ita
2190 3697 2406 3746 vorator
2434 3697 2489 3744 et
2535 3697 2752 3758 potator
2794 3687 3003 3743 fuisset.
3046 3688 3158 3742 Imo
3189 3702 3384 3744 novum
3415 3683 3590 3742 homi-

1996 3795 2118 3835 nem
2170 3778 2227 3833 in
2282 3778 2481 3833 veteris
2536 3775 2976 3850 suggillationem
3035 3777 3232 3831 virtute
3279 3774 3588 3832 fastidiendi

1995 3869 2100 3924 cibi
2148 3867 2409 3937 initiabat,
2460 3875 2518 3922 ut
2578 3881 2703 3921 eum
2763 3864 2979 3921 diabolo
3031 3880 3213 3919 rursus
3260 3861 3436 3920 964
3491 3880 3593 3936 per

1997 3971 2173 4012 escam
2225 3963 2425 4010 tentare
2472 3953 2755 4025 quaerenti,
2791 3951 3070 4008 fortiorem
3101 3951 3242 4007 fame
3274 3959 3381 4008 tota
3411 3960 3592 4007 osten-

1996 4053 2156 4100 taret.
2198 4043 2492 4098 Praastitnit
2538 4043 2733 4097 exinde
2775 4041 2998 4111 jejuuiis
3044 4043 3217 4113 legem
3265 4041 3382 4096 sine
3427 4041 3591 4096 tristi-

1999 4135 2069 4188 tia
2121 4131 2503 4204 transigendis.
2560 4133 2666 4186 Cur
2714 4131 2855 4186 enim
2905 4131 3053 4186 triste
3111 4130 3257 4202 quod
3305 4130 3591 4186 salutare?

1996 4220 2192 4277 Docuit
2249 4221 2408 4274 etiam
2467 4220 2726 4273 adversus
2801 4219 3006 4273 diriora
3050 4218 3318 4272 daemonia
3370 4219 3593 4288 jejuniis

1999 4308 2370 4382 praeliandum.
2400 4307 2542 4374 Quid
2571 4308 2718 4362 enim
2745 4309 2938 4361 mirum
2965 4352 2980 4379 ,
3013 4308 3056 4361 si
3087 4307 3136 4345 66
3167 4307 3357 4361 eadem
3403 4322 3594 4376 opera-
3653 4291 3668 4310 ’

2006 4401 2149 4456 tione
2199 4397 2420 4469 spiritus
2478 4397 2694 4469 iniquus
2732 4397 3001 4465 educitur,
3047 4412 3154 4467 qua
3182 4405 3398 4453 sanctus
3425 4395 3593 4456 indu-

2008 4488 2181 4545 citur?
2251 4485 2523 4558 Denique,
2574 4493 2636 4542 ut
2687 4485 2743 4539 in
2796 4484 3176 4541 centurionem
3239 4485 3591 4556 Cornelium,

1675 4590 1867 4652 Variae
1911 4593 2220 4652 lectiones.

376 4698 430 4737 59
455 4698 526 4754 Ut
551 4697 825 4769 Allophyli

913 4696 1118 4752 rtelium
1166 4697 1306 4752 Jun.
1344 4695 1466 4750 Lat.
1512 4693 1935 4766 admovebantur
1982 4694 2339 4766 conj.,_Le0p.
2393 4690 2458 4766 6°_
2487 4689 2692 4766 Ibidem
2738 4689 3012 4766 Fr_an_.__6l

3063 4688 3205 4757 Quid
3249 4687 3394 4744 aliud
3444 4692 3601 4748 tollit

376 4714 430 4737 ον
458 4714 526 4754 Ut
551 4714 825 4769 Attopnytt
913 4714 1118 4752 ramum
1166 4714 1306 4752 Jun.
1344 4714 1466 4750 nat.
1512 4714 1886 4750 aumovenantt

300 4770 484 4829 Seml.
515 4770 564 4808 62
593 4714 1007 4825 Οοωηιθηάὲιτθι
1032 4767 1150 4825 cod.
1197 4767 1410 4823 Wouw.
1443 4765 1886 4821 commendaverit

1999 4714 2128 4762 :0").
2179 4714 2339 4766 Ιλϐορο
2393 4714 2442 4729 υν
2487 4714 2692 4745 ιυιυειιι
2744 4714 2914 4745 ινΐατι.
2966 4714 3012 4727 ν’
3063 4714 3205 4757 υυιυ
3249 4714 3394 4744 auuu
3444 4714 3596 4748 ιοιιιι

1999 4766 2111 4819 :ml.
2143 4763 2191 4801 6³
2222 4766 2278 4818 1n
2311 4777 2419 4828 quo
2447 4761 2566 4816 loco
2598 4762 2770 4819 Seml.
2804 4761 2853 4799 δτι
2883 4760 3038 4818 Ultra
3073 4762 3206 4817 Jun.
3257 4760 3306 4798 6⁵
3330 4761 3596 4817 Reddidi-

296 4855 440 4898 rnus
466 4848 684 4912 vetera;
708 4841 775 4895 ad
803 4855 942 4896 nova
968 4855 1114 4895 nunc
1145 4841 1269 4895 Lat.
1303 4854 1352 4893 e.
1385 4854 1438 4895 v.
1469 4837 1537 4892 ad
1567 4853 1704 4895 nova
1731 4839 1894 4893 etiam
1918 4852 2078 4902 nunc,
2113 4837 2246 4903 Jun,
2279 4833 2328 4873 66
2357 4833 2438 4887 Ex
2467 4833 2596 4888 add.
2635 4833 2804 4888 Seml.

1711 4963 2207 5025 Commentarius.

379 5072 498 5142 (22)
537 5073 643 5128 Nec
691 5071 1016 5128 saturitatis
1058 5070 1255 5125 cultus
1296 5070 1361 5124 in
1381 5085 1555 5126 sacco.
1599 5069 1904 5142 Saturitatis

303 5141 520 5202 cultum
568 5144 716 5210 dicit,
764 5143 887 5213 quia
927 5157 1001 5213 ex
1035 5143 1311 5213 saturitate
1372 5142 1572 5205 laetitia,
1615 5157 1680 5194 ex
1731 5141 1910 5213 laetitia

306 5226 494 5270 autem
553 5216 734 5270 cultus
783 5211 1119 5268 delicatioris
1166 5227 1312 5278 cura,
1373 5213 1455 5267 cui
1518 5229 1622 5266 non
1662 5212 1909 5268 convenit

307 5303 441 5343 cum
471 5289 693 5341 horrore
725 5283 924 5340 cineris
955 5292 1006 5337 ct
1035 5283 1403 5352 asperitndine
1426 5285 1587 5339 sacci.
1619 5283 1742 5337 Bis.

392 5357 507 5424 (23)
539 5359 1033 5425 Sacramentorum
1059 5354 1424 5425 agnitionem.
1453 5354 1539 5407 Sic
1566 5364 1719 5409 vocat
1766 5356 1905 5424 peri-

314 5428 454 5484 tiam
490 5423 902 5497 interpretandi
977 5423 1178 5498 figuras
1232 5433 1286 5480 et
1341 5424 1604 5498 imagines
1674 5423 1854 5479 sacras
1885 5471 1898 5493 ,

307 5515 520 5568 nempe
562 5495 818 5556 divinitus
862 5495 1103 5567 objecias
1149 5496 1203 5551 in
1260 5495 1504 5551 somniis.
1555 5495 1903 5551 Sacramenta

309 5570 504 5644 igitur,
537 5569 749 5644 somnia
779 5586 809 5624 a
834 5571 950 5644 Deo
981 5569 1240 5644 immissa,
1267 5568 1395 5644 me.

390 5643 510 5712 (24)
544 5643 742 5700 Omnes
775 5641 1087 5697 turbantur
1119 5639 1401 5711 sophistae.
1436 5638 1716 5711 Sephistas
1751 5637 1894 5707 dicit,

2014 5067 2105 5139 qui
2154 5065 2283 5120 alias
2309 5063 2644 5139 _sapientes,
2700 5063 3037 5120 somniorum
3085 5065 3425 5136 interpretes,
3465 5079 3600 5121 con-

2018 5136 2275 5208 j‘ectores.
2309 5136 2433 5190 Rte.

2089 5211 2201 5279 (25)
2248 5210 2462 5287 Negant
2491 5207 2642 5287 ultro
2687 5205 2756 5287 de
2791 5211 3137 5287 prrestan‘tia
3168 5208 3606 5287 humana-posse

2015 5283 2284 5350 cognosci.
2311 5282 2550 5333 Humano
2573 5279 2796 5348 ingenio
2816 5281 3236 5350 praestariposse
3274 5279 3606 5335 somniOrum

2012 5349 2214 5406 scilicet
2245 5353 2513 5418 regiorum
2545 5349 3215 5419 interpretationemthG.

2010 5494 2050 5548 Β
2081 5424 2195 5494 (26)
2226 5423 2385 5477 Dedit
2413 5422 2614 5492 faciem
2646 5438 2810 5477 suam
2842 5425 2966 5480 Deo.
2990 5422 3296 5478 Conversus
3314 5419 3381 5474 ad
3410 5421 3602 5475 Deum.

2060 5510 2137 5548 ις..

2060 5510 2137 5551 IG.

2078 5565 2193 5632 (27)
2222 5567 2506 5634 Quatenus
2529 5566 2860 5623 miserabilis
2898 5579 2974 5622 es.
2998 5565 3223 5633 Quantae
3245 5561 3614 5620 miserationis

2007 5636 2230 5706 gratiam
2258 5637 2486 5706 adeptus
2510 5650 2585 5692 es.
2621 5637 2747 5693 Βία.
