4062 6178
477 289 612 352 1015

1183 299 1621 367 TERTULLIANI
1665 308 1929 371 OPERUM
1959 310 2125 371 PARS
2154 310 2218 370 ll.
2262 345 2333 356 —-
2361 314 2587 375 SERIES
2633 318 2698 390 II,
2731 318 3051 379 MORALIA.

3627 319 3769 377 1016

475 419 707 474 necdum
782 420 1005 479 tinctum
1080 424 1318 499 dignatio
1383 431 1619 503 Spiritus
1682 438 1854 492 sancti
1921 454 2044 494 cum
2096 453 2143 531 Α
2175 439 2266 510 qui
2295 456 2418 496 eum
2468 443 2739 501 liberalius
2787 447 3115 516 pascerent?
3169 462 3235 500 an
3301 444 3516 503 difﬁcile
3563 447 3763 519 angelo

465 509 785 566 charismate
834 513 1057 585 insuper
1120 522 1419 587 prephetia:
1483 523 2055 599 festinasset,‘jejunia

474 599 595 669 ejus
640 600 864 675 legimus
904 605 1171 663 exaudita.
1218 608 1353 665 Puto
1403 622 1600 685 autem,
1660 623 1715 671 et
1762 616 2052 688 Apostolus

472 686 529 741 in
593 691 833 745 secunda
892 693 1295 752 Corinthiorum
1362 699 1500 756 inter
1564 704 1777 760 labores
1816 686 1961 762 suos
2008 718 2061 764 et

475 778 715 847 pericula
760 789 813 834 et
859 783 1197 840 incommoda
1235 797 1359 857 post
1407 790 1607 845 famem
1647 810 1710 850 ac
1759 795 1918 862 sitim,
1968 800 2054 865 je-

472 865 623 935 junia
669 883 884 939 quoque
934 870 1160 942 plurima
1216 888 1495 933 enumerat
1547 881 1620 950 (II
1674 885 1795 940 Cor.
1828 902 1889 940 x1
1943 890 2058 959 27).

1107 1016 1332 1074 CAPUT
1350 1021 1447 1075 Χῐ.

540 1131 856 1202 Principalis
905 1138 1020 1193 haec
1076 1143 1284 1209 species
1344 1144 1398 1198 in
1446 1148 1802 1219 castigatione
1853 1153 2056 1223 victus,

475 1228 653 1290 potest
690 1225 801 1292 jam
832 1224 899 1280 de
930 1227 1266 1285 inferioribus
1323 1249 1541 1306 quoque
1573 1239 1906 1297 abstinentiae
1937 1260 2069 1316 ope-

476 1309 775 1366 rationibus
827 1316 1198 1384 prrejudicarc,
1266 1333 1325 1375 ut
1392 1330 1443 1376 et
1506 1326 1552 1361 67
1604 1326 1853 1399 ipsispro
1899 1309 2061 1390 modo

472 1397 691 1453 utilibus
736 1411 826 1456 aut
873 1407 1207 1462 necessariis.
1273 1411 1409 1465 Nam
1458 1417 1703 1485 exceptio
1754 1397 2058 1477 eduliorum

477 1491 830 1558 quorumdam
888 1495 1183 1563 portionale
1231 1501 1496 1569 jejunium
1568 1515 1668 1561 est.
1713 1509 2062 1580 Inspiciamus

473 1577 637 1647 igitur
700 1588 753 1634 et
816 1588 1263 1659 xerophagiarum
1341 1594 1630 1649 novitatem
1701 1577 2052 1656 aut—vanita-

474 1675 583 1720 tem
607 1667 737 1738 (28),
778 1671 822 1724 si
868 1688 975 1727 non
1004 1682 1056 1729 et
1086 1676 1135 1728 in
1194 1677 1273 1732 his
1320 1686 1425 1734 tam
1466 1684 1851 1755 antiquissimae
1901 1706 2059 1760 quam

2172 528 2349 584 fuerat
2412 531 2644 603 aliquem
2708 534 2957 591 alicunde
3016 535 3080 589 de
3108 535 3361 591 convivio
3401 536 3550 608 regis
3601 537 3768 595 mini-

2171 624 2341 673 strum
2370 635 2491 676 eum
2538 624 2949 680 instructissimo
2979 623 3183 681 ferculo
3220 633 3435 696 raptum
3464 633 3519 681 et
3555 627 3767 683 Heliam

2174 706 2498 777 transferre;
2549 710 2689 767 sicut
2714 713 2917 767 Danieli
2958 714 3008 750 Ἷο
3043 713 3097 767 in
3146 714 3319 769 lacum
3372 714 3594 769 leonum
3628 733 3762 773 esu-

2174 795 2332 849 rienti
2378 798 2660 866 prandium
2724 800 3041 856 metentium
3098 801 3396 857 exhibitum
3466 804 3596 858 est?
3666 803 3768 862 Sed

2177 886 2434 942 constitui
2488 890 2770 959 Oportebat
2812 892 3115 960 exemplum
3164 893 3361 947 docens
3409 891 3464 947 in
3517 904 3763 965 tempore

2180 990 2466 1043 pressurae,
2507 985 2560 1030 et
2598 978 3005 1047 persecutionis,
3039 988 3093 1034 et
3136 981 3504 1052 cujuscunque
3533 982 3764 1039 circum-

2181 1064 2413 1131 stantiae,
2482 1066 2823 1138 xerOphagiis
2890 1083 3011 1123 esse
3070 1067 3376 1123 vivendum.
3445 1071 3557 1126 Tali
3616 1072 3771 1129 victu

2179 1152 2347 1207 David
2395 1156 2803 1227 exomologesin
2849 1172 3000 1211 suam
3043 1158 3322 1227 expressit,
3376 1158 3614 1217 cinerem
3644 1163 3768 1232 qui-

2182 1242 2299 1296 dem
2330 1244 2495 1298 edens
2541 1245 2687 1299 velut
2718 1262 2931 1317 panem,
2964 1247 3018 1301 id
3066 1258 3168 1319 est,
3197 1266 3391 1319 panem
3433 1251 3575 1306 velut
3613 1253 3763 1307 cine-

2181 1347 2297 1385 rem
2330 1333 2533 1388 aridum
2564 1343 2615 1389 et
2654 1336 2951 1405 sordidum,
2984 1345 3175 1408 potum
3203 1354 3329 1393 vero
3361 1340 3487 1395 ﬂetu
3522 1341 3763 1407 miscens,

2179 1422 2359 1492 utique
2388 1439 2483 1493 pro
2513 1424 2636 1478 vino
2663 1426 2832 1493 (Psal.
2875 1442 2947 1495 cr,
2976 1426 3086 1495 10).
3119 1427 3289 1483 Habet
3319 1428 3459 1481 enim
3508 1438 3558 1484 et
3596 1431 3764 1485 absti-

2184 1510 2363 1565 nentia
2420 1512 2528 1566 vini
2576 1529 2703 1568 suos
2734 1514 2944 1582 titulos,
2995 1532 3118 1586 quae
3166 1526 3220 1571 et
3283 1518 3589 1573 Samuelem
3658 1521 3771 1576 Deo

2178 1608 2414 1670 voverat,
2449 1609 2501 1656 et
2531 1603 2795 1657 Aaronem
2836 1614 3196 1660 consecrarat.
3227 1605 3364 1659 Nam
3392 1606 3460 1660 de
3509 1607 3764 1664 Samuele

2173 1697 2375 1744 mater:
2432 1692 2502 1744 Et
2548 1694 2768 1757 vinum,
2804 1692 2993 1763 inquit,
3028 1698 3083 1748 et
3133 1696 3421 1751 ebriamen
3471 1712 3585 1752 non
3626 1698 3770 1755 bibet

1595 1739 1609 1755 ι
2432 1739 2497 1744 _-
2552 1739 2768 1757 ν-.,η..,,
2804 1739 2993 1763 ---ηηη
3029 1739 3081 1748 --
3133 1739 3419 1751 νν.,.....υ..
3474 1739 3585 1752 ην..
3626 1739 3769 1755 νην,

476 1752 858 1812 efﬁcacissimae
908 1762 1185 1833 religionis
1216 1769 1457 1833 Operatio
1495 1779 1594 1825 est.
1630 1772 1806 1829 Redeo
1854 1739 1932 1831 ad1
1969 1781 2070 1833 Da-
2101 1739 2142 1813 Β
2175 1776 2227 1846 (Ι
2270 1780 2392 1848 Reg.
2450 1794 2488 1843 ι,
2534 1780 2670 1851 15);
2708 1781 2825 1835 talis
2881 1781 3022 1836 enim
3082 1792 3134 1837 ct
3182 1782 3297 1852 ipsa
3345 1785 3517 1839 Deum
3564 1787 3771 1841 orabat.

477 1843 673 1899 nielem
711 1853 763 1899 et
784 1846 977 1903 fratres
1011 1853 1144 1919 ejus,
1180 1854 1505 1927 leguminum
1532 1862 1803 1931 pabulum,
1831 1878 1881 1921 et
1913 1885 2063 1941 aquae

477 1940 663 2000 potum
717 1932 933 1989 ferculis
992 1947 1043 1991 et
1101 1944 1413 2012 (enophoris
1464 1949 1626 2019 regiis
1674 1932 2060 2027 praeferentes,

478 2026 637 2089 atque
668 2020 862 2078 exinde
903 2024 1263 2095 formosiores,
1300 2050 1366 2088 ne
1395 2037 1489 2106 qui
1519 2039 1568 2074 68
1617 2020 1688 2094 de
1711 2046 1891 2111 specie
1919 2020 2061 2117 quo;

477 2124 579 2208 que
608 2114 911 2181 corpusculi
942 2126 1141 2173 metuat
1169 2122 1313 2191 (29);
1336 2137 1588 2183 cancrum
1614 2131 1804 2199 spiritu
1846 2114 2066 2208 insuper

474 2197 666 2253 cultos.
702 2201 860 2256 Dedit
906 2205 1045 2260 enim
1077 2210 1219 2265 Deus
1250 2197 1658 2274 adolescentulis
1689 2197 1985 2279 scientiam‘
2012 2237 2062 2284 et

477 2285 886 2361 intelligentiam
919 2295 973 2349 in
994 2299 1138 2351 omni
1162 2299 1479 2373 litteratura,
1498 2315 1548 2361 et
1581 2309 1785 2366 Danieli
1815 2316 1878 2369 in
1902 2319 2059 2374 omni

472 2378 650 2439 verbo,
679 2385 735 2434 et
768 2387 1020 2456 somniis,
1065 2392 1118 2442 et
1152 2392 1213 2445 in
1243 2397 1400 2449 omni
1434 2398 1630 2468 sophia
1666 2400 1829 2471 (Dan.
1857 2421 1895 2477 ι,
1940 2410 2058 2481 17),

478 2481 588 2558 qua
624 2468 729 2558 hoc
766 2469 945 2539 ipsum
992 2491 1202 2547 quoque
1247 2492 1479 2551 saperet,
1534 2468 1730 2558 quibus
1780 2468 1953 2550 modis

483 2551 590 2608 Deo
653 2554 1015 2627 inpetraretur
1084 2566 1285 2636 agnitio
1342 2551 1821 2636 sacramentorum.
1900 2585 2061 2643 Anno

478 2640 707 2714 denique
738 2647 891 2702 tertio
921 2650 1045 2721 Cyri
1094 2654 1240 2724 regis
1287 2657 1591 2729 Persarum,
1630 2681 1751 2722 cum
1794 2670 1850 2725 in
1920 2691 2069 2732 reco-

481 2730 704 2801 gitatum
754 2735 1028 2795 incidisset
1065 2742 1307 2812 visionis,
1341 2749 1502 2806 aliam
1533 2752 1754 2811 formam
1808 2761 2066 2820 humilia-

483 2820 643 2874 tionis
669 2826 963 2895 prospexit.
998 2831 1062 2885 In
1082 2832 1216 2897 illis,
1266 2833 1459 2910 inquit,
1493 2842 1700 2910 diebus,
1732 2865 1826 2917 ego
1872 2853 2072 2910 Daniel

482 2925 640 2966 eram
680 2913 893 2984 lugens,
924 2934 1027 2988 per
1057 2925 1169 2978 tres
1200 2924 1579 2997 hebdomadas,
1609 2913 1815 3006 panem
1842 2957 2072 2999 suavem

2176 1867 2238 1919 Et
2259 1868 2519 1921 Dominus
2560 1869 2628 1922 ad
2660 1869 2872 1927 Aaron:
2930 1874 2938 1899 '
2973 1873 3169 1927 Vinum
3208 1877 3263 1929 et
3300 1891 3481 1930 szcera
3525 1892 3641 1931 non
3692 1876 3771 1931 bi-

2174 1954 2330 2019 betis,
2350 1960 2413 2011 tu
2434 1962 2486 2011 et
2504 1958 2614 2024 ﬁlii
2635 1960 2725 2013 tui
2743 1964 2867 2030 post
2892 1963 2945 2016 te
2965 1960 3033 2027 Ἠ,
3048 1965 3097 2017 si
3118 1963 3340 2033 quando
3370 1966 3771 2035 ingrediemini

2173 2044 2627 2112 tabernaculum,
2660 2049 2747 2103 vel
2775 2049 3085 2106 ascendetis
3124 2052 3196 2107 ad
3224 2054 3411 2109 altare
3432 2059 3487 2108 et
3514 2071 3629 2110 non
3660 2070 3779 2111 mo-

2172 2134 2426 2189 riemini.
2466 2135 2617 2191 Adeo
2664 2138 2961 2193 morientur
3007 2139 3097 2209 qui
3149 2155 3255 2194 non
3286 2142 3455 2196 sobrii
3504 2142 3551 2179 ’³2
3593 2142 3646 2196 in
3676 2143 3778 2199 Ec-

2172 2223 2333 2276 clesia
2382 2224 2821 2281 ministraverint.
2856 2227 2945 2282 Sic
2973 2236 3025 2281 et
3067 2228 3246 2284 Isracli
3280 2230 3533 2298 proximo
3575 2247 3777 2304 CXpt‘O-

2169 2313 2322 2377 brat;
2355 2316 2418 2369 Et
2454 2321 2656 2387 potum
2680 2316 2895 2372 dabatis
2933 2319 3307 2387 sanctiﬁcatis
3356 2323 3498 2377 meis
3554 2324 3775 2377 vinum.

2172 2402 2240 2456 Et
2286 2404 2401 2457 haec
2429 2413 2607 2458 autem
2664 2405 2914 2459 strictura
2973 2414 3135 2475 potus
3193 2410 3544 2478 xerOphagize
3597 2412 3780 2481 portio

2174 2499 2254 2547 est
2283 2492 2417 2564 (30).
2461 2492 2777 2564 Quanquam
2812 2494 2901 2548 ubi
2928 2492 3256 2550 abstinentia
3292 2496 3402 2550 vini
3429 2506 3523 2551 aut
3589 2515 3618 2553 a
3659 2502 3778 2557 Deo

2176 2580 2426 2654 exigitur,
2467 2589 2559 2635 aut
2603 2582 2670 2636 ab
2717 2582 2933 2637 homine
2972 2592 3227 2649 vovetur,
3278 2582 3384 2638 illic
3438 2584 3784 2657 intelligatur

2178 2670 2331 2726 etiam
2380 2671 2555 2741 pabuli
2614 2686 2864 2742 pressura
2920 2671 3145 2727 formam
3204 2680 3533 2741 praestruens
3593 2675 3766 2743 potui.

2178 2758 2363 2824 Qualis
2411 2759 2555 2814 enim
2603 2774 2748 2825 esus,
2798 2759 2920 2814 talis
2973 2766 3026 2814 et
3053 2767 3233 2828 potus.
3286 2759 3588 2817 Verisimile
3661 2778 3775 2819 non

2181 2855 2282 2913 est,
2312 2856 2370 2903 ut
2401 2848 2524 2920 quis
2560 2847 2834 2904 dimidiam
2890 2847 3069 2922 gulam
3112 2849 3227 2903 Deo
3282 2848 3543 2915 immolet,
3618 2851 3778 2921 aquis

2181 2936 2414 3003 sobrius,
2464 2946 2518 2994 et
2564 2937 2698 2993 cibis
2746 2938 2945 2992 ebrius.
2995 2940 3076 2992 An
3138 2946 3311 2992 autem
3367 2948 3419 2992 et
3481 2938 3781 3008 Apostolus

483 3018 598 3057 non
620 3003 727 3067 edi,
743 3020 873 3060 caro
895 3012 948 3064 et
971 3013 1166 3068 vinum
1184 3032 1300 3071 non
1328 3003 1679 3080 introierunt
1698 3028 1761 3082 in
1783 3045 1839 3085 os
1860 3048 2063 3099 meum,

2180 3028 2539 3100 xerOphagias
2586 3028 2748 3097 norit,
2779 3027 2871 3099 qui
2910 3029 3114 3097 majora
3169 3026 3551 3094 celebraverat,
3634 3029 3782 3084 sitim

484 3092 603 3147 oleo
642 3098 850 3151 unctus
872 3115 984 3154 non
1012 3117 1155 3169 sum,
1199 3106 1371 3165 donec
1396 3126 1929 3177 consummarenlur
1958 3129 2070 3181 tres

485 3178 863 3250 hebdomades,
898 3189 1095 3257 quibus
1132 3195 1435 3253 transactis
1462 3205 1693 3273 angelus
1724 3211 1958 3267 emissus
1986 3218 2073 3269 est

485 3268 685 3367 taliter
702 3272 1039 3367 adloquens:
1062 3280 1282 3346 Daniel,
1320 3284 1476 3344 homo
1506 3268 1563 3346 es
1599 3294 1972 3367 miserabilis;
2004 3268 2072 3359 ne

488 3358 776 3429 timueris,
800 3368 1075 3434 quoniam
1108 3386 1181 3425 ex
1216 3371 1304 3427 die
1332 3376 1525 3445 prima
1558 3398 1664 3453 qua
1694 3384 1894 3443 dedisti
1930 3358 2065 3444 ani-

483 3464 640 3504 mam
671 3454 832 3506 tuam
867 3459 1207 3526 recogitatui
1222 3466 1276 3517 et
1300 3461 1690 3526 humiliationi
1718 3490 1907 3530 coram
1940 3479 2075 3544 Deo,

484 3539 824 3595 exauditam
853 3548 937 3597 est
958 3546 1181 3603 verbum
1212 3554 1400 3618 tuum,
1440 3560 1495 3610 et
1530 3575 1622 3629 ego
1652 3562 1885 3620 introivi
1910 3539 2069 3626 verba

489 3633 603 3686 tuo.
636 3628 809 3688 965
830 3635 905 3688 Ita
933 3640 1378 3712 xerophagiarum
1402 3648 1672 3704 miseratio
1701 3654 2067 3711 ethumiliatio

488 3727 686 3773 metum
720 3722 1009 3789 expellunt,
1043 3736 1096 3780 et
1123 3744 1283 3785 aures
1323 3733 1418 3787 Dei
1447 3736 1752 3807 advertunt,
1787 3750 1836 3795 et
1868 3742 2061 3798 occul-

488 3812 666 3859 torum
696 3819 970 3877 compotes
1007 3812 1225 3871 faciunt.
1268 3821 1525 3878 Revertor
1553 3826 1715 3880 etiam
1745 3830 1810 3881 ad
1842 3830 2066 3898 Heliam,

395 3944 437 3975 .
487 3906 609 3946 cum
645 3894 795 3949 corvi
841 3896 984 3952 illum
1014 3917 1155 3971 pane
1212 3913 1266 3961 et
1302 3925 1462 3964 carne
1512 3921 1752 3969 saturare
1815 3933 2070 3975 consues-

482 3988 621 4044 sent,
645 3995 742 4036 cur
770 3989 1113 4053 postmodum
1143 3995 1284 4064 apud
1316 3998 1578 4057 Bersabee
1608 4003 1805 4061 ludam
1836 4009 2068 4065 excitato

485 4069 533 4125 ci
592 4070 660 4158 dt;
685 4088 875 4131 somno
917 4080 1132 4149 quidam
1189 4083 1279 4141 ille
1343 4087 1393 4125 69
1462 4092 1686 4163 angelus
1728 4094 1845 4151 sine
1901 4097 2070 4154 dubio

484 4176 681 4232 panem
730 4164 905 4221 solum
952 4176 1006 4224 et
1035 4187 1226 4242 aquam
1286 4177 1522 4236 obtulit?
1564 4182 1869 4240 defecerant
1925 4190 2070 4243 corvi

546 4357 594 4443 ϐξ
622 4358 700 4415 Ex
724 4364 1142 4443 §eml._§8_Quis
1172 4372 1338 4428 Seml.
1370 4373 1419 4412 69
1440 4374 1485 4443 Q

2181 3124 2238 3170 et
2262 3115 2457 3170 famem
2485 3124 2539 3170 et
2569 3117 2733 3170 multa
2757 3116 2985 3187 jcjunia,
3015 3114 3111 3188 qui
3132 3115 3416 3173 ebrietates
3442 3124 3496 3174 et
3516 3133 3785 3173 commes-

2183 3205 2420 3261 sationes
2475 3214 2836 3274 recusaverat,
2885 3206 2971 3261 vel
3049 3207 3116 3261 de
3176 3205 3441 3276 discipulo
3497 3206 3782 3265 Timotheo

2181 3295 2487 3368 argumenti
2545 3294 2673 3352 satis
2722 3303 2819 3368 est,
2870 3312 3026 3369 quem
3077 3303 3299 3366 prOpter
3346 3298 3681 3351 stomachum
3724 3307 3785 3354 et

2180 3384 2423 3441 assiduas
2476 3385 2879 3441 imbecillitates
2943 3386 3155 3441 modico
3219 3385 3343 3440 vino
3396 3401 3628 3442 monens
3676 3388 3779 3454 uti,

2179 3489 2285 3544 quo
2325 3475 2410 3530 ille
2441 3489 2549 3529 non
2578 3489 2644 3529 ex
2674 3474 3021 3539 institutione,
3067 3476 3162 3529 sed
3204 3490 3269 3529 ex
3296 3475 3581 3531 devotione
3609 3479 3783 3532 absti-

2179 3562 2338 3617 nebat
2365 3563 2669 3633 (caetcrum,
2717 3563 2991 3617 stomacho
3023 3562 3199 3635 magis
3244 3564 3578 3619 consuetudo
3616 3566 3785 3634 prod-

2179 3649 2546 3719 esset)!“
2592 3652 2695 3704 hoc
2760 3650 2877 3719 ipso
2926 3646 3310 3704 abstinentiam
3376 3651 3482 3706 vini
3553 3652 3780 3725 dignam

2178 3738 2289 3792 Deo
2347 3739 2534 3804 suasit,
2591 3754 2753 3809 quam
2800 3737 2849 3774 73
2884 3752 2948 3791 ex
2992 3736 3316 3794 necessitate
3368 3740 3618 3797 dissuasit
3680 3743 3782 3813 (cf.

2180 3832 2350 3885 Levat.
2374 3844 2433 3896 Χ,
2459 3831 2521 3894 9;
2570 3829 2752 3894 Amos,
2794 3843 2893 3898 xv,
2948 3830 3043 3894 13;
3078 3828 3124 3882 ιι
3159 3830 3281 3886 Cor.
3340 3845 3420 3895 χι,
3453 3835 3523 3886 27
3554 3849 3570 3899 ;
3613 3835 3778 3890 Rom.

2184 3933 2303 3989 xm,
2338 3918 2486 3988 t3;I
2526 3920 2660 3973 Tim.
2702 3933 2757 3976 ν,
2800 3920 2910 3987 23).

2812 4060 3033 4116 CAPUT
3071 4062 3144 4115 X.

2250 4188 2426 4259 Eque
2471 4184 2728 4242 stationes
2782 4193 2994 4241 nostras
3054 4186 3185 4257 (31),
3244 4190 3304 4239 ut
3375 4185 3626 4261 indignas
3683 4191 3773 4261 73;

1818 4283 2009 4347 Variae
2054 4289 2364 4369 lectiones.

1495 4376 1672 4434 uidem
1704 4379 1777 4435 illi
1807 4384 1977 4439 Seml.
2012 4384 2085 4439 illi
2134 4400 2239 4440 ms.
2283 4386 2549 4441 Wouwer.
2594 4383 2644 4420 ⁷ο
2672 4383 2880 4437 Danieli
2910 4383 2963 4437 in
2995 4399 3149 4439 sacra
3179 4387 3298 4440 Lat.
3362 4383 3551 4440 Daniel
3586 4385 3769 4442 Seml.

482 4427 536 4483 in
569 4430 686 4487 lacu
714 4437 875 4510 Leop.
907 4438 951 4478 ⁷1
985 4427 1056 4495 Ut
1085 4427 1289 4512 Rigalt.
1324 4452 1376 4500 tu
1410 4427 1984 4525 cf
2012 4427 2085 4493 δέ·
2105 4427 2577 4512 ’ἕλιξιΐῦ

1877 4549 2372 4614 Commentarius.

548 4631 673 4710 (28)Δ
715 4636 1189 4710 Xerophagiarum
1234 4643 1546 4700 novitatem
1585 4651 1687 4703 aut
1730 4650 2057 4707 vanitatem.

474 4698 822 4788 Improbatur
850 4698 1211 4788 labstinentia
1248 4729 1278 4767 a
1316 4698 1473 4770 vino-
1504 4698 1557 4770 et
1615 4720 1896 4788 carnibus,
1957 4724 2063 4778 nisi

464 4776 820 4901 1tzlitﬁngnentiaa
868 4796 1029 4837 causa
1073 4783 1126 4836 id
1163 4783 1287 4854 ,fiat,
1338 4803 1461 4842 can.
1514 4791 1702 4860 Apost.
1755 4796 1817 4846 51
1871 4776 1923 4848 et
1970 4776 2059 4850 573;

621 4868 677 4901 Β.

620 4868 677 4905 R.

552 4922 667 5002 (22)
690 4923 769 5002 Ille
807 4925 1001 5002 quide
1018 4928 1198 4995 specie
1218 4944 1440 5002 quoque
1453 4934 1783 5002 corpusculi
1818 4942 2061 4993 metuat.

470 4992 561 5069 _Sic
593 4993 687 5045 lib.
716 4996 775 5045 11
807 4992 879 5048 ad
906 4992 1173 5052 Uxorem:
1213 4992 1237 5047 ιέ
1263 4992 1560 5057 [λιίεὼίειιό
1591 5010 1646 5056 ιιι
1680 5046 1694 5069 ,
1719 5021 1841 5060 cum
1889 4992 2065 5065 lectu-

469 5061 602 5144 lum,
648 5077 768 5144 cum
809 5069 1186 5144 corpusculum
1217 5077 1366 5125 tuum
1414 5061 1705 5144 signas‘h')
1757 5078 1873 5132 Hoc
1920 5061 2062 5135 enim

468 5134 685 5212 tandem
715 5132 852 5212 loco
905 5132 1262 5212 'notabimus,
1322 5132 1635 5212 Septimium
1682 5151 1848 5203 stoica
1894 5132 2065 5207 forma

467 5202 546 5282 sic
581 5205 1001 5282 passim_loqui_,
1052 5220 1109 5264 ut
1149 5202 1535 5281 corpusculum
1583 5216 1745 5282 dicat,
1793 5202 1847 5272 et
1894 5202 2062 5276 lectu:

464 5276 597 5356 lum2
640 5284 693 5329 et
738 5277 1194 5359 arbusculam,_et
1227 5276 1611 5359 mulierculam,
1659 5300 1713 5343 et
1735 5276 2059 5359 'caniculam,

464 5346 849 5431 motiunculas,
884 5356 936 5402 et
984 5346 1372 5431 portiunculas,
1424 5366 1476 5411 et
1522 5346 1713 5431 castora
1758 5346 2062 5431 hujusmodi

463 5422 939 5505 quemadmodum,
1002 5423 1075 5476 illi
1118 5426 1389 5505 ροὲῇάτιον,
1454 5427 1679 5497 οὐσίδιον,
1719 5422 2062 5505 Διῑξξιιξιμοσιίον,

460 5490 700 5578 ἆγρίδιεῖ,
741 5495 1074 5578 nea‘ygdttov,
1118 5490 1873 5578 )tsElStovL'tinnimentum;
1919 5490 2063 5578 οζογυί

460 5564 753 5633 ρωματίδια,
776 5566 999 5637 ὁπλάρια,
1028 5574 1083 5621 et
1102 5580 1295 5623 caetera
1324 5572 1372 5626 id
1407 5564 1581 5641 genus
1599 5564 1912 5644 Epictetica.
1937 5564 2059 5636 Bia.

2243 4654 2354 4731 (3Q)
2390 4657 2457 4731 Et
2496 4652 2842 4731 [undantem
2889 4654 3168 4731 strictura
3197 4661 3361 4729 potus
3399 4659 3776 4731 xerOphagia:

2166 4728 2355 4803 portio
2369 4729 2472 4803 est.
2495 4724 2583 4778 Ait
2604 4724 2915 4803 Septimius,
2948 4725 3048 4803 hac
3078 4724 3252 4803 forma
3283 4736 3439 4797 potus
3462 4724 3773 4803 perstricta,

2171 4795 2327 4850 etiam
2348 4795 2552 4849 aridum
2582 4795 2836 4862 pabulum
2868 4797 3177 4867 significari.
3208 4795 3332 4855 me.

2244 4901 2359 4969 (31)
2379 4901 2562 4979 ⁵Αέίμιίξ
2590 4904 2863 4979 stationes
2886 4907 3132 4979 nostras,
3166 4906 3539 4979 utindignas.
3570 4908 3777 4965 Sensus

2174 4972 2425 5027 Auctoris
2460 4971 2670 5050 cvincit
2724 4973 3039 5050 legendum,
3090 4971 3461 5050 indictasfut
3489 4986 3541 5034 et
3589 4982 3770 5050 paulo,

2174 5054 2295 5113 post
2327 5061 2341 5097 :
2390 5044 2569 5122 «nSed
2597 5046 2739 5122 quod
2770 5046 3035 5122 pertineat
3057 5049 3137 5122 ad
3177 5049 3486 5105 indictionis
3525 5044 3777 5122 quaestio-

2172 5131 2315 5191 nem.
2344 5134 2380 5191 3
2422 5115 2688 5191 Psychici,
2727 5115 2920 5188 inquit,
2951 5118 3206 5174 stationes
3260 5129 3469 5175 nostras
3497 5115 3773 5191 accusant,

2174 5194 2231 5240 ut
2269 5187 2515 5261 indictas,
2547 5199 2601 5241 et
2631 5187 2685 5240 in
2725 5187 2904 5261 serum
2936 5191 3267 5261 constitutas,
3304 5203 3459 5261 atque
3519 5194 3623 5248 hoc
3651 5187 3776 5247 mu;

2174 5274 2276 5311 nus
2320 5257 2543 5327 quidem
2572 5274 2692 5314 esse
2724 5275 2828 5315 non
2878 5260 3272 5327 indiscendum,
3310 5257 3399 5317 sed
3432 5280 3499 5318 ex
3547 5266 3773 5320 arbitrio

2174 5330 2521 5404 obeundum;
2551 5340 2731 5404 etnon
2771 5332 2840 5404 in,
2882 5348 3070 5404 serum
3098 5334 3368 5404 constitui,
3423 5335 3518 5389 sed
3560 5338 3627 5390 ad
3664 5351 3771 5391 no-

2174 5416 2295 5455 nam
2316 5400 2495 5456 dirimi
2526 5402 2783 5457 stationes
2816 5402 3010 5457 dcbere
3040 5400 3390 5459 contendunt.
3420 5405 3540 5462 RIG.

2243 5539 2313 5549 —-
2337 5510 2615 5565 Stationes
2636 5516 2858 5567 nostras
2882 5513 2947 5563 ut
2963 5508 3246 5579 indignas,
3261 5519 3363 5566 etc.
3387 5512 3534 5568 Dixit
3553 5514 3624 5570 de
3643 5522 3761 5569 sta-

2172 5580 2409 5636 tionibus
2455 5580 2615 5648 alibi;
2647 5582 2802 5636 statio
2831 5590 3013 5636 autem
3034 5595 3061 5631 a
3096 5582 3304 5651 jejunio
3333 5582 3529 5650 differt,
3566 5602 3767 5658 quam-
