4058 6172
318 295 459 356 1017

1624 284 1825 347 LIBER
1865 283 1950 345 DE
1989 282 2288 346 JEJUNIIS.

3472 298 3611 362 1018

310 422 572 496 quasdam
609 436 740 478 vero
783 421 839 478 in
875 437 1054 477 serum
1100 420 1418 478 constitutas
1443 461 1458 486 ,
1497 415 1754 474 novitatis
1793 429 1899 470 no-
1929 423 1976 503 A
2007 411 2097 485 tis,
2146 429 2214 469 an
2270 400 2538 489 indignior
2591 420 2736 491 apud
2787 433 2884 476 vos
2943 419 2996 457 τε
3049 419 3186 478 ratio
3239 422 3500 484 afferatur
3555 427 3612 484 in

311 511 459 567 mine
502 511 768 578 incusant,
823 511 926 567 hoc
970 525 1184 584 quoque
1227 525 1424 566 munus
1470 515 1524 564 et
1568 523 1634 565 ex
1683 509 1906 573 arbitrio

312 600 624 658 obeundum
667 616 790 657 esse
831 600 1090 667 dicentes,
1122 607 1176 656 et
1211 614 1318 656 non
1358 598 1497 654 ultra
1535 614 1734 656 nonam
1763 603 1906 661 deti-

312 691 568 756 nendum,
597 693 665 748 de
709 706 809 747 suo
853 689 1058 747 scilicet
1102 703 1274 746 more.
1308 688 1417 746 Sed
1465 689 1612 761 quod
1641 693 1915 763 pertineat

312 780 380 834 ad
437 778 834 837 interdictionis
877 777 1251 850 quaestionem,
1300 777 1468 833 semel
1513 793 1612 850 pro
1659 781 1912 839 omnibus

311 869 494 927 causis
533 868 895 940 respondebo.
928 869 1086 923 Nunc
1131 867 1200 922 ad
1243 866 1522 939 prOprium
1572 868 1734 938 hujus
1779 887 1910 942 spe-

311 957 414 1014 ciei
462 957 763 1022 articulum,
816 956 882 1012 de
930 955 1091 1012 modo
1149 955 1407 1026 temporis
1469 955 1614 1023 dico,
1661 957 1729 1014 de
1778 959 1913 1032 ipsis

312 1046 465 1119 prius
530 1045 1004 1118 expostulandum,
1062 1045 1206 1100 unde
1275 1045 1411 1100 hanc
1470 1044 1700 1102 formam
1771 1065 1913 1106 nova

311 1136 632 1193 dirimendis
696 1135 1016 1191 stationibus
1071 1133 1438 1205 praescribant.
1486 1134 1563 1203 Si,
1623 1138 1747 1206 quia
1804 1139 1914 1194 Pe-

314 1235 451 1291 trus,
499 1231 555 1280 et
602 1226 693 1297 qui
746 1240 870 1280 cum
911 1239 994 1288 eo,
1047 1224 1113 1278 ad
1164 1224 1350 1278 horam
1401 1238 1598 1278 nonam
1657 1227 1916 1282 orationis

312 1315 572 1388 templum
604 1313 922 1387 introgressi
961 1313 1231 1383 leguntur,
1273 1312 1398 1384 quis
1427 1312 1562 1368 mihi
1596 1315 1839 1382 probabit
1866 1316 1915 1355 ⁷4

312 1404 436 1460 illos
466 1419 528 1459 ea
571 1404 657 1459 die
705 1401 940 1458 statione
985 1400 1222 1470 functos,
1265 1410 1323 1455 ut
1367 1402 1559 1456 horam
1608 1419 1805 1458 nonam
1849 1406 1915 1460 ad

315 1495 608 1549 clausulam
648 1500 703 1548 et
739 1491 1150 1562 expunctionem
1197 1490 1446 1546 stationis
1480 1491 1867 1562 interpretetur
1888 1495 1916 1550 ἲ

313 1582 477 1654 Atqui
519 1581 726 1638 facilius
763 1581 1004 1636 invenias
1033 1581 1258 1634 Petrum
1298 1580 1432 1635 hora
1470 1589 1618 1636 sexta
1663 1582 1917 1653 capiendi

313 1671 422 1728 cibi
464 1687 674 1736 caussa,
706 1670 857 1740 prius
887 1670 940 1722 in
983 1669 1265 1740 superiora
1309 1669 1375 1722 ad
1416 1669 1679 1724 orandum
1720 1686 1912 1725 ascen-

2013 517 2210 558 nonam
2266 505 2587 563 observandi
2638 508 2854 582 requiro
2901 509 2971 576 79,
2998 518 3082 566 ut
3130 509 3294 568 etiam
3339 514 3496 571 Petro
3542 532 3611 574 ea

2015 593 2153 649 ratio
2194 594 2500 666 deputanda
2547 597 2633 666 sit,
2703 597 2750 653 si
2797 597 3026 654 statione
3075 608 3203 657 tunc
3248 600 3466 660 functus
3507 615 3607 661 est.

2017 681 2174 738 Venit
2219 683 2362 740 enim
2418 684 2485 740 de
2530 685 2674 741 exitu
2717 685 2956 752 Domini,
3003 703 3161 758 quam
3207 695 3261 744 et
3305 690 3352 744 si
3395 707 3615 764 semper

2019 773 2430 828 commemorari
2495 782 2709 847 oportet
2782 773 2900 832 sine
2963 775 3269 833 differentia
3333 778 3612 851 horarum,

2017 860 2336 932 impressius
2384 870 2567 919 tamen
2598 873 2708 919 tum
2755 866 2806 921 ei
2839 866 3132 921 secundum
3161 865 3341 936 ipsum
3367 869 3617 926 stationis

2018 952 2336 1008 vocabulum
2381 954 2680 1010 addicimur
2720 955 2771 993 8°
2804 974 2817 1010 :
2851 970 2976 1010 nam
3016 963 3070 1010 et
3098 956 3300 1013 milites
3336 975 3614 1028 nunquam

2020 1039 2364 1097 immemores
2421 1043 2758 1108 sacramenti,
2812 1044 2986 1116 magis
3034 1045 3353 1103 stationibus
3403 1056 3611 1116 parent.

2019 1127 2202 1200 Itaque
2259 1130 2314 1184 in
2368 1147 2488 1186 eam
2535 1146 2708 1204 usque
2754 1131 2941 1188 horam
2989 1134 3303 1189 celebranda
3360 1152 3618 1208 pressura

2022 1225 2123 1284 est,
2158 1219 2213 1273 in
2263 1236 2368 1292 qna
2394 1221 2440 1258 ει
2471 1237 2499 1274 a
2527 1229 2680 1276 sexta
2725 1223 3140 1279 contenebratus
3179 1224 3328 1280 orbis
3368 1225 3616 1282 defuncto

2022 1306 2256 1363 Domino
2294 1308 2523 1379 lugubre
2562 1309 2684 1365 fecit
2723 1310 2983 1380 ofﬁcium,
3025 1321 3086 1367 ut
3127 1320 3253 1369 tunc
3302 1322 3356 1368 et
3393 1329 3492 1370 nos
3525 1330 3621 1369 re-

2021 1406 2294 1453 vertamur
2321 1399 2387 1452 ad
2429 1399 2841 1467 jucunditatem,
2873 1417 2997 1456 cum
3043 1407 3095 1457 et
3140 1403 3373 1458 mundus
3420 1403 3622 1474 recepit

2022 1485 2334 1541 claritatem.
2366 1488 2478 1543 Hoc
2514 1485 2559 1541 si
2606 1488 2780 1559 magis
2817 1489 2882 1544 ad
2929 1489 3243 1561 religionem
3277 1493 3418 1562 sapit
3460 1492 3622 1547 Chri-

2021 1573 2269 1643 stianam,
2319 1575 2446 1630 dum
2490 1577 2662 1648 magis
2690 1578 2884 1633 Christi
2916 1579 3147 1650 gloriam
3194 1580 3445 1644 celebrat,
3491 1595 3621 1650 pos-

2024 1679 2145 1718 sum
2191 1677 2343 1734 teque
2382 1679 2516 1718 serae
2563 1665 2807 1720 stationis
2845 1683 2910 1720 ex
2940 1668 3130 1722 eodem
3178 1667 3255 1722 rei
3294 1669 3485 1723 ordine
3523 1678 3625 1722 sta-

315 1759 488 1821 disse,
523 1774 630 1829 quo
669 1738 846 1830 magis
883 1768 1034 1812 sexta
1056 1738 1166 1812 diei
1210 1756 1351 1812 ﬁniri
1390 1755 1572 1813 ofﬁcio
1609 1757 1737 1813 huic
1780 1773 1913 1828 pos-
1949 1738 1992 1814 Β
2025 1762 2137 1809 tum
2184 1751 2381 1825 ﬁgere,
2429 1759 2487 1807 ut
2529 1754 2842 1822 jejunemus
2888 1757 2956 1810 ad
3005 1771 3208 1822 serum,
3255 1765 3626 1828 exspectantes

319 1846 390 1900 sit
418 1848 554 1916 (32),
585 1862 705 1917 quae
748 1846 883 1902 illud
915 1846 1225 1900 absolutura
1269 1853 1386 1914 post
1421 1848 1720 1902 orationem
1761 1847 1916 1902 vide-

319 1934 501 1989 batur.
543 1936 727 2004 Porro,
761 1950 881 1990 cum
920 1934 976 1988 in
1012 1934 1202 1989 eodem
1243 1935 1625 1990 commentario
1655 1936 1831 1996 Lucze.
1864 1944 1921 1990 et

319 2021 475 2077 tertia
502 2024 634 2078 hora
681 2023 941 2078 orationis
978 2023 1392 2088 demonstretur,
1425 2025 1527 2080 sub
1573 2041 1679 2097 qua
1716 2025 1920 2096 Spiritu

318 2116 504 2167 sancto
564 2109 780 2174 initiati,
833 2126 931 2179 pro
987 2111 1152 2165 ebriis
1205 2111 1574 2179 habebantur;
1635 2119 1690 2168 et
1747 2123 1919 2180 sexta,

319 2216 424 2270 qua
481 2199 672 2253 Petrus
727 2197 969 2252 ascendit
1008 2197 1063 2250 in
1117 2199 1427 2269 superiora;
1483 2206 1536 2254 et
1592 2215 1756 2268 nona,
1816 2217 1922 2272 qua

321 2287 579 2356 templum
609 2293 734 2340 sunt
763 2283 1098 2356 introgressi,
1121 2300 1216 2340 cur
1244 2299 1352 2340 non
1381 2285 1750 2358 intelligamus
1773 2288 1920 2343 salva

321 2374 481 2445 plane
525 2371 890 2438 indifferentia
938 2387 1153 2442 semper
1184 2379 1237 2426 et
1273 2371 1476 2444 ubique
1521 2380 1573 2428 et
1603 2375 1750 2429 omni
1784 2383 1919 2430 tem-

323 2478 457 2535 pore
495 2462 683 2518 orandi
731 2462 804 2530 75,
835 2470 1006 2516 tamen
1043 2469 1149 2516 tres
1188 2460 1318 2515 istas
1366 2461 1524 2516 horas
1554 2467 1613 2516 ut
1642 2463 1919 2536 insignio-

322 2569 412 2609 res
456 2553 512 2607 in
559 2552 726 2607 rebus
762 2549 1033 2618 humanis,
1067 2565 1189 2622 quae
1229 2549 1378 2605 diem
1415 2549 1767 2620 distribuunt,
1799 2570 1921 2625 quae

322 2639 543 2714 negotia
596 2639 954 2712 distinguunt,
1010 2655 1130 2710 quae
1193 2639 1410 2708 publice
1464 2648 1716 2696 resonant
1780 2643 1918 2713 (33),

322 2730 397 2785 ita
449 2741 502 2786 et
545 2728 900 2785 solemniores
956 2728 1120 2782 fuisse
1177 2728 1231 2782 in
1283 2727 1619 2783 orationibus
1673 2730 1921 2786 divinis?

323 2817 487 2886 Quod
543 2817 701 2874 etiam
750 2819 936 2872 suadet
994 2815 1234 2871 Danielis
1279 2831 1491 2888 quoque
1542 2826 1920 2889 argumentum

325 2917 411 2993 ter
445 2908 530 2963 die
574 2905 798 2970 orantis,
846 2905 1030 2975 utique
1079 2921 1174 2975 per
1222 2904 1524 2976 aliquarum
1571 2905 1622 2943 75
1667 2907 1922 2961 horarum

2027 1853 2242 1915 tempus
2293 1841 2588 1898 Dominicae
2632 1843 2923 1914 sepulturae
2969 1860 3088 1900 cum
3136 1845 3336 1914 Joseph
3387 1846 3625 1915 postula-

2027 1940 2139 1986 tum
2186 1931 2378 1986 delulit
2415 1944 2634 2000 corpus,
2677 1941 2730 1986 et
2771 1931 3029 1987 condidit.
3063 1932 3195 1987 Inde
3252 1941 3306 1986 et
3353 1932 3626 2005 irreligio-

2027 2035 2148 2074 sum
2177 2026 2256 2074 est
2282 2026 2406 2073 ante
2446 2018 2771 2074 famulorum
2807 2020 2924 2091 (34)
2952 2035 3169 2076 carnem
3197 2019 3522 2092 refrigerare
3549 2021 3624 2091 ³2,

2031 2125 2188 2181 quam
2261 2107 2486 2163 domini.
2541 2107 2648 2164 Sed
2703 2108 2806 2164 hoc
2861 2124 2928 2164 ex
2983 2110 3034 2147 83
3099 2109 3628 2181 argumentationum

2029 2195 2412 2268 provocatione
2466 2197 2850 2266 commiserim,
2896 2198 3235 2267 conjecturas
3281 2198 3629 2268 conjecturis,

2029 2291 2085 2340 et
2113 2292 2290 2340 tamen
2332 2285 2382 2322 εί
2420 2292 2550 2354 puto
2596 2283 2949 2350 ﬁdelioribus,
2983 2286 3373 2356 repercutiens.
3426 2286 3632 2342 Videa-

2028 2389 2150 2428 mus
2201 2390 2268 2428 an
2316 2372 2513 2443 aliquid
2574 2373 2675 2427 tale
2727 2374 2884 2428 nobis
2939 2374 3008 2429 de
3061 2375 3428 2432 vetustatibus
3481 2392 3630 2448 quo-

2030 2477 2134 2534 que
2197 2461 2584 2533 patrocinetur.
2633 2461 2693 2516 In
2747 2461 2968 2535 Exodo,
3006 2463 3222 2519 habitus
3277 2464 3370 2520 ille
3427 2465 3633 2537 Moysis

2029 2554 2288 2609 adversus
2323 2553 2580 2608 Amalech
2633 2553 2969 2610 orationibus
3025 2554 3322 2624 praeliantis
3368 2571 3537 2628 usque
3576 2555 3632 2611 in

2029 2657 2280 2699 occasum
2327 2657 2700 2712 perseverans,
2755 2657 2932 2698 nonne
2979 2643 3137 2698 statio
3186 2643 3288 2699 fuit
3337 2645 3496 2699 sera?
3542 2644 3633 2700 Je-

2030 2747 2150 2787 sum
2197 2731 2350 2784 Nave
2396 2729 2760 2786 debellantem
2802 2731 3171 2796 Amorrhaaos,
3212 2731 3495 2802 prandisse
3541 2732 3635 2788 illa

2030 2819 2119 2874 die
2182 2817 2572 2884 existimamus,
2629 2835 2736 2890 qua
2802 2817 2934 2888 ipsis
3003 2818 3281 2874 elementis
3345 2820 3634 2875 stationem

2031 2908 2319 2980 imperavit
2345 2908 2394 2945 ⁸⁵
2413 2907 2440 2960 ?
2483 2907 2642 2962 Stetit
2671 2908 2752 2962 sol
2805 2909 2859 2962 in
2898 2907 3144 2974 Gabaon,
3177 2917 3229 2964 et
3261 2909 3388 2964 luna
3416 2909 3470 2964 in
3500 2909 3634 2965 Aia-

324 2983 714 3066 ex'ceptionem,
765 3010 874 3050 non
927 2994 1157 3048 aliarum
1208 3000 1386 3048 autem
1434 3010 1596 3065 quam
1651 2993 1924 3065 insignio-
1953 2983 1996 3061 Β
2031 2995 2122 3050 lon
2157 3011 2170 3048 :
2203 2995 2352 3050 stetit
2380 2997 2431 3034 86
2460 2997 2544 3051 sol
2587 3009 2640 3051 et
2687 2997 2814 3051 luna
2858 2997 3232 3063 instructione,
3263 2998 3437 3054 donec
3481 2997 3633 3054 ultus

325 3101 470 3155 rum,
522 3084 716 3140 exinde
773 3083 1215 3153 apostolicorum,
1267 3081 1460 3145 tertiae,
1510 3089 1697 3145 sextae,
1743 3097 1922 3138 nonae.

323 3173 462 3228 Hinc
502 3172 681 3242 itaque
727 3179 782 3226 et
809 3171 1022 3226 Petrum
1067 3169 1240 3224 dicam
1289 3185 1356 3224 ex
1402 3178 1581 3225 vetere
1609 3168 1788 3241 potius
1817 3187 1920 3226 usu

323 3277 523 3317 nonam
559 3263 896 3324 observasse,
928 3259 1085 3315 tertio
1123 3266 1368 3314 orantem
1407 3274 1677 3328 supremae
1719 3259 1920 3315 oratio-

289 3334 412 3405 lnis
460 3365 703 3404 munere.
742 3349 869 3404 Haec
906 3356 1085 3403 autem
1135 3355 1358 3419 propter
1397 3347 1536 3416 illos,
1575 3347 1668 3418 qui
1717 3365 1773 3403 se
1820 3366 1925 3418 pu-

323 3445 442 3494 tant
491 3454 556 3494 ex
605 3437 772 3495 forma
821 3436 965 3493 Petri
1011 3452 1196 3509 agere,
1247 3453 1410 3508 quam
1468 3437 1755 3508 ignorant;
1815 3453 1925 3494 non

323 3526 484 3597 quasi
528 3542 841 3596 respuamus
889 3541 1115 3590 nonam,
1156 3525 1244 3580 cui
1280 3532 1334 3581 et
1362 3525 1408 3562 ’Π
1457 3534 1647 3596 quarta
1692 3525 1922 3594 sabbati,

322 3627 380 3674 et
407 3624 555 3673 sexta
593 3616 881 3688 plurimum
919 3616 1194 3688 fungimur
1227 3633 1240 3670 :
1274 3614 1368 3670 sed
1411 3615 1540 3687 quia
1583 3631 1768 3693 eorum
1800 3633 1923 3688 quae

323 3722 394 3762 ex
433 3706 718 3761 traditione
793 3705 1170 3770 observantur,
1221 3711 1368 3759 tanto
1399 3703 1577 3776 magis
1605 3700 1779 3760 967
1834 3704 1926 3758 di-

329 3810 497 3867 gnam
555 3794 824 3850 rationem
888 3792 1082 3849 afferre
1133 3793 1418 3860 debemus,
1489 3801 1689 3865 quanto
1740 3801 1931 3849 carent

323 3883 619 3954 Scripturaa
665 3882 1002 3951 auctoritate,
1059 3881 1235 3937 donec
1288 3881 1469 3952 aliquo
1525 3881 1732 3937 caelesti
1789 3883 1927 3938 cha-

322 3973 550 4028 rismate
595 3979 684 4026 aut
735 3970 1142 4035 conﬁrmentur,
1190 3979 1281 4024 aut
1324 3969 1684 4040 corrigantur.
1741 3973 1812 4026 Et
1876 3973 1927 4026 si

322 4079 459 4134 qua,
517 4061 708 4132 inquit,
746 4061 1044 4132 ignoratis,
1102 4059 1370 4115 Dominus
1434 4059 1582 4114 vobis
1653 4059 1927 4118 reuelabit

322 4151 598 4224 (Philipp.
666 4165 752 4214 ιιι,
822 4152 929 4220 15).
989 4149 1192 4220 Itaque,
1235 4149 1475 4217 seposito
1540 4145 1924 4202 conﬁrmatore

321 4240 568 4295 omnium
608 4239 834 4295 istorum
883 4237 1180 4301 Paracleto,
1222 4235 1361 4290 duce
1409 4236 1674 4290 universae
1718 4233 1926 4290 verita-

2033 3091 2114 3138 est
2154 3083 2385 3153 populus
2421 3085 2490 3139 de
2545 3084 2775 3139 inimicis
2827 3085 2982 3153 suis;
3024 3095 3078 3141 et
3123 3086 3266 3142 stetit
3313 3087 3394 3141 sol
3450 3086 3633 3141 medio

2030 3171 2192 3240 ctelo,
2234 3181 2291 3226 et
2336 3188 2440 3227 non
2479 3174 2773 3229 accedebat
2807 3175 2854 3211 87
2883 3174 2938 3228 in
2984 3189 3236 3230 occasum
3274 3175 3412 3230 etin
3472 3175 3633 3231 ﬁnem

2032 3261 2143 3318 diei
2187 3261 2364 3319 unius.
2396 3263 2517 3317 Non
2547 3263 2596 3300 88
2628 3262 2727 3318 fuit
2767 3263 2883 3318 dies
2926 3263 3045 3318 talis
3083 3272 3229 3318 retro
3271 3272 3324 3317 et
3366 3264 3420 3318 in
3451 3263 3632 3318 novis-

2032 3351 2190 3415 simo,
2247 3350 2431 3422 utique.
2487 3360 2594 3406 tam
2653 3352 2929 3422 prolixus;
2990 3359 3067 3414 ut,
3116 3351 3306 3422 inquit,
3359 3351 3633 3407 exaudiret

2031 3439 2177 3496 Deus
2221 3439 2508 3508 hominem,
2560 3455 2745 3512 parem
2793 3439 2996 3495 scilicet
3040 3439 3192 3501 solis,
3244 3439 3533 3493 instantem
3581 3439 3632 3478 89

2032 3527 2233 3582 tamdiu
2279 3527 2334 3584 in
2384 3527 2586 3594 ofﬁcio,
2631 3528 2917 3584 stationem
2947 3528 3108 3583 etiam
3155 3543 3271 3581 sera
3311 3526 3628 3600 longiorem.

2032 3614 2188 3672 Certe
2226 3616 2356 3672 Saul
2403 3625 2457 3674 et
2498 3618 2614 3687 ipse
2660 3617 2716 3673 in
2754 3619 2945 3688 praelio
2983 3617 3325 3678 constitutus.
3359 3615 3635 3672 manifeste

2047 3721 2245 3760 munus
2272 3706 2417 3762 istud
2464 3707 2655 3762 indixit
2713 3707 2759 3775 (Ι
2789 3709 2913 3778 Reg.
2949 3721 3067 3761 xw.
3129 3707 3263 3772 24);
3309 3705 3635 3762 Maledictus

2033 3793 2195 3853 homo
2224 3795 2323 3866 qui
2360 3796 2537 3852 ederit
2566 3813 2770 3868 panem
2800 3796 2870 3850 ad
2898 3811 3186 3866 vesperam
3206 3809 3380 3866 usque
3395 3794 3528 3849 dum
3548 3794 3639 3849 ul-

2033 3885 2214 3939 ciscar
2235 3885 2300 3939 de
2320 3885 2553 3943 inimico
2573 3901 2726 3951 meo;
2757 3887 2814 3940 et
2837 3897 2950 3939 non
2971 3883 3220 3954 gustavit
3235 3887 3382 3938 totus
3399 3882 3638 3955 papulas

2031 3969 2334 4042 9686ius
2365 3978 2420 4028 et
2445 3977 2565 4029 tota
2590 3977 2746 4030 terra
2766 3991 2881 4031 non
2901 3972 3215 4045 prandebat
3233 3972 3285 4010 9°
3303 3972 3526 4026 Tantam
3551 3987 3640 4025 au-

2033 4068 2140 4114 tem
2195 4061 2339 4116 Deus
2397 4062 2644 4131 praestitit
2707 4061 3082 4118 auctoritatem
3144 4061 3319 4114 edicto
3389 4057 3639 4115 stationis

2033 4147 2198 4213 illius,
2247 4157 2307 4203 ut
2347 4149 2614 4204 Jonathan
2674 4148 2818 4203 ﬁlius
2864 4149 3062 4213 Saulis,
3119 4161 3431 4218 quanquam
3487 4145 3639 4216 igna-

2032 4251 2126 4289 rus
2166 4235 2517 4304 jejunationis
2563 4236 2617 4290 in
2669 4252 2854 4292 serum
2903 4235 3139 4291 deﬁnitae
3187 4241 3410 4307 gustum
3467 4231 3643 4288 mellis

1723 4358 1908 4420 Varia
1969 4362 2280 4422 lectiones.

402 4489 449 4526 7"
479 4489 874 4564 Probat__Seml.
898 4488 1099 4564 probet
1129 4489 1261 4564 (an:
1293 4485 1342 4564 :5
1369 4481 1841 4564 Orandum.Seml.
1874 4480 1924 4517 Ίσ
1953 4481 2192 4564 filiarum
2225 4483 2393 4564 Seznl.
2415 4481 2622 4564 _77nQu’a‘
2660 4491 2714 4538 et
2742 4483 2862 4564 cod.
2897 4483 3096 4564 ηίίζιέιυ-ζ
3124 4479 3174 4564 7f
3197 4552 3208 4562 ο
3233 4478 3645 4564 ῡίςηξοιξηειριιιί

324 4575 431 4615 nos
471 4563 641 4617 Seml.
665 4562 713 4599 79
741 4550 975 4631 Requi‘re
1004 4558 1417 4631 Seml.r3°_Cum
1465 4556 1544 4609 eis
1575 4571 1624 4631 δε
1651 4553 1696 4631 i.
1725 4569 1858 4631 ἣν..
1899 4551 2232 4631 addiscimus
2278 4550 2538 4631 sentt?"
2575 4553 2754 4631 Quam
2801 4555 2934 4631 (un.
2968 4552 3017 4589 ⁸2
3044 4550 3396 4631 Αξίθςςῇςρτιιινί
3440 4550 3644 4608 Wouw.

326 4635 494 4703 Leop.
537 4633 586 4669 33
615 4633 682 4688 Ut
712 4623 918 4686 haec'ex
951 4632 1119 4690 Seml.
1151 4630 1200 4666 8"
1240 4629 1340 4703 sed
1375 4637 1552 4703 tamen
1592 4629 1720 4703 _Lat.
1753 4625 1801 4661 8⁵
1831 4625 2142 4703 impetravit
2181 4627 2347 4703 Segni.
2378 4627 2612 4703 8":‘Stetit
2652 4625 2767 4703 cogi.
2812 4623 3089 4703 [Vomva
3121 4623 3212 4703 _I_It
3257 4631 3438 4675 autem
3483 4637 3641 4703 accee

324 4692 497 4757 debat
552 4705 719 4761 Seml.
759 4704 810 4740 ⁸8
852 4703 915 4757 In
959 4717 1236 4767 occasum,
1274 4700 1330 4756 in
1377 4697 1686 4754 ﬁnem-diei
1752 4692 1933 4759 unius,
1981 4703 2036 4751 et
2075 4710 2184 4750 non
2230 4699 2362 4753 Jun.
2410 4696 2462 4734 ⁸9
2506 4698 2764 4752 Instantis
2805 4699 2978 4752 Fran.
3017 4693 3069 4732 9°
3121 4693 3290 4748 Terra
3344 4692 3642 4761 prandebat

331 4776 512 4830 Seml.

1735 4838 2236 4902 Commentarius.

326 4951 421 5006 vis
448 4950 503 5005 id
532 4965 642 5006 non
669 4949 940 5007 existimet
977 4949 1263 5005 Pamelius.
1294 4949 1424 5003 Erat
1453 4947 1594 5020 enim
1638 4946 1926 5020 religiosus

328 5022 536 5087 cultus,
583 5023 730 5094 quod
767 5022 834 5080 ad
873 5022 1112 5093 synaxim
1150 5016 1812 5094 _aecedentcstristia'ni
1858 5016 1925 5070 ad

330 5109 534 5149 nonam
569 5089 739 5164 usque
779 5089 984 5163 jejunio
1029 5090 1677 5164 producebant;_dup_lex
1724 5089 1925 5159 quippe

332 5175 452 5222 erat
511 5161 668 5220 olim’
693 5161 980 5234 jejunium,
1030 5161 1285 5221 alterum,
1328 5161 1472 5233 quod
1529 5161 1623 5234 ad_
1656 5175 1930 5234 vesperam

339 5246 547 5293 tantum
595 5231 899 5297 finiebatur.
940 5235 1096 5306 quale
1143 5242 1256 5290 erat
1305 5231 1768 5306 quadragesimale
1803 5249 1815 5287 :
1849 5231 1933 5286 al-

338 5316 514 5362 terum
560 5323 688 5378 vero
736 5307 878 5378 quod
924 5303 1223 5378 adnonam
1252 5303 1470 5378 tantum
1518 5303 1934 5378 prorogabatur,

336 5377 646 5446 cujusmodi
702 5375 816 5432 erat
856 5377 1115 5446 jejunium
1165 5375 1312 5446 ferite
1351 5376 1384 5428 4
1430 5383 1483 5446 et
1523 5377 1576 5426 6.
1619 5375 1712 5428 Hic
1757 5381 1936 5428 autem

336 5445 716 5514 Mentanistas,
768 5445 876 5504 non
914 5445 1045 5504 vero
1093 5445 1396 5502 Catholicos
1444 5445 1742 5516 impugnat,
1791 5446 1933 5516 quod

336 5537 630 5593 perperam
666 5519 896 5575 asseruit
921 5519 1204 5593 Pamelius.
1235 5518 1447 5593 Lﬁ‘P-R.

415 5589 530 5661 (32)
568 5593 740 5649 Sexta
758 5593 872 5650 diei
898 5592 1058 5661 ﬁniri
1084 5591 1215 5648 huic
1243 5590 1428 5661 ofﬁcio
1456 5590 1652 5662 possit.
1691 5589 1808 5645 Hoc
1829 5594 1935 5650 est,

2038 4943 2311 5012 praeﬁniri,
2355 4943 2722 5000 determinari.
2757 4945 2882 5000 Rm.

2033 5009 2080 5064 iis
2106 5018 2220 5086 (33)
2270 5017 2404 5084 Quae
2420 5019 2645 5087 publice
2694 5018 2982 5072 resonant.
3007 5013 3150 5086 Ergo
3173 5009 3424 5087 septimii
3445 5010 3646 5066 saeculo

2036 5083 2143 5142 tres
2193 5083 2337 5140 horae
2377 5083 2587 5143 tantum
2634 5090 2747 5142 istae
2779 5083 3108 5158 insigniores
3149 5083 3368 5158 publice
3393 5097 3644 5158 gresona-

2042 5160 2202 5219 bant.
2253 5159 2408 5230 signo
2463 5159 2584 5214 dato
2633 5159 2758 5214 tuba
2806 5154 2918 5230 veli
2950 5155 3343 5230 tintinnabulo._
3383 5154 3646 5230 Caeterum

2045 5230 2240 5310 priscis
2269 5225 2486 5310 quoque
2524 5231 2780 5310 Romanis
2824 5229 3024 5310 eadem.
3059 5227 3188 5310 diei.
3211 5227 3381 5298 spatia
3409 5225 3647 5310 'signiﬁ-

2045 5295 2156 5375 cari
2203 5295 2380 5366 solita,
2401 5295 2642 5375 accenso
2671 5302 2772 5375 ubi
2813 5299 3028 5371 praetori
3053 5295 3330 5375 videbatur
3355 5295 3440 5375 ad,
3472 5295 3646 5366 pOpu-

2045 5373 2173 5447 lum_
2200 5373 2604 5447 pronuntiante
2669 5368 2858 5429 horam
2923 5387 3042 5447 esse
3095 5368 3334 5447 _tertiam,
3387 5368 3647 5447 itemque

2044 5438 2342 5508 meridiem,
2374 5456 2427 5499 et
2473 5445 2662 5500 horam
2709 5459 2934 5504 nonam,
2977 5442 3236 5498 discimus
3280 5454 3344 5495 ex
3387 5438 3646 5494 Varronis

2045 5516 2233 5586 quinto
2259 5517 2324 5572 de
2353 5518 2571 5588 Lingua
2599 5519 2821 5574 Latina.
2855 5515 2982 5572 RtG.
