4062 6178
458 361 597 424 1019

1144 362 1582 424 TERTULLIANI
1627 360 1891 422 OPERUM
1920 356 2088 420 PARS
2144 357 2211 418 II.
2241 391 2313 401 —-
2344 358 2571 420 SERIES
2630 360 2697 433 II,
2745 359 3066 420 MORALIA.

3629 353 3771 423 1020

454 488 766 554 admiserat,
807 496 858 544 et
901 494 1046 544 sorte
1071 486 1117 527 91
1150 503 1275 544 mox
1302 490 1375 545 de
1412 488 1611 544 delicto
1647 488 1715 543 sit
1752 487 2049 557 traductus,
2082 498 2130 576 Α
2159 483 2548 576 judicabantur
2581 485 2728 556 apud
2777 499 2880 540 nos
2916 498 3111 543 omnes
3157 486 3304 545 unici
3355 485 3455 544 Dei
3492 488 3771 547 Creatoris

451 586 504 634 et
532 579 626 633 vix
655 594 749 649 per
788 594 996 650 precem
1027 578 1216 650 pepuli
1260 578 1506 650 periculo
1546 585 1866 648 exemptus;
1910 575 2050 649 gulae

454 667 617 736 enim,
667 666 789 722 licet
835 667 1116 741 simplicis,
1164 683 1289 723 reus
1338 668 1529 723 fuerat.
1581 667 1689 722 Sed
1736 673 1791 721 et
1837 662 2047 719 Daniel.

451 770 593 813 anno
630 756 803 826 primo
852 756 999 829 regis
1048 757 1216 824 Darii,
1248 772 1372 812 cum
1418 757 1675 826 jejunans
1715 755 1768 809 in
1799 769 1956 810 sacco
1996 760 2047 808 et

453 845 633 900 cinere
670 845 1072 918 exomologesin
1115 846 1230 899 Deo
1275 853 1477 917 ageret.
1512 845 1576 899 Et
1617 844 1809 909 adhuc,
1850 842 2042 911 inquit,

454 934 708 1004 loquente
752 947 839 989 me
886 935 937 988 in
987 934 1246 1001 oratione,
1292 949 1417 990 ecce
1460 934 1542 990 vir
1594 950 1755 1005 quem
1804 932 2041 988 videram

450 1022 506 1078 in
555 1022 762 1078 somnis
810 1023 983 1090 initio,
1033 1026 1292 1081 velociter
1347 1023 1540 1079 volans
1592 1023 2045 1095 adpropinquavit

449 1112 583 1167 mihi
629 1113 781 1183 quasi
833 1114 965 1167 hora
1012 1112 1306 1183 vespertini
1363 1112 1627 1169 sacriﬁcii.
1678 1114 1802 1168 Hmc
1846 1112 1947 1166 erit
1993 1112 2043 1150 93

448 1199 609 1255 statio
648 1215 785 1269 sera,
820 1216 943 1270 quae
991 1201 1056 1254 ad
1088 1217 1366 1271 vesperam
1399 1201 1673 1271 jejunans,
1708 1200 2047 1273 pinguiorem

448 1289 742 1343 orationem
776 1290 891 1344 Deo
918 1288 1176 1346 immolat.

1069 1376 1300 1432 CAPUT
1320 1378 1419 1432 XI.

519 1461 712 1519 Omnia
741 1472 921 1519 autem
965 1465 1065 1521 ista
1094 1467 1256 1522 credo
1287 1467 1473 1539 ignota
1505 1469 1600 1533 eis,
1642 1465 1733 1539 qui
1762 1467 1829 1522 ad
1862 1474 2043 1521 nostra

449 1552 740 1608 turbantur
768 1553 904 1627 (35),
936 1565 1028 1611 aut
1056 1556 1171 1611 sola
1208 1555 1433 1612 forsitan
1465 1557 1709 1625 lectione,
1741 1572 1849 1612 non
1875 1556 2038 1611 etiam

447 1639 744 1696 intentione
775 1653 1071 1713 comperta,
1106 1646 1401 1701 secundum
1445 1648 1698 1715 majorem
1726 1646 1833 1701 vim
1864 1645 2036 1715 impe-

447 1729 692 1795 ritorum,
726 1732 870 1802 apud
919 1732 1366 1803 gloriosissimam
1399 1734 1600 1789 scilicet
1640 1733 2033 1788 multitudinem

448 1818 846 1889 Psychicorum.
917 1821 1210 1891 Propterea
1280 1838 1379 1891 per
1438 1822 1680 1892 singulas
1744 1821 2035 1876 direximus

448 1908 656 1977 species
701 1905 1123 1978 jejunationum,
1185 1910 1663 1979 xerophagiarum,
1723 1909 2036 1978 stationum,

447 2006 503 2050 ut
554 1997 678 2049 dum
746 2012 1092 2052 recensemus
1148 2001 1443 2055 secundum
1512 1999 1791 2070 utriusque
1844 2000 2037 2054 Testa-

446 2084 611 2138 menti
664 2093 986 2155 paraturam,
1038 2097 1295 2158 quantum
1336 2087 1613 2157 proficiant
1660 2089 1905 2154 recusati,
1955 2086 2039 2144 vel

448 2172 624 2238 recisi,
664 2176 747 2231 vel
797 2175 1047 2230 retardati
1090 2176 1276 2247 pabuli
1313 2176 1511 2247 ofﬁcia,
1555 2192 1649 2232 eos
1688 2178 2038 2233 retundamus

447 2260 538 2332 qui
586 2263 701 2318 haec
746 2264 889 2320 velut
934 2266 1180 2320 vacantia
1227 2266 1498 2320 inﬁrmant
1545 2266 1681 2338 (36).
1731 2268 1858 2322 [tem
1909 2265 2034 2320 dum

448 2350 674 2421 pariter
704 2353 1038 2409 ostendimus
1094 2370 1200 2426 quo
1234 2371 1452 2424 semper
1499 2355 1553 2409 in
1602 2355 1790 2410 ordine
1844 2354 2039 2410 fuerint

448 2440 748 2513 religionis,
782 2457 876 2498 eos
923 2443 1259 2499 revincamus
1298 2444 1389 2514 qui
1434 2445 1550 2499 haec
1598 2446 1655 2500 ut
1694 2458 1831 2499 nova
1876 2460 2035 2500 accu-

449 2539 597 2600 sant;
633 2548 731 2587 nec
769 2548 965 2589 novum
1011 2534 1155 2589 enim
1204 2534 1350 2606 quod
1389 2549 1621 2604 semper,
1666 2550 1764 2589 nec
1810 2550 2036 2591 vacuum

448 2619 594 2689 quod
631 2621 784 2677 utile.
821 2621 929 2677 Sed
968 2629 1022 2677 et
1061 2622 1190 2677 illud
1223 2622 1275 2677 in
1322 2623 1504 2677 medio
1545 2634 1643 2691 est,
1685 2625 1929 2694 quaedam
1970 2641 2040 2681 ex

450 2707 532 2761 his
583 2708 827 2765 ofﬁciisa
878 2712 984 2766 Deo
1032 2711 1236 2766 homini
1286 2711 1565 2782 imperata,
1619 2712 1793 2784 legem
1841 2714 2040 2768 consti-

450 2796 655 2862 tuisse;
718 2800 967 2870 quzedam
1033 2800 1099 2854 ab
1158 2799 1375 2855 homine
1439 2801 1552 2856 Deo
1609 2801 1804 2872 oblata,
1860 2811 2041 2857 votum

448 2888 803 2957 expunxisse;
848 2897 1023 2943 tamen
1071 2896 1125 2943 et
1171 2899 1377 2959 votum,
1407 2905 1527 2944 cum
1569 2906 1599 2944 a
1628 2891 1742 2944 Deo
1788 2900 2037 2961 accepta-

2159 572 2239 631 et~
2276 568 2468 630 Christi
2537 575 2655 645 ejus
2718 574 3012 642 antistites,
3070 576 3319 649 adeoque
3383 576 3767 637 indifferenter

2158 662 2293 719 hanc
2336 671 2551 735 partem
2592 662 2843 728 defendo,
2898 663 3007 721 illis
3054 663 3292 722 offerens
3336 665 3392 721 in
3442 682 3554 738 quo
3593 668 3763 726 velint

2156 753 2384 825 gradum
2430 752 2615 824 ﬁgere.
2663 753 2901 823 Spiritus
2949 753 3156 810 diaboli
3204 763 3306 820 est,
3346 754 3497 820 dicis,
3545 770 3579 810 o
3626 758 3763 829 Psy-

2154 843 2322 898 chice.
2380 843 2445 899 Et
2488 843 2760 913 quomodo
2805 842 2903 898 Dei
2947 844 3116 899 nostri
3172 843 3351 900 ofﬁcia
3396 841 3603 914 indicit,
3655 861 3756 902 nec

2153 931 2242 986 alii
2303 931 2581 987 offerenda
2637 947 2797 1001 quam
2863 933 2978 988 Deo
3034 934 3261 989 nostro?
3323 931 3434 987 Aut
3486 934 3756 991 contende

2152 1022 2423 1077 diabolum
2462 1037 2582 1077 cum
2626 1022 2743 1077 Deo
2793 1022 2963 1078 facere
2999 1030 3205 1087 nostro,
3246 1029 3343 1077 aut
3381 1022 3607 1077 Satanas
3646 1025 3753 1079 Pa-

2153 1112 2381 1167 racletus
2462 1110 2736 1166 habeatur.
2819 1112 2925 1167 Sed
3008 1111 3280 1166 hominem
3359 1111 3751 1168 Antichristum

2150 1200 2438 1271 adﬁrmas;
2515 1202 2619 1257 hoc
2690 1200 2834 1256 enim
2897 1209 3155 1257 vacantur
3216 1201 3457 1256 haeretici
3532 1202 3750 1258 nomine

2151 1307 2318 1361 penes
2359 1291 2639 1345 Joannem.
2688 1290 2754 1347 Et
2801 1291 3076 1363 quomodo
3132 1289 3377 1362 quisquis
3421 1289 3514 1345 ille
3559 1298 3638 1346 est
3684 1292 3741 1346 in

2149 1379 2358 1435 Christo
2392 1388 2593 1444 nostro,
2628 1381 2740 1435 haec
2781 1396 2909 1451 erga
2938 1379 3230 1435 Dominum
3272 1386 3514 1434 nostrum
3572 1377 3745 1434 ofﬁcia

2148 1468 2431 1540 disposuit,
2482 1483 2602 1523 cum
2658 1477 2713 1524 et
2740 1468 3059 1524 Antichristi
3108 1483 3237 1539 erga
3284 1468 3458 1522 Deum
3497 1468 3515 1506 ι
3556 1467 3747 1523 adver-

2150 1574 2242 1612 sus
2301 1565 2546 1613 nostrum
2596 1558 2963 1628 processerint
3015 1558 3337 1612 Christum?
3393 1555 3515 1624 Quo
3567 1557 3749 1629 itaque

2146 1656 2301 1719 putas
2357 1645 2583 1700 laterum
2647 1644 3023 1701 conﬁrmatum
3087 1644 3230 1715 apud
3296 1660 3395 1700 nos
3466 1644 3744 1715 spiritum,

2144 1751 2269 1791 cum
2309 1735 2557 1804 imperat,
2604 1740 2673 1789 an
2718 1751 2841 1790 cum
2880 1734 3076 1804 probat
3123 1749 3245 1805 quae
3282 1734 3432 1788 Deus
3475 1743 3661 1789 noster
3696 1729 3774 1789 et'

2141 1823 2423 1894 imperavit
2466 1839 2682 1893 semper
2729 1830 2782 1879 et
2828 1822 3124 1895 probavit?
3180 1824 3286 1877 Sed
3343 1838 3538 1877 rursus
3596 1824 3749 1894 palos

2145 1911 2452 1967 terminales
2497 1911 2661 1984 ﬁgitis
2700 1913 2811 1965 Deo
2850 1910 2986 1983 (38),
3029 1911 3169 1966 sicut
3205 1911 3272 1965 de
3312 1910 3519 1982 gratia,
3563 1911 3635 1967 ita
3677 1912 3747 1967 de

2144 2000 2473 2070 disciplina;
2514 1999 2652 2055 sicut
2681 1999 2749 2054 de
2808 2000 3239 2065 charismatibus,
3282 1998 3351 2053 ita
3383 2008 3438 2053 et
3478 1999 3501 2037 2
3540 1999 3606 2054 de
3660 2015 3747 2055 so-

2143 2089 2439 2156 lemnibus;
2484 2096 2544 2143 ut
2581 2088 2805 2159 proinde
2852 2088 3034 2144 ofﬁcia
3076 2087 3425 2153 cessaverint,
3477 2090 3746 2158 quemad-

2145 2178 2360 2234 modum
2406 2186 2461 2233 et
2509 2177 2767 2233 beneficia
2815 2179 2956 2248 ejus,
2999 2186 3162 2250 atque
3204 2177 3275 2231 ita
3320 2178 3531 2249 negetis
3578 2193 3748 2250 usque

2143 2268 2319 2322 adhuc
2368 2283 2492 2321 eum
2542 2268 2723 2322 munia
2778 2267 3065 2336 imponere,
3116 2266 3245 2335 quia
3293 2272 3347 2319 et
3395 2265 3481 2322 hic
3527 2266 3640 2321 Lex
3692 2275 3746 2333 et

2144 2358 2420 2428 prophetae
2476 2372 2649 2427 usque
2696 2356 2761 2411 ad
2806 2357 3113 2410 Joannem:
3160 2361 3409 2422 superest
3467 2362 3523 2409 ut
3571 2362 3742 2410 totum

2146 2445 2417 2509 auferatis,
2452 2453 2710 2517 quantum
2740 2445 2791 2496 in
2816 2441 2965 2496 vobis
2994 2448 3099 2494 tam
3130 2440 3384 2496 otiosum.

2750 2530 2970 2585 CAPUT
3010 2527 3131 2582 XII.

2216 2625 2334 2678 Jam
2362 2623 2500 2677 enim
2539 2626 2589 2675 et
2619 2619 2673 2673 in
2697 2619 2796 2673 ista
2827 2616 3009 2688 specie
3038 2616 3219 2671 ditati
3251 2615 3610 2687 saturatz'que
3638 2630 3737 2670 re-

2147 2714 2339 2785 gnatz's
2382 2712 2427 2781 (Ι
2482 2712 2601 2768 Cor.
2633 2724 2713 2774 tv,
2736 2706 2813 2776 8),
2840 2702 3026 2760 970
3058 2719 3160 2759 non
3191 2702 3382 2757 delicta
3429 2702 3733 2757 incusantes

2147 2816 2267 2873 quae
2321 2797 2539 2869 jejuniis
2586 2795 2891 2860 elimentur,
2938 2809 3040 2849 nec
3081 2790 3462 2850 revelationum
3508 2787 3734 2845 scientia

2147 2889 2467 2963 indigentes,
2535 2900 2656 2957 quae
2722 2882 3063 2954 xerOphagiis
3127 2886 3567 2949 extorqueantur,
3636 2892 3741 2932 nec

450 2982 562 3027 tum
589 2982 687 3039 est,
722 2975 901 3046 legem
945 2978 1000 3031 in
1043 2986 1315 3047 posterum
1362 2957 1483 3035 facit
1510 2979 1579 3046 93,
1616 2995 1713 3048 per
1750 2957 2041 3035 auctorita-
2073 2957 2117 3037 θ
2148 2957 2292 3035 bella
2353 2975 2571 3049 propria
2628 2980 2949 3039 metuentes,
3004 2986 3124 3043 quae
3189 2967 3511 3024 stationibus
3566 2964 3743 3021 discu-

448 3071 555 3117 tem
609 3065 995 3133 acceptatoris;
1046 3065 1239 3121 exinde
1292 3067 1435 3121 enim
1492 3066 1788 3124 faciendum
1822 3069 2041 3123 manda-

447 3150 543 3215 vit,
585 3150 676 3220 qui
722 3151 920 3208 factum
978 3156 1370 3226 comprobavit.
1426 3156 1605 3229 Itaque
1661 3165 1714 3212 et
1760 3157 1849 3214 hic
1886 3158 1936 3196 94
1984 3158 2037 3212 in

444 3240 549 3295 alia
621 3242 798 3311 specie
846 3244 1119 3299 altercatio
1193 3244 1422 3300 diversae
1511 3246 1678 3317 partis
1732 3246 2035 3311 obducitur,

444 3344 565 3383 cum
595 3330 782 3386 dicunt
808 3348 821 3387 :
848 3332 955 3388 Aut
978 3334 1463 3405 pseudoprOphetia
1482 3344 1564 3389 est
1592 3334 1637 3388 si
1659 3335 1916 3405 spiritalis
1935 3353 2037 3392 vox

448 3421 719 3476 solemnia.
759 3421 859 3476 ista
910 3422 1214 3492 constituit;
1267 3430 1360 3478 aut
1428 3424 1669 3493 haeresis,
1720 3423 1769 3478 si
1811 3426 2040 3480 humana

447 3511 799 3583 praesumptio
829 3512 1117 3570 adinvenit.
1154 3513 1285 3568 Eam
1316 3512 1460 3568 enim
1493 3513 1719 3569 formam
1748 3516 2039 3584 reprehen-

450 3601 643 3656 dentes
670 3618 775 3673 qua
818 3609 871 3656 et
897 3610 1082 3659 vetera
1112 3602 1554 3673 decucurrerunt,
1586 3612 1638 3657 et
1664 3618 1727 3656 ex
1766 3617 1825 3656 ea
1868 3613 2039 3658 retor-

449 3701 676 3760 quentes
727 3704 845 3758 quae
890 3691 940 3728 9⁵
992 3690 1282 3745 adversarii
1338 3702 1585 3745 veterum
1641 3689 1897 3745 adversus
1947 3693 2039 3748 illa

446 3784 700 3847 poterant
745 3776 796 3813 θδ
843 3785 1157 3841 retractare;
1219 3788 1312 3833 aut
1358 3785 1408 3832 et
1437 3778 1525 3831 illa
1583 3792 1828 3833 recusare
1880 3781 2038 3836 debe-

449 3864 582 3917 bunt
636 3864 705 3931 97,
764 3870 854 3917 aut
920 3872 1064 3919 certe
1117 3862 1169 3901 9⁸
1222 3865 1324 3919 ista
1388 3866 1659 3934 suscipere
1715 3870 2034 3941 necessario,

451 3950 677 4006 maxime
722 3950 772 3988 99
826 3966 950 4004 cum
997 3960 1049 4007 et
1103 3950 1228 4021 ista,
1276 3968 1304 4005 a
1364 3967 1689 4023 quocunque
1736 3954 2040 4013 institutore

450 4041 576 4105 sint,
625 4040 739 4096 sive
790 4039 1035 4110 spiritali,
1080 4041 1192 4097 sive
1239 4049 1438 4097 tantum
1498 4042 1663 4110 fideli,
1715 4045 1885 4101 eidem
1926 4048 2039 4104 Deo

2150 3070 2365 3124 tiantur.
2407 3066 2473 3121 Ut
2519 3065 2586 3118 ab
2630 3064 2837 3118 Joanne
2885 3060 3183 3116 Paracletus
3221 3055 3596 3122 obmutuisset,
3641 3054 3745 3125 ipsi

2148 3156 2306 3213 nobis
2345 3155 2622 3226 propheta:
2650 3151 2708 3205 in
2735 3153 2872 3205 banc
2911 3147 3142 3203 maxime
3172 3160 3417 3200 caussam
3446 3142 3744 3199 exstitisse-

2148 3264 2313 3302 mus:
2343 3247 2455 3316 jam
2494 3258 2603 3297 non
2639 3242 2762 3296 dico
2805 3238 2872 3294 ad
2916 3236 3241 3293 exorandam
3292 3232 3393 3289 Dei
3440 3232 3595 3301 iram,
3642 3246 3745 3286 nec

2147 3337 2214 3390 ad
2251 3332 2644 3406 impetrandam
2687 3329 2901 3383 tutelam
2947 3329 3064 3396 ejus
3108 3332 3200 3379 aut
3242 3322 3492 3394 gratiam,
3537 3320 3634 3375 sed
3677 3319 3742 3374 ad

2146 3422 2602 3497 pmmuniendam
2642 3433 2735 3487 per
2765 3417 3128 3484 nosmetipsos
3155 3410 3570 3468 novissimorum
3602 3416 3742 3462 tem-

2149 3529 2341 3585 porum
2378 3507 2764 3575 conditionem,
2803 3504 3099 3560 indicentes
3153 3516 3368 3557 omnem
3415 3498 3746 3569 ταπεινοφρό-

2147 3623 2308 3670 νησιν,
2349 3617 2469 3656 cum
2524 3612 2706 3653 carcer
2761 3592 3118 3656 ediscendus,
3173 3598 3225 3645 et
3288 3590 3459 3644 fames
3514 3602 3581 3642 ac
3630 3586 3748 3641 sitis

2149 3691 2486 3752 exercendae,
2517 3696 2570 3740 et
2608 3696 2708 3739 tam
2751 3682 2946 3736 inediae
2987 3694 3150 3750 quam
3207 3679 3351 3733 anxii
3384 3679 3557 3733 victus
3614 3675 3747 3731 tole-

2153 3780 2332 3837 rantia
2375 3774 2685 3846 usurpanda
2726 3771 2807 3837 sit,
2838 3780 2895 3825 ut
2943 3770 2996 3823 in
3040 3783 3307 3825 carcerem
3362 3768 3486 3824 talis
3520 3767 3753 3822 introeat

2150 3869 2501 3929 Christianus,
2525 3862 2697 3935 qualis
2716 3861 2841 3917 inde
2866 3858 3141 3932 prodisset
3172 3876 3187 3926 ;
3222 3873 3331 3913 non
3378 3872 3590 3928 poenam
3639 3855 3752 3909 illic

2150 3972 2426 4032 passurus,
2462 3953 2555 4009 sed
2588 3951 2926 4023 disciplinam
2963 3965 2976 4017 ;
3011 3964 3113 4003 nec
3134 3947 3314 4002 saeculi
3338 3954 3621 4014 tormenta,
3650 3945 3747 3999 sed

2149 4045 2480 4111 suaot'ficia;
2530 4057 2704 4111 eoque
2754 4039 3006 4093 ﬁdentior
3054 4052 3406 4107 processurus
3442 4036 3511 4090 ad
3569 4043 3749 4090 certa-

449 4126 631 4186 969
669 4141 886 4186 currant
924 4128 1058 4203 (37),
1102 4130 1188 4187 cui
1227 4139 1281 4188 et
1326 4140 1526 4187 vetera.
1567 4134 1867 4189 Indubitate
1896 4139 2038 4193 enim
2073 4115 2120 4192 Β
2154 4154 2277 4195 men
2307 4152 2336 4190 e
2367 4131 2605 4191 custodia
2633 4130 2837 4185 abusus
2859 4126 2993 4199 (39),
3025 4126 3156 4181 nihil
3187 4125 3391 4180 habens
3425 4124 3625 4191 carnis,
3670 4122 3752 4178 sic

448 4232 502 4277 et
545 4222 766 4277 haeresis
793 4229 844 4277 et
878 4223 1372 4294 pseudOprOphetia
1402 4222 1693 4279 divinitatis
1731 4225 2036 4285 diversitate

2149 4239 2208 4286 ut
2255 4240 2354 4281 nec
2398 4224 2635 4278 habeant
2687 4225 2948 4276 tormenta
2997 4216 3317 4286 materiam;
3373 4230 3493 4271 cum
3543 4213 3656 4271 sola
3702 4221 3759 4267 et

1813 4371 2001 4438 Variae
2062 4377 2378 4440 lectiones.

525 4498 571 4537 9‘
605 4498 674 4554 Ut
704 4505 847 4555 sorte
875 4500 1009 4555 Jun.
1060 4498 1109 4537 93
1155 4500 1285 4555 Erat
1329 4516 1435 4557 ms.
1500 4501 1697 4559 Wouw.
1741 4503 1791 4542 93
1819 4505 1997 4563 Sancit
2033 4511 2157 4565 Lat.
2191 4508 2240 4546 9"
2276 4505 2415 4559 Hinc
2457 4500 2627 4561 Seml.
2658 4498 2708 4537 95
2738 4497 2803 4552 Et
2833 4495 2961 4552 add.
2996 4493 3165 4565 Seml.
3201 4492 3251 4532 96
3296 4494 3551 4551 Poterunt
3579 4497 3752 4556 Seml.

454 4570 884 4647 9_7Potuerunt..:
940 4571 1239 4647 debuerunt
1282 4573 1412 4647 Lat.
1461 4570 1512 4647 9?
1540 4572 1733 4630 Exerta
1761 4564 2125 4636 Semlexerta
2164 4582 2335 4635 Fran.
2393 4575 2444 4614 99
2493 4570 2720 4647 maxime
2770 4570 2926 4628 abest
2980 4582 3015 4621 a
3074 4564 3194 4622 cod.
3264 4567 3463 4625 Wouw.
3518 4569 3535 4605 ί
3584 4572 3748 4645 Erga.

460 4641 626 4700 Deum
657 4639 823 4700 delet.
846 4643 968 4699 Lat.
998 4643 1023 4679 ²
1051 4643 1117 4699 Et
1145 4643 1309 4701 delet.
1344 4643 1514 4701 Seml.

1851 4800 2351 4868 Commentarius.

530 4931 651 5073 (34)
685 4934 925 5013 Carnem
953 4930 1310 5001 refrigerari.
1351 4929 1663 4999 Quiescere.
1695 4934 1820 4989 Bia.

560 5004 626 5057 35
687 5005 791 5071 Qut
821 5003 893 5057 ad
920 5008 1117 5058 nostra
1139 5003 1467 5059 turbantur.
1501 5005 1816 5062 Paracletica

560 5003 651 5071 35)
687 5004 792 5071 Qui
821 5003 893 5057 ad
920 5008 1117 5058 nostra
1139 5003 1467 5059 turbantur.
1501 5005 1816 5062 Paracletica
1844 5006 2049 5064 scilicet

459 5072 907 5128 Montanistarum
940 5073 1199 5128 instituta.
1240 5074 1362 5129 Rm.

531 5144 647 5222 (3e)
676 5144 780 5212 Qui
807 5143 927 5222 haec
945 5145 1100 5222 velut
1126 5148 1395 5222 vacantia
1424 5148 1754 5217 inﬁrmant.
1788 5149 2064 5222 Tanquam

459 5214 667 5269 inutilia
696 5222 749 5267 et
779 5215 929 5285 pretii
960 5215 1178 5271 nullius.
1207 5218 1329 5272 RlG.

531 5286 647 5359 (37)
679 5286 896 5359 ,Ez'dem
948 5288 1053 5344 Deo
1099 5294 1359 5346 currant.
1420 5290 1531 5346 Hoc
1593 5298 1676 5345 est
1720 5291 1893 5347 eidem
1950 5292 2065 5347 Deo

460 5358 802 5415 conveniant.
837 5359 1145 5431 De‘eodem
1177 5361 1289 5416 Deo
1342 5360 1482 5416 dicta
1533 5359 1757 5431 intelligi
1809 5361 2061 5417 debeant.

460 5431 549 5487 Sic
578 5431 805 5485 Baeticus
835 5428 965 5483 dixit
992 5430 1069 5502 (de
1100 5432 1215 5486 Deo
1257 5449 1269 5488 :
1335 5451 1359 5480 (ι
1422 5432 1625 5502 Vanum
1673 5428 1754 5487 est
1799 5442 2066 5502 praecepta

461 5502 591 5576 dare
620 5502 819 5576 quibus
854 5501 1100 5576 homines
1145 5502 1400 5576 viverent,
1449 5510 1504 5555 et
1557 5500 1737 5571 ipsum
1782 5500 1890 5571 jam
1917 5500 2066 5576 quia

464 5570 652 5656 horno'
680 5588 800 5630 esse
847 5573 1101 5656 dignatus
1152 5582 1264 5656 ‘est,
1301 5570 1415 5656 sine
1460 5570 1851 5655 praeceptorum
1882 5570 2068 5656 obser-

462 5646 676 5702 vatione
705 5642 1029 5704 cucurrisse.
1077 5666 1100 5696 ι
1152 5645 1264 5701 Hoc
1291 5653 1403 5712 est,
1434 5642 1707 5719 peregisse
1742 5660 1863 5718 quae
1910 5646 1977 5703 de
1999 5662 2066 5703 eo

2164 4935 2410 4993 ordinata
2439 4940 2491 4988 et
2519 4929 2773 5002 prmdicta
2799 4927 3031 5002 fuerant.
3059 4924 3186 5002 litt}.

2230 5007 2357 5077 (38),
2377 4997 2541 5062 Palas
2566 5002 2895 5077 terminales
2921 4998 3095 5077 ﬁgith
3122 4999 3250 5076 Deo.
3279 4997 3545 5077 Auctores
3568 4998 3754 5077 ﬁnium

2159 5068 2523 5146 regundorum
2553 5075 2703 5144 palos
2735 5089 2842 5146 pro
2862 5068 3107 5146 terminis
3135 5068 3187 5121 in
3207 5068 3547 5146 quibusdam
3578 5073 3754 5142 regio-

2176 5139 2336 5204 nibus
2372 5149 2501 5218 poni
2530 5139 2747 5218 docent,
2790 5142 2991 5218 iliceos,
3032 5139 3375 5218 pleagitieos,
3415 5139 3753 5213 junipereos,

2176 5211 2486 5295 etc.,7pn_los
2515 5220 2580 5272 de
2608 5211 2733 5272 ilice
2767 5215 2994 5295 picatos.
3028 5211 3148 5267 RiG.
3352 5288 3363 5295 ‘

2246 5291 2361 5361 (39)
2379 5293 2745 5346 Processurus
2770 5285 2846 5341 ad
2863 5288 3153 5361 certamen
3178 5297 3206 5338 ε
3226 5285 3497 5361 custodia
3525 5285 3755 5361 abusus.

2178 5354 2414 5427 Abusus,
2448 5362 2610 5427 longo
2643 5377 2743 5415 usu
2776 5354 3513 5429 prOpemodumabsumptus
3539 5358 3759 5413 confec-

2176 5426 2475 5503 tusque.’Si
2512 5426 2642 5503 quid
2687 5426 2939 5500 juvarent
2985 5426 3595 5503 exemplariatmallem,
3638 5430 3758 5488 obe-

2176 5449 2385 5503 tusque.
2419 5449 2475 5488 bl
2550 5449 2642 5487 utu
2687 5449 2939 5500 Juvarent
2985 5449 3327 5494 exetnpturta,
3361 5449 3595 5493 manem,
3638 5449 3758 5488 ουσ.

2176 5523 2288 5571 sus,
2324 5449 2778 5579 quemadmodum
2809 5508 2959 5555 vetus
2987 5505 3145 5579 poeta
3158 5500 3297 5579 ap_ud
3326 5500 3593 5567 Gellium,
3634 5503 3758 5561 οδε.

2175 5594 2306 5634 sum
2332 5571 2466 5632 dixit
2498 5590 2595 5647 pro
2625 5574 2751 5631 exili
2781 5580 2836 5627 et
2852 5571 3173 5642 gracilento.
3203 5571 3329 5628 Bm.
