4058 6172
436 320 575 380 1023

1169 314 1604 376 TERTULLIANI
1642 310 1909 373 OPERUM
1945 307 2113 370 PARS
2150 308 2215 367 II.
2248 339 2320 350 —
2355 305 2585 367 SERIES
2622 307 2690 373 II,
2723 304 3034 365 MORALIA.

3582 298 3732 359 1024

430 445 580 501 tione
608 442 899 513 majorum,
938 439 1176 511 nihilque
1203 439 1601 497 observationis
1626 437 1859 510 amplius
1887 433 2030 504 adji-
2054 447 2101 526 Α
2124 432 2322 505 pimus,
2353 432 2662 489 necessario
2691 431 2856 487 etiam
2893 446 3018 503 quae
3047 437 3174 485 tunc
3221 425 3501 485 constituit
3536 427 3735 526 obser:

435 532 709 601 ciendum,
760 531 832 586 ob
891 528 1135 586 illicitum
1191 529 1576 587 innovationis.
1632 529 1778 585 State
1822 526 1879 582 in
1925 525 2027 581 isto

435 622 631 693 gradu,
665 619 710 675 si
738 619 979 692 potestis.

1023 760 1250 817 CAPUT
1276 760 1425 815 XIII.

511 889 651 943 Ecce
688 886 832 943 enim
872 885 1128 941 convenio
1178 900 1276 940 vos
1312 884 1430 954 (51)
1474 891 1527 939 et
1582 891 1781 953 praeter
1835 882 2035 937 Pascha

439 976 777 1045 jejunantes,
809 974 943 1029 citra
980 974 1101 1028 illos
1130 973 1249 1028 dies
1279 972 1475 1045 quibus
1502 972 1710 1027 ablatus
1736 981 1818 1028 est
1862 987 2033 1042 spon-

443 1074 618 1134 sus,et
646 1065 935 1120 stationum
967 1062 1300 1132 semijejunia
1338 1061 1762 1131 interponentes,
1795 1068 1847 1117 et
1866 1077 1991 1118 vero
2011 1062 2037 1099 ⁸

442 1154 711 1209 interdum
738 1170 877 1226 pane
932 1161 986 1208 et
1028 1168 1169 1222 aqua
1213 1150 1515 1207 victitantes
1564 1152 1698 1221 (52),
1729 1158 1786 1205 ut
1840 1152 2035 1225 cuique

440 1242 613 1300 visum
659 1250 776 1307 est;
846 1241 1080 1311 denique
1137 1240 1475 1309 respondetis
1530 1242 1646 1295 haec
1690 1256 1757 1295 ex
1812 1242 2036 1297 arbitrio

441 1332 647 1404 agenda
676 1345 784 1385 non
804 1347 869 1385 ex
907 1329 1158 1401 imperio.
1191 1329 1434 1384 Movistis
1464 1328 1628 1398 igitur
1669 1327 1895 1398 gradum
1936 1344 2036 1382 cx-

441 1420 681 1476 cedendo
712 1418 1075 1483 traditionem,
1105 1434 1226 1473 cum
1258 1433 1378 1489 quae
1418 1432 1524 1471 non
1556 1416 1663 1471 sint
1691 1415 1715 1451 9
1745 1416 2039 1471 constituta

440 1508 620 1562 obitis.
657 1507 828 1575 Quale
865 1516 945 1561 est
998 1516 1174 1563 autem
1223 1516 1281 1559 ut
1341 1515 1432 1560 tuo
1479 1505 1704 1560 arbitrio
1756 1504 2038 1573 permittas

439 1597 585 1669 quod
626 1597 855 1667 imperio
903 1595 1001 1651 Dei
1043 1611 1151 1650 non
1198 1596 1339 1648 das?
1392 1594 1511 1665 plus
1558 1596 1805 1647 humanas
1855 1592 2037 1648 licebit

440 1686 698 1744 voluntati
728 1702 886 1757 quam
926 1685 1120 1741 divinae
1152 1682 1456 1755 potestati?
1498 1684 1638 1752 Ergo
1677 1697 1764 1735 me
1812 1683 2032 1747 saeculo,

443 1793 550 1830 non
598 1778 710 1831 Deo
758 1776 985 1829 liberum
1017 1773 1270 1827 memini:
1317 1772 1395 1826 sic
1425 1787 1631 1825 mecum
1664 1778 1745 1826 est
1775 1773 1917 1825 ultro
1948 1772 2029 1827 of-

444 1865 624 1919 ﬁcium
656 1864 833 1917 facere
878 1862 1128 1929 Domino,
1169 1860 1306 1915 sicut
1328 1859 1376 1897 1°
1420 1859 1661 1916 indicere
1716 1860 1857 1914 illius
1902 1869 2026 1927 est;

443 1967 549 2006 non
582 1958 786 2004 tantum
817 1950 1046 2019 obsequi
1075 1947 1123 2004 ei
1154 1948 1346 2015 debeo,
1384 1950 1477 2003 sed
1506 1946 1680 2005 972
1711 1956 1765 2003 et
1792 1950 2027 2021 adulari;

442 2039 577 2093 illud
608 2037 751 2093 enim
783 2037 1013 2109 imperio
1060 2039 1198 2108 ejus,
1250 2040 1349 2093 hoc
1384 2039 1608 2093 arbitrio
1649 2054 1768 2094 meo
1811 2048 2029 2109 praesto.

441 2126 588 2180 Bene
626 2134 802 2180 autem
844 2125 987 2197 quod
1036 2136 1090 2181 et
1118 2126 1357 2197 episcopi
1387 2127 1650 2183 universae
1681 2127 1822 2199 plebi
1878 2144 2036 2183 man-

443 2214 574 2268 dare
597 2214 808 2285 jejunia
836 2217 1073 2270 assolent
1097 2234 1111 2279 ;
1146 2233 1253 2270 non
1272 2218 1392 2271 dico
1414 2216 1481 2272 de
1509 2217 1775 2271 industria
1807 2217 2033 2288 stipium

442 2302 912 2371 conferendarum,
943 2310 1003 2358 ut
1050 2310 1245 2357 vestrae
1276 2312 1516 2375 capturas
1556 2314 1674 2368 est;
1726 2305 1818 2359 sed
1865 2306 2033 2359 inter-

444 2391 571 2445 dum
600 2398 653 2445 et
681 2407 745 2444 ex
783 2391 961 2463 aliqua
990 2390 1368 2447 sollicitudinis
1396 2392 1781 2447 ecclesiasticae
1819 2409 2030 2448 caussa.

446 2477 630 2549 Itaque
653 2479 699 2532 si
738 2488 793 2534 et
829 2495 895 2534 ex
923 2479 1158 2534 hominis
1189 2480 1386 2544 edicto,
1417 2492 1471 2535 et
1525 2480 1581 2536 in
1631 2498 1796 2536 unum
1846 2498 2036 2538 omnes

443 2568 876 2639 ταπεινοφρόνῃσιν
929 2567 1173 2638 agitatis,
1222 2568 1496 2637 quomodo
1558 2567 1614 2621 in
1660 2569 1819 2626 nobis
1863 2570 2035 2639 ipsam

444 2672 659 2725 quoque
696 2657 950 2711 unitatem
985 2656 1384 2725 jejunationum
1414 2665 1468 2711 et
1493 2658 1942 2731 xerOphagiarum
1982 2668 2036 2714 et

445 2744 734 2799 stationum
762 2746 1027 2799 denotatis
1058 2747 1086 2799 ?
1126 2744 1227 2799 nisi
1260 2745 1395 2799 forte
1426 2744 1479 2798 in
1509 2758 1728 2801 senatus
1772 2747 2035 2813 consulta,

445 2840 500 2888 et
528 2835 581 2888 in
622 2834 945 2906 principium
975 2835 1218 2889 mandata
1237 2834 1558 2891 coitionibus
1586 2836 1835 2908 opposita
1865 2837 2037 2891 delin-

444 2922 678 2993 quimus.
712 2923 940 2990 Spiritus
968 2931 1205 2989 sauctus,
1235 2938 1357 2977 cum
1400 2923 1456 2976 in
1499 2924 1698 2993 quibus
1732 2923 1887 2979 vellet
1932 2936 2035 2979 ter-

445 3010 540 3078 ris,
565 3015 620 3063 et
649 3026 742 3079 per
771 3026 907 3081 quos
921 3011 1081 3065 vellet
1100 3011 1438 3083 praedicaret,
1472 3027 1536 3065 ex
1571 3013 1905 3084 providentia
1925 3014 2034 3069 im-

2137 538 2343 579 vamus.
2378 522 2614 594 AdSpice
2633 521 2697 576 ad
2725 520 2982 577 Iudaicos
3013 519 3197 583 fastos,
3221 525 3276 573 et
3322 518 3569 573 invenies
3596 516 3733 571 nihil

2138 626 2353 677 novum,
2383 610 2429 665 si
2484 610 2529 647 ιι
2578 625 2698 683 quae
2744 608 2984 681 patribus
3034 616 3159 662 sunt
3214 613 3505 678 praecepta,
3554 605 3733 660 omnis

2137 699 2394 770 deinceps
2448 700 2735 770 posteritas
2790 696 3131 752 hereditaria
3185 694 3446 768 religione
3472 693 3730 751 custodit.

2139 791 2393 862 Aguntur
2434 794 2694 859 praeterea
2723 786 2769 825 ¹²
2819 801 2918 857 per
2943 784 3183 839 Graecias
3215 783 3325 853 (53)
3368 783 3459 838 illa
3494 781 3541 820 1³
3571 783 3736 837 certis

2140 877 2197 932 in
2226 880 2362 934 locis
2400 878 2623 933 concilia
2658 894 2724 933 ex
2765 876 3028 932 universis
3074 873 3314 929 ecclesiis
3355 888 3454 943 per
3504 888 3629 943 qua;
3682 882 3735 927 et

2141 967 2329 1022 altiora
2359 981 2584 1038 quaeque
2631 966 2684 1020 in
2730 979 3013 1020 commune
3062 968 3377 1026 tractantur,
3413 966 3470 1016 et
3498 961 3617 1033 ipsa
3645 976 3734 1016 re-

2142 1058 2486 1128 praesentatio
2517 1056 2680 1111 totius
2727 1052 2959 1110 nominis
3006 1051 3291 1107 Christiani
3335 1066 3529 1119 magna
3560 1065 3731 1103 vene-

2143 1146 2353 1201 ratione
2381 1146 2705 1201 celebratur.
2737 1143 2806 1197 Et
2836 1143 2941 1197 hoc
2965 1157 3127 1212 quam
3159 1140 3383 1211 dignum
3410 1139 3515 1195 ﬁde
3552 1138 3739 1211 auSpi-

2145 1242 2299 1290 cante
2333 1233 2654 1307 congregari
2682 1231 2922 1302 undique
2950 1231 3016 1285 ad
3065 1228 3365 1285 Christum!
3412 1230 3537 1285 Vide
3570 1246 3738 1300 quam

2146 1325 2354 1380 bonum
2365 1328 2419 1380 et
2440 1339 2610 1395 quam
2620 1321 2947 1392 jucundum
2970 1319 3223 1375 habitare
3237 1320 3449 1387 fratres
3468 1319 3533 1371 in
3556 1333 3739 1371 unum

2146 1416 2320 1484 (Psal.
2377 1414 2507 1484 cn);
2555 1413 2658 1466 hoc
2716 1420 2773 1465 tu
2832 1409 3056 1479 psallere
3111 1423 3218 1463 non
3249 1407 3399 1461 facile
3428 1406 3590 1474 nosti,
3636 1406 3742 1461 nisi

2149 1518 2258 1573 quo
2296 1509 2535 1574 tempore
2579 1516 2702 1555 cum
2748 1496 3115 1568 compluribus
3173 1511 3373 1553 ccenas.
3424 1494 3738 1550 Conventus

2144 1608 2322 1654 autem
2354 1596 2435 1652 illi
2465 1595 2782 1651 stationibus
2812 1594 2963 1664 prius
2991 1601 3043 1648 et
3060 1590 3493 1662 jejunationibus
3509 1590 3737 1663 Operati,

2071 1697 2114 1773 Β
2145 1689 2330 1743 dolere
2363 1703 2487 1743 cum
2515 1684 2576 1757 ,14
2608 1685 2937 1750 dolentibus,
2968 1691 3020 1738 et
3049 1683 3123 1736 ita
3148 1682 3368 1737 demum
3397 1681 3741 1752 congaudere

2136 1775 2492 1849 gaudentibus
2520 1782 2738 1828 norunt.
2772 1772 2831 1827 Si
2857 1782 2909 1827 et
2937 1772 3039 1825 ista
3077 1770 3339 1826 solemnia
3367 1770 3569 1840 quibus
3609 1775 3737 1821 tunc

2141 1878 2379 1934 praesens
2407 1860 2769 1933 patrocinatus
2808 1868 2889 1914 est
2929 1873 3128 1922 sermo,
3163 1872 3261 1913 nos
3291 1872 3504 1929 quoque
3569 1855 3625 1908 in
3658 1853 3739 1906 di-

2137 1951 2307 2008 versis
2355 1948 2650 2022 provinciis
2702 1945 2879 2005 973
2910 1946 3183 2019 fungimur
3211 1946 3266 2000 in
3295 1945 3483 2017 spiritu
3510 1944 3738 1999 invicem

2140 2039 2532 2111 repraesentati,
2573 2039 2653 2092 lex
2682 2044 2761 2093 est
2793 2035 3117 2091 sacramenti
3150 2035 3288 2105 (54).

2734 2178 2967 2237 CAPUT
3006 2178 3151 2236 XIV.

2212 2306 2416 2360 Horum
2456 2304 2619 2378 igitur
2674 2310 2921 2375 tempora
2978 2302 3345 2368 observantes,
3402 2308 3457 2353 et
3502 2300 3621 2355 dies
3690 2304 3741 2354 et

2143 2409 2357 2449 menses
2412 2402 2465 2446 et
2520 2407 2715 2458 annos,
2767 2390 3120 2465 galaticamur
3180 2391 3315 2459 (55).
3347 2388 3513 2442 Plane
3564 2387 3611 2441 si
3638 2388 3738 2441 Ju-

2142 2482 2414 2537 daicarum
2447 2480 2913 2547 caeremoniarum,
2954 2481 2998 2534 si
3028 2478 3292 2551 legalium
3336 2477 3739 2532 solemnitatum

2141 2571 2486 2628 observantes
2550 2585 2781 2625 sumus:
2832 2568 2953 2623 illas
3002 2569 3145 2623 enim
3176 2567 3473 2639 Apostolus
3513 2566 3739 2621 dedocet

2141 2674 2488 2729 compescens
2518 2658 2730 2715 Veteris
2778 2658 3104 2713 Testamenti
3157 2657 3212 2712 in
3259 2657 3473 2712 Christo
3544 2653 3740 2726 sepulti

2142 2747 2591 2817 perseverantiam
2624 2746 2691 2818 15,
2724 2753 2779 2801 et
2836 2746 2959 2801 novi
3013 2746 3229 2802 sistens.
3287 2744 3449 2813 Quod
3504 2747 3548 2797 si
3604 2757 3740 2798 nova

2142 2837 2378 2893 conditio
2409 2837 2461 2889 in
2490 2835 2701 2891 Christo
2755 2836 2865 2905 jam
2919 2850 3059 2889 nova
3102 2842 3156 2889 et
3191 2833 3460 2889 solemnia
3487 2848 3611 2887 esse
3641 2833 3739 2887 de-

2142 2926 2378 2993 bebunt;
2410 2934 2503 2980 aut
2530 2925 2575 2978 si
2605 2940 2821 2979 omnem
2850 2922 2904 2976 in
2934 2931 3103 2977 totum
3134 2922 3474 2977 devotionem
3521 2928 3739 2990 tempo-

2145 3030 2261 3068 rum
2335 3022 2387 3069 et
2434 3013 2644 3069 dierum
2701 3020 2754 3067 et
2806 3012 3069 3068 mensium
3138 3020 3192 3068 et
3250 3026 3514 3067 annorum
3575 3010 3742 3064 erasit

447 3097 784 3163 minentium,
828 3099 945 3153 sive
991 3099 1471 3155 ecclesiasticarum
1518 3101 1897 3167 tentationum,
1929 3103 2040 3157 sive
2074 3113 2116 3191 ε
2147 3104 2447 3175 apostolus,
2506 3119 2601 3158 cur
2657 3102 2857 3157 Pascha
2906 3101 3242 3155 celebramus
3297 3115 3480 3155 annuo
3530 3099 3739 3155 circulo

448 3186 796 3241 mundialium
828 3190 1130 3260 plagarum,
1156 3186 1265 3259 qua
1296 3190 1622 3254 Paracletus,
1655 3188 1708 3243 id
1739 3198 1819 3244 est
1863 3192 2035 3245 advo-

446 3283 615 3340 catus,
647 3276 718 3331 ad
746 3278 1077 3333 exorandum
1105 3277 1365 3346 judicem,
1397 3278 1707 3346 hujusmodi
1739 3278 2037 3336 officiorum

448 3366 689 3421 remedia
727 3367 1027 3421 mandabat.
1063 3367 1193 3420 Puta
1246 3384 1391 3422 nunc
1429 3367 1495 3420 ad
1542 3369 1899 3423 exercendam
1944 3385 2041 3424 so-

446 3454 687 3510 brietatis
714 3462 769 3511 et
805 3455 1144 3511 abstinentiae
1184 3455 1518 3525 disciplinam
1552 3472 1564 3508 :
1609 3457 1750 3513 hunc
1780 3456 1870 3527 qui
1902 3458 2042 3513 rcci-

2147 3193 2201 3247 in
2245 3208 2428 3248 mense
2484 3192 2702 3264 primo?
2734 3191 2841 3245 Cur
2894 3189 3287 3261 quinquaginta
3315 3189 3512 3244 exinde
3542 3188 3741 3242 diebus

2149 3280 2200 3334 in
2256 3282 2399 3337 omni
2449 3280 2798 3336 exsultatione
2852 3278 3237 3333 decurrimus?
3266 3295 3361 3332 cur
3418 3277 3741 3332 stationibus

2151 3373 2395 3441 quartam
2450 3377 2503 3425 et
2557 3380 2764 3423 sextam
2821 3368 3039 3423 Sabbati
3096 3367 3357 3437 dicamus,
3414 3374 3467 3421 et
3517 3367 3742 3435 jejuniis

2153 3460 2479 3516 Parasceven
2508 3458 2768 3530 (56-57)?
2799 3472 3103 3529 qnanquam
3132 3471 3229 3511 vos
3260 3457 3421 3512 etiam
3447 3456 3741 3511 Sabbatum

1826 3581 2016 3644 Variae
2065 3587 2380 3646 lectiones.

520 3687 545 3724 8
575 3686 613 3760 Ε
640 3700 740 3760 vos
772 3687 941 3741 Seml.
977 3686 1002 3723 9
1032 3686 1189 3760 Sunt.
1228 3688 1398 3760 Seml.
1436 3686 1481 3723 ιο
1506 3685 1595 3741 Sic
1626 3687 1794 3742 Seml.
1830 3688 1873 3725 ιι
1905 3688 1985 3743 Sit
2011 3691 2148 3745 Jun.
2181 3689 2228 3727 ¹²
2258 3691 2532 3760 Praecepta
2561 3694 2729 3747 Fran.
2767 3689 2813 3727 13
2842 3688 2963 3742 Illas
2991 3692 3161 3746 Fran.
3203 3688 3251 3727 1"
3295 3688 3445 3743 Sum.
3489 3692 3658 3746 Fran.
3695 3687 3743 3726 ¹⁵

450 3757 654 3826 Sepulti
687 3764 1036 3825 perseverant
1064 3757 1191 3812 add.
1228 3758 1399 3813 Seml.

1841 3829 2340 3895 Commentarius.

524 3935 637 4004 (51)
669 3936 805 3989 Ecce
824 3934 977 3989 enim
1006 3935 1272 3989 convenio
1300 3949 1411 3988 vos.
1444 3931 1609 4001 Quasi
1638 3936 1907 3989 contraria
1935 3951 2025 3991 ac-

450 4004 617 4060 tione.
649 4006 772 4059 Βία.

522 4074 637 4146 (52)
662 4077 785 4131 Vero
801 4075 1086 4151 interdum
1102 4091 1250 4146 pane
1268 4077 1613 4151 (iactitantes.
1637 4077 1750 4151 Hoc
1770 4087 1872 4142 est,
1893 4094 2031 4151 puro

450 4156 507 4202 et
555 4162 700 4201 mero
745 4162 901 4218 pane,
954 4150 1212 4202 siccantes
1240 4147 1419 4201 cibum
1466 4148 1536 4201 ab
1582 4150 1726 4202 omni
1767 4147 1946 4218 carne,
1979 4159 2031 4206 et

451 4218 598 4273 omni
621 4217 928 4286 jurulentia,
961 4229 1016 4273 ut
1052 4218 1165 4289 ipse
1196 4220 1267 4273 ait
1304 4219 1405 4274 hoc
1444 4219 1534 4271 lib.
1570 4220 1693 4274 Rte.

523 4290 636 4357 (53)
673 4292 776 4344 Per
818 4290 1075 4361 Graeciae.
1110 4290 1207 4361 Per
1244 4291 1417 4345 varias
1446 4290 1671 4345 Graeciae
1711 4291 2027 4361 provincias,

453 4361 502 4413 in
551 4362 744 4431 quibus
807 4360 950 4414 varia
1011 4360 1235 4431 concilia
1272 4372 1454 4416 coacta
1494 4371 1636 4417 sunt.
1690 4364 1895 4430 Legunt
1944 4365 2026 4418 alii

458 4430 699 4487 Graicias
734 4432 869 4487 illas
901 4432 1045 4503 quod
1079 4430 1261 4487 forsan
1292 4448 1396 4487 non
1431 4432 1584 4488 male.
1619 4435 1693 4487 Le
1729 4435 1823 4487 Pa.

523 4504 636 4573 (54)
664 4505 777 4558 Lex
805 4507 887 4558 est
916 4505 1276 4560 sacramenti.
1317 4504 1750 4558 «Communionis
1788 4504 2041 4558 Christia-

453 4589 537 4627 nae
568 4575 651 4628 lex
681 4580 782 4637 est,
832 4586 891 4629 ut
928 4584 1170 4629 nostrum
1215 4574 1284 4628 sit
1320 4575 1677 4646 quodcunque
1733 4584 2039 4629 nostrorum

454 4652 575 4706 est;
626 4654 877 4700 caeterum
928 4646 1123 4700 dividis
1175 4660 1443 4715 corpus.»
1491 4646 1581 4701 Sic
1626 4646 1769 4699 enim
1825 4646 1900 4700 ait
1940 4646 2035 4700 lib.

453 4717 518 4771 de
549 4717 859 4788 Virginibus
886 4718 1156 4779 velandis,
1184 4717 1276 4770 ubi
1298 4728 1351 4773 et
1370 4717 1470 4771 alia
1503 4717 1741 4785 praclara
1770 4716 1837 4772 de
1868 4718 2043 4772 Chris-

451 4787 578 4842 tiani
610 4787 855 4858 cerporis
878 4788 1110 4857 partium
1139 4802 1427 4845 consensu.
1459 4790 1585 4844 th.

523 4858 639 4929 (55)
673 4859 1078 4929 Galaticamur.
1137 4859 1441 4929 [insanimus
1483 4870 1539 4914 ut
1585 4858 1813 4915 Galatae.
1846 4860 1933 4914 Sic
1974 4861 2041 4915 ab

452 4928 929 5003 ingenioCilicum
969 4928 1302 5003 fraudulento
1331 4930 1557 5003 verbum
1591 4931 1881 5003 tymlixftuv
1927 4930 2040 4984 for-

453 4999 623 5073 mavit
651 4999 991 5073 Pherecrates
1019 5000 1277 5073 comicus,
1300 5003 1366 5056 ad
1398 5002 1608 5073 fraudes
1625 4999 1682 5057 et
1713 5002 2040 5073 imposturas

453 5069 971 5147 deorumgentilium
990 5071 1368 5147 signiﬁcandas
1389 5088 1411 5147 :7
1429 5072 1528 5147 Ἀεί
1549 5069 2037 5147 ποθήμῶν’ἐγκιζουσ’

455 5140 502 5193 οἱ
530 5139 649 5203 θεοί,
681 5139 963 5207 imponunt
992 5139 1302 5198 et'illudunt
1331 5146 1488 5199 nobis
1518 5139 1792 5199 cilicatim.
1828 5139 2039 5200 Galati-

453 5226 655 5340 E‘amur,
678 5211 969 5283 desipimus
997 5214 1317 5286 galaticatim
1341 5215 1710 5284 ;judaizamur
1729 5223 1786 5271 ut
1813 5216 2036 5270 Galatia.

507 5300 583 5339 ιο.

507 5300 583 5339 lG.

524 5354 735 5426 (56-57)
752 5354 1212 5411 Curstationibus
1224 5362 1485 5426 quartam
1502 5361 1555 5411 et
1574 5362 1795 5412 sextam
1819 5356 2040 5411 Sabbati

454 5428 730 5491 dicamus,
755 5430 810 5481 et
828 5427 1071 5497 jejuniiis
1109 5429 1475 5497 Parasceven.
1537 5427 1625 5479 Ait
1661 5427 2038 5493 Tertullianus,

455 5499 676 5571 sepultis
713 5496 1035 5571 Testamenti
1082 5496 1283 5571 veteris
1327 5497 1657 5551 solemnibus
1707 5497 2042 5571 Christianos

458 5567 773 5642 condidisse
814 5582 990 5642 novas
1009 5567 1073 5642 in
1103 5568 1323 5642 Christo
1356 5570 1499 5642 leges
1529 5578 1583 5625 et
1617 5584 1752 5642 nova
1783 5568 2044 5625 solemnia

455 5640 729 5713 abrogatis
753 5639 976 5710 jejuniis
1005 5638 1256 5698 Mosaicis
1286 5638 1579 5699 instituisse
1608 5641 1866 5699 stationes
1893 5648 1945 5697 et
1958 5642 2045 5712 je-

2132 3938 2285 4020 iunia
2305 3937 2620 4020 Christiana.
2642 3940 2704 3993 Et
2723 3939 3050 4020 stationibus
3073 3938 3312 4020 quidem,
3347 3938 3558 4020 dicatas
3580 3936 3743 3995 fuisse

2140 4011 2302 4082 ferias
2330 4011 2594 4079 cujusque
2616 4012 2932 4080 septimana
2962 4021 3205 4082 quartam
3243 4018 3296 4063 et
3318 4018 3545 4070 sextam,
3581 4023 3741 4063 exce-

2140 4088 2230 4151 pta
2262 4080 2391 4134 feria
2418 4090 2565 4135 sexta
2595 4097 2715 4152 quae
2754 4092 2896 4136 esset
2924 4080 3211 4151 Πάρασκευὴ
3242 4087 3322 4133 τοῦ
3357 4082 3534 4146 Πάσχα
3564 4126 3579 4149 ,
3611 4096 3741 4151 sep-

2141 4152 2353 4206 timanae
2381 4152 2580 4207 scilicet
2601 4154 2922 4208 authenticae
2950 4153 3002 4205 in
3026 4169 3184 4213 quam
3215 4153 3482 4206 incideret
3516 4152 3738 4217 Pascha,

2142 4223 2254 4277 sive
2295 4224 2411 4277 dies
2441 4225 2673 4288 Pascha},
2701 4224 2994 4278 Sabbatum
3027 4224 3303 4289 Paschale,
3337 4238 3442 4293 quo
3474 4223 3564 4278 die
3593 4223 3743 4278 Chri-

2142 4300 2260 4377 stus
2277 4294 2537 4377 Eeclesias
2555 4310 2788 4377 sponsus
2809 4295 3018 4349 ablatus
3054 4302 3176 4377 εει..
3194 4295 3420 4377 Etenim“
3436 4308 3499 4348 eo
3529 4293 3738 4377 diein-

2145 4365 2285 4420 dicta
2320 4366 2481 4420 fuisse
2518 4364 2739 4435 jefunia,
2783 4381 2904 4437 quae
2952 4381 3056 4421 non
3101 4364 3275 4419 solum
3323 4381 3354 4419 a
3385 4365 3738 4437 Paracleticis,

2146 4452 2333 4490 verum
2362 4437 2517 4491 etiam
2557 4434 2588 4490 a
2644 4434 2925 4508 Psychicis
2983 4438 3037 4499 in
3094 4437 3386 4491 Sabbatum
3445 4434 3737 4508 continua-

2147 4508 2361 4561 bantur.
2399 4508 2492 4561 llic
2554 4522 2683 4562 vero
2725 4506 3095 4564 'Tertullianus
3145 4510 3410 4575 observat,
3444 4506 3739 4562 Sabbatum

2149 4578 2200 4631 in
2243 4579 2439 4634 Pascha
2488 4578 2875 4647 jejunandum;
2936 4581 3037 4634 hoc
3093 4584 3194 4643 est,
3246 4579 3534 4633 Sabbatum
3571 4579 3741 4647 septi-

2146 4664 2318 4705 manae
2366 4650 2419 4703 in
2475 4665 2633 4720 quam
2681 4649 2957 4704 incidisset
3015 4649 3131 4703 dies
3188 4653 3404 4704 Pascha:
3462 4650 3583 4703 sive
3622 4652 3741 4703 Pas-

2147 4720 2314 4793 sionis
2369 4720 2683 4784 Dominicze,
2732 4737 2852 4792 quae
2909 4729 2991 4775 est
3031 4722 3277 4793 vaenue;
3317 4721 3495 4793 ἡμέρα,
3549 4732 3739 4775 cetera

2147 4790 2381 4845 Sabbata
2421 4807 2711 4862 nunquam
2751 4790 3097 4862 'jejunanda,
3159 4790 3226 4846 ne
3297 4790 3601 4859 judaizare,
3652 4802 3740 4845 aut

2149 4861 2432 4932 galaticari
2478 4861 2794 4920 videamur.
2840 4863 3052 4919 Addit:
3094 4884 3117 4913 α
3176 4863 3347 4917 Nobis
3410 4872 3556 4918 certe
3621 4878 3738 4917 om-

2146 4933 2400 5006 nisidies
2459 4934 2617 5006 etiam
2671 4934 2883 5006 vulgata
2912 4934 3313 4989 consecratione
3345 4933 3676 5006 celebratur.
3716 4956 3735 5006 9

2145 5005 2353 5075 Quibus
2408 5004 2584 5059 verbis
2651 5004 3009 5077 consentanea
3066 5011 3193 5058 sunt
3248 5004 3738 5077 haecJHieronymi

2145 5077 2307 5147 epist.
2345 5079 2436 5131 151
2469 5095 2481 5130 :
2520 5095 2544 5127 α
2575 5076 2741 5131 Nobis
2768 5078 2857 5148 qui
2890 5078 2942 5130 in
2974 5076 3246 5148 Christum
3269 5075 3539 5131 Credimus
3569 5075 3742 5131 resur-

2147 5146 2386 5221 gentem,
2432 5148 2579 5221 jugis
2636 5155 2708 5221 et“
2734 5146 2936 5221 aeterna
2975 5146 3239 5221 festivitas
3286 5154 3387 5207 est,
3427 5163 3523 5221 nec
3554 5157 3742 5219 putare

2147 5217 2405 5273 debemus
2458 5219 2593 5273 alios
2660 5218 2774 5272 dies
2840 5218 3026 5281 festos,
3104 5218 3239 5272 alios
3297 5233 3405 5272 non
3466 5217 3659 5273 festos.
3717 5238 3738 5267 ι

2146 5289 2357 5361 Adepta
2404 5291 2605 5345 scilicet
2656 5306 2756 5361 per
2807 5289 3081 5361 Christum
3142 5289 3401 5361 libertate,
3469 5306 3593 5359 quae
3642 5305 3741 5345 no-

2143 5359 2599 5416 stris‘ccrvicibus
2662 5359 2870 5415 exemit
2908 5362 3106 5432 jugum
3178 5360 3549 5432 Mosaicarumr
3598 5362 3745 5416 caeri-

2148 5432 2449 5487 moniarum
2484 5442 2536 5487 et
2583 5432 2833 5501 legalium
2881 5431 3299 5486 solemnitatum.
3355 5431 3506 5486 Unde
3540 5431 3742 5487 intelli-

2151 5505 2347 5577 gimus,
2380 5504 2552 5576 inquit
2597 5503 2901 5577 Septimius
2947 5511 3132 5557 noster
3179 5504 3447 5577 aduersus
3502 5503 3741 5577 Judaros,

2153 5573 2273 5646 cap.
2303 5578 2367 5648 Δ4
2398 5617 2411 5642 ,
2455 5573 2639 5648 ’ωλςὶε
2696 5574 3029 5648 sabbatizare
3088 5588 3186 5628 nos
3241 5576 3307 5627 ab
3367 5573 3517 5629 omni
3585 5590 3745 5648 Opere

2159 5646 2337 5702 servili
2412 5646 2628 5718 semper
2682 5646 2915 5715 debere,
2972 5653 3026 5700 et
3084 5659 3192 5700 non
3248 5653 3453 5700 tantum
3512 5646 3743 5715 septimo
