4062 6178
271 460 317 514 si
344 454 566 531 quando
593 446 936 510 continuatis,
962 458 1230 514 nunquam
1261 439 1364 495 nisi
1392 437 1446 493 in
1479 436 1683 493 Pascha
1707 433 1860 531 jeju-

275 523 513 602 nandum
556 539 853 596 secundum
893 533 1150 590 rationem
1203 530 1327 585 alibi
1373 527 1657 589 redditam,
1707 523 1864 579 nobis

278 644 422 693 certe
453 631 622 690 874
665 625 842 684 omnis
869 624 987 679 dies
1011 623 1173 679 etiam
1203 619 1418 689 vulgata
1460 613 1866 674 consecratione

279 726 604 784 celebratur.
644 720 757 774 Nec
801 729 936 787 ergo
978 712 1117 783 apud
1166 709 1490 780 Apostolum
1516 702 1865 760 differentiae

282 812 440 878 ratio,
481 809 899 879 distinguentem
928 817 1068 856 nova
1097 806 1151 854 et
1181 795 1516 852 vetera.'Sed
1540 801 1596 847 et
1625 793 1709 847 hic
1731 791 1866 845 inae-

282 902 514 974 qualitas
549 904 729 955 vestra
776 891 1060 960 ridebitur,
1110 903 1236 942 cum
1274 880 1868 974 vestutatumformam

286 970 440 1046 nobis
474 983 831 1060 exprobratis,
863 980 919 1035 in
946 995 1054 1050 quo
1085 975 1132 1015 16
1160 989 1376 1031 causam
1406 970 1660 1028 novitatis
1701 983 1868 1025 accu-

285 1079 432 1134 satis.

888 1207 1116 1268 CAPUT
1143 1207 1267 1264 XV.

359 1341 630 1412 Reprobat
657 1337 820 1395 etiam
839 1335 959 1390 illos
979 1333 1068 1406 qui
1083 1333 1351 1402 jubebant
1365 1329 1409 1366 1"
1430 1326 1561 1384 cibis
1579 1325 1874 1390 abstinere,

287 1431 386 1487 sed
413 1430 482 1486 de
510 1425 850 1499 providentia
865 1423 1100 1494 Spiritus
1117 1420 1283 1476 sancti
1302 1418 1749 1486 13,przedamnans
1765 1416 1878 1485 jam

287 1518 572 1576 haereticos
612 1524 925 1587 perpetuam
969 1509 1347 1568 abstinentiam
1407 1513 1780 1578 praecepturos
1809 1502 1877 1558 ad

289 1607 618 1664 destruenda
637 1614 690 1660 et
709 1602 1057 1674 deSpicienda
1079 1615 1244 1672 Opera
1267 1596 1568 1652 Creatoris:
1595 1596 1781 1666 quales
1797 1593 1880 1648 in-

286 1699 507 1754 veniam
559 1695 704 1765 apud
757 1693 1100 1758 Marcionem,
1173 1687 1317 1759 apud
1372 1685 1673 1751 Tatianum,
1739 1683 1880 1753 apud

1589 314 1785 375 LIBER
1829 310 1916 371 DE
1947 303 2244 366 JEJUNllS.

3432 296 3574 361 1026

1973 428 2165 495 ducat,
2210 429 2264 479 et
2311 426 2410 495 qui
2438 438 2556 479 non
2597 421 2936 478 manducat.
2997 423 3107 478 Deo
3162 423 3282 494 agit
3332 426 3570 495 gratias.

1975 517 2159 586 (Rom.
2188 527 2308 578 xw,
2347 515 2380 568 2
2416 519 2472 566 et
2500 513 2702 584 seqq.).
2736 510 2871 567 Cum
2920 519 3099 566 autem
3163 511 3406 567 humano
3433 512 3578 567 arbi-

1975 607 2076 660 trio
2105 611 2248 659 vetet
2267 601 2320 654 33.
2335 603 2755 658 controversiam
2785 599 2923 666 ﬁeri,
2943 609 3142 672 quanto
3164 601 3340 674 magis
3361 601 3569 657 divinol

1977 695 2058 749 Ita
2094 693 2299 749 sciebat
2358 691 2624 764 quosdam
2679 689 3034 760 castigatores
3089 701 3142 745 et
3199 689 3578 747 interdictores

1977 783 2153 839 victus
2182 781 2448 848 incusare,
2483 781 2575 852 qui
2628 796 2694 834 ex
2742 779 2984 846 fastidio,
3016 794 3126 833 non
3164 779 3256 849 qui
3301 795 3366 834 ex
3395 779 3576 836 ofﬁcio

1979 871 2338 941 abstinerent;
2374 871 2618 941 probare
2646 885 2778 926 vero
2804 868 2904 940 qui
2936 867 2991 921 in
3031 869 3316 934 honorem,
3348 885 3458 925 non
3485 869 3579 941 qui

1978 959 2032 1016 in
2059 960 2366 1017 convicium
2392 957 2684 1014 Creatoris.
2724 959 2793 1013 Et
2823 959 2868 1012 si
2899 957 3077 1014 claves
3109 958 3319 1014 macelli
3348 959 3442 1014 tibi
3475 969 3584 1014 tra-

1979 1049 2132 1116 didit,
2165 1049 2478 1120 permittens
2506 1045 2623 1102 esui
2652 1045 2836 1101 omnia
2875 1046 2944 1099 ad
2988 1047 3426 1103 constituendam
3462 1046 3584 1104 ido-

1981 1140 2311 1210 lothytorum
2366 1137 2758 1208 exceptionem,
2793 1150 2904 1191 non
2948 1144 3126 1192 tamen
3155 1137 3211 1193 in
3249 1138 3473 1196 macello
3499 1152 3581 1195 re‘

1983 1243 2152 1298 gnum
2183 1229 2284 1282 Dei
2322 1227 2556 1282 inclusit.
2593 1227 2700 1281 Nec
2739 1225 2912 1289 enim,
2948 1225 3141 1296 inquit,
3193 1241 3322 1284 esus
3363 1231 3464 1282 aut
3489 1244 3583 1299 po-

1989 1319 2080 1371 tus
2109 1320 2193 1371 est
2217 1315 2317 1370 Dei
2347 1330 2604 1386 regnum,
2623 1321 2698 1377 et,
2727 1315 2868 1368 Esca
2884 1328 2986 1368 nos
3020 1316 3123 1368 Deo
3151 1329 3268 1369 non
3296 1327 3583 1370 commen-

1987 1406 2117 1472 dat;
2149 1419 2255 1460 nou
2287 1411 2345 1459 ut
2404 1405 2472 1458 de
2520 1403 2670 1458 arida
2697 1403 2899 1458 dictum
2955 1411 3132 1472 putes,
3169 1402 3258 1456 sed
3310 1401 3487 1472 potius
3514 1401 3584 1458 de

1987 1501 2145 1548 uncta
2173 1500 2225 1547 et
2255 1499 2528 1549 accurata.
2563 1489 2843 1561 Siquidem
2876 1488 3190 1558 subjiciens,
3209 1506 3311 1545 nec
3340 1491 3390 1544 si
3417 1506 3585 1546 man-

1987 1585 2404 1648 ducaverimus,
2435 1580 2844 1637 abundabimus
2865 1580 2947 1632 2’*:
2979 1593 3082 1633 nec
3110 1579 3161 1633 si
3194 1595 3311 1634 non
3339 1579 3586 1634 mandu-

1989 1675 2327 1739 caverimus,
2392 1670 2750 1740 deﬁciemus;
2809 1668 2906 1722 tibi
2961 1665 3136 1738 magis
3207 1665 3446 1732 insonat,
3490 1666 3585 1738 qui

287 1787 497 1853 Jovem,
538 1749 860 1838 hddiernum
909 1780 978 1834 de
1033 1749 1338 1850 Pvtha-gora
1383 1749 1714 1840 haereticum,
1769 1749 1878 1827 non
1913 1749 1957 1826 Β
1986 1772 2265 1827 abundare
2319 1780 2370 1825 te
2397 1767 2694 1832 existimas,
2723 1765 2768 1820 si
2823 1763 2972 1830 edas,
3025 1770 3080 1818 et
3127 1762 3358 1819 deficere
3397 1764 3444 1818 si
3480 1779 3589 1820 non

291 1875 438 1945 apud
490 1870 844 1925 Paracletum.
907 1865 1178 1934 Quantula
1243 1873 1329 1919 est
1386 1864 1530 1917 enim
1585 1861 1728 1931 apud
1783 1876 1886 1916 nos

295 1958 604 2016 interdictio
631 1957 878 2012 ciborum
907 1952 1021 2025 (58)
1041 1954 1069 2008 ?
1098 1953 1231 2007 duas
1261 1950 1317 2004 in
1347 1965 1489 2005 anno
1520 1950 1887 2006 hebdomadas

298 2047 751 2120 xerOphagiarum
801 2044 938 2115 (59),
997 2057 1094 2097 nec
1152 2047 1330 2108 totas,
1391 2039 1632 2109 exceptis
1685 2036 1888 2093 scilicet

298 2134 546 2192 Sabbatis
591 2144 646 2188 et
683 2129 980 2187 Dominicis
1025 2128 1312 2184 offerimus
1353 2127 1506 2194 Deo;
1560 2125 1888 2181 abstinentes

296 2228 365 2280 ab
395 2225 497 2295 eis,
536 2238 658 2295 quae
705 2236 816 2277 non
849 2216 1148 2288 rejicimus,
1196 2216 1292 2270 sed
1339 2213 1657 2270 differimus.
1687 2211 1888 2282 Atquin

297 2314 365 2370 ad
393 2315 666 2370 Romanos
711 2307 976 2373 scribens,
1019 2321 1118 2362 vos
1164 2319 1306 2360 nunc
1333 2304 1646 2374 compungit
1675 2303 1891 2357 detrec-

299 2411 498 2460 tatores
543 2401 589 2440 19
621 2400 781 2470 hujus
823 2395 1028 2453 officii:
1065 2396 1142 2453 Ne
1162 2397 1391 2466 propter
1419 2393 1688 2465 pabulum
1713 2393 1888 2448 solve-

299 2493 452 2559 ritis,
476 2487 642 2546 535
669 2486 862 2558 inquit,
886 2502 1025 2557 opus
1062 2485 1183 2540 Dei.
1219 2482 1373 2551 Quod
1391 2483 1565 2552 Opus?
1586 2485 1652 2536 de
1670 2495 1778 2552 quo
1790 2480 1883 2535 ait:

301 2586 515 2639 Bonum
544 2583 624 2637 est
650 2591 881 2634 carnem
901 2591 1016 2631 non
1038 2573 1218 2640 edere,
1241 2575 1298 2628 et
1310 2574 1507 2628 vinum
1525 2588 1640 2630 non
1664 2575 1886 2644 potare.

299 2673 436 2727 Nam
462 2669 555 2741 qui
582 2668 639 2723 in
670 2665 788 2722 istis
817 2665 1005 2730 servit,
1027 2662 1300 2735 placabilis
1321 2671 1377 2718 et
1397 2661 1756 2734 prapiliabilis
1778 2662 1889 2717 Deo

301 2770 487 2816 nostro
514 2765 617 2812 est.
648 2755 886 2824 Quidam
906 2753 1086 2810 credit
1106 2753 1302 2808 omnia
1321 2748 1721 2807 manducanda
1749 2765 1887 2820 esse,

303 2849 534 2922 quidam
582 2848 775 2899 autem
830 2843 1097 2910 inﬁrmus
1153 2842 1308 2898 olera
1359 2839 1409 2876 ²ο
1455 2840 1738 2906 vescitur;
1794 2840 1892 2911 qui

1991 1859 2138 1927 edas,
2204 1866 2257 1914 et
2307 1858 2432 1912 ideo
2505 1855 2607 1910 ista
2681 1854 2970 1909 detractas.
3024 1852 3317 1907 Dominum
3375 1867 3590 1924 quoque

1990 1963 2152 2019 quam
2198 1945 2418 2016 indigne
2465 1945 2531 1999 ad
2583 1951 2729 1999 tuam
2758 1941 3037 1998 libidinem
3069 1939 3441 2013 interpretaris
3467 1955 3591 2012 pas-

1994 2037 2097 2091 sim
2156 2035 2572 2090 manducantem
2632 2040 2686 2086 et
2741 2031 3051 2096 bibentem,
3111 2029 3202 2085 sed
3265 2037 3393 2100 puto
3447 2029 3593 2100 quod

1993 2125 2152 2180 etiam
2201 2122 2458 2194 jejunarit
2511 2121 2581 2187 25,
2623 2119 2714 2192 qui
2762 2121 2969 2182 beatos,
3027 2133 3133 2174 non
3178 2125 3461 2185 saturatos,
3496 2117 3594 2174 sed

1995 2213 2293 2268 esurientes
2356 2218 2411 2266 et
2465 2210 2730 2277 sitientes,
2790 2208 3186 2280 pronuntiarit;
3261 2209 3352 2278 qui
3413 2223 3595 2263 escam

1994 2301 2381 2373 profitebatur,
2441 2315 2550 2355 non
2631 2314 2791 2370 quam
2866 2297 3115 2370 discipuli
3207 2297 3594 2364 existimarunt,

1994 2399 2089 2455 sed
2138 2397 2343 2470 paterni
2399 2395 2582 2470 Operis
2638 2395 3061 2466 perfectionem,
3119 2395 3317 2452 docens
3381 2394 3596 2467 operari

1994 2503 2193 2552 escam,
2223 2503 2348 2558 qua
2399 2494 2681 2556 permanet
2729 2485 2784 2539 in
2817 2487 2984 2541 vitam
3031 2493 3322 2550 aeternam;
3373 2485 3428 2540 in
3456 2486 3602 2541 ordi-

1995 2578 2142 2633 naria
2171 2577 2332 2632 etiam
2371 2575 2620 2630 oratione
2666 2589 2865 2646 panem
2908 2574 3164 2630 mandans
3196 2575 3599 2644 postulandum,

1995 2683 2103 2722 non
2161 2673 2214 2722 et
2258 2665 2516 2721 Attalicas
2571 2663 2787 2718 divitias
2835 2664 2902 2718 26.
2936 2664 3023 2718 Sic
3068 2672 3122 2718 et
3170 2665 3332 2718 Isaias
3365 2679 3472 2718 non
3503 2680 3602 2718 ne-

1996 2754 2146 2827 gavit
2192 2755 2363 2807 Deum
2393 2751 2626 2824 elegisse
2663 2751 2932 2818 jejunium
2962 2792 2976 2819 ,
3031 2752 3122 2804 sed
3161 2753 3321 2822 quale
3355 2767 3460 2806 non
3492 2751 3603 2806 ele-

1997 2841 2156 2917 gerit,
2184 2839 2552 2894 enumeravit:
2587 2839 2653 2892 In
2683 2837 2876 2894 diebus
2906 2840 3080 2905 enim,
3105 2838 3279 2909 inquit
3309 2840 3491 2911 (mu,
3523 2840 3602 2910 3),

302 2934 640 2997 νηαηάασαέ»
684 2949 755 2988 ηε
792 2929 1074 2997 "ulli/£081
1098 2927 1144 2965 ²¹
1174 2942 1287 2983 non
1316 2927 1777 2983 manducantem.
1819 2929 1893 2982 Tu
1932 2995 1962 3001 _
1992 2931 2349 3001 jejuniorum
2371 2931 2686 2986 vestrorum
2706 2927 3085 2983 inveniuntur
3104 2929 3427 3000 voluptates
3452 2927 3498 2965 ²Ἱ
3515 2943 3606 2984 ve-

305 3025 430 3097 quis
452 3022 500 3059 ²²
525 3022 704 3092 es,qui
723 3019 978 3074 alienum
997 3015 1461 3085 servumjudicas
1475 3013 1502 3067 ?
1521 3017 1591 3072 Et
1607 3016 1705 3086 qui
1721 3031 1892 3068 man-
1925 2995 1969 3072 θ
1997 3021 2401 3073 strazetomnes
2411 3015 2687 3086 subjectos
2706 3014 2856 3072 vobis
2875 3019 3198 3088 succutitis,
3211 2995 3313 3073 aut
3330 3019 3608 3075 convitia-

1688 3129 1879 3191 Variae
1922 3134 2237 3194 lectiones.

384 3241 432 3280 ιδ
473 3239 594 3306 Qua
672 3237 861 3296 Seml.
921 3236 965 3274 ιτ
1021 3235 1254 3290 lubeant
1319 3235 1488 3291 Seml.
1521 3234 1569 3306 Ψ
1603 3233 1834 3290 Sanctus
1872 3237 2041 3294 Seml.
2078 3237 2124 3274 19
2154 3235 2551 3294 Retractatores
2603 3235 2774 3292 Seml.
2816 3233 2867 3273 ²ο
2895 3235 3055 3292 Olere
3095 3239 3265 3294 Seml.
3301 3241 3346 3278 ²ι
3378 3240 3612 3298 Viliﬁcet

311 3314 478 3371 Selm.
500 3305 561 3349 ί²²
614 3310 717 3379 Qui
756 3309 926 3366 Seml.
958 3307 1008 3346 2³
1062 3307 1208 3363 Vitet
1262 3307 1434 3363 Seml.
1466 3306 1515 3344 2⁸⁸
1542 3305 1947 3364 Abundavimus
1991 3311 2129 3367 Par.
2189 3309 2239 3346 2⁵
2265 3307 2539 3378 Jejunavit
2567 3308 2737 3364 Seml.
2769 3306 2820 3345 26
2848 3308 3073 3364 Divitias
3102 3310 3298 3383 abiicit
3330 3313 3500 3369 Seml.
3559 3312 3608 3350 ²Ί

311 3384 633 3441 Voluntates
663 3385 834 3438 Fran.
905 3425 916 3430 -

1711 3449 2211 3514 Commentarius.

310 3576 523 3634 quoque
550 3557 786 3634 die,_sed
834 3572 952 3634 per_
976 3569 1137 3611 omne
1186 3562 1429 3634 tempusz
1459 3553 1704 3634 Denique
1741 3569 1903 3634 omne

315 3625 862 3714 tempus-sabbatum
893 3668 907 3695 ,
941 3629 1042 3714 hoc
1090 3635 1172 3682 est
1226 3625 1558 3714 sanctificat,
1614 3625 1707 3714 qui
1759 3627 1901 3709 sapit

313 3705 378 3759 ad
409 3698 709 3758 libertatem
742 3699 1128 3771 evangelicam,
1161 3713 1223 3771 ac
1252 3714 1368 3753 sese
1398 3698 1630 3752 abstinet
1659 3701 1725 3752 ab
1754 3700 1900 3771 omni

315 3789 480 3846 opere
501 3773 708 3846 servili,
739 3769 929 3846 nempe
958 3770 1395 3827 observationum
1443 3783 1507 3824 ac
1548 3769 1900 3826 caeremonia-

313 3844 432 3902 rum
460 3844 817 3900 Judaicarum.
849 3844 974 3898 itte.

386 3918 502 3987 (57)
537 3917 814 3983 Quartam
843 3917 899 3970 et
949 3917 1170 3987 sextam
1199 3910 1446 3980 Sabbati,
1497 3918 1601 3966 etc.
1653 3911 1900 3987 Difﬁcilis

316 3983 489 4062 plane
517 3990 666 4040 locus
704 3995 787 4038 est
818 4005 830 4038 :
868 3999 999 4062 nam
1038 3985 1330 4062 Parasceve
1369 3990 1452 4036 est
1479 3990 1629 4062 sexta
1658 3983 1896 4062 _Sa_bbati.

317 4051 525 4115 Sensus
562 4063 739 4110 autem
771 4069 888 4108 esse
915 4052 1127 4125 videtur
1161 4071 1175 4106 :
1208 4051 1467 4125 stationes
1489 4051 1688 4125 fiebant
1715 4057 1895 4125 Let6;

318 4129 454 4185 feria
482 4134 661 4180 autem
689 4133 876 4195 quarta
905 4125 966 4176 ad
1007 4123 1213 4195 Nonarn
1239 4122 1504 4195 jejunium
1545 4123 1735 4195 licebat
1783 4122 1901 4180 sol-'

317 4215 465 4264 vere,
509 4198 652 4252 unde
681 4193 1116 4264 semi-jejunium
1159 4193 1476 4264 dicebatur;
1508 4200 1560 4246 at
1607 4193 1743 4247 feria
1773 4199 1804 4248 6
1834 4195 1900 4249 ad

557 4268 820 4336 jejunium
840 4235 1037 4320 diditur
1056 4263 1406 4336 Tertulliano.
1432 4235 1626 4317 V’erum
1656 4280 1763 4318 non
1781 4235 1904 4319 atti-

319 4341 466 4414 gisse
495 4333 1131 4414 Pameliumcrediderim
1155 4374 1175 4414 ,_
1212 4333 1303 4414 qui
1331 4335 1653 4390 Parasceven
1686 4336 1898 4391 Sabba-

322 4405 435 4468 t'um
459 4427 594 4468 nove
630 4408 890 4480 appellari
919 4407 1122 4462 scribit.
1156 4405 1362 4480 Lnga.

392 4487 461 4540 Et
509 4476 758 4555 jejuniis
795 4478 1191 4555 Rarasceven?
1241 4476 1448 4555 Eximie
1486 4486 1757 4555 nuncupat
1806 4481 1907 4555 Pa-

323 4550 580 4610 rasceven
612 4568 774 4624 quam
813 4551 984 4624 Judaei
1014 4550 1906 4624 vocabaut_ParascevenPascha.

319 4625 544 4682 Joannis
571 4621 693 4695 cap.
725 4639 827 4679 xix
852 4621 1139 4694 :Hapmuij
1167 4628 1247 4695 tot)
1279 4621 1477 4688 Πάσχα,
1509 4621 1664 4692 quasi
1694 4621 1912 4695 Sabbati

322 4697 592 4768 paschalis
641 4694 941 4768 sanctitas
973 4694 1403 4768 pro-Sabbatum
1478 4709 1636 4748 suum
1707 4694 1908 4768 nobili-

325 4765 482 4824 taret.
512 4768 652 4838 Quia
703 4782 832 4823 vero
888 4765 1132 4821 Christus
1155 4782 1240 4838 Aea
1288 4765 1422 4818 feria
1452 4776 1638 4838 sexta,
1689 4767 1803 4821 sive
1844 4781 1912 4820 ea

322 4835 647 4918 pa‘rasce'vei
675 4839 1097 4918 comprehensus
1146 4835 1348 4918 fuerat_
1365 4852 1396 4890 a
1443 4836 1644 4918 Judaeis
1692 4846 1747 4891 et
1781 4851 1912 4918 cru-

323 4907 535 4976 ciﬁxus,
603 4907 849 4965 Ecclesia
904 4907 1242 4973 Christiana,
1305 4907 1620 4961 Tertulliani
1679 4911 1908 4973 saeculo,

323 4995 532 5054 sextam
593 4996 862 5054 quamque
923 4978 1113 5054 feriam
1171 4977 1500 5034 stationibus
1567 4979 1910 5054 sive‘serni-

319 5053 547 5124 jejuniis
596 5051 884 5116 dicaverat,
939 5052 1180 5124 hancque
1231 5064 1373 5105 anno
1420 5056 1662 5124 vertente
1694 5051 1913 5124 ifaschte

324 5122 468 5180 diem
501 5124 870 5187 antecedebat,
911 5133 966 5177 et
1000 5124 1071 5176 ob
1118 5123 1316 5177 luctum
1364 5137 1428 5176 ex
1467 5122 1648 5192 ablato
1695 5122 1912 5192 Sponso

325 5204 649 5262 conceptum
679 5195 881 5250 indicta
911 5192 1067 5248 solidi
1095 5192 1290 5262 jejunii
1329 5191 1583 5247 mmstitia
1621 5191 1913 5248 notabilio-

309 5283 442 5325 -rem
490 5262 726 5334 fecerat;
775 5265 955 5335 itaque
998 5266 1154 5335 hanc,
1196 5279 1516 5335 parasceven
1574 5262 1916 5318 solemnissi-

330 5354 472 5393 mam
534 5333 915 5402 Tertullianus,
986 5333 1349 5407 significandi
1388 5333 1550 5390 modo
1613 5335 1914 5406 excellenti,

331 5409 661 5466 Parasceven
704 5419 883 5478 vocat,
938 5405 1059 5478 jam
1095 5405 1556 5478 nonHJudaicam,
1619 5408 1717 5478 sed
1761 5405 1919 5478 Chri-'

329 5481 556 5552 stianam
590 5499 602 5534 :
639 5496 840 5552 nempe
872 5476 1086 5535 ‘relicto
1131 5477 1280 5552 aliis
1341 5476 1664 5552 παρασκιυαζς
1715 5477 1921 5552 ordinis

331 5551 614 5608 vocabulo.
645 5547 800 5608 Unde
845 5560 927 5607 est
969 5547 1580 5622 apertissimumpaavo,
1604 5547 1920 5622 Tertulliani

330 5622 647 5696 Psycbicos,
676 5623 755 5682 sic
782 5623 872 5682 ille
898 5620 1126 5684 vocabat
1151 5620 1450 5692 Romanos,
1477 5629 1530 5679 et
1569 5621 1720 5694 ipsos
1761 5621 1923 5680 etiam

2011 3557 2382 3622 Paracleticos,
2433 3556 2548 3612 sive
2593 3555 2961 3624 Montanistas,
3013 3566 3255 3624 quartam
3301 3565 3354 3614 et
3407 3567 3610 3616 sextam

2010 3635 2066 3682 et
2093 3630 2356 3700 cujusque
2410 3627 2724 3700 septimanae
2770 3627 2969 3700 feriam
3014 3627 3222 3685 dicasse
3269 3630 3611 3697 stationibus,

2009 3715 2134 3770 quae
2163 3697 2653 3772 seniiplena'erant
2705 3697 2932 3772 jejunis,
2980 3707 3047 3772 et
3097 3700 3328 3772 jejuniis
3356 3717 3613 3768 parasce-

2008 3769 2130 3840 ven,
2177 3769 2382 3827 sextam
2443 3769 2692 3827 videlicet
2751 3769 2941 3843 feriam
2979 3769 3332 3828 hebdomadas
3388 3775 3617 3843 majoris

2007 3845 2124 3898 Sive
2184 3843 2522 3899 authenticae.
2583 3841 2940 3897 Paracleticos
2996 3859 3061 3898 eo
3119 3843 3286 3900 fuisse
3360 3841 3617 3902 Romanis

2005 3915 2345 3981 austeriores,
2381 3915 2525 3985 quod
2555 3913 2691 3968 duas
2734 3913 2788 3966 in
2834 3929 2975 3968 anno
3027 3914 3390 3971 hebdomadas
3453 3934 3616 3973 xero-

2008 3986 2353 4108 piiagiarum,
2387 4003 2485 4068 nec
2523 3994 2704 4067 tamen
2759 3993 2920 4050 totas,
2951 3987 3192 4058 exceptis
3233 3987 3436 4072 scilicet
3483 3990 3616 4044 Sab-

2081 4066 2149 4108 tis
2179 4065 2234 4108 et
2276 4061 2589 4108 Domnmcrs.
2641 4056 2907 4108 offerrent
2957 4059 3091 4108 Deo.
3145 4060 3263 4108 Non
3294 4060 3425 4108 dlCll
3456 4060 3616 4108 Para-

2081 4056 2149 4111 tis
2179 4065 2234 4112 et
2275 4056 2589 4120 Dominicis,
2641 4056 2907 4113 offerrent
2957 4056 3097 4113 DeoI
3145 4060 3264 4114 Non
3294 4060 3425 4114 dicit
3456 4057 3630 4114 Para-'

2009 4142 2200 4198 sceven
2222 4128 2465 4192 Pascha},
2498 4137 2556 4181 ut
2585 4129 2720 4182 duas
2749 4128 3201 4198 xerOphagiarum
3249 4131 3618 4186 hebdomadas

2009 4197 2228 4252 Paschae
2286 4199 2558 4267 proximas
2591 4214 2604 4249 :
2640 4200 2698 4251 et
2753 4205 2934 4251 tamen
2975 4197 3113 4251 haud
3143 4199 3304 4254 aliter
3333 4215 3459 4254 eum
3491 4217 3617 4256 sen-

2010 4267 2150 4337 sisse
2179 4282 2266 4321 res
2295 4270 2430 4337 ipsa
2459 4270 2672 4322 clamat.
2724 4269 2860 4322 Nam
2890 4276 2944 4323 et
2971 4269 3150 4324 statim
3180 4270 3246 4324 de
3273 4270 3364 4326 die
3395 4273 3616 4327 Paschte

2007 4335 2265 4407 loquitur.
2287 4335 2364 4391 Lit
2397 4340 2491 4391 Pa.

2096 4409 2208 4479 (58)
2234 4410 2522 4477 Quantulo
2549 4412 2630 4465 est
2660 4408 2814 4463 enim
2833 4408 2986 4478 apud
3016 4427 3114 4466 nos
3135 4411 3460 4470 interdictio
3479 4416 3618 4471 cibo-

2021 4485 2198 4536 rum?
2253 4491 2356 4538 etc.
2399 4483 2544 4534 Duas
2601 4480 2688 4534 hic
2742 4481 3196 4550 xerOpbagiarum
3255 4485 3618 4540 hebdomadas

1944 4535 1991 4612 Ι)
2020 4535 2454 4621 cOnstituit,hoc
2503 4559 2586 4606 est
2627 4552 2702 4621 714
2757 4535 2896 4615 dies;
2926 4535 3034 4606 no'n
3079 4535 3616 4611 autent-hebdoma;

2019 4625 2114 4677 das
2146 4627 2231 4691 14,
2264 4620 2410 4694 quod
2458 4620 2662 4695 putavit
2707 4623 3015 4695 Pamelius:
3046 4639 3154 4678 non
3187 4627 3329 4682 enim
3357 4628 3616 4683 elevando

2021 4700 2125 4748 tam
2167 4693 2416 4766 exiguum
2436 4693 2673 4766 spatium
2706 4693 2821 4749 haec
2851 4693 3123 4766 proferret
3155 4713 3169 4753 :
3209 4698 3505 4765 Quantulo
3533 4702 3618 4755 est

2018 4769 2192 4830 enim,
2226 4775 2328 4822 etc.
2365 4768 2444 4822 La
2480 4769 2578 4820 Pu.

2094 4839 2206 4907 (59)
2240 4840 2388 4893 Duas
2415 4839 2478 4894 in
2509 4854 2660 4894 anno
2687 4834 3074 4911 hebdomadas
3106 4839 3610 4911 xerophagiarum.

2019 4908 2387 4979 Hieronymus
2418 4911 2485 4962 ad
2542 4907 2870 4974 Marcellam,
2921 4909 3014 4962 ubi
3045 4909 3114 4964 de
3168 4907 3404 4965 Montani
3433 4919 3616 4965 secta-

2020 4979 2222 5053 toribus
2255 4998 2269 5035 :
2301 4981 2383 5053 Illi
2443 4989 2551 5034 tres
2608 4982 2659 5034 in
2715 4994 2857 5053 anno
2911 4979 3114 5053 faciunt
3157 4981 3618 5053 quadragesimas.

2021 5051 2111 5126 Sic
2139 5052 2352 5126 ingenia
2380 5057 2537 5126 Asunt
2591 5049 3056 5126 mortalium,‘ubi
3113 5049 3275 5126 semel
3333 5049 3400 5109 ab
3431 5055 3620 5126 regula

2023 5122 2324 5178 descivere.
2379 5123 2565 5197 Itaque
2589 5122 2703 5197 jam
2737 5136 2852 5197 quo
2886 5122 3210 5197 Hieronymi
3248 5141 3412 5197 supra
3439 5122 3617 5197 magi-

2022 5203 2192 5248 strum
2225 5204 2380 5250 erant
2414 5192 2687 5265 discipuli,
2719 5192 2928 5249 duabus
2981 5192 3404 5253 Montanicarum
3459 5192 3620 5254 xero-

2021 5264 2345 5338 phagiarum
2389 5264 2704 5336 septimanis
2753 5266 2963 5338 tertiam
3015 5268 3351 5323 addiderant.
3413 5268 3487 5324 At
3541 5271 3619 5324 sic

2023 5351 2118 5411 eos
2144 5337 2379 5409 quoque
2425 5338 2683 5411 putamus
2719 5337 3045 5411 septimanas
3081 5341 3282 5411 dixisse
3309 5339 3618 5411 quadrage-

2026 5407 2209 5476 simae,
2269 5407 2734 5482 quemadmodum
2784 5407 3144 5482 Hieronymus
3192 5407 3386 5482 dixit:
3425 5429 3454 5462 ι
3505 5407 3621 5465 Nos

2025 5495 2186 5553 unam
2251 5479 2725 5553 quadragesimam
2753 5479 3049 5538 secundum
3103 5480 3446 5538 traditionem
3491 5495 3624 5551 apo-

2027 5551 2314 5620 stolorum,
2351 5551 2475 5608 toto
2503 5566 2668 5621 anno,
2707 5558 2956 5626 tempore
3001 5553 3159 5611 nobis
3207 5565 3452 5625 congruo
3478 5553 3624 5623 jeju-

2028 5637 2242 5682 namus.
2274 5643 2300 5676 ι
2348 5626 2478 5682 me.

2028 5637 2242 5682 namus.
2274 5643 2300 5676 ι
2348 5637 2478 5682 tuo.
