4062 6178
494 288 628 348 1027

1164 286 1609 347 TERTULLIANI
1649 286 1911 347 OPERUM
1952 285 2117 346 PARS
2155 285 2225 345 ΙΙ.
2262 316 2334 330 -
2368 286 2595 350 SERIES
2635 289 2704 348 II.
2748 289 3069 350 MORALIA.

3648 299 3797 361 1828

486 423 543 476 et
574 416 1021 507 litesjejunatis,
1052 419 1107 507 et
1126 414 1578 507 caditispugnis
1608 432 1626 468 :
1654 431 1766 507 non
1801 414 2085 507 talejeju-
2119 428 2163 507 Α
2200 413 2283 470 dis
2321 414 2389 507 3i,
2423 422 2474 472 et
2511 416 2580 472 ad
2626 417 2868 507 singulas
2922 418 3089 473 horas
3134 416 3436 507 salutandis
3477 421 3527 459 35
3567 423 3795 482 adulan-

484 508 649 562 nium
678 521 773 577 ego
800 506 967 577 elegi;
987 505 1077 559 sed
1107 504 1263 575 quale
1291 504 1529 575 subjecit
1555 510 1608 559 et
1626 503 1959 573 subjiciendo
1979 518 2083 558 non

486 594 728 663 abstulit,
767 595 863 650 sed
921 592 1283 651 conﬁrmavit.
1315 594 1453 649 Nam
1510 593 1611 650 etsi
1666 593 1869 649 mavult
1918 609 2087 661 opera

477 683 723 754 justitia,
757 698 865 739 non
920 691 1097 738 tamen
1139 682 1255 738 sine
1284 681 1548 739 sacriﬁcio
1576 703 1590 752 ;
1624 681 1773 755 quod
1801 689 1885 737 est
1910 681 2087 736 anima

483 772 790 830 conflictata
816 771 1059 841 jejuniis.

1083 860 1311 915 CAPUT
1351 860 1497 915 XVI.

554 951 649 1007 lllc
704 957 848 1006 certe
906 951 1068 1015 Deus,
1131 950 1224 1021 qui
1274 965 1371 1004 nec
1426 949 1664 1021 populus
1741 947 2083 1005 incontinens

485 1042 629 1113 gula
658 1038 835 1096 976
877 1039 1095 1111 placuit,
1137 1055 1237 1094 nec
1287 1040 1560 1111 sacerdos,
1618 1054 1718 1095 nec
1763 1039 2078 1110 prOphetes.

483 1130 701 1185 Manent
751 1128 927 1183 adhuc
967 1135 1315 1183 monumenta
1352 1126 1817 1197 concupiscentia,
1867 1127 1958 1182 ubi
1997 1142 2083 1182 se-

483 1220 668 1291 pultus
723 1228 803 1273 est
851 1218 1083 1289 p0pulus
1149 1217 1331 1273 carnis
1389 1218 1727 1273 avidissimus
1786 1233 1953 1289 usque
2011 1217 2078 1270 ad

483 1310 755 1364 choleram
792 1319 1186 1380 ortygometras
1251 1308 1301 1345 28
1353 1308 1676 1363 cruditando
1722 1307 1791 1361 29.
1848 1306 2081 1361 Eliditur

480 1412 580 1468 pro
642 1398 830 1469 templi
886 1397 1104 1453 foribus
1162 1397 1348 1452 senior
1376 1397 1533 1465 Heli;
1567 1396 1660 1451 ﬁlii
1715 1398 1832 1466 ejus
1877 1396 1930 1449 in
1959 1398 2080 1452 acie

481 1494 674 1555 ruunt;
712 1503 879 1542 nurus
907 1487 1146 1559 exspirat
1166 1485 1222 1541 in
1253 1495 1426 1558 partu.
1460 1489 1608 1543 Hanc
1642 1486 1787 1542 enim
1818 1495 2081 1541 meruerat

481 1591 510 1629 a
541 1576 591 1614 30
627 1578 741 1631 Deo
790 1577 1009 1651 plagam
1063 1579 1257 1632 domus
1324 1578 1631 1647 impudens,
1691 1575 2071 1632 sacriﬁciorum

480 1665 773 1719 carnalium
832 1665 1216 1721 defraudatrix.
1289 1666 1527 1730 Sameas,
1587 1666 1751 1719 homo
1794 1664 1889 1718 Dei
1933 1663 2068 1735 (60),

479 1770 600 1809 cum
652 1754 850 1809 exitum
912 1756 1282 1824 praphetasset
1328 1753 1643 1808 idololatria
1690 1752 2008 1808 introducta
2036 1766 2071 1805 a

480 1857 609 1914 rege
642 1823 986 1904 Hieroboam,
1034 1850 1159 1912 post
1189 1858 1404 1896 manum
1444 1841 1563 1909 ejus
1591 1840 1736 1912 regis
1762 1839 2063 1907 arefactam,
2101 1823 2143 1899 Β

480 1938 533 1986 et
568 1930 745 1984 statim
774 1928 1093 1994 restitutam,
1140 1938 1267 2000 post
1322 1930 1490 1985 altare
1528 1929 1792 1986 diffusum
1827 1929 1874 1967 31
1929 1929 2070 2001 (61),

479 2018 551 2072 ob
609 2018 724 2071 hac
781 2017 957 2088 signa,
987 2026 1041 2072 et
1082 2017 1444 2075 satisfactione
1483 2019 1531 2056 31
1577 2018 1829 2075 invitatus
1855 2037 1887 2074 a
1915 2034 2069 2091 rege,

482 2106 643 2178 plane
671 2106 957 2162 excusavit.
1000 2107 1311 2163 Prohibitus
1338 2108 1484 2163 enim
1528 2124 1559 2163 a
1598 2108 1710 2164 Deo
1741 2108 1933 2179 fuerat,
1966 2108 2075 2165 illic

479 2194 663 2251 cibum
694 2194 749 2249 in
792 2203 965 2251 totum
1020 2198 1313 2269 attingere;
1347 2199 1445 2254 sed
1502 2198 1568 2253 ab
1618 2197 1722 2253 alio
1776 2213 1899 2254 mox
1947 2213 2071 2253 sene

480 2288 703 2343 mentito
743 2288 1079 2359 prOphetiam
1128 2300 1329 2345 temere
1385 2296 1595 2361 pastus,
1628 2289 1919 2345 secundum
1947 2305 2067 2347 ver-

476 2376 602 2431 bum
632 2375 733 2431 Dei
764 2376 961 2431 ibidem
1010 2377 1209 2432 factum
1257 2394 1421 2449 super
1448 2394 1714 2449 mensam,
1755 2393 1864 2434 non
1892 2385 1975 2434 est
2012 2378 2068 2432 in

474 2465 712 2535 paternis
752 2465 1037 2535 sepultus:
1070 2464 1242 2520 leonis
1287 2466 1431 2522 enim
1461 2466 1513 2519 in
1543 2466 1630 2527 via
1666 2482 1893 2523 occursu
1942 2482 2067 2538 pro-

473 2561 689 2619 stratur,
749 2561 803 2608 et
858 2554 1003 2623 apud
1049 2564 1263 2610 exteros
1318 2556 1591 2624 conditus,
1626 2571 1837 2625 panam
1865 2556 2065 2612 deserti

467 2644 664 2714 jejunii
719 2644 836 2698 luit.
870 2642 997 2699 Hac
1048 2650 1207 2698 erunt
1237 2643 1480 2715 exempla
1531 2655 1583 2701 et
1627 2647 1830 2717 papulo
1862 2653 1915 2702 et
1942 2645 2064 2716 epi-

471 2732 673 2802 scopis,
719 2733 887 2787 ctiam
938 2732 1290 2803 spiritalibus,
1321 2734 1366 2787 si
1402 2748 1564 2803 quam
1617 2732 2064 2790 incontinentiam

472 2822 619 2894 gula
647 2822 980 2877 admiserint.
1026 2822 1128 2877 Sed
1168 2838 1266 2878 nec
1318 2822 1463 2893 apud
1519 2821 1720 2877 inferos
1770 2822 2063 2879 admonitio

471 2914 717 2977 cessavit,
749 2913 841 2967 ubi
887 2911 942 2966 in
991 2910 1153 2968 divite
1200 2910 1420 2982 quidem
1453 2911 1703 2968 convivia
1731 2912 2062 2985 cruciantur,

2197 510 2283 560 tur
2329 505 2450 576 (62,
2496 506 2826 562 curationem
2873 507 3052 562 facere
3108 506 3376 563 dicantur.
3423 509 3530 566 Sed
3574 520 3627 568 et
3670 530 3795 571 om-

2193 609 2314 649 nem
2360 598 2750 668 ταπεινοφόνησιν
2795 596 2999 652 ethnici
3040 604 3365 668 agnoscunt.
3417 599 3551 655 Cum
3610 614 3795 675 stupet

2192 683 2391 740 calum
2431 693 2486 741 et
2515 695 2631 741 aret
2658 685 3210 757 annus,nudipedalia
3228 686 3644 757 deuuntiantur,
3674 709 3791 749 ma-

2192 775 2447 845 gistratus
2492 791 2760 847 purpuras
2809 785 3050 848 ponunt,
3094 776 3272 832 fasces
3322 787 3468 835 retro
3513 789 3787 852 avertunt,

2193 878 2410 932 precem
2434 863 2735 937 indigitant,
2755 865 2990 921 hostiam
3011 865 3330 925 instaurant.
3350 869 3507 937 Apud
3529 870 3790 942 quasdam

2191 967 2319 1008 vero
2345 953 2584 1008 colonias
2632 962 2895 1024 praterea
2930 969 3116 1010 annuo
3154 955 3260 1010 ritu
3290 956 3463 1012 saccis
3510 960 3695 1027 velati,
3730 970 3785 1017 et

2189 1039 2368 1096 cinere
2394 1043 2672 1113 conspersi
2704 1044 2817 1113 (63)
2860 1044 3025 1100 idolis
3069 1043 3185 1100 suis
3213 1044 3445 1101 inediam
3476 1047 3528 1086 ³6
3577 1051 3785 1120 suppli-

2189 1144 2306 1185 cem
2335 1131 2616 1203 objiciunt,
2664 1132 2855 1189 baluea
2897 1142 2952 1189 et
2997 1133 3342 1190 tabernacula
3388 1135 3435 1174 37
3484 1138 3537 1192 in
3584 1154 3781 1195 nonam

2189 1232 2361 1288 usque
2391 1219 2698 1275 cluduntur.
2739 1221 2891 1277 Unus
2920 1221 2973 1275 in
3005 1222 3224 1293 publico
3271 1222 3414 1294 ignis
3460 1228 3598 1297 apud
3630 1243 3772 1295 aras,

2189 1322 2341 1379 aqua
2383 1323 2486 1363 nec
2531 1308 2587 1363 in
2638 1309 2899 1379 lancibus,
2947 1310 3300 1367 Niniviticum
3332 1312 3382 1351 ³8
3420 1314 3574 1370 credo
3614 1317 3775 1386 justi-

2188 1395 2343 1452 tium.
2373 1398 2652 1453 Iudaicum
2698 1406 2845 1454 certe
2894 1399 3163 1470 jejunium
3193 1401 3397 1473 ubique
3452 1404 3776 1476 celebratur,

2185 1501 2307 1542 cum
2372 1485 2590 1541 omissis
2641 1490 2857 1559 templis
2913 1504 3012 1559 per
3059 1505 3221 1546 omne
3265 1490 3411 1546 littus
3454 1508 3781 1566 quocunque

2183 1573 2238 1627 in
2264 1582 2450 1644 aperto
2484 1575 2774 1647 aliquando
2800 1578 2917 1647 jam
2947 1594 3168 1649 precem
3205 1583 3292 1649 ad,
3315 1580 3508 1637 calum
3542 1582 3775 1655 mittunt,

2178 1670 2231 1717 et
2258 1662 2383 1718 licet
2409 1664 2555 1719 cultu
2585 1672 2641 1719 et
2694 1663 2802 1721 97
2814 1665 2861 1723 7
2891 1677 3083 1724 ornatu
3117 1670 3359 1725 maroris
3391 1686 3588 1727 munus
3632 1671 3776 1727 infa-

2178 1759 2345 1818 ment,
2386 1760 2563 1808 tamen
2590 1752 2753 1809 ﬁdem
2796 1755 3140 1812 abstinentia
3198 1758 3487 1825 adfectant,
3521 1769 3575 1815 et
3612 1763 3776 1818 stella

2175 1844 2550 1899 auctoritatem
2596 1843 2930 1900 demorantis
2971 1844 3243 1915 suspirant
3277 1846 3414 1917 (65).
3457 1846 3565 1904 Sed
3612 1850 3772 1915 bene,

2180 1934 2324 2004 quod
2367 1933 2417 1971 39
2462 1932 2518 1987 in
2547 1933 2746 1988 nostris
2793 1935 3146 2005 xerophagiis
3190 1935 3551 2007 blasphemias
3614 1938 3773 2012 inge-

2177 2036 2324 2081 rens.
2355 2020 2514 2076 Casto
2558 2021 2718 2077 Isidis
2744 2029 2797 2078 et
2824 2023 3053 2095 Cybeles
3089 2039 3183 2080 eas
3208 2024 3461 2096 adaquas
3495 2026 3633 2099 (66).
3661 2028 3773 2082 Ad-

2177 2110 2332 2165 mitto
2399 2108 2818 2166 testimonialem
2891 2112 3369 2183 comparationem.
3436 2114 3573 2171 Hinc
3634 2116 3771 2172 divi-

2176 2214 2300 2253 nam
2336 2199 2387 2237 ίιο
2427 2198 2713 2267 constabit,
2745 2217 2905 2271 quam
2954 2200 3203 2257 diabolus
3241 2202 3547 2259 divinorum
3595 2220 3737 2260 amu

2177 2286 2313 2342 lator
2358 2286 2727 2345 imitatur.'Ex
2773 2291 2998 2346 veritate
3048 2290 3385 2347 mendacium
3432 2292 3675 2362 struitur,
3706 2308 3772 2348 ex

2174 2374 2436 2450 religione
2486 2377 2800 2447 superstitio
2829 2378 3213 2450 compingitur.
3248 2379 3385 2434 Hinc
3428 2388 3483 2434 tu
3532 2397 3597 2437 eo
3625 2381 3769 2437 irre-

2173 2466 2432 2540 ligiosior,
2483 2473 2681 2536 quanto
2728 2466 2971 2521 ethnicus
3016 2468 3269 2537 paratior.
3309 2467 3405 2522 Ille
3451 2468 3687 2540 denique
3718 2470 3765 2509 4⁸

2173 2553 2315 2611 idolo
2342 2554 2529 2625 gulam
2560 2570 2711 2611 suam
2740 2561 2951 2623 mactat,
2975 2563 3029 2609 tu
3060 2555 3170 2609 Deo
3194 2571 3301 2609 non
3320 2556 3423 2612 vis.
3448 2558 3591 2613 Deus
3608 2561 3765 2615 enirn

2171 2643 2268 2699 tibi
2295 2652 2483 2700 venter
2524 2650 2624 2710 est,
2678 2652 2731 2698 et
2781 2643 2964 2713 pulmo
3014 2642 3292 2713 templum,
3325 2653 3377 2697 et
3423 2645 3763 2713 aqualiculus

2170 2735 2354 2802 altare,
2389 2741 2443 2787 et
2470 2732 2720 2788 sacerdos
2756 2748 2937 2802 cocus,
2982 2742 3032 2787 et
3057 2740 3271 2787 sanctus
3302 2732 3535 2803 Spiritus
3577 2733 3760 2802 nidor,

2174 2831 2228 2878 et
2254 2823 2595 2879 condimenta
2624 2823 2963 2887 charismata,
2994 2830 3049 2877 et
3078 2830 3258 2877 ructus
3286 2823 3592 2893 pr0phetia.

2759 2911 2988 2967 CAPUT
3019 2911 3187 2965 XVII.

466 2999 522 3054 in
559 3015 793 3070 paupere
828 3015 952 3055 vero
1002 2999 1215 3068 jejunia
1255 3006 1588 3072 recreantur,
1637 3002 1888 3057 habentia
1917 3018 2068 3074 pra-
2104 3006 2147 3085 ε
2244 3000 2416 3056 Vetus
2454 3016 2537 3067 es,
2585 3015 2717 3058 vera
2743 3000 2793 3038 ίι²
2831 3000 2879 3055 si
2906 2999 3135 3055 velimus
3176 2998 3357 3055 dicere
3388 2999 3526 3069 (6'7),
3570 3006 3625 3054 tu
3667 3000 3757 3071 qui

463 3096 711 3157 ceptores
744 3089 956 3159 Moysen
993 3092 1049 3144 et
1096 3088 1399 3160 prophetas
1428 3088 1582 3160 (Luc.
1632 3106 1753 3154 xvr,
1789 3090 1901 3161 29).
1933 3092 2067 3145 Nam

460 3177 515 3230 et
567 3177 683 3229 Joel
738 3176 1054 3231 exclamavit
1104 3178 1261 3246 (Joel,
1314 3194 1353 3250 t,
1411 3180 1501 3249 14)
1554 3195 1568 3232 :
1631 3178 1860 3233 Sancite
1903 3179 2061 3249 jeju-

459 3265 643 3333 nium,
677 3268 730 3322 et
758 3266 1074 3337 pradicate
1104 3268 1463 3326 curationem
1493 3267 1563 3336 33,
1594 3266 1931 3339 prospiciens
1949 3269 2060 3335 jam

459 3362 513 3409 et
568 3363 697 3409 tunc
754 3362 808 3410 et
836 3355 971 3411 alios
1001 3356 1285 3428 apostolos
1313 3364 1365 3411 et
1422 3357 1716 3426 prophetas
1755 3356 2055 3413 sancituros

450 3443 747 3514 jejunium,
800 3451 853 3497 et
890 3444 1280 3515 pradicaturos
1340 3442 1516 3498 ofﬁcia
1576 3444 1817 3499 curantia
1855 3446 2052 3501 Deum.

455 3532 610 3589 Unde
655 3540 707 3588 et
760 3531 854 3604 qui
903 3532 957 3588 in
987 3531 1146 3589 idolis
1174 3530 1477 3599 comendis,
1509 3538 1563 3588 et
1610 3532 1665 3587 in
1713 3534 1822 3588 aris
1851 3549 2052 3589 ornan-

2178 3091 2381 3142 tantum
2409 3087 2549 3160 gula
2596 3087 2867 3162 indulges,
2900 3099 2953 3144 et
2998 3088 3181 3143 merito
3228 3098 3279 3145 te
3316 3088 3559 3160 priorem
3601 3087 3761 3160 jacti~

2178 3193 2293 3247 tas;
2326 3194 2544 3251 semper
2582 3193 2822 3251 agnosco
2868 3194 3062 3249 sapere
3108 3178 3254 3234 Esau
3284 3186 3597 3234 venatorem
3625 3178 3764 3233 tera-

2169 3283 2308 3336 rum,
2353 3267 2426 3322 ita
2468 3266 2667 3339 passim
2706 3267 3026 3339 indagandis
3084 3268 3251 3324 turdis
3301 3268 3510 3334 studes,
3564 3267 3636 3323 ita
3692 3269 3762 3323 de

2162 3369 2352 3426 campo
2413 3356 2697 3411 laxissima
2749 3356 3059 3427 disciplina
3109 3364 3213 3411 tua
3265 3356 3455 3421 venis,
3519 3356 3590 3411 ita
3652 3356 3762 3427 spi-

2161 3444 2266 3498 ritu
2306 3444 2521 3513 deﬁcis,
2574 3445 2620 3499 si
2686 3443 2783 3499 tibi
2838 3443 3153 3499 lenticulam
3212 3442 3425 3499 defruto
3477 3444 3763 3498 inrufatam

2162 3533 2435 3600 obtulero,
2484 3533 2663 3590 statim
2710 3540 2856 3589 totos
2893 3533 3158 3603 primatus
3205 3540 3331 3587 tuos
3380 3532 3583 3589 vendes
3607 3533 3759 3605 (68);

1841 3650 2035 3712 Varia
2062 3652 2380 3711 lectiones.

527 3750 577 3787 28
596 3749 978 3823 Ortygometra
1008 3750 1240 3823 Seml.29
1268 3750 1605 3807 Conditando
1627 3754 1705 3808 al.
1728 3754 2019 3811 eructando
2044 3757 2202 3809 Pam.
2220 3754 2270 3792 30
2298 3755 2558 3808 Metuerat
2586 3752 2755 3808 Seml.
2778 3751 2825 3823 3?
2854 3748 3129 3805 Difﬁssum
3156 3752 3235 3807 al.
3257 3751 3307 3789 ³2
3334 3752 3419 3807 Ad
3437 3754 3757 3809 satisfactio-

455 3836 580 3896 nem
610 3820 817 3896 Latf33
857 3820 1199 3896 Sanctiﬁcate
1221 3822 1494 3896 jejunium
1523 3832 1577 3879 et
1605 3827 1904 3881 orationem
1933 3830 1989 3880 et
2033 3826 2184 3881 nihil
2213 3825 2458 3896 amplius
2504 3824 2673 3896 Seml.
2707 3823 2755 3896 ἓξ
2785 3822 2850 3876 Et
2885 3824 2941 3877 in
2971 3827 3176 3896 hacre‘
3198 3825 3451 3896 ornandis
3498 3826 3667 3883 Seml.
3710 3825 3761 3863 ³⁵

453 3892 567 3946 Diis
598 3892 725 3947 add.
785 3891 903 3948 cod.
974 3894 1171 3949 Wouw.

1244 3894 1267 3931 6
1305 3894 1569 3950 Invidiam
1611 3899 1793 3954 Venet.
1824 3896 2001 3953 Rhen.
2033 3897 2079 3933 37
2111 3894 2391 3950 Taberria.
2426 3896 2475 3934 33
2501 3894 2846 3950 Niniviticum
2893 3896 3026 3950 Jun.
3056 3894 3397 3965 Niniviticam
3428 3900 3590 3952 credo
3632 3897 3756 3965 jus-

453 3961 624 4034 titiam
654 3962 732 4016 al.
768 3962 894 4034 leg.,
934 3966 1132 4022 vitiose
1160 3969 1227 4021 ut
1254 3967 1461 4023 Junius
1492 3969 1809 4024 existimat.
1843 3966 1891 4005 39
1920 3968 2003 4022 Tu
2040 3966 2159 4025 cod.
2228 3968 2443 4025 Wouw.
2473 3966 2525 4005 ἰο
2580 3966 2771 4024 Divina
2830 3966 3000 4024 Seml.
3032 3964 3079 4005 ’⁸1
3140 3968 3275 4034 Deo,
3328 3969 3527 4024 viserit
3584 3961 3756 4025 Séml.

449 4032 501 4071 ¹ι²
523 4032 748 4090 fluctus.
788 4032 1081 4106 PrOphetia
1108 4047 1264 4092 vetus
1290 4047 1370 4093 est
1399 4054 1526 4095 vera
1544 4042 1717 4097 Fran.

1854 4160 2351 4225 Commentarios.

670 4267 915 4360 Sanctus
946 4265 1109 4360 [torno
1140 4269 1259 4360 Dei.
1285 4268 1452 4360 Iibro
1484 4270 1643 4360 terti'o
1680 4269 1913 4360 Regum.
1955 4285 2058 4360 no-
2099 4268 2381 4360 "Vesperi
2409 4275 2670 4360 exortum.
2698 4269 2826 4360 R_t.c.

446 4353 574 4413 r_ne_n
605 4338 770 4413 hujus
816 4339 1100 4413 propheta
1143 4354 1251 4413 non
1285 4342 1537 4406 traditur,
1592 4338 1835 4413 Joseplio
1863 4342 2057 4399 dicitur

445 4409 640 4475 Jadon,
670 4409 978 4479 Epiphanio
1012 4410 1189 4465 Joam.
1224 4411 1349 4466 th.

519 4482 636 4549 (61)
668 4482 815 4552 Post,
855 4481 1042 4536 altare
1089 4480 1388 4552 diffusum.
1434 4483 1646 4537 Etenim
1676 4483 1839 4538 diruti
1873 4483 2055 4539 altaris

445 4551 660 4625 cineres
717 4551 1027 4625 diffusiac
1080 4551 1333 4623 diSpersi,
1396 4552 1670 4625 Ῥήγνυται,
1717 4556 1799 4607 καὶ
1856 4553 2053 4623 ἐκχυθή-

443 4640 581 4696 σεται
666 4624 835 4696 πιότης
864 4622 945 4696 ἐπί
970 4623 1114 4677 αὐτοῦ
1145 4621 1217 4696 (Π
1246 4628 1374 4696 Reg.
1407 4621 1529 4694 XIX,
1561 4628 1636 4695 3).
1658 4621 1793 4681 VRIG.

515 4693 632 4766 (62)
666 4694 999 4751 Salutandis
1029 4693 1369 4754 adulantur.
1400 4693 1565 4752 Liber
1590 4693 1804 4753 Ursini:
1844 4718 1869 4745 α
1911 4699 1979 4753 Et
1998 4697 2051 4752 in

442 4767 561 4841 aris,
600 4766 881 4841 ornandis,
917 4778 970 4822 et
1023 4772 1092 4821 ad
1142 4768 1390 4841 singulas
1421 4770 1585 4824 horas
1618 4767 1920 4824 salutandis
1946 4770 2051 4826 diis

442 4837 744 4893 adulantur.
780 4857 803 4888 ι
838 4840 962 4892 hic.

511 4910 627 4978 (63)
661 4912 731 4965 Et
759 4910 951 4965 cinere
979 4912 1292 4980 conspersi.
1323 4909 1558 4967 Reorum
1590 4910 1677 4967 hic
1706 4910 1917 4967 habitus
1946 4912 2048 4970 late

439 4979 786 5056 describitur,
818 4979 1078 5056 cuiucinis
1117 4979 1436 5056 imperans
1459 4993 1574 5037 erat
1609 4983 1914 5056 aliquando,
1941 5000 2047 5054 quo

444 5049 865 5123 miserabiliores
914 5049 1127 5123 fierent.
1176 5049 1340 5123 Aipul.
1384 5052 1477 5110 lib.
1522 5071 1601 5111 vn
1659 5049 1742 5108 κά(
1771 5049 2047 5114 Ambabus

440 5120 691 5197 manibus
728 5122 950 5197 trahens
972 5120 1282 5197 cinerosam
1327 5167 1341 5183 .
1388 5144 1413 5175 ι
1463 5125 1523 5181 In
1567 5142 1727 5183 sacra
1765 5126 2043 5197 Scriptura

437 5191 571 5248 illud
604 5190 833 5246 maxime
862 5192 1101 5247 obvium.
1136 5197 1206 5249 LE
1236 5196 1333 5250 Pa.

509 5264 623 5334 (64)
660 5262 1067 5320 Tabernacula.
1094 5266 1373 5322 Taberna.
1395 5266 1523 5323 Rm.

480 5336 626 5411 .(65)
671 5335 1296 5411 Stellapuctoritalem
1342 5340 1687 5398 demorantis
1717 5340 2033 5411 suspirant.

435 5405 663 5492 Stellam
738 5405 1007 5481 signiﬁcat
1070 5424 1236 5536 (viam.
1267 5412 1513 5491 .Plautus
1580 5405 2033 5484 Vesperuginem,

435 5480 641 5536 Ennius
703 5479 1021 5536 Vesnerum.
1133 5482 1346 5536 tratltus
1402 5482 1686 5536 Hesneron
1740 5482 2031 5536 appellant.

430 5480 653 5555 Ennius,
703 5479 1021 5551 Vesperum,
1082 5479 1346 5555 Virgilius
1402 5479 2031 5555 Hesperon'papp'ellant.

429 5552 825 5633 Auctoritatem
855 5567 985 5633 vero
1014 5554 1357 5633 praesentiam
1393 5552 1549 5633 dicii.
1576 5552 1821 5633 Etenim,
1843 5569 2032 5633 quam-

425 5623 510 5680 vis
564 5623 827 5692 famelici,
860 5623 1071 5681 nullum
1105 5624 1367 5698 attingere
1394 5627 1673 5685 audebant
1697 5623 1877 5684 cibum
1905 5632 2032 5682 ante

2232 4340 2303 4382 -έ
2323 4344 2699 4398 Demorantis.
2733 4340 3007 4406 Morantis,
3038 4340 3316 4395 tardantis.
3350 4340 3438 4397 Sic
3474 4341 3750 4398 Plautinus

2160 4412 2313 4468 Sosia
2342 4413 2520 4469 Solem
2547 4413 2788 4484 queritur
2816 4412 3149 4469 obdormisse
3178 4412 3408 4468 ebrium.
3436 4413 3560 4468 RIG.

2230 4485 2343 4556 (66)
2374 4486 2537 4541 Casta
2576 4484 2735 4541 Isidis
2781 4490 2838 4539 et
2886 4484 3101 4556 Cybeles
3140 4501 3234 4541 eas
3263 4486 3540 4555 adsequas.
3581 4484 3743 4541 Casto

2162 4561 2221 4623 τῆ
2262 4555 2450 4628 ἁγνείᾳ.
2503 4556 2879 4628 Castimoniam
2927 4555 3071 4628 dixit
3116 4572 3324 4628 supra,
3357 4556 3515 4624 Quod
3562 4564 3742 4611 autem

2164 4626 2341 4682 Latini
2377 4626 2578 4694 dicunt,
2611 4628 2663 4680 in
2691 4627 2852 4682 Custo
2882 4626 3096 4681 Cereris
3126 4626 3268 4692 esse,
3300 4627 3520 4681 Gracus
3550 4628 3743 4696 aliquis

2165 4700 2391 4767 scriptOr
2414 4698 2560 4769 apud
2598 4697 2817 4753 Suidam
2848 4697 3013 4769 dixit,
3045 4697 3141 4758 Τὰς
3172 4698 3479 4769 Μητρωακὰς
3522 4699 3745 4759 acutulae

2153 4769 2389 4897 ἑγνεύειν.
2421 4767 2612 4825 Graco
2641 4782 2791 4824 casm
2829 4767 2962 4823 dixit
3005 4769 3195 4835 Varro,
3230 4767 3328 4840 pro
3375 4771 3565 4826 Graeco
3612 4770 3740 4831 ritu,

2203 4857 2278 4896 ια.

2203 4857 2278 4896 IG.

2225 4910 2341 4982 (67)
2375 4913 2532 4968 Vetus
2574 4928 2649 4979 es,
2680 4926 2814 4967 vera
2859 4912 2910 4966 si
2957 4911 3196 4967 velimus
3240 4912 3438 4970 dicere.
3481 4911 3743 4967 Catholici

2151 4983 2408 5038 adversus
2487 4983 2840 5039 Montanistas
2898 4997 2989 5054 eo,
3028 4984 3261 5039 maxime
3335 4983 3735 5054 gloriabantur,

2149 5054 2291 5125 quod
2321 5062 2501 5111 essent
2543 5055 2739 5111 veteris
2784 5053 3080 5125 disciplina
3128 5053 3379 5120 cultores,
3429 5070 3598 5113 novos
3658 5055 3738 5111 ri-

2151 5133 2256 5198 tus,
2299 5142 2438 5184 nova
2480 5126 2689 5199 jejunis.
2733 5142 2843 5182 non
2896 5126 3259 5199 admitterent.
3292 5126 3603 5199 Septimius
3635 5127 3737 5198 igi-

2147 5205 2251 5265 tur,
2282 5213 2403 5254 cum
2432 5198 2547 5267 jam
2594 5199 2657 5255 ad
2703 5199 3014 5254 Montanum
3063 5198 3364 5268 defecisset,
3414 5198 3735 5254 catholicum

2145 5269 2451 5341 alloquitur,
2495 5270 2686 5326 ludens
2732 5271 2785 5325 in
2831 5276 3149 5327 vetustatem
3198 5269 3341 5324 illam
3390 5270 3731 5327 catholicam.

2144 5341 2315 5415 Yetus
2342 5359 2421 5408 es,
2455 5341 2670 5415 (inquit,
2714 5342 2819 5399 hoc
2863 5358 2995 5415 sane
3020 5342 3394 5415 ‘fatemurket
3440 5342 3509 5397 ad
3532 5348 3733 5415 “vetera

2142 5411 2231 5485 illa
2275 5413 2516 5485 respicis,
2553 5410 2659 5470 sed
2697 5420 2759 5470 ut
2810 5414 2969 5469 nobis
3016 5410 3146 5467 inde
3196 5411 3453 5470 exhibeas
3498 5413 3731 5484 aliquem

2139 5483 2280 5540 Esau
2308 5483 2623 5545 venatorem
2652 5486 2909 5550 ferarum,
2941 5491 3041 5539 etc.
3077 5485 3205 5540 Rm.

2213 5559 2326 5629 (68)
2380 5560 2593 5629 Statim
2644 5563 2787 5617 totos
2832 5556 3120 5629 primatus
3162 5560 3287 5612 tuos
3337 5555 3554 5629 vendes.
3600 5554 3758 5625 Ejus,

2139 5625 2431 5699 primatum
2470 5628 2623 5696 dicit,
2667 5625 2845 5699 cujus
2866 5625 3153 5698 disciplina
3197 5628 3545 5684 antecedebat
3586 5636 3727 5683 tem-
