4058 6172
357 261 498 324 1029

1653 262 1850 324 LIBER
1878 262 1964 323 DE
2008 262 2363 331 PUDICITIA.

3511 232 3649 330 i030

348 389 492 461 apud
516 397 570 446 te
594 405 768 466 agape
803 389 860 484 in
887 387 1102 484 cacabis
1127 387 1307 484 fervet
1325 388 1464 484 (b9),
1496 386 1632 444 fides
1663 388 1718 445 in
1744 389 1940 484 culinis
1970 405 2016 484 Α
2047 404 2142 448 eos
2199 391 2292 464 qui
2331 391 2387 448 in
2414 405 2596 484 carne
2639 398 2784 484 sunt,
2824 388 2961 484 .Deo
3018 388 3229 484 placere
3275 405 3393 484 nan
3455 409 3644 468 posse;

346 479 507 546 calet,
536 495 662 550 epes
697 480 752 534 in
797 478 1012 536 ferculis
1057 479 1217 550 jacet.
1271 478 1373 536 Sed
1423 480 1608 552 major
1645 481 1732 537 his
1778 479 1830 519 4³
1856 484 1940 536 est

2053 495 2162 534 non
2200 481 2386 552 utique
2413 480 2467 534 in
2495 479 2546 517 ἰδ
2574 478 2874 534 substantia
2901 479 3098 544 carnis,
3131 481 3228 536 sed
3271 481 3326 536 in
3357 498 3508 552 cura,
3550 485 3648 540 sed

347 584 523 641 agape
561 569 607 641 (Ι
648 571 770 626 Cor.
814 585 941 637 xm,
977 571 1090 640 I3),
1121 567 1211 640 qui
1251 584 1347 640 per
1394 569 1535 639 hanc
1577 569 1946 626 adolescentes
2050 567 2108 623 in
2136 568 2448 638 affectione,
2483 569 2576 624 sed
2611 569 2664 622 in
2705 566 3038 638 operatione,
3081 571 3177 624 sed
3228 570 3281 626 in
3338 573 3639 630 voluntate.

347 660 423 712 tui
480 673 602 713 cum
676 658 955 714 sororibus
999 657 1294 714 dormiunt.
1343 657 1686 730 Appendices
1740 658 1947 716 scilicet

346 743 511 819 gulae,
554 745 774 802 lascivia
818 754 981 817 atque
1038 745 1251 802 luxuria
1292 747 1368 815 44,
1419 762 1586 819 quam
1633 745 1944 804 societatem

347 844 404 890 et
425 834 717 905 Apostolus
736 837 935 905 sciens,
958 852 1079 916 cum
1110 835 1497 906 praemisisset:
1526 838 1645 895 Non
1673 840 1740 893 in
1768 836 1942 893 ebrie-

341 924 575 988 tatibus,
609 939 712 981 ηδε
751 927 814 980 in
842 925 1338 983 comessationibus
1370 944 1389 992 ;
1421 925 1668 994 adjunxit
1699 941 1714 978 :
1747 942 1848 981 nec
1877 926 1940 980 in

343 1009 615 1067 cubilibus
662 1019 713 1069 et
758 1013 1080 1070 libidinibus
1125 1013 1306 1084 (Rom.
1360 1028 1489 1079 xm,
1546 1014 1655 1084 14).
1707 1012 1794 1068 Ad
1823 1013 1941 1068 elo-

340 1097 496 1170 gium
524 1099 670 1170 gulze
702 1109 806 1156 tuae
838 1101 1088 1171 pertinet,
1120 1101 1264 1172 quod
1296 1100 1498 1172 duplex
1537 1101 1678 1173 apud
1715 1109 1764 1156 te
1791 1117 1939 1171 prae-

341 1187 642 1244 sidentibus
705 1191 881 1246 honor
956 1191 1100 1246 binis
1162 1189 1334 1246 978
1397 1191 1639 1263 partibus
1705 1190 1938 1262 deputa-

339 1285 427 1331 tur
457 1277 612 1347 (70);
656 1295 776 1334 cum
809 1279 1110 1350 Apostolus
1155 1279 1428 1350 duplicem
1468 1283 1730 1337 honorem
1762 1281 1936 1337 dede-

337 1364 428 1437 rit,
493 1375 553 1424 ut
606 1375 659 1422 et
717 1367 970 1423 fratribus
1026 1376 1079 1422 et
1132 1370 1463 1440 praepositis.
1521 1366 1656 1436 Quis
1697 1368 1937 1424 sanctior

334 1452 477 1509 inter
504 1469 621 1522 vos,
667 1456 773 1510 nisi
820 1456 1142 1513 convivendi
1193 1456 1554 1529 frequentior,
1606 1457 1709 1512 nisi
1761 1457 1931 1512 obso-

336 1544 501 1598 nandi
533 1544 920 1616 pollucibilior,
939 1544 1045 1600 nisi
1075 1545 1334 1601 calicibus
1365 1545 1678 1602 instructior
1697 1547 1726 1599 ?
1747 1545 1936 1600 Merito

337 1633 588 1690 homines
617 1635 787 1691 solius
825 1635 1019 1691 animae
1055 1646 1109 1691 et
1156 1638 1332 1692 carnis
1361 1634 1623 1708 spiritalia
1651 1635 1932 1691 recusatis.

336 1720 568 1778 Talibus
597 1723 642 1779 si
673 1724 950 1795 placerent
979 1724 1276 1795 pr0phetaa,
1325 1725 1430 1780 mei
1468 1740 1580 1780 non
1621 1731 1792 1780 erant.
1827 1726 1938 1782 Cur

339 1825 472 1884 ergo
494 1826 602 1866 non
631 1820 940 1869 constanter
965 1814 1272 1882 praedicatis
1305 1833 1318 1870 ;
1357 1814 1748 1871 Manducemus
1768 1819 1825 1870 et
1852 1815 1936 1870 bi-

337 1899 560 1972 bamus,
582 1917 708 1958 cras
728 1903 878 1959 enim
903 1904 1220 1960 moriemur
1244 1904 1288 1973 (Ι
1315 1905 1436 1960 Cor.
1461 1920 1562 1970 xv,
1593 1905 1686 1974 32)
1707 1905 1735 1959 ?
1765 1903 1934 1958 Sicuti

337 2002 442 2043 nos
493 2005 599 2045 non
647 1992 958 2048 dubitamus
993 2000 1205 2049 exserte
1246 1993 1502 2049 mandare
1534 2011 1548 2047 :
1587 1994 1930 2062 Jejunemus,

332 2075 529 2132 fratres
557 2087 612 2134 et
657 2094 892 2148 sorores,
943 2096 1012 2136 ne
1054 2080 1196 2136 forte
1243 2097 1365 2137 cras
1393 2083 1706 2138 moriamur.
1751 2080 1934 2137 Palam

331 2164 644 2236 disciplinas
689 2178 904 2227 nostras
931 2169 982 2207 ⁸⁵
1017 2169 1377 2229 vindicamus.
1428 2172 1538 2228 Nos
1565 2173 1696 2229 certi
1725 2186 1930 2237 sumus,

2056 659 2251 715 Macies
2285 674 2392 714 non
2421 657 2673 728 displicet
2723 657 2909 728 nobis;
2949 673 3125 728 neque
3153 659 3298 716 enim
3328 662 3397 716 ad
3435 665 3648 733 pondus

2050 748 2196 804 Deus
2222 763 2432 803 carnem
2456 746 2663 817 tribuit,
2691 747 2828 803 sicut
2849 764 2950 806 nec
2977 748 3254 820 spiritum
3311 752 3384 807 ad
3413 770 3646 812 mensu-

2048 853 2196 906 ram,
2226 836 2432 893 facilius
2461 836 2506 893 si
2535 835 2673 891 forte
2719 851 2818 906 per
2855 845 3139 908 angustam
3178 838 3367 894 salutis
3423 841 3643 910 januam

2051 926 2288 983 introibit
2315 941 2444 982 caro
2499 925 2716 993 exilior,
2759 924 2919 981 citius
2971 925 3381 985 resuscitabitur
3405 945 3530 986 caro
3563 930 3646 986 le-

2045 1015 2181 1080 vior,
2214 1015 2416 1071 diutius
2445 1015 2497 1069 in
2544 1014 2817 1085 sepultura
2856 1015 3068 1070 durabit
3114 1031 3238 1072 caro
3280 1018 3500 1073 aridior.
3546 1020 3644 1074 Sa-

2045 1105 2302 1177 ginentur
2358 1105 2571 1176 pugiles
2619 1111 2674 1158 et
2705 1109 2874 1175 pyctae
2913 1103 3184 1177 Olympici
3216 1123 3229 1164 :
3265 1106 3377 1162 illis
3424 1108 3645 1164 ambitio

2047 1195 2292 1266 corporis
2337 1192 2614 1264 competit,
2655 1191 2853 1262 quibus
2909 1198 2964 1246 et
3010 1191 3153 1249 vires
3202 1195 3540 1251 necessariae.
3571 1197 3640 1252 Et

2047 1290 2225 1336 tamen
2248 1282 2326 1336 illi
2358 1296 2573 1353 quoque
2601 1278 2942 1348 xerOphagiis
2974 1279 3329 1353 invalescunt;
3391 1287 3487 1339 sed
3537 1301 3645 1341 no-

2042 1378 2152 1426 stra
2179 1372 2285 1426 alia
2317 1373 2530 1440 robora,
2572 1368 2798 1440 aliaeque
2827 1368 2995 1434 vires,
3030 1369 3169 1424 sicut
3215 1379 3267 1425 et
3331 1372 3435 1426 alia
3464 1382 3644 1430 certa-

2047 1461 2220 1526 mina;
2261 1459 2459 1530 quibus
2508 1472 2614 1512 non
2649 1465 2731 1511 est
2761 1456 2986 1512 luctatio
3017 1457 3280 1514 adversus
3321 1476 3539 1515 carnem
3587 1469 3644 1518 et

2045 1549 2386 1620 sanguinem,
2420 1547 2515 1602 sed
2572 1545 2832 1602 adversus
2881 1547 3066 1600 mundi
3111 1556 3410 1618 potestates
3436 1550 3505 1616 ⁸η,
3539 1551 3638 1605 ad-

2043 1653 2240 1693 versus
2277 1636 2538 1707 spiritalia
2579 1634 2820 1700 malitias,
2870 1636 3132 1690 adversus
3171 1638 3306 1706 haec,
3337 1655 3447 1692 non
3478 1654 3639 1696 carne

2042 1733 2097 1782 et
2151 1725 2411 1800 sanguine
2440 1768 2453 1790 ,
2511 1723 2608 1780 sed
2657 1722 2762 1778 ﬁde
2806 1730 2860 1777 et
2907 1723 3097 1792 spiritu
3149 1726 3370 1782 robusto
3427 1735 3643 1797 oportet

2044 1816 2322 1872 adsistere.
2356 1815 2630 1870 Caeterum
2679 1810 2977 1882 saginatior
3023 1812 3074 1849 48
3117 1813 3457 1872 Christianus
3491 1818 3636 1874 ursis

2044 1911 2101 1960 et
2130 1902 2381 1959 leonibus
2429 1902 2585 1971 forte,
2633 1913 2799 1970 quam
2828 1897 2964 1966 Deo,
3005 1898 3108 1952 erit
3153 1902 3507 1970 necessarius,
3534 1905 3638 1960 nisi

2043 1993 2190 2066 quod
2219 1992 2268 2031 49
2296 2001 2350 2050 et
2378 1992 2644 2050 adversus
2671 1987 2881 2046 bestias
2909 1986 3140 2046 maciem
3172 2004 3420 2048 exercere
3467 1993 3638 2051 debe-

2042 2082 2140 2142 bit.

1715 2269 1909 2332 Varia:
1961 2269 2271 2332 lectiones.

407 2400 457 2438 43
485 2400 536 2454 Is
576 2401 702 2457 Ven.
735 2399 912 2470 “Est,
962 2401 1091 2458 add.
1129 2401 1299 2459 Seml.
1331 2409 1382 2448 45
1410 2409 1630 2465 Vestras
1661 2401 1831 2462 Seml.
1863 2401 1914 2442 αδ
1939 2403 2000 2457 In
2031 2401 2182 2458 tollit
2231 2400 2400 2458 Sami.
2435 2399 2483 2437 ίη
2516 2398 2768 2454 Potentes
2813 2397 2934 2452 Lat.
2963 2396 3013 2434 ’⁸⁸
3056 2395 3342 2470 Saginator
3373 2401 3548 2460 Seml.
3581 2404 3634 2443 ‘9

327 2471 466 2542 Quae
504 2472 673 2530 Seml.

1719 2594 2222 2660 Commentarius.

327 2719 464 2775 pore
509 2702 746 2776 Montani
803 2702 1181 2776 disciplinam,
1219 2702 1447 2775 ideoque
1505 2718 1674 2776 supra
1712 2703 1850 2758 dixit
1899 2721 1915 2760 :

333 2798 356 2824 α
400 2776 470 2830 Et
497 2775 685 2830 merito
716 2783 768 2830 te
798 2775 1032 2846 priorem
1059 2775 1290 2844 jactitas.
1330 2797 1352 2823 η
1388 2776 1512 2830 ﬂre.

401 2847 515 2917 (69)
544 2848 726 2917 Agape
754 2845 818 2899 in
855 2846 1072 2902 cacabis
1109 2848 1309 2917 fervet.
1347 2846 1540 2912 Paull.,
1573 2845 1614 2898 Ι.
1648 2860 1815 2900 xvm.
1847 2845 1916 2916 D,

329 2916 482 2972 instr.
529 2938 552 2968 ι
581 2916 694 2973 Nec
731 2917 954 2973 multum
993 2917 1153 2972 refert
1181 2916 1318 2973 inter
1362 2919 1590 2972 cacabos
1617 2925 1671 2971 et
1699 2931 1912 2981 aenum,

324 2990 473 3068 quod
511 2989 895 3068 supra__focum
941 2989 1142 3068 pendet
1174 3005 1185 3044 :
1228 2989 1312 3043 bis
1349 3003 1494 3068 aqua
1521 2988 1589 3042 ad
1619 2987 1914 3068 potandum

324 3059 521 3125 ealeiit,
551 3061 607 3114 in
645 3059 750 3114 illis
786 3059 1205 3130 pulmentarium
1251 3059 1520 3130 coquitur.
1557 3079 1581 3108 ν
1617 3059 1912 3114 Commen-

321 3140 464 3188 tator
519 3130 790 3188 Iuvenalis
870 3133 1098 3188 cacabos
1169 3132 1465 3187 bascaudas
1529 3131 1912 3201 interpretatur

319 3204 386 3276 ad
419 3210 583 3275 satyr.
635 3206 723 3276 II,
768 3203 872 3276 hoc
899 3211 981 3276 est
1025 3219 1153 3276 vasa
1202 3202 1257 3258 in
1305 3202 1506 3276 quibus
1534 3201 1729 3276 calices
1760 3201 1907 3276 lava-

318 3249 540 3338 bantur’,
579 3249 744 3330 nolim
772 3274 826 3329 id
875 3249 1074 3345 optime
1102 3249 1602 3330 dictumuasserere.
1637 3273 1736 3328 Est
1762 3271 1905 3327 enim
1943 3249 1986 3328 C

2026 2701 2285 2782 vas_quo_d
2333 2717 2369 2782 a_
2391 2699 2650 2782 Romanis
2703 2696 3356 2782 miliarium‘dicebatur.‘
3382 2702 3469 2782 _Ln
3526 2706 3630 2764 Pa.

2063 2768 2213 2857 "('70)
2225 2775 2444 2857 Duplex:
2459 2768 3318 2857 aputi‘ieprmsideutibus‘boupr
3337 2773 3486 2857 binis
3498 2794 3629 2848 par-

2029 2840 2541 2918 tibus'dep'utatur.
2592 2840 2753 2897 Binas
2782 2850 2962 2912 partes
3011 2840 3265 2967 intelligit
3306 2840 3546 2902 ventrem
3577 2859 3630 2904 et

2021 2925 2318 2982 veratrum,
2375 2918 2480 2970 hoc
2524 2922 2625 2980 est,
2672 2913 2984 2986 ingluviem
3009 2919 3061 2966 et
3091 2911 3186 2966 libi
3229 2915 3393 2970 inem.
3442 2919 3628 2986 Itaque

2022 2937 2318 2982 veratrum,
2377 2937 2480 2970 noc
2524 2937 2625 2980 eat,
2672 2937 2970 2986 lugluvwm
3009 2937 3061 2966 et
3092 2937 3393 2970 ItUlutuem.
3442 2937 3625 2990 Itaque

2021 2987 2301 3058 episcOpis
2319 2987 2461 3058 apud
2480 2985 2786 3058 ,Psychicos
2834 2981 3135 3058 duplicem,
3177 2986 3403 3056 quidem
3449 2990 3625 3047 hono-

2021 3052 2136 3134 rem
2167 3052 2408 3134 eihiberi
2439 3056 2542 3134 ait,
2561 3052 2661 3111 sed
2701 3071 2810 3109 non
2857 3064 2918 3110 ut
2957 3052 3224 3134 fratribus
3255 3065 3309 3113 et
3358 3063 3627 3134 praeposi-

2021 3131 2109 3196 tis,
2143 3129 2290 3201 quod
2320 3128 2614 3198 Apostolus
2675 3128 3013 3199 praeceperit,
3056 3140 3246 3184 verum
3294 3128 3373 3186 ut'
3407 3128 3534 3203 gula
3572 3143 3628 3190 et

2017 3200 2147 3256 vino
2172 3200 2510 3272 potentibus.
2542 3200 2669 3256 me.

666 3616 834 3780 ρ.
913 3614 1384 3759 SEPT.
1484 3546 1983 3757 FLOR.
2074 3607 3279 3758 TERTULLIANI

1926 3830 2119 3883 LIBER

1511 3969 1672 4072 DE
1744 3960 2400 4083 PUDICITIA.

741 4349 917 4408 979
964 4351 1475 4408 ARGUMENTUM.

385 4444 427 4498 Ι.
477 4441 753 4498 Ριιάίοίιίξε
791 4458 971 4498 amore
1018 4442 1372 4499 Tertullianus
1417 4440 1473 4495 in
1516 4437 1768 4495 haeresim
1814 4438 1902 4494 la-

310 4546 467 4603 psus,
497 4531 636 4586 libro
663 4530 768 4588 hoc
793 4545 1031 4586 errorem
1069 4530 1307 4586 Montani
1340 4537 1661 4601 prosecutus
1690 4530 1759 4584 de
1790 4543 1901 4584 non

308 4619 640 4692 recipiendis
676 4619 1096 4690 pmnitentibus,
1140 4620 1326 4675 saltem
1363 4619 1588 4676 mmchis
1635 4624 1688 4673 et
1732 4616 1906 4673 forni-

309 4709 604 4774 catoribus,
645 4709 808 4764 laude
854 4707 1128 4778 pudicitia
1173 4708 1474 4780 praemissa,
1515 4707 1752 4778 idipsum
1798 4707 1905 4762 hu-

304 4801 402 4868 jus
431 4798 552 4854 libri
578 4810 959 4871 argumentum
1010 4797 1192 4869 paucis
1221 4797 1422 4854 indicat
1471 4797 1690 4871 (fassus,
1726 4813 1784 4853 se
1811 4811 1903 4852 re-

310 4893 420 4951 tro,
470 4902 664 4958 nempe
711 4902 832 4942 cum
877 4888 1072 4943 librum
1126 4887 1192 4942 de
1248 4887 1575 4944 Pmnitentia
1619 4887 1902 4953 scriberet,

305 4974 530 5031 alterius
584 4976 753 5033 fuisse
809 4976 1154 5049 sententiae);
1213 4977 1447 5032 maxime
1502 4992 1626 5032 cum
1690 4977 1904 5035 culmen

302 5062 598 5120 criminum
629 5073 850 5122 teneant
881 5065 1111 5123 maschia
1143 5077 1197 5122 et
1226 5065 1528 5123 fornicatio.

376 5152 444 5208 ΙΙ.
485 5151 662 5225 Atque
707 5153 992 5223 imprimis,
1037 5154 1330 5224 Scripturis
1367 5154 1679 5224 Scripturas
1721 5169 1903 5226 oppo-

302 5256 457 5308 nens,
507 5242 631 5298 inde
667 5242 922 5315 colligere
977 5242 1186 5309 nititur,
1234 5242 1431 5300 delicta
1486 5244 1736 5315 quaedam
1777 5259 1902 5302 esse

304 5330 671 5398 remissibilia,
705 5332 807 5387 alia
837 5332 1256 5389 irremissibilia.

377 5419 465 5474 III.
513 5421 633 5476 Non
681 5429 862 5477 tamen
910 5430 1200 5492 propterea
1248 5421 1629 5497 negligentiam
1673 5437 1899 5496 prorsus

297 5505 624 5566 delictomm
659 5512 1018 5583 quorumdam
1045 5511 1437 5584 paenitentiam.

1940 4364 1986 4441 Β
2057 4343 2178 4441 ⁸ΙνΓ
2217 4344 2340 4441 Iam
2359 4358 2488 4441 vero
2513 4351 2796 4417 postquam
2827 4345 3031 4441 docuit,
3069 4346 3340 4441 machina
3365 4436 3374 4441 Δ
3397 4359 3449 4406 et
3492 4350 3613 4441 ior-

2016 4432 2299 4490 nicationis
2344 4432 2562 4488 nomine
2609 4449 2667 4490 se
2720 4434 3183 4505 comprehendere
3229 4436 3410 4492 omnia
3490 4439 3614 4496 libi-

2015 4522 2201 4580 dinum
2230 4521 2443 4580 delicta.
2727 4519 2751 4540 ⁸

2086 4613 2153 4669 V.
2188 4613 2472 4671 Moechiam
2500 4611 2817 4669 idololatriae
2855 4619 2910 4669 et
2956 4610 3248 4671 homicidio
3285 4618 3607 4688 comparari,

2014 4720 2081 4762 ex
2113 4703 2400 4774 Scripturis
2427 4703 2685 4760 ostendit.

2085 4793 2177 4848 VI.
2210 4791 2323 4847 Etsi
2370 4806 2496 4848 vero
2539 4791 2598 4846 in
2642 4790 2827 4847 Veteri
2877 4791 3223 4846 Testamento
3269 4799 3482 4848 exstent
3523 4810 3610 4850 ex-

2013 4883 2192 4954 empla
2219 4881 2395 4939 veniae
2425 4895 2522 4950 pro
2552 4881 2806 4948 mmchis,
2841 4879 3072 4936 inveniri
3105 4879 3267 4936 etiam
3292 4881 3513 4956 judicii;
3555 4891 3611 4940 et

2011 4970 2172 5027 aliam
2200 4987 2319 5027 esse
2347 4969 2490 5026 Novi
2521 4970 2851 5026 Testamenti
2879 4969 3167 5028 rationem.

2085 5060 2202 5119 VII.
2235 5059 2502 5131 Deinceps
2556 5058 2665 5115 late
2695 5059 2936 5131 disputat
2972 5060 3044 5117 de
3099 5060 3362 5132 parabole
3392 5061 3510 5120 ovis
3555 5070 3609 5120 et

2011 5148 2285 5206 drachma
2313 5149 2556 5220 perditae.

2080 5238 2222 5296 VIII.
2252 5239 2352 5296 IX.
2382 5239 2516 5295 Item
2545 5238 2613 5296 de
2649 5239 2878 5295 duorum
2899 5238 3134 5297 ﬁliorum
3164 5242 3441 5313 parabole.

2079 5327 2155 5384 X.
2197 5329 2572 5386 Paenitentiam
2619 5329 2764 5385 enim
2809 5328 2971 5387 etiam
3000 5329 3227 5388 ethnicis
3273 5337 3602 5402 competere.

2079 5419 2182 5476 XI.
2230 5418 2445 5477 Exinde
2489 5427 2546 5477 et
2584 5417 2723 5478 facta
2761 5420 2979 5478 Domini
3025 5418 3410 5492 peccatoribus
3457 5419 3605 5476 edita

2005 5508 2291 5567 describit.
