4058 6172
281 396 418 459 1033

1574 391 1768 455 LIBER
1801 390 1882 451 DE
1911 387 2261 454 PUDICITIA.

3430 402 3571 464 1034

278 549 359 598 est
415 541 705 612 episcopus
760 537 1138 612 episcoporum
1176 539 1278 609 (7),
1332 537 1528 595 edicit:
1594 558 1617 589 α
1647 537 1766 609 Εςο
1813 541 1866 591 et
1895 536 1945 615 Α
1973 535 2179 593 utinam
2209 543 2262 592 et
2290 537 2380 595 isti
2409 541 2501 612 qui
2532 556 2733 596 meram
2765 546 2818 598 et
2845 556 3031 601 veram
3063 541 3420 615 integritatem
3442 564 3569 604 car-

280 630 509 687 maachia
560 637 614 686 et
686 627 1058 685 fornicationis
1121 627 1200 698 (8)
1262 627 1490 696 delicta,
1554 621 1870 699 pmnitentia

281 718 478 776 functis
533 717 745 774 dimitto
771 756 785 772 .
848 736 872 767 ι
934 716 980 772 Ο
1037 714 1295 782 edictum,
1352 715 1440 772 cui
1503 714 1697 772 ascribi
1759 726 1871 769 non

280 808 501 882 poterit,
531 809 740 865 Bonum
789 805 987 863 factum
1016 802 1133 876 (9)1
1178 806 1248 860 Et
1291 804 1385 860 ubi
1430 811 1765 878 proponatur
1801 801 1869 856 li-

283 897 534 955 beralitas
580 895 726 951 ista?
773 893 1004 961 Ibidem,
1053 893 1266 964 opinor,
1315 893 1371 949 in
1419 882 1550 966 ipsis
1587 891 1868 947 libidinum

280 987 478 1058 januis,
531 985 632 1040 sub
677 982 807 1054 ipsis
851 981 1141 1039 libidinum
1185 981 1371 1037 titulis.
1429 981 1544 1038 Illic
1599 977 1871 1051 ejusmodi

283 1073 597 1147 paenitentis
626 1071 1020 1144 promulganda
1070 1077 1171 1136 est,
1220 1069 1311 1126 ubi
1356 1070 1726 1142 delinquentis
1754 1069 1873 1138 ipsa

282 1162 599 1231 versabitur,
644 1161 754 1216 illic
809 1159 1044 1233 legenda
1101 1167 1183 1214 est
1229 1159 1405 1224 venia,
1451 1173 1558 1231 quo
1603 1174 1728 1213 cum
1775 1171 1872 1226 Spe

280 1253 400 1323 ejus
425 1249 728 1306 intrabitur.
778 1248 887 1304 Sed
936 1249 1038 1304 hoc
1083 1246 1138 1301 in
1179 1243 1423 1303 Ecclesia
1467 1247 1687 1319 legitur,
1735 1249 1789 1300 et
1817 1242 1872 1297 in

281 1341 528 1399 Ecclesia
569 1336 970 1411 pronuntiatur,
1016 1342 1070 1391 et
1117 1335 1274 1408 virgo
1313 1336 1442 1391 est?
1471 1334 1645 1399 Absit,
1677 1332 1814 1388 absit
1842 1346 1872 1386 a

282 1445 482 1500 sponsa
526 1426 725 1504 Christi
773 1425 878 1479 tale
927 1423 1285 1494 praeconium.
1335 1423 1430 1478 Illa
1459 1437 1580 1495 quae
1607 1435 1736 1479 vera
1765 1426 1868 1486 est,

283 1533 404 1589 quae
433 1516 646 1588 pudica,
678 1529 799 1586 quae
829 1519 1038 1581 sancta,
1085 1510 1286 1568 carebit
1322 1511 1484 1566 etiam
1515 1509 1721 1564 aurium
1750 1523 1872 1561 ms-

280 1605 437 1662 culis.
469 1605 588 1661 Non
618 1604 779 1659 habet
806 1601 1021 1684 .quibus
1070 1601 1169 1657 hoc
1214 1599 1588 1671 repromittat;
1621 1606 1676 1652 et
1703 1597 1750 1651 si
1776 1596 1877 1649 ha-

1977 625 2063 682 nis
2104 627 2439 696 obtruncant,
2501 639 2839 701 amputantes
2897 648 3005 689 non
3052 649 3316 689 summam
3374 652 3571 710 super-

1977 713 2173 782 ficiem,
2205 717 2304 773 sed
2359 718 2602 776 intimam
2651 720 2894 793 efﬁgiem
2949 721 3168 792 pudoris
3215 723 3404 797 ipsius,
3448 742 3571 783 cum

1977 806 2202 861 moechis
2231 813 2284 862 et
2326 806 2738 864 fornicatoribus
2774 809 2989 866 veniam
3016 809 3338 882 pollicentur
3373 815 3569 870 adver-

1978 911 2070 950 sus
2127 895 2472 967 principalem
2535 897 2826 952 Christiani
2881 899 3122 954 nominis
3178 900 3520 971 disciplinam
3555 947 3570 972 ,

1979 999 2138 1054 quam
2168 983 2339 1055 ipsum
2380 1001 2599 1056 quoque
2645 984 2906 1042 saeculum
2938 1002 3112 1058 usque
3151 989 3284 1047 adeo
3325 997 3573 1061 testatur,

1980 1079 2058 1139 ut,
2090 1071 2134 1125 si
2157 1073 2396 1141 quando,
2426 1087 2546 1127 eam
2577 1074 2630 1128 in
2663 1073 2875 1128 feminis
2921 1075 3123 1129 nostris
3154 1074 3574 1148 inquinamentis

1981 1158 2158 1230 potius
2209 1156 2386 1216 983
2432 1161 2610 1216 carnis
2651 1177 2818 1233 quam
2863 1163 3145 1218 tormentis
3195 1167 3388 1235 punire
3441 1183 3572 1224 con-

1980 1246 2190 1315 tendat,
2248 1246 2302 1301 id
2349 1248 2537 1304 volens
2589 1251 2800 1319 eripere
2856 1251 3000 1320 quod
3044 1251 3168 1305 vitae
3204 1253 3572 1324 anteponant!

1983 1333 2092 1389 Sed
2117 1335 2227 1404 jam
2258 1335 2376 1390 haec
2405 1336 2581 1408 gloria
2617 1336 2996 1411 exstinguitur,
3029 1347 3082 1394 et
3109 1339 3329 1409 quidem
3362 1359 3455 1412 per
3479 1358 3577 1398 eos

1980 1438 2122 1496 quos
2150 1431 2295 1479 tanto
2335 1426 2669 1481 constantius
2697 1433 3012 1496 Oportuerat
3043 1427 3315 1496 ejusmodi
3353 1431 3578 1487 maculis

1981 1512 2181 1566 nullam
2212 1513 2550 1570 subscribere
2584 1515 2820 1583 veniam,
2865 1524 3067 1587 quanto
3108 1525 3392 1588 prOpterea
3431 1535 3578 1592 quo-

1981 1599 2119 1654 tiens
2149 1601 2353 1667 volunt,
2397 1603 2607 1657 nubunt
2645 1605 2688 1668 4,
2745 1620 2815 1659 ne
2854 1604 3102 1661 moechiae
3132 1613 3185 1660 et
3234 1605 3581 1664 fornicationi

279 1695 482 1760 buerit,
513 1707 620 1749 non
666 1682 1028 1762 repromittit:
1061 1690 1319 1760 quoniam
1365 1697 1416 1745 et
1462 1695 1734 1743 terrenum
1775 1682 1876 1738 Dei
1913 1713 1956 1790 Β
1985 1689 2263 1745 succidere
2281 1692 2834 1763 coganturzquoniam
2854 1696 3060 1751 melius
3075 1699 3161 1749 est
3180 1696 3388 1754 nubere
3409 1715 3583 1770 quam

280 1782 546 1854 templum
571 1780 728 1836 citius
754 1780 1025 1852 spelunca
1057 1780 1345 1835 latronum
1374 1774 1594 1846 (Matth.
1624 1788 1748 1839 χιιι,
1783 1771 1873 1841 13)

279 1869 543 1942 appellari
575 1867 746 1940 potuit
772 1883 804 1922 a
832 1866 1083 1933 Domino,
1116 1881 1278 1937 quam
1315 1867 1653 1920 moechorum
1679 1870 1733 1918 et
1762 1861 1874 1917 for-

280 1958 604 2013 nicatorum.
636 1957 752 2013 Erit
779 1955 946 2030 igitur
982 1964 1036 2012 et
1062 1955 1150 2010 hic
1175 1954 1289 2026 (10)
1321 1953 1586 2010 adversus
1639 1951 1872 2024 Psychi-

280 2060 376 2104 eos
416 2044 618 2109 titulus,
669 2046 929 2100 adversus
974 2057 1112 2097 meae
1158 2056 1373 2114 quoque
1417 2038 1696 2096 sententias
1734 2048 1876 2094 retro

283 2147 450 2206 penes
498 2131 620 2186 illos
656 2131 989 2197 societatem,
1020 2143 1129 2202 quo
1175 2131 1348 2202 magis
1388 2130 1494 2185 hoc
1525 2127 1655 2184 mihi
1686 2129 1742 2184 in
1770 2142 1876 2184 no-

283 2235 392 2281 tam
437 2220 674 2279 levitatis
718 2221 1008 2290 objectent.
1048 2221 1336 2292 Nunquam
1382 2219 1652 2275 societatis
1706 2233 1875 2289 repu-

284 2313 433 2370 dium
477 2308 656 2367 delicti
709 2309 1086 2382 prwjudicium
1131 2315 1234 2375 est,
1296 2307 1452 2379 quasi
1507 2321 1614 2363 non
1669 2305 1878 2361 facilius

283 2400 464 2462 982
494 2399 564 2456 sit
590 2414 767 2454 errare
810 2412 933 2455 cum
972 2396 1239 2468 pluribus,
1284 2397 1500 2469 quando
1528 2395 1728 2452 veritas
1753 2410 1877 2450 cum

285 2489 473 2564 paucis
515 2495 742 2543 ametur.
772 2487 992 2542 Atenim
1040 2499 1130 2539 me
1175 2499 1282 2539 non
1318 2484 1494 2557 magis
1533 2483 1879 2539 dedecorabit

287 2580 436 2638 utilis
457 2577 482 2616 3
501 2577 712 2644 levitas,
743 2591 900 2648 quam
921 2574 1123 2631 ornarit
1151 2587 1352 2629 nocens
1374 2574 1511 2646 (11).
1531 2573 1653 2628 Νοιι
1674 2571 1879 2628 suffun-

287 2670 388 2727 dor
417 2681 598 2724 errore
641 2682 748 2738 quo
791 2664 963 2734 carui,
996 2663 1121 2736 quia
1167 2662 1407 2718 caruisse
1457 2661 1716 2730 delector,
1751 2661 1879 2733 quia

287 2757 575 2815 meliorem
606 2771 692 2812 me
719 2762 773 2812 et
800 2753 1137 2827 pudiciorem
1164 2765 1517 2824 recOgnosco.
1551 2749 1719 2806 Nemo
1749 2765 1879 2821 pro-

287 2847 476 2904 ﬁciens
503 2845 793 2902 erubescit.
825 2843 997 2899 Habet
1041 2848 1094 2897 et
1135 2842 1191 2897 in
1237 2839 1450 2895 Christo
1497 2838 1719 2894 scientia
1745 2847 1878 2893 aeta-

291 2945 373 2993 tes
399 2951 546 3001 suas,
576 2949 675 3005 per
701 2947 836 3005 quas
860 2931 1145 2989 devolutus
1173 2935 1257 2984 est
1287 2935 1340 2983 et
1384 2926 1700 2997 Apostolus.
1746 2927 1884 2984 Cum

285 3027 589 3098 parvulus,
602 3022 1001 3095 inquit,essem,
1019 3022 1294 3091 tanquam
1306 3017 1580 3090 parvulus
1602 3016 1881 3089 loquebar,

1986 1779 2084 1836 uri
2120 1779 2173 1850 (Ι
2191 1779 2315 1837 Cor.
2347 1793 2451 1848 vn,
2483 1781 2560 1848 9).
2601 1780 2885 1847 Nimirum,
2917 1788 3141 1852 prOpter
3193 1785 3581 1843 continentiam

1982 1867 2372 1924 incontinentis
2401 1868 2705 1924 necessaria
2732 1874 2834 1934 est,
2883 1867 3192 1923 incendium
3230 1869 3449 1942 ignibus
3479 1891 3581 1931 ex-

1980 1956 2302 2030 stinguetur.
2319 1957 2424 2012 Cur
2443 1971 2573 2028 ergo
2595 1964 2648 2014 et
2662 1955 2886 2014 crimina
2912 1956 3255 2027 postmodum
3275 1959 3580 2036 indulgent,

1981 2045 2314 2117 poenitentiae
2363 2047 2612 2113 nomine,
2672 2060 2902 2118 quorum
2941 2045 3179 2101 remedia
3235 2048 3584 2119 praestituunt

1983 2135 2412 2192 multinubentiaa
2454 2137 2578 2206 jure
2606 2136 2635 2191 ἢ
2690 2136 2826 2191 Nam
2874 2141 2929 2190 et
2988 2136 3227 2191 remedia
3294 2139 3578 2208 vacabunt,

1983 2238 2112 2279 cum
2175 2223 2398 2280 crimina
2441 2223 2828 2295 indulgentur;
2883 2231 2937 2278 et
2993 2223 3233 2280 crimina
3266 2227 3578 2299 manebunt,

1983 2313 2028 2367 si
2056 2313 2294 2369 remedia
2324 2315 2608 2368 vacabunt.
2661 2314 2846 2385 Itaque
2892 2313 3184 2383 utrobique
3214 2315 3278 2368 de
3319 2315 3581 2371 sollicitu-

1984 2400 2110 2455 dine
2140 2408 2194 2455 et
2232 2399 2564 2472 negligentia
2620 2402 2832 2465 ludunt,
2894 2401 3246 2470 praecavendo
3293 2403 3583 2461 vanissime

1984 2488 2185 2560 quibus
2229 2497 2504 2558 parcunt,
2555 2494 2608 2543 et
2663 2487 2934 2559 parcendo
2995 2487 3332 2557 ineptissime
3383 2490 3586 2562 quibus

1987 2585 2394 2650 praecaverunt;
2447 2593 2570 2634 cum
2618 2585 2710 2631 aut
2754 2579 3172 2646 praecavendum
3219 2592 3327 2633 non
3357 2579 3443 2646 sit,
3492 2581 3586 2636 ubi

1988 2666 2268 2737 parcitur;
2303 2672 2394 2721 aut
2441 2665 2770 2738 parcendum
2799 2681 2910 2720 non
2964 2666 3050 2734 sit,
3102 2667 3194 2720 ubi
3231 2677 3583 2736 praecavetur.

1988 2756 2294 2811 Praecavent
2349 2753 2531 2825 enim,
2584 2753 2740 2824 quasi
2786 2753 2958 2808 nolint
2999 2754 3204 2808 admitti
3256 2755 3359 2810 tale
3405 2758 3585 2827 quid;

1992 2843 2275 2915 indulgent
2300 2823 2527 2907 autem,
2560 2823 2715 2913 quasi
2770 2840 2940 2896 velint
2995 2840 3243 2906 admitti;
3293 2823 3509 2913 quando
3539 2823 3584 2900 si

1993 2932 2201 2988 admitti
2231 2931 2422 3002 nolint,
2464 2946 2572 2986 non
2606 2929 2834 2986 debeant
2872 2929 3192 3001 indulgere;
3227 2930 3276 2986 si
3303 2930 3588 3008 indulgere

1993 3020 2177 3087 velint,
2220 3035 2327 3077 non
2371 3019 2605 3074 debeant
2641 3033 2962 3089 praecavere.
3019 3019 3132 3074 Nec
3171 3019 3316 3075 enim
3358 3023 3588 3079 mmchia
3626 3018 3692 3089 ³μὲ

293 3097 574 3185 tanquam
597 3111 874 3184 parvulus
896 3107 1213 3180 sapiebam:
1236 3109 1299 3161 at
1317 3105 1412 3162 ubi
1429 3107 1654 3162 virsum
1675 3109 1883 3176 factus,
1919 3097 1963 3175 Β
1990 3115 2042 3164 et
2068 3106 2349 3164 fornicatio
2374 3106 2444 3162 de
2473 3104 2698 3160 modicis
2724 3113 2777 3160 et
2805 3105 2874 3161 de
2899 3105 3147 3160 maximis
3175 3106 3200 3144 5
3228 3107 3439 3164 delictis
3470 3110 3586 3183 (12)

287 3219 355 3261 ea
379 3218 505 3276 qua:
528 3200 764 3275 parvuli
791 3201 1055 3272 fuerant,
1085 3195 1354 3253 evacuavi
1379 3193 1432 3266 (Ι
1451 3195 1573 3252 Cor.
1605 3209 1734 3265 XIII,
1767 3198 1881 3263 11).

287 3292 443 3348 Adeo
469 3289 685 3347 divertit
713 3305 745 3344 a
772 3287 1054 3345 sententiis
1102 3284 1362 3357 pristinis,
1411 3299 1512 3340 nec
1545 3283 1749 3340 idcirco
1778 3283 1882 3338 de-

285 3383 470 3455 liquit,
490 3381 641 3454 quod
670 3380 976 3436 aemulator
995 3379 1185 3449 factus
1214 3378 1318 3444 est,
1341 3388 1452 3430 non
1503 3378 1884 3446 paternarum

289 3471 704 3530 tradictionum
744 3468 954 3540 (Galat.
1005 3481 1046 3534 ι,
1106 3465 1196 3535 14)
1218 3506 1232 3532 ,
1289 3465 1386 3520 sed
1429 3462 1881 3532 christianarum;

286 3566 486 3632 optans
532 3558 692 3614 etiam
739 3565 800 3613 ut
835 3555 1264 3628 praeciderentur
1290 3551 1383 3623 qui
1417 3551 1882 3608 circumcisionem

289 3649 638 3707 detinendam
684 3646 984 3703 suadebant
1026 3643 1237 3714 (Galat.
1281 3656 1341 3710 v,
1403 3644 1489 3712 11,
1541 3641 1883 3714 12).ᾼΑῐῳιθ

1992 3195 2406 3266 deputabuntur,
2439 3201 2497 3249 ut
2541 3201 2835 3266 utrumque
2865 3201 3152 3264 competat,
3192 3204 3245 3251 et
3282 3195 3587 3255 sollicitudo

1987 3299 2109 3357 quae
2138 3290 2423 3354 praecavet,
2459 3290 2515 3338 et
2560 3281 2821 3337 securitas
2852 3298 2972 3353 quas
3013 3282 3280 3356 indulget.
3314 3286 3418 3341 Sed
3465 3303 3589 3343 cum
3616 3279 3629 3289 ⁸

1990 3389 2052 3430 ea
2095 3372 2202 3428 sint
2246 3387 2367 3444 quae
2406 3371 2621 3427 culmen
2677 3370 2966 3426 criminum
3006 3379 3245 3438 teneant,
3293 3389 3402 3429 non
3441 3377 3585 3447 capit

1991 3469 2042 3518 et
2070 3461 2341 3533 indulgeri
2372 3458 2528 3532 quasi
2555 3458 2788 3526 modica,
2839 3467 2893 3515 et
2941 3460 3233 3532 praecaveri
3279 3462 3434 3531 quasi
3481 3479 3592 3518 ma-

1991 3552 2154 3608 xims.
2185 3550 2355 3605 Nobis
2383 3558 2560 3605 autem
2591 3548 2821 3603 maxima
2861 3557 2953 3604 aut
2995 3564 3206 3604 summa
3253 3549 3330 3604 sic
3373 3565 3592 3622 quoque

1989 3647 2384 3713 praecaventur,
2410 3639 2539 3694 dum
2576 3652 2674 3694 nec
2720 3637 2987 3694 secundas
3011 3636 3242 3710 [quidem
3271 3647 3396 3709 post
3423 3639 3588 3698 ﬁdem

1665 3711 1858 3775 Variae
1903 3711 2209 3784 lectiones.

362 3802 388 3842 ³
417 3801 644 3858 Inutilis
671 3799 851 3857 Rhen.
887 3796 1110 3856 Oberth.
1139 3796 1165 3834 ⁴
1192 3793 1412 3850 Nubant
1443 3792 1664 3851 Oberth.
1695 3794 1866 3854 Seml.
1897 3800 1922 3838 5
1950 3793 2142 3856 Mediis
2169 3795 2305 3850 Jun.

1683 3861 2187 3937 Commentarius.

289 3954 418 4012 dist.
451 3955 543 4020 46,
572 3969 694 4025 cap.
730 3947 1164 4025 Constantinus,
1198 3948 1369 4025 etii},
1401 3960 1495 4018 gn.
1528 3946 1580 4010 1,
1614 3957 1734 4014 cap.
1767 3950 1880 4008 Fu-

289 4031 488 4083 turam
509 4019 534 4096 ,4
561 4019 1040 4096 ...'Balsamon_in
1076 4019 1265 4096 Photii
1280 4019 1779 4096 yomocanonemL
1793 4025 1876 4096 tit.

288 4112 392 4154 vm
419 4101 488 4154 de
509 4087 880 4152 Ὧδε-θειώδη..
923 4091 1240 4150 Vincentius
1278 4087 1688 4153 Bellocavensis,
1732 4089 1874 4149 Hist.

286 4184 405 4227 sua:
430 4169 529 4224 lib.
561 4183 688 4235 xm,
726 4183 867 4239 cap.
904 4166 997 4239 54,
1043 4167 1138 4230 56,
1186 4163 1349 4239 5b....
1395 4157 1662 4239 Quidquid
1675 4160 1880 4239 itaque

286 4242 383 4298 alii
422 4244 641 4296 tradunt
674 4228 925 4294 historici
977 4228 1071 4310 ἃς
1093 4228 1456 4310 muniticentia
1481 4228 1630 4310 .eriga
1675 4228 1879 4310 Roma-

286 4328 417 4368 nam
444 4314 628 4368 sedem
663 4310 971 4375 Justiniani,
1014 4303 1336 4375 Theoderici
1377 4303 1525 4375 regis
1567 4303 1881 4375 Longobar-

284 4385 503 4450 dorum,
555 4382 750 4455 Pipini,
818 4372 990 4436 Caroli
1038 4375 1240 4455 Magni,
1284 4372 1556 4455 Othonis,
1595 4372 1878 4455 ‘Radulphi

290 4423 1478 4530 uantisti-1’1rgill:“int-lio{ritumquevimvperiatorum,
1526 4423 1684 4530 debet

288 4529 408 4583 liter
439 4516 669 4598 inteTligi
690 4516 1328 4598 ideﬂrestit'utione'urbis
1371 4519 1577 4598 Roma,
1611 4516 1877 4598 Ravenna:

287 4592 644 4668 aliarumque'
679 4597 846 4651 Italiae
889 4596 1180 4660 civitatum,
1204 4606 1320 4668 _per
1363 4597 1660 4659 apostatam
1703 4592 1878 4646 Julia-

289 4686 445 4742 num,
501 4662 730 4726 A'rianos
780 4675 835 4722 et
891 4668 1152 4721 exarchos
1203 4662 1570 4742 Ravennates,
1621 4674 1881 4733 quantum

288 4735 534 4814 apparet,
564 4747 951 4814 occupatarum
987 4747 1040 4792 et
1063 4742 1391 4814 ereptarurng.
1425 4735 1569 4814 [ξω.

365 4804 449 4886 (7)
481 4804 778 4886 Episcopus
811 4804 1211 4886 episcoporum.
1235 4807 1327 4864 Sic
1354 4804 1600 4886 liuftinus
1624 4807 1885 4886 Iacobum

286 4878 537 4941 Justum'
557 4878 906 4940 constitutum
946 4878 1111 4935 fuisse
1147 4878 1532 4950 Apostolorum
1567 4878 1884 4950 episcopum

288 4956 446 5021 dicit,
479 4971 660 5027 quem,
688 4953 1160 5027 apud_~Eusebium
1207 4953 1347 5027 ﬂist.
1389 4965 1453 5017 ιι,
1485 4964 1604 5027 c_ap.
1658 4955 1710 5027 I,
1758 4953 1886 5006 Cle-

290 5043 452 5084 mens
495 5022 776 5080 ’ἐπῐσιιοπόν
842 5023 1183 5097 Ἱεροσύλομων
1219 5022 1449 5097 dixerat.
1496 5023 1592 5097 De
1629 5022 1886 5097 episcopo

291 5099 676 5172 episcoporum
730 5091 1094 5172 pervul'gatus'
1132 5102 1216 5172 est
1264 5091 1518 5166 Cypriani
1581 5091 1735 5149 locus
1757 5136 1772 5164 ,
1814 5091 1887 5149 “in

291 5168 618 5227 P'raefat—ione
646 5168 873 5225 Consilii
901 5171 1152 5240 Carthag.
1183 5168 1308 5222 Pus.

368 5246 446 5314 (8)
476 5247 585 5315 Ego
615 5245 670 5300 et
687 5242 940 5298 mwchice
967 5245 1024 5315 et
1044 5236 1469 5315 fornicationis,
1489 5243 1599 5315 etc.
1618 5236 1753 5315 Cum
1771 5244 1888 5291 tan-

291 5309 488 5386 topere
518 5309 622 5370 hoc
668 5315 913 5386 edictum
972 5309 1414 5386 elevet_Auctor,
1465 5309 1743 5386 mirum_in
1781 5323 1891 5364 mo-

291 5379 429 5442 dum
485 5384 802 5442 ballucinari
854 5391 1037 5457 patet,
1075 5382 1200 5457 _vel_
1239 5397 1306 5457 ex
1358 5382 1602 5457 apostolo
1651 5379 1890 5457 Joanne,

292 5460 477 5542 Δροσί
505 5463 694 5542 11,-.29,
718 5453 932 5542 22.nub'i
961 5456 1035 5542 de
1065 5453 1298 5542 lesabel,
1353 5466 1478 5542 quas:
1523 5453 1894 5542 docebat‘t‘or-

291 5525 775 5587 nicari...dicitur:
801 5532 870 5586 Et
885 5527 1038 5585 dedit
1060 5527 1151 5582 illi
1175 5531 1394 5598 tempus
1415 5527 1480 5578 ut
1495 5525 1894 5598 pwnitentiam

291 5607 506 5676 ageret.
519 5643 584 5666 ...
605 5605 672 5659 Et
694 5604 794 5674 qui
813 5602 1178 5676 masc/tantur
1197 5596 1328 5657 cum
1349 5611 1434 5664 ea,
1449 5599 1514 5676 in
1529 5596 1897 5676 tribulatione

291 5667 566 5736 maxima
594 5667 792 5744 erunt,
827 5675 944 5731 nisi
978 5676 1377 5746 paenitentiam
1404 5671 1472 5727 ab
1498 5668 1754 5742 operibus
1780 5667 1898 5724 suis

627 5783 872 5840 Panos.
910 5784 979 5840 II.

1990 3947 2227 4025 egerint.
2259 3941 2572 4025 Quodﬁipse
2590 3941 2793 4025 Auctor
2831 3940 3006 4025 adhuc
3033 3940 3329 4025 catholicus
3365 3959 3580 4025 expres-

1990 4015 2123 4095 sit",
2156 4015 2251 4070 lib.
2281 4018 2348 4070 de
2374 4017 2753 4095 .Pwnitentz’a,
2807 4030 2924 4086 cap.
2956 4021 3028 4084 8;
3087 4022 3140 4072 et
3177 4025 3324 4095 pgst_
3345 4015 3469 4072 eum
3517 4019 3579 4073 B.

1987 4086 2512 4158 Pacisnus,epist.i
2557 4087 2624 4139 ad
2656 4086 2954 4158 Sympron.
2993 4096 3180 4158 novat.
3210 4087 3418 4143 Eodem
3459 4104 3580 4158 per.

1987 4163 2120 4219 tinet
2146 4157 2293 4229 quod
2321 4156 2380 4211 Β.
2436 4157 2735 4228 Cyprianus
2764 4156 2915 4226 (dicit
2943 4156 3019 4226 in)
3066 4157 3239 4228 Epist.
3287 4156 3578 4214 Antonian.

1991 4236 2134 4290 ΡΑιί.

2060 4301 2136 4376 (9)
2166 4295 2394 4376 Bonum
2419 4299 2661 4376 factum.
2694 4296 2839 4350 Hanc
2860 4295 3077 4376 phrasin
3100 4297 3178 4376 sic
3198 4296 3428 4368 explicat
3446 4299 3584 4376 'I‘urf

1991 4367 2180 4436 nebus,
2211 4369 2505 4440 Adversor.
2539 4367 2630 4420 lib.
2662 4381 2745 4434 ιιι,
2765 4367 2884 4438 cap.
2917 4372 3004 4435 12,
3034 4371 3181 4440 quod
3207 4376 3420 4440 veteres
3453 4372 3582 4430 boni

1987 4443 2184 4503 ominis
2228 4455 2391 4496 causa
2438 4437 2642 4495 bonum
2677 4437 2903 4508 factum
2955 4437 3173 4510 praefari
3215 4438 3464 4499 solebant
3523 4443 3584 4498 in

1987 4518 2179 4576 edictis
2206 4531 2275 4570 ex
2301 4513 2393 4568 illo
2413 4512 2588 4567 Plauti
2622 4510 2679 4564 in
2707 4511 2942 4566 Poenulo
2995 4526 3011 4570 :

2128 4631 2321 4682 Bonum
2348 4627 2537 4677 factum
2567 4631 2641 4675 est
2672 4624 2836 4675 edicta
2854 4632 2910 4674 ut
2943 4631 3109 4678 servet
3134 4638 3268 4676 mea.
3299 4626 3427 4679 Plut.

2062 4730 2312 4804 (10)Eri_t
2332 4728 2511 4804 igitur
2532 4724 3328 4804 et__hicAnvnnsus_Ps_vcnrcos
3353 4728 3580 4804 titulus.

1991 4795 2128 4865 Cum
2157 4795 2252 4857 'hic
2286 4795 2487 4854 indicet
2523 4798 2701 4852 adhuc
2741 4797 2957 4851 alterius
2987 4795 3124 4851 tituli
3154 4797 3348 4850 librum
3377 4797 3581 4853 Adver-

1993 4895 2086 4936 sus
2128 4871 2421 4946 Psychicos
2451 4886 2482 4924 a
2515 4884 2586 4946 se
2633 4868 2859 4946 editum,
2906 4876 3046 4946 patet
3088 4871 3356 4946 posterius
3398 4868 3574 4946 scrip-

1997 4963 2110 5006 tum
2138 4939 2280 5001 hu'nc
2320 4941 2648 5012 praecedenti
2677 4941 2836 5008 libro,
2874 4941 2943 4994 ad
2979 4954 3140 5012 quem
3178 4939 3265 4994 hic
3289 4939 3434 4996 haud
3468 4947 3578 4997 du-

1994 5023 2083 5078 bie
2111 5018 2320 5072 alludit.
2356 5015 2496 5070 PAM.

2064 5093 2180 5164 (11)
2214 5089 2286 5142 At
2328 5087 2482 5143 enim
2520 5100 2610 5141 me
2657 5100 2774 5164 non
2800 5087 2982 5155 magis
2998 5082 3399 5164 "dedecorabit
3419 5086 3584 5164 utilis

1999 5155 2220 5231 levitas,
2253 5174 2424 5231 quam
2470 5157 2694 5214 ornavit
2722 5170 2947 5231 nocens.
2980 5155 3065 5231 _Ut
3090 5156 3305 5231 nemini
3352 5157 3587 5230 gloriosa

1998 5246 2079 5293 est
2116 5226 2304 5289 levitas
2347 5244 2468 5301 quae
2500 5243 2684 5301 secum
2714 5226 2871 5283 affert
2915 5227 3244 5301 calamitates
3273 5235 3327 5283 et
3355 5226 3584 5294 'damna,

1999 5309 2078 5363 sic
2117 5304 2279 5360 etiam
2317 5298 2516 5356 nemini
2555 5300 2820 5370 probrosa
2875 5309 2954 5356 est
2999 5298 3212 5368 levitas,
3260 5315 3328 5356 ex
3365 5316 3472 5371 qua
3499 5315 3584 5355 se-

2001 5378 2179 5452 quitur
2205 5373 2407 5452 u_tilitas
2439 5372 2649 5452 ingens
2666 5380 2727 5452 e_t_
2750 5375 2996 5452 honesta.
3017 5372 3156 5452 ille.

2075 5451 2192 5522 (11)
2219 5449 2295 5503 De
2315 5440 2587 5522 maaimis
2615 5445 2857 5522 delictis,
2879 5451 2980 5500 etc.
3013 5443 3219 5522 Modica
3244 5440 3442 5495 delicta
3469 5447 3595 5522 sunt

2002 5510 2124 5597 quae
2155 5510 2306 5576 facile
2335 5533 2372 5597 ξι
2403 5519 2518 5574 Deo
2563 5519 2971 5597 condonantur,
3022 5516 3252 5568 maxima
3293 5527 3416 5585 quae
3455 5510 3595 5567 difﬁ-

2005 5587 2199 5660 culter,
2229 5589 2406 5663 qualis
2434 5597 2517 5646 est
2544 5592 2795 5648 moechis.
2825 5587 2903 5641 La.
2927 5588 3024 5642 Pa.

3246 5762 3314 5821 33

3626 3103 3633 3116 ι
3657 3051 3695 3134 -:l

3643 3237 3669 3270 :5;
