4058 6172
464 355 602 415 1035

1143 347 1586 411 TERTULLIANI
1626 347 1893 412 OPERUM
1934 347 2123 411 PARIS
2161 349 2233 411 Il.
2271 379 2342 397 -
2380 348 2611 412 SERIES
2651 348 2723 413 Il.
2758 347 3082 414 MORALIA.

3628 354 3765 419 1036

450 479 665 551 nuptias
707 475 1034 550 permittitur
1078 491 1260 548 nosse,
1292 477 1625 550 nuptialibus
1670 485 1724 534 et
1777 478 2047 537 dotalibus
2076 505 2126 586 Α
2155 493 2286 536 naso
2328 492 2437 536 non
2484 476 2757 536 deridetur
2801 478 2918 552 (15)
2963 479 3158 553 (Galat
3204 495 3283 550 γι,
3320 482 3400 553 7),
3433 478 3767 538 adulantium

451 570 499 625 si
535 568 675 626 forte
703 567 898 624 tabulis
926 583 959 623 a
993 566 1241 624 moechia
1268 574 1322 624 et
1350 566 1722 624 fornicationis
1748 582 1915 642 Opere
1953 569 2046 625 di-
2076 566 2126 593 τ’
2160 568 2367 626 scilicet
2421 566 2651 624 bonitati
2706 568 2848 637 ejus.
2906 567 2977 623 Et
3025 569 3116 641 qui
3172 569 3298 627 licet
3352 570 3562 649 patiens
3591 572 3769 647 Psal.)

449 672 657 715 versas.
696 658 763 713 Et
807 656 932 713 ideo
971 655 1258 714 durissima
1292 671 1396 714 nos
1433 655 1756 714 infamantes
1800 657 2049 715 Paracle-

446 754 565 803 tum
623 745 923 817 disciplina
971 744 1295 801 enormitate
1324 745 1573 817 digamos
1619 745 1752 802 foris
1781 744 2046 818 sistimus,

444 836 695 892 eumdem
730 833 955 891 limitem
992 834 1197 890 liminis
1243 834 1473 891 moechis
1527 849 1747 907 quoque
1792 841 1846 891 et
1875 834 2046 891 forni-

443 925 717 983 catoribus
747 923 986 1000 ﬁgimus,
1014 924 1231 994 jejunas
1267 923 1414 995 pacis
1460 922 1734 997 lacrymas
1760 922 1869 994 (13)
1910 939 2042 995 pro-

443 1015 666 1082 fusuris,
697 1029 800 1071 nec
843 1012 1074 1086 amplius
1116 1012 1185 1068 ad
1229 1012 1473 1071 Ecclesia
1503 1029 1664 1086 quam
1710 1012 2042 1086 publicatio-

444 1122 569 1164 nem
596 1103 874 1164 dedecoris
901 1102 1168 1162 ralaturis.

1089 1243 1315 1304 CAPUT
1342 1245 1411 1303 II.

445 1376 729 1445 Caterum,
772 1375 943 1445 Deus,
1003 1371 1280 1445 inquiunt,
1338 1373 1515 1431 bonus
1571 1378 1625 1429 et
1674 1372 1909 1444 optimus
1933 1412 1948 1439 ,
1988 1375 2043 1431 et

438 1466 761 1523 misericors
781 1468 837 1521 et
857 1462 1161 1520 miserator
1181 1461 1356 1534 (Psal.
1388 1477 1506 1529 οχι,
1541 1462 1613 1530 4),
1646 1464 1703 1517 et
1721 1462 2042 1518 misericor-

440 1556 549 1612 dia:
560 1555 850 1627 plurimus
871 1551 1015 1627 (Joel
1044 1568 1107 1623 ιι,
1134 1553 1245 1623 13),
1263 1568 1426 1625 quam
1447 1550 1595 1607 omni
1616 1547 1878 1604 sacriﬁcio
1899 1556 2045 1604 ante-

437 1643 591 1718 ponit
619 1645 813 1717 (IReg.
845 1657 946 1713 xv,
979 1643 1080 1710 22;
1115 1642 1262 1708 Osee,
1287 1656 1367 1707 γι,
1396 1643 1467 1710 6,-
1499 1638 1696 1694 Matth.
1716 1652 1797 1705 ιχ,
1825 1641 1923 1704 13;
1958 1653 2040 1707 χι,

2156 673 2258 728 γιι,
2305 659 2414 729 12),
2466 664 2651 713 tamen
2696 673 2797 728 per
2842 657 3061 713 Esaiam
3109 658 3472 716 comminatur
3499 660 3768 731 patientia

2154 747 2355 803 ﬁnem:
2401 747 2590 815 Tacui,
2630 747 2892 819 nunquid
2919 752 2976 803 et
3003 761 3227 821 semper
3256 750 3463 818 tacebo,
3496 754 3556 805 et
3589 752 3767 807 susti-

2152 837 2287 893 nebo
2310 834 2337 889 ?
2358 835 2566 908 quievi,
2598 835 2761 891 velut
2786 838 3165 908 parturiens;
3196 854 3525 911 exsurgam,
3555 844 3615 895 et
3646 855 3769 897 are-

2151 938 2307 981 scere
2335 924 2551 995 faciam
2578 922 2715 994 (Isa.
2739 937 2877 990 xm,
2912 926 3001 994 14,
3022 924 3134 996 15).
3158 927 3311 998 Ignis
3332 926 3475 981 enim
3486 928 3765 999 praecedet

2152 1017 2290 1069 ante
2327 1014 2538 1084 faciem
2578 1011 2777 1084 ipsius,
2810 1016 2867 1067 et
2896 1017 3106 1069 exuret
3151 1015 3412 1073 inimicos
3440 1016 3561 1088 ejus
3590 1016 3762 1088 (Psal.

2150 1117 2302 1168 χογι,
2375 1102 2453 1173 3),
2513 1114 2624 1156 non
2682 1100 2861 1156 solum
2917 1117 3147 1175 corpus,
3205 1119 3395 1160 verum
3446 1111 3500 1159 et
3557 1105 3763 1160 animas

2150 1189 2402 1248 occidens
2446 1189 2503 1245 in
2556 1189 2860 1262 gehennam
2913 1190 3137 1261 (Matth.
3186 1207 3249 1261 χ,
3306 1192 3421 1265 28).
3470 1193 3761 1257 Caeterum,

2145 1278 2516 1349 judicantibus
2554 1278 2830 1350 quomodo
2882 1279 3147 1336 Dominus
3203 1280 3585 1349 comminatur,
3648 1282 3765 1356 ipse

2148 1367 2480 1424 demonstrat
2504 1384 2519 1421 :
2549 1367 2663 1436 Quo
2682 1369 2835 1425 enim
2848 1368 3068 1439 judicio
3077 1369 3501 1441 judicaveritis,
3520 1369 3762 1444 judica-

2150 1455 2306 1513 bitur
2350 1456 2417 1514 de
2453 1456 2604 1515 vobis
2653 1456 2876 1528 (Matth.
2922 1472 3024 1525 γιι,
3075 1459 3157 1529 2).
3210 1459 3289 1514 Ita
3334 1475 3443 1517 non
3486 1460 3765 1533 prohibuit

2144 1546 2407 1625 judicare,
2443 1546 2539 1602 sed
2588 1546 2797 1617 docuit,
2830 1547 2985 1603 Unde
3035 1558 3090 1605 et
3113 1547 3415 1621 Apostolus
3449 1549 3682 1621 judicat,
3710 1558 3764 1607 et

2152 1634 2370 1705 quidem
2401 1636 2455 1690 in
2486 1649 2648 1691 causa
2694 1633 3089 1708 fornicationis,
3137 1636 3447 1694 dedendum
3489 1639 3765 1710 ejusmodi

434 1704 528 1805 :7);
590 1704 701 1790 n‘on
760 1704 903 1786 ianti
934 1704 1141 1785 ducens
1187 1704 1502 1800 peccatoris
1557 1728 1826 1795 mortem,
1870 1704 2046 1798 quam
2080 1704 2124 1781 Β
2153 1704 2439 1780 hominem
2471 1725 2705 1780 Satanae
2733 1725 2799 1781 in
2822 1704 3129 1783 interitum
3157 1727 3351 1784 carnis
3370 1728 3422 1797 (Ι
3448 1704 3569 1784 eo}.
3591 1743 3649 1793 γ,
3682 1728 3761 1798 5),

429 1822 841 1897 paenitentiam
860 1818 1084 1890 (Ezech.
1107 1832 1271 1888 χγιιι,
1304 1820 1391 1884 23,
1421 1819 1525 1886 32;
1556 1830 1726 1886 χχιιι,
1762 1816 1853 1887 11)
1884 1816 2051 1875 salvi-

2158 1806 2447 1883 increpans
2503 1811 2664 1868 etiam
2719 1813 2865 1886 quod
2928 1813 3120 1871 fratres
3177 1831 3286 1872 non
3348 1817 3492 1887 apud
3545 1827 3764 1875 sanctos

429 1914 635 1984 ﬁcator
662 1910 688 1947 δ
716 1908 977 1966 omnium
1025 1905 1347 1976 hominum,
1391 1910 1448 1964 et
1495 1905 1751 1963 maxime
1791 1904 2053 1975 ﬁdelium
2155 1902 2521 1973 judicarentur
2578 1904 2629 1974 (Ι
2681 1903 2806 1961 Cor.
2854 1918 2935 1977 γι,
2990 1908 3042 1959 1.
3081 1906 3225 1978 sqq).
3279 1903 3563 1974 Adjicians
3617 1906 3764 1965 enim

431 2000 488 2079 (Ι
522 2000 662 2055 Tim.
696 2012 782 2069 ιγ,
822 1996 934 2069 10).
962 1995 1150 2067 Itaque
1188 2002 1243 2052 at
1269 1994 1411 2053 ﬁlios
1438 1994 1542 2051 Dei
1574 1993 1950 2051 misericordes
1995 2001 2051 2051 et
2158 1990 2373 2063 inquit:
2409 1993 2475 2050 Ut
2504 1992 2637 2066 quid
2664 1992 2807 2049 mihi
2835 2009 2920 2051 eos
2951 1994 3049 2066 qui
3080 1996 3225 2067 foris
3255 2000 3415 2061 sunt,
3447 1995 3764 2067 judicare?

435 2083 698 2156 paciﬁcos
725 2099 845 2141 esse
871 2082 1145 2156 oportebit
1186 2082 1409 2148 (Matth.
1449 2098 1509 2154 γ,
1562 2086 1616 2152 9,
1662 2081 1743 2155 7),
1772 2080 2049 2139 donantes
2157 2082 2211 2151 (Ι
2238 2081 2358 2137 Cor.
2392 2096 2450 2149 γ,
2497 2080 2612 2154 12.)
2642 2080 2878 2137 Dimittis
2923 2090 3127 2154 autem,
3164 2091 3222 2139 ut
3266 2082 3566 2140 dimittatur
3605 2086 3765 2141 tibia

429 2175 692 2241 invicem,
715 2176 868 2231 sicut
895 2178 952 2233 et
973 2172 1237 2231 Christus
1264 2174 1499 2232 donavit
1526 2172 1683 2231 nobis
1704 2172 1937 2244 (Coloss.
1961 2187 2045 2245 ιιι,

430 2266 524 2337 13)
555 2288 570 2337 ;
599 2281 708 2323 non
733 2264 1062 2336 judicantes,
1102 2280 1173 2323 ne
1199 2264 1507 2336 iudicemur
1544 2262 1777 2336 (Matth.
1808 2278 1910 2332 γιι,
1966 2264 2044 2334 1).

427 2358 662 2414 Domino
719 2356 865 2413 enim
907 2371 1007 2413 suo
1046 2358 1167 2412 stat
1220 2356 1343 2428 quis
1398 2355 1487 2412 vel
1532 2350 1700 2411 984
1744 2353 1941 2409 cadit:
1976 2355 2044 2409 tu

430 2446 639 2519 quises,
670 2448 739 2503 ut
767 2459 995 2503 servum
1011 2443 1229 2517 iudices
1259 2443 1516 2502 alienum
1535 2440 1602 2513 ?(
1638 2444 1796 2500 Rom.
1826 2440 2040 2513 χιγ,4).

428 2537 692 2604 Dimitte,
727 2540 785 2595 et
812 2536 1144 2593 dimittetur
1175 2533 1277 2592 tibi
1321 2533 1479 2606 (Luc.
1529 2548 1608 2600 γι,
1659 2534 1778 2605 37).
1811 2530 1961 2588 Talia
1988 2538 2043 2588 et

426 2631 576 2682 tanta
600 2623 796 2697 ,futilia
842 2638 1034 2681 eorum
1069 2624 1188 2697 (14)
1251 2622 1447 2694 quibus
1491 2628 1545 2677 et
1571 2621 1687 2678 Deo
1726 2620 2035 2691 adulantur,

426 2724 480 2773 et
525 2716 629 2773 sibi
682 2715 1106 2787 lenocinantur,
1180 2711 1555 2771 effeminantia
1624 2709 1802 2784 magis
1876 2725 2040 2782 quam

421 2803 736 2879 vigorantia
762 2803 1130 2876 disciplinam,
1158 2800 1376 2877 quantis
1404 2808 1456 2858 at
1504 2812 1606 2855 nos
1650 2805 1705 2855 at
1758 2796 2038 2854 contrariis

424 2909 723 2967 possumus
786 2899 1149 2964 repercutere,
1225 2904 1349 2966 qua
1419 2897 1475 2945 et
1534 2887 1633 2945 Dei
1691 2886 2032 2945 severitatem

2154 2170 2271 2229 Deo
2320 2172 2475 2242 (Luc.
2538 2186 2613 2237 γι,
2672 2173 2786 2243 37).
2829 2170 3032 2228 Delicta
3070 2171 3422 2245 mandantur,
3464 2189 3593 2247 qua
3634 2176 3763 2246 quis

2153 2260 2210 2317 in
2265 2260 2525 2328 fratrem,
2581 2275 2690 2317 non
2762 2261 2938 2318 Deum
3010 2262 3331 2319 admiserit.
3396 2264 3763 2321 Debitoribus

2150 2351 2385 2423 denique
2449 2348 2768 2408 dimissuros
2840 2366 2941 2409 nos
3014 2352 3069 2407 in
3124 2351 3369 2410 oratione
3432 2352 3764 2425 proﬁtemur

2152 2440 2374 2513 (Matth.
2416 2455 2494 2512 γι,
2527 2443 2637 2513 12).
2671 2439 2781 2497 Sed
2807 2455 2919 2497 non
2962 2440 3116 2499 decet
3154 2442 3292 2499 ultra
3327 2444 3396 2499 da
3433 2444 3764 2501 auctoritate

2150 2529 2551 2600 Scripturarum
2573 2530 2848 2600 ejusmodi
2904 2530 3088 2588 funem
3117 2532 3512 2589 contentiosum
3538 2534 3761 2591 alterno

2148 2618 2312 2675 ductu
2328 2616 2495 2676 985
2518 2620 2574 2675 in
2593 2620 2804 2677 diversa
2832 2619 3162 2689 distendere,
3195 2628 3255 2676 ut
3282 2622 3399 2678 hac
3419 2622 3762 2699 restringere

2148 2707 2334 2765 frenos
2378 2708 2703 2782 disciplina,
2751 2709 2844 2765 illa
2897 2709 3076 2767 laxare
3121 2711 3430 2779 videantur,
3464 2713 3617 2785 quasi
3664 2713 3763 2770 in-

2145 2805 2330 2866 certa,
2382 2800 2488 2854 et1
2527 2798 2865 2872 poenitentia
2917 2799 3220 2856 subsidium
3269 2801 3362 2857 illa
3406 2809 3765 2873 prosternere

2139 2905 2238 2961 per
2285 2891 2581 2957 lenitatem,
2620 2891 2737 2948 hac
2766 2905 2968 2962 negare
3025 2906 3124 2962 per
3151 2893 3530 2951 austeritatem.
3576 2894 3762 2950 Porro

422 2983 686 3041 intentent
717 3024 734 3051 ,
819 2987 878 3038 et
942 2988 1183 3039 nostram
1265 2976 1627 3037 constantiam
1683 2984 1978 3050 provocent
2003 2977 2032 3033 ἳ
2064 3005 2109 3085 c
2137 2986 2189 3035 et
2217 2982 2509 3037 auctoritas
2561 2980 2851 3051 Scriptura
2897 2979 2954 3035 in
2999 2980 3115 3037 suis
3154 2981 3397 3038 terminis
3441 2982 3601 3038 stabit
3625 2985 3765 3040 sine

422 3070 583 3142 Quia,
644 3070 748 3128 etsi
796 3070 975 3127 bonus
1029 3078 1218 3126 natura
1264 3069 1413 3126 Deus
1440 3108 1456 3138 ,
1515 3074 1694 3125 tamen
1750 3074 1803 3124 at
1854 3068 2031 3139 justus

425 3161 605 3233 (Psal.
626 3175 728 3232 vn,
766 3160 875 3234 12).
906 3161 985 3216 Ex
1012 3174 1175 3217 causa
1219 3157 1385 3232 enim,
1426 3158 1568 3216 sicut
1622 3173 1814 3216 sanare
1858 3157 2030 3228 novit,

428 3249 505 3306 ita
533 3258 586 3306 et
612 3250 822 3306 caedere
852 3249 1038 3321 (Deut.
1071 3264 1253 3316 χχχιι,
1284 3248 1377 3320 39)
1409 3247 1649 3318 ;facians
1680 3261 1887 3317 pacem,
1936 3246 2033 3302 sed

440 3349 495 3397 et
530 3340 770 3397 condens
798 3339 937 3395 mala
957 3340 1091 3412 (Isa.
1124 3354 1257 3407 XLV,
1291 3340 1372 3408 7),
1422 3334 1798 3408 panitentiam
1827 3334 2032 3391 malens

421 3431 638 3502 (Exech.
672 3444 842 3501 χγιιι,
883 3432 973 3498 23,
1021 3429 1131 3501 32),
1180 3428 1277 3483 sed
1316 3433 1371 3483 et
1398 3424 1686 3483 Hieremia
1742 3425 2027 3492 mandans,

425 3537 497 3577 ne
526 3536 627 3594 pro
683 3519 886 3594 p0pulo
926 3527 1211 3593 peccatore
1258 3516 1694 3588 deprecaretur:
1752 3514 2028 3583 Quoniam

428 3614 478 3668 si
496 3608 1235 3685 jejunaverint,inquit,non
1254 3606 1562 3665 exaudiam
1589 3605 2026 3663 obsecrationem

424 3716 622 3759 eorum
633 3719 655 3768 ;
683 3709 737 3754 at
764 3714 957 3756 rursus
981 3716 995 3753 ε
1017 3700 1089 3753 Et
1120 3701 1184 3753 tu
1210 3712 1281 3754 ne
1310 3694 1633 3752 adoraveris
1648 3708 1755 3765 pro
1784 3692 1989 3767 p0pulo
2008 3734 2023 3764 ,

419 3793 477 3847 et
506 3803 579 3845 ne
591 3787 972 3860 postulaveris
998 3802 1103 3857 pro
1129 3786 1217 3841 his
1233 3786 1296 3840 in
1310 3800 1480 3855 prece
1501 3788 1562 3839 et
1588 3783 1866 3852 oratione,
1895 3799 2029 3855 quo-

421 3880 583 3933 niam
610 3893 727 3934 non
780 3873 1086 3933 exaudiam
1117 3877 1179 3930 in
1216 3879 1460 3944 tempore
1489 3889 1594 3945 quo
1639 3874 2027 3930 invocaverint

423 3983 534 4032 me,
552 3967 615 4019 in
646 3970 891 4036 tempore
919 3963 1256 4034 afflictionis
1278 3977 1399 4018 sua:
1430 3962 1657 4033 (Jerem.
1682 3976 1782 4029 vn,
1816 3964 1882 4017 16
1905 3976 1924 4032 ;
1946 3976 2021 4030 χι,

425 4057 534 4125 14,
563 4069 684 4119 χιγ,
718 4056 806 4122 11,
839 4051 951 4124 12).
990 4052 1061 4107 Ει
1107 4051 1281 4109 adhuc
1310 4066 1490 4123 supra,
1519 4050 1662 4107 idem
1708 4050 2023 4108 misericor-

425 4153 530 4209 dia
559 4151 810 4224 pralator
843 4166 1007 4222 quam
1034 4149 1281 4207 sacriﬁcii
1318 4165 1334 4203 :
1366 4151 1439 4205 Et
1470 4153 1537 4207 tu
1581 4165 1652 4206 ne
1697 4148 2022 4208 adoraveris

420 4259 525 4316 pro
548 4242 760 4316 populo
790 4242 900 4299 isto
928 4260 949 4310 ;
978 4248 1054 4312 et,
1084 4241 1162 4297 Ne
1174 4241 1550 4312 postulaveris
1576 4239 2027 4298 misericordiam

2142 3070 2396 3127 alterutra
2443 3070 2804 3143 oppositione,
2853 3068 2899 3125 si
2926 3070 2951 3107 ⁸
2978 3077 3032 3126 et
3068 3070 3401 3143 pauitantia
3444 3072 3770 3131 subsidium

2141 3159 2253 3217 suis
2300 3160 2703 3218 conditionibus
2758 3159 3148 3217 determinatur
3198 3162 3317 3218 sine
3371 3162 3578 3234 passiva
3613 3178 3767 3220 con-

2140 3249 2406 3325 cessione,
2456 3259 2511 3307 et
2565 3249 2697 3324 ipsa
2734 3250 2885 3322 prius
2938 3266 3117 3308 causa
3170 3253 3292 3323 ejus
3346 3253 3771 3326 distinguantur

2141 3340 2260 3397 sine
2313 3339 2540 3397 confusa
2619 3340 2993 3413 propositione
3048 3342 3095 3397 9.
3156 3342 3360 3401 Causas
3409 3346 3767 3417 pauitantia

2139 3428 2337 3485 delicta
2362 3429 2717 3486 condicimus.
2764 3430 2892 3486 Hac
2930 3429 3222 3489 dividimus
3270 3433 3325 3490 in
3354 3433 3488 3490 duos
3524 3434 3718 3491 exitus
3747 3454 3763 3495 :

2138 3518 2241 3574 alia
2269 3526 2427 3578 amnt
2454 3518 2821 3592 remissibilia,
2860 3518 2967 3578 alia
3005 3519 3767 3592 irramissibilia;sacundum

2138 3609 2284 3681 quod
2313 3608 2514 3665 nemini
2543 3609 2765 3666 dubium
2802 3616 2907 3681 est,
2947 3609 3053 3666 alia
3078 3611 3485 3685 castigationem
3514 3616 3766 3686 mereri,

2137 3698 2238 3754 alia
2265 3697 2683 3755 damnationem.
2707 3697 2880 3755 Omne
2900 3698 3156 3756 delictum
3175 3709 3268 3758 aut
3282 3703 3443 3759 venia
3460 3704 3771 3777 expuugit,

2136 3797 2229 3843 aut
2256 3802 2454 3858 poena:
2504 3787 2681 3855 venia,
2715 3802 2782 3843 ex
2831 3787 3224 3861 castigatione;
3254 3804 3434 3862 pana,
3466 3805 3531 3846 ex
3577 3791 3767 3847 dam-

2134 3875 2368 3933 natione.
2402 3876 2481 3930 De
2508 3874 2613 3931 ista
2650 3874 2956 3933 differentia
2978 3878 3092 3947 jam
3113 3885 3165 3933 et
3192 3879 3452 3949 quasdam
3481 3882 3773 3951 pramisi.

2134 3980 2255 4019 mus
2302 3965 2682 4021 altercationes
2728 3963 3156 4036 Scripturarum,
3199 3966 3327 4023 hinc
3374 3967 3744 4028 retinentium

2133 4056 2260 4112 hinc
2298 4055 2679 4111 dimittentium
2726 4055 2938 4112 delicta.
2991 4056 3098 4113 Sed
3127 4065 3181 4112 et
3220 4058 3455 4114 Joannes
3481 4037 3769 4125 docebit;

2134 4146 2194 4202 Si
2221 4147 2348 4217 quis
2376 4146 2492 4202 scit
2519 4147 2765 4217 fratrem
2794 4161 2968 4204 suum
2989 4147 3317 4219 delinquere
3338 4148 3611 4207 delictum
3625 4168 3777 4211 non

2135 4236 2209 4293 ad
2248 4239 2512 4303 mortem,
2545 4234 2876 4309 postulabit,
2926 4240 2983 4294 et
3012 4237 3242 4294 dabitur
3267 4241 3387 4296 vita
3414 4239 3467 4295 ei
3487 4238 3542 4312 (Ι
3576 4240 3771 4300 Ιοαη.

426 4332 690 4404 consequi
733 4346 842 4388 eos.
888 4328 996 4388 Et:
1037 4330 1115 4385 Ne
1162 4330 1461 4387 accesseris
1494 4345 1600 4401 pro
1652 4328 1738 4385 his
1785 4328 1859 4385 ad
1914 4347 2023 4399 me,
2062 4349 2108 4426 Β
2140 4343 2198 4396 γ,
2251 4328 2381 4400 16);
2417 4326 2547 4426 quia
2582 4342 2694 4426 non
2746 4326 2819 4382 ad
2856 4334 3087 4426 mortem
3138 4326 3400 4402 delinquit
3446 4347 3461 4387 :
3508 4330 3613 4387 hoc
3640 4332 3773 4390 erit

426 4424 699 4495 quoniam
716 4436 834 4479 non
875 4419 1185 4479 exaudiam
1214 4421 1411 4493 utique
1437 4419 1885 4476 misericordiam
1910 4436 2032 4492 pos-

426 4514 689 4569 tulantes
729 4510 889 4583 (Ibid.
907 4511 949 4581 ),
995 4510 1183 4582 utique
1256 4526 1322 4565 ex
1372 4508 1688 4578 paenitentia
1733 4506 1926 4564 ﬂantes
1979 4516 2034 4564 et

421 4602 748 4672 jejunantes,
790 4606 845 4658 et
898 4599 1309 4657 afﬂictationem
1345 4611 1502 4659 suam
1550 4594 1846 4654 offerentes
1892 4598 2030 4656 Deo.

428 4695 574 4752 Deus
600 4693 756 4753 enim
797 4690 1002 4751 zelotes
1038 4689 1239 4763 (Exod.
1271 4704 1331 4761 χ,
1365 4691 1430 4756 5;
1462 4701 1672 4759 χχχιγ,
1706 4688 1821 4761 14),
1852 4695 1906 4744 et
1935 4706 2029 4766 qui

2142 4415 2482 4473 remissibile.
2514 4418 2611 4473 Est
2639 4415 2914 4474 delictum
2941 4415 3014 4473 ad
3038 4422 3322 4477 mortem:
3359 4434 3473 4475 non
3503 4434 3611 4492 pro
3636 4420 3772 4480 illo

2144 4507 2264 4564 dico
2302 4509 2371 4563 ut
2394 4508 2517 4579 quis
2539 4506 2797 4579 postulet
2830 4505 3055 4580 (Ibid.):
3084 4508 3188 4565 hoc
3216 4507 3321 4564 erit
3347 4506 3765 4569 irremissibile.

2140 4599 2238 4669 Ita,
2293 4596 2386 4653 ubi
2441 4604 2522 4654 est
2562 4597 2799 4655 conditio
2856 4598 2941 4657 vel
2995 4598 3132 4655 ratio
3183 4598 3584 4671 postulationis,
3629 4598 3769 4659 illic

2138 4687 2299 4746 etiam
2328 4687 2708 4748 remissionis:
2756 4688 2850 4745 ubi
2895 4703 2998 4747 nec
3033 4686 3439 4761 postulationis,
3483 4686 3561 4745 ibi
3588 4702 3767 4762 aqua

1810 4833 2003 4899 Varia
2045 4837 2356 4899 lectiones.

497 4972 523 5010 δ
549 4969 912 5027 Salutiﬁcator
975 4972 1148 5027 Fran.
1189 4968 1213 5008 ⁷
1266 4970 1333 5027 Et
1374 4967 1529 5029 abest
1574 4987 1611 5029 a
1641 4972 1822 5034 Rhen.
1875 4969 2099 5029 Oberth.
2139 4970 2301 5025 Pam.
2336 4966 2363 5007 ε
2390 4966 2450 5025 Si
2492 4967 2646 5027 abest
2685 4982 2721 5027 a
2760 4967 2939 5029 Rhen.
3000 4967 3229 5029 Oberth.
3272 4968 3301 5010 9
3334 4966 3760 5043 Prapositione

433 5043 657 5103 Oberth.
695 5043 869 5102 Seml.

1839 5131 2343 5200 Commentarius.

497 5268 606 5344 (13)
626 5269 865 5344 jejunas
892 5266 1415 5344 pacis__lacrymas._
1444 5267 1675 5344 Absque
1696 5266 1845 5341 pacis
1901 5284 2020 5344 spe.

424 5340 517 5400 Sic
562 5340 933 5413 «'Jejunante's
979 5340 1346 5413 philosophia.
1387 5340 1765 5411 Jejunantibus
1811 5342 2024 5396 caeteris

424 5432 455 5471 ἃ
486 5415 881 5558 ii‘i’iiizialyf
888 5454 1053 5540 tanta
1054 5483 1289 5609 éutilia
1316 5496 1530 5562 eorum:
1562 5481 1661 5563 Sic.
1680 5479 1851 5537 edidit
1878 5479 2023 5537 Rhe-

424 5572 617 5609 nanus.
647 5558 753 5609 Sad
782 5570 889 5609 auo
931 5569 1027 5609 ore
1125 5553 1344 5609 ntimius
1382 5552 1564 5608 iutilia
1610 5553 1810 5609 diceret
1841 5593 1856 5609 .
1901 5569 2022 5609 aua

423 5552 617 5612 nanus.
647 5558 753 5613 Sed
782 5570 889 5626 quo
931 5552 1564 5626 oreSeptimiusAfutilia
1610 5552 1810 5626 dicarat
1841 5593 1856 5620 ,
1901 5569 2022 5626 qua

422 5635 549 5682 sunt
580 5643 646 5681 ex
698 5622 868 5684 sacris
921 5622 1141 5697 Paginis
1169 5624 1330 5695 petita
1358 5623 1387 5697 ἲ
1416 5622 1540 5692 etsi,
1579 5634 1670 5697 ~ut
1716 5624 1859 5697 ipse,
1888 5622 2022 5681 san-

421 5697 615 5764 tiebat,
658 5697 713 5753 in
776 5710 970 5768 pravas
1001 5695 1518 5771 argumentationes
1557 5695 1788 5754 detorta.
1840 5696 2024 5770 Itaque

2133 5265 2491 5341 malimiquod
2515 5281 2586 5326 ex
2613 5266 2918 5341 Anglicano
2958 5266 3080 5341 cod.
3119 5265 3415 5341 protulerat
3443 5263 3744 5341 Damalius,

2132 5337 2418 5411 sparsilia.
2443 5340 2583 5413 13am
2613 5347 2668 5397 et
2695 5337 2751 5396 in
2777 5338 3051 5407 Remensi,
3073 5337 3342 5412 sparsilia
3361 5337 3473 5413 legi
3496 5337 3745 5395 Pithaus

2131 5420 2426 5467 notaverat.
2459 5411 2587 5468 RIG.

2201 5484 2317 5559 (15)
2348 5486 2419 5541 Et
2456 5485 2706 5559 qui_naso
2724 5499 2838 5543 non
2866 5482 3291 5559 deridetur.~_Sic
3319 5480 3559 5559 reddidit
3573 5481 3739 5559 _P_auli

2131 5553 2363 5629 verbum
2418 5553 2487 5611 ad
2542 5555 2663 5614 Gal.
2716 5571 2815 5626 γι,
2885 5558 2937 5629 οὐ
2983 5555 3355 5629 μυκτηρίζεταιευ
3394 5553 3695 5629 Hesychius
3720 5595 3741 5624 ,

2131 5628 2431 5755 Μυκτηρίὲπ,
2470 5628 2700 5701 χλευάζῃ,
2732 5624 2993 5701 και-αγελᾷ
3011 5627 3105 5681 ὕπὸ
3140 5624 3227 5682 toﬁ
3266 5624 3427 5699 μύζειν
3465 5624 3565 5687 rei;
3616 5644 3745 5700 μυκ-

2131 5717 2318 5755 τηρσιν.
2398 5713 2476 5754 IG.
2556 5731 2560 5735 ~

2130 5717 2318 5771 τηρσιν.
2348 5713 2476 5755 me.
2556 5731 2560 5735 ~
