4058 6172
276 326 417 388 1037

1569 320 1771 399 LIBER
1808 319 1896 384 DE
1942 321 2288 386 PUDICITIA.

3433 322 3576 390 1038

263 466 366 509 nec
411 449 768 509 remissionis.
800 447 1109 508 Secundum
1134 447 1273 505 hanc
1291 447 1674 521 :differentiam
1702 448 1867 506 delic-
1897 468 1946 549 Α
1975 447 2270 506 municare.
2319 445 2546 505 Adsistit
2599 443 2743 503 enim
2807 461 2906 519 pro
2951 448 3160 506 foribus
3214 451 3352 521 ejus,
3405 461 3458 508 et
3503 454 3573 510 de

265 551 477 608 torum,
513 540 841 613 pcenitentiae
893 553 1112 612 quoque
1166 537 1404 595 conditio
1454 539 1866 596 discriminatur.

263 628 382 686 Alia
423 630 525 686 erit
578 644 698 702 quin
745 627 960 686 veniam
1025 629 1282 701 consequi
1326 627 1524 701 possit,
1575 628 1628 684 in
1675 629 1871 686 delicto

264 717 491 775 scillicet
537 715 880 788 remissibili;
912 716 1016 772 alia
1044 731 1165 787 quae
1208 717 1469 789 consequi
1509 717 1658 772 nullo
1708 717 1870 774 modo

265 805 456 879 possit,
491 807 545 862 in
590 804 787 862 delicto
831 804 1036 862 scilicet
1078 804 1459 861 irremissibili.
1492 805 1556 860 Et
1625 815 1874 878 superest

265 895 574 966 specialiter
607 895 673 950 de
701 893 950 951 mmchiae
994 902 1049 952 et
1104 894 1480 952 fornicationis
1534 901 1677 952 statu
1732 912 1868 952 exa-

266 985 498 1052 minare,
527 985 585 1041 in
614 999 772 1058 quam
802 982 1121 1040 delictorum
1165 995 1372 1054 partem
1408 982 1641 1041 debeant
1676 984 1869 1058 redigi.

893 1178 1119 1235 CAPUT
1158 1179 1254 1239 III.

343 1339 453 1398 Sed
521 1340 674 1412 prius
726 1337 978 1397 decidam
1008 1337 1434 1396 intercedentem
1454 1353 1522 1396 ex
1550 1337 1766 1398 diverso
1787 1354 1873 1396 re-

271 1431 620 1504 sponsionem
649 1429 715 1485 ad
748 1445 864 1486 eam
882 1428 1218 1504 poenitentiae
1246 1429 1503 1502 speciem,
1532 1445 1690 1501 quam
1721 1446 1873 1486 cum-

272 1517 505 1573 maxime
558 1516 832 1574 diﬁnimus
873 1519 1034 1576 venia
1071 1533 1252 1575 carere
1283 1517 1418 1589 (16).
1460 1516 1516 1574 Si
1570 1519 1736 1584 enim,
1786 1520 1872 1574 in-

275 1607 490 1680 quiunt,
529 1606 705 1680 aliqua
737 1607 1054 1678 poenitentia
1095 1615 1247 1664 caret
1281 1607 1458 1674 venia,
1515 1608 1630 1677 jam
1686 1623 1788 1664 nec
1816 1607 1872 1662 in

273 1704 447 1754 totum
474 1697 690 1768 agenda
719 1697 814 1751 tibi
833 1707 934 1754 est.
988 1696 1132 1753 Nihil
1162 1697 1306 1752 enim
1335 1697 1606 1770 agendum
1633 1703 1717 1752 est
1755 1696 1874 1752 fru-

273 1793 408 1843 stra.
435 1787 606 1841 Porro
625 1784 825 1842 frustra
861 1795 1054 1858 agetur
1081 1785 1417 1856 paenitentia,
1449 1785 1494 1840 si
1525 1792 1671 1842 caret
1698 1785 1873 1849 venia.

275 1873 471 1931 Omnis
528 1880 707 1929 autem
764 1874 1084 1947 pcenitentia
1133 1871 1309 1930 986
1358 1873 1568 1946 agenda
1631 1882 1712 1932 est
1739 1876 1876 1948 (l7).

275 1961 423 2034 Ergo
452 1961 632 2018 omnis
666 1962 876 2021 veniam
905 1971 1286 2036 consequatur,
1327 1977 1398 2017 ne
1423 1961 1622 2018 frustra
1647 1973 1878 2036 agatur;

277 2049 408 2124 quia
435 2065 545 2107 non
571 2050 674 2106 erit
709 2052 940 2127 agenda,
982 2051 1030 2107 si
1056 2050 1253 2107 frustra
1287 2049 1485 2122 agitur.
1516 2055 1704 2120 Porro,
1735 2053 1880 2110 frus-

280 2147 364 2196 tra
381 2147 596 2210 agetur,
617 2138 665 2194 si
700 2139 860 2198 venia
906 2139 1130 2196 carebit.
1162 2138 1354 2196 Merito
1403 2139 1452 2178 ιο
1492 2142 1676 2214 utique
1716 2141 1760 2180 ιι
1811 2144 1884 2199 ita

279 2234 582 2300 apponunt,
613 2228 871 2300 quoniam
914 2225 1076 2300 hujus
1105 2242 1322 2300 quoque
1359 2228 1691 2300 poenitentiae
1735 2230 1882 2286 fruc-

283 2325 418 2383 tum,
451 2315 506 2370 id
531 2324 618 2372 est
642 2314 876 2386 veniam,
913 2314 971 2369 in
1020 2331 1121 2372 sua
1161 2323 1425 2386 potestate
1466 2327 1881 2384 usurpaverunt.

282 2405 555 2478 Quantum
583 2404 728 2462 enim
754 2404 821 2460 ad
872 2404 1000 2461 illos
1044 2419 1076 2460 a
1110 2404 1310 2477 quibus
1353 2419 1540 2474 pacem
1595 2407 1884 2462 humanam

286 2496 634 2568 consequitur
654 2493 733 2561 13;
764 2501 1026 2566 quantum
1074 2501 1251 2550 autem
1297 2492 1366 2547 ad
1395 2508 1515 2565 nos,
1573 2495 1668 2566 qui
1709 2495 1886 2552 solum

284 2584 580 2642 Dominum
609 2582 956 2640 meminimus
983 2582 1178 2641 delicta
1232 2582 1529 2640 concedere
1557 2582 1673 2656 (18)
1704 2591 1758 2640 et
1786 2585 1887 2640 uti-

286 2689 396 2747 que
448 2672 717 2741 mortalia,
773 2687 883 2730 non
951 2671 1148 2729 frustra
1184 2679 1396 2746 agetur.
1455 2672 1541 2728 Ad
1594 2674 1888 2730 Dominum

288 2762 434 2820 enim
465 2762 690 2835 remissa
717 2769 771 2820 et
799 2761 878 2818 illi
893 2761 1090 2820 exinde
1119 2768 1382 2832 postrata,
1415 2761 1520 2818 hoc
1566 2760 1686 2833 ipso
1716 2763 1888 2836 magis

288 2852 599 2926 operabitur
643 2851 880 2924 veniam,
910 2851 1061 2924 quod
1089 2866 1210 2906 eam
1246 2851 1362 2907 solo
1391 2851 1507 2906 Deo
1534 2859 1720 2908 exorat
1750 2851 1886 2924 (19),

1977 546 2120 595 notae
2166 553 2280 594 suae
2326 536 2575 608 exemplo
2611 545 2838 593 caeteros
2881 537 3174 607 admonet,
3226 550 3281 596 et
3308 541 3574 613 lacrymas

1977 628 2202 685 fratrum
2235 627 2340 682 sibi
2368 640 2583 700 quoque
2612 626 2861 697 advocat,
2892 633 2946 683 et
2988 628 3128 685 redit
3159 629 3280 700 plus
3308 632 3494 703 utique
3528 632 3574 670 13

1976 718 2270 791 negotiata,
2319 715 2753 788 compassionem
2801 715 3008 773 scilicet
3040 719 3085 755 1³
3112 734 3275 790 quam
3324 734 3573 776 commu-

1976 807 2336 864 nicationem.
2380 807 2446 862 Et
2492 807 2540 862 si
2570 822 2760 876 pacem
2808 805 2896 861 hic
2925 822 3034 862 non
3083 809 3250 875 metit,
3282 810 3426 880 apud
3454 812 3572 868 Do-

1892 959 1896 964 .
1974 896 2179 954 minum
2218 895 2486 952 seminat:
2521 910 2622 951 nec
2643 893 2871 979 'amittit,
2905 895 3000 952 sed
3028 906 3293 968 prmparat
3319 899 3571 957 fructum:

1978 1000 2088 1042 non
2131 985 2344 1043 vacabit
2391 985 2458 1038 ab
2510 984 2899 1050 emolumento,-
2949 985 2997 1040 si
3048 1000 3158 1041 non
3204 987 3473 1043 vacaverit
3507 988 3575 1044 ab

1978 1073 2180 1132 officio.
2216 1073 2298 1128 Ita
2328 1087 2426 1129 nec
2456 1072 2772 1144 poenitentia
2817 1073 3129 1144 hujusmodi
3177 1091 3336 1146 vana,
3367 1092 3466 1133 nec
3491 1076 3576 1132 di-

1980 1162 2209 1235 sciplina
2237 1161 2506 1233 ejusmodi
2541 1161 2676 1216 dura
2715 1167 2821 1216 est.
2849 1162 3025 1220 Deum
3061 1165 3232 1221 ambae
3261 1165 3530 1224 honorant
3560 1184 3577 1222 :

1978 1252 2074 1309 illa
2120 1252 2251 1307 nihil
2299 1251 2404 1308 sibi
2460 1250 2788 1308 blandiendo
2835 1250 3044 1309 facilius
3089 1253 3427 1327 impetrabit,
3478 1255 3581 1314 ista

1979 1339 2113 1397 nihil
2141 1341 2244 1398 sibi
2269 1341 2592 1398 assumendo
2631 1339 2849 1412 plenius
2877 1342 3178 1414 adjuvabit.

2605 1482 2835 1540 CAPUT
2871 1484 2969 1543 IV.

2054 1606 2345 1662 Possumus
2393 1605 2592 1678 igitur,
2641 1606 2962 1662 demandata
3007 1608 3340 1679 poenitentiae
3387 1611 3585 1668 distin-

1983 1694 2182 1761 ctione,
2216 1695 2287 1750 ad
2316 1693 2560 1769 ipsorum
2587 1694 2701 1764 jam
2729 1695 3048 1766 delictorum
3083 1699 3300 1771 regredi
3335 1716 3580 1770 censum,

1983 1802 2051 1846 an
2078 1801 2142 1840 ea
2169 1784 2277 1841 sint
2311 1800 2434 1857 quae
2481 1782 2696 1841 veniam
2735 1784 2802 1840 ab
2851 1783 3105 1842 omnibus
3150 1792 3404 1861 consequi
3450 1807 3586 1862 ροε-

1984 1874 2110 1930 sint.
2163 1875 2223 1929 In
2281 1872 2506 1944 primis,
2551 1873 2698 1944 quod
2743 1873 3033 1930 mwchiam
3083 1883 3136 1931 et
3179 1876 3588 1938 fornicationem

1988 1963 2348 2031 nominamus,
2373 1978 2503 2019 usus
2519 1962 2824 2033 expostulat
2856 1979 2869 2018 :
2902 1964 3064 2020 habet
3083 1973 3136 2021 et
3163 1964 3298 2022 fides
3327 1984 3590 2039 quorum-

1989 2053 2112 2114 dam
2168 2052 2451 2110 nominum
2515 2050 2930 2108 familiaritatem
2987 2053 3138 2125 (20);
3190 2055 3263 2111 ita
3319 2058 3375 2112 in
3438 2059 3588 2114 omni

1991 2143 2250 2216 opusculo
2291 2158 2448 2197 usum
2477 2142 2833 2198 custodimus.
2868 2141 3158 2214 Caeterum,
3185 2144 3232 2200 si
3260 2144 3588 2204 adulterium

1989 2239 2044 2287 et
2071 2232 2116 2286 si
2148 2238 2395 2301 stuprum
2425 2231 2617 2287 dixero
2655 2230 2772 2303 (2t)
2799 2274 2816 2303 ,
2859 2247 3025 2288 unum
3057 2233 3163 2288 erit
3209 2235 3588 2293 contaminatae

1989 2317 2166 2376 carnis
2195 2318 2458 2390 eIOgium.
2506 2319 2619 2374 Nec
2648 2318 2795 2374 enim
2825 2321 3049 2375 interest
3092 2330 3326 2392 nuptam
3353 2324 3588 2380 alienam

1991 2422 2057 2463 an
2087 2406 2304 2463 viduam
2334 2407 2459 2478 quis
2487 2406 2744 2473 iucurset,
2769 2408 2898 2462 dum
2918 2423 3029 2464 non
3060 2425 3212 2470 suam
3241 2410 3497 2470 feminam
3520 2416 3587 2471 15:

1991 2497 2130 2553 sicut
2158 2511 2258 2552 nec
2283 2493 2420 2551 locis
2458 2495 2648 2565 refert,
2680 2495 2738 2551 in
2767 2495 3034 2553 cubiculis
3081 2514 3150 2554 an
3178 2498 3234 2555 in
3262 2502 3511 2561 curribus
3543 2505 3590 2543 ιδ

1992 2584 2251 2658 pudicitia
2281 2583 2596 2641 trucidetur.
2620 2584 2797 2641 Omne
2835 2584 3190 2643 homicidium
3220 2598 3370 2646 extra
3400 2592 3592 2650 silvam

1991 2670 2157 2730 987
2188 2673 2530 2730 latrocinium
2550 2680 2661 2732 est:
2696 2675 2768 2728 ita
2786 2680 2840 2729 et
2865 2673 3292 2747 ubicunque,vel
3313 2679 3366 2734 in
3396 2697 3595 2752 quam-

1995 2776 2205 2834 cunque
2237 2760 2589 2832 semetipsum
2633 2760 2901 2818 adulterat
2931 2771 2987 2818 et
3031 2769 3258 2834 stuprat,
3298 2768 3389 2838 qui
3432 2768 3590 2826 aliter

1998 2867 2159 2924 quam
2189 2849 2391 2923 nuptiis
2437 2849 2625 2906 utitur.
2675 2849 2803 2905 Ideo
2842 2865 3008 2921 penes
3037 2865 3137 2907 nos
3183 2855 3406 2917 occulta
3449 2873 3591 2927 quo-

293 2942 445 3015 quod
491 2941 686 2998 delicto
753 2955 854 2998 suo
893 2941 1185 2998 humanam
1241 2954 1430 3011 pacem
1475 2938 1725 2997 sufficere
1781 2956 1890 2997 non
1919 2942 1964 3022 ο
1991 2956 2095 3012 que
2130 2939 2568 3011 conjunctiones,
2598 2938 2654 2993 id
2683 2946 2767 2994 est
2796 2954 2906 2996 non
2935 2940 3087 3012 prius
3113 2943 3257 3013 apud
3295 2945 3595 3004 Ecclesiam

289 3030 488 3099 credit,
518 3031 660 3103 quod
688 3029 946 3088 Ecclesiae
977 3031 1181 3087 mavult
1212 3029 1528 3087 erubescere
1557 3044 1888 3104 quamocom-

1995 3028 2254 3102 professae
2283 3027 2398 3099 (22)
2422 3028 2574 3098 juxta
2601 3027 2890 3085 moechiam
2920 3036 2975 3085 et
3010 3029 3419 3092 fornicationem
3444 3036 3602 3107 judi-

1673 3153 1867 3218 Variae
1909 3158 2223 3219 lectiones.

369 3290 420 3332 ιο
449 3290 506 3348 Si
543 3290 706 3348 venia
734 3279 942 3346 carebit
967 3285 1168 3344 merito
1197 3287 1275 3344 uti

1352 3303 1415 3372 e_
1435 3290 1636 3372 quw.
1669 3289 1789 3347 cod.
1817 3289 1863 3328 ιι
1895 3288 2104 3372 Utique
2150 3288 2308 3344 abest
2335 3305 2371 3345 α
2405 3288 2579 3370 ῌΙιθη.
2614 3289 2785 3372 Segni.
2823 3290 3127 3372 0_bew_'th._l2
3149 3293 3383 3372 Frustra
3423 3299 3596 3372 agitur

370 3304 420 3332 ιυ
449 3304 506 3348 Si
543 3306 706 3348 venia
734 3304 942 3346 carebit
967 3304 1168 3344 merito
1197 3304 1382 3398 utique
1439 3304 1636 3370 Wouw.
1669 3304 1789 3347 coa.
1817 3304 1863 3328 ιι
1899 3304 2104 3360 Utique
2150 3304 2308 3344 anest
2335 3305 2371 3345 α
2405 3304 2579 3370 tmen.
2614 3304 2785 3346 56ml.
2823 3304 3043 3348 uoertlt.
3081 3304 3127 3331 η
3165 3304 3383 3352 Frustra
3423 3304 3596 3372 agitur

298 3364 462 3423 addit
517 3363 774 3420 Ciacc.13
823 3361 1258 3434 PlusqueiPant.
1316 3361 1632 3434 {Prembus
1679 3379 1785 3431 que
1837 3363 2131 3434 negotiata,
2167 3376 2601 3431 compasswnem
2650 3362 2812 3417 elicit.
2849 3365 2972 3419 Lat.
3026 3364 3073 3401 15
3120 3368 3196 3422 Ab
3241 3367 3471 3425 alienam
3523 3373 3597 3428 ad

293 3436 560 3494 feminam
586 3434 736 3494 delet
771 3434 951 3492 Ciacc.
970 3430 1033 3471 71°
1059 3430 1321 3489 Turribus
1349 3433 1474 3489 Lat.
1507 3432 1629 3504 Rig.
1664 3430 1845 3490 Ciacc.

1677 3557 2178 3622 Commentarius.

370 3664 845 3741 (16),,Deﬁnimtts
871 3666 1040 3741 venia
1071 3679 1284 3723 carere.
1313 3664 1395 3720 De
1440 3665 1646 3741 Pcenit.
1695 3681 1819 3741 cap:
1872 3667 1906 3720 4

294 3736 427 3798 cum
445 3736 622 3794 adhuc
644 3737 956 3808 catholicus,
997 3737 1053 3792 in
1081 3752 1145 3793 ea
1163 3751 1271 3793 non
1288 3744 1403 3808 erat
1421 3736 1682 3792 sententia
1701 3754 1749 3790 :«
1764 3736 1908 3793 'Om-

296 3812 460 3868 nibus
489 3825 623 3884 ergo
645 3807 880 3884 delictis,
905 3806 1098 3884 inquit,
1123 3823 1218 3864 seu
1246 3806 1458 3877 spiritu,
1479 3822 1596 3884 seu
1606 3809 1768 3884 facto,
1803 3824 1904 3884 seu

304 3879 584 3942 voluntate
607 3879 1061 3951 commissis~,qui
1099 3894 1319 3951 pinnam
1365 3893 1462 3948 per
1504 3879 1765 3947 judicium
1806 3879 1902 3935 de-

297 3952 712 4031 stinavit1idem
744 3959 798 4006 et
843 3950 1052 4031 veniam
1096 3950 1193 4024 per
1234 3951 1608 4031 paenitentiam
1658 3965 1900 4031 spopon-

299 4027 398 4082 dit.
448 4047 471 4074 ι
503 4024 763 4081 Omnium
780 4023 933 4095 enim
989 4023 1331 4095 peceatorum
1358 4023 1727 4095 quamtumvis
1767 4036 1896 4095 gra-

297 4100 452 4155 vium
497 4111 593 4168 per
643 4091 1019 4168 paenitentiam
1065 4093 1138 4168 fit_
1163 4091 1426 4168 remissio,
1470 4098 1529 4146 ut
1565 4091 1894 4149 docentISS.

300 4163 708 4228 Patres’cont‘ra
732 4165 1082 4224 Novatianos.
1115 4163 1194 4220 Lit
1232 4166 1328 4220 Pu.

363 4239 482 4313 (i7)
524 4238 714 4313 Omnis
734 4241 935 4313 autem
945 4233 1549 4313 pwm'tientiaugenda
1565 4232 1904 4313 est._Legen-

300 4304 436 4440 dRu'm
459 4304 695 4369 videtur.
731 4328 756 4361 α
778 4304 1146 4365 Οωῐιὶἰιιιιθω
1173 4304 1493 4381 poenitentia
1517 4304 1728 4380 agenda
1744 4304 1840 4364 est.
1876 4326 1900 4357 ι

351 4399 433 4440 ιθ.

351 4399 433 4441 ιθ.

376 4458 429 4526 (1
438 4453 613 4527 8)Qui
630 4451 812 4527 solum
831 4453 1135 4527 Dominum
1152 4450 1516 4527 meminimus
1534 4447 1745 4527 delicta
1765 4465 1893 4506 con-

303 4523 757 4600 cedereJAlludit
775 4527 841 4600 ad
869 4525 999 4600 illud
1012 4527 1174 4600 Marc.
1208 4527 1316 4588 11,7
1349 4540 1364 4578 :
1402 4523 1534 4591 Quis
1563 4525 1749 4600 potest
1766 4536 1897 4600 pec-

2015 3681 2176 3736 quam
2204 3663 2418 3736 quaeris,
2450 3663 2701 3736 accipies.
2730 3663 2947 3720 Etenim
2977 3666 3246 3736 praemittit
3268 3670 3358 3728 hic
3393 3692 3418 3725 κ
3448 3681 3600 3733 actus

2011 3735 2280 3816 publicos,
2306 3735 2703 3816 poenitentiae»
2737 3737 2953 3816 eosdem
2967 3735 3119 3816 ;quos
3154 3740 3249 3795 lib.
3283 3743 3349 3816 die
3367 3746 3600 3816 Paenit.,

2010 3824 2127 3878 cap.
2161 3811 2230 3874 9;
2264 3815 2319 3863 et
2337 3816 2537 3885 tamen.
2555 3809 2666 3863 vult
2702 3827 2730 3860 α
2761 3824 2792 3861 a
2820 3808 2937 3885 solo
2967 3808 3078 3865 Deo
3116 3815 3329 3871 exorari
3363 3808 3597 3885 veniam,

2009 3877 2119 3934 non
2157 3893 2286 3936 vero
2337 3877 2588 3934 Ecclesiae
2633 3878 3056 3939 communicare.
3102 3903 3125 3933 »
3162 3885 3229 3938 Et
3267 3901 3396 3943 vero
3444 3877 3602 3946 valde

2007 3949 2210 4034 incerta
2235 3955 2316 4034 est
2343 3950 2522 4014 venia,
2558 3957 2611 4030 et
2659 3951 2886 4032 proinde
2911 3954 3303 4034 ‘(qtiantumvis
3331 3958 3383 4016 id
3422 3966 3607 4034 neget)

2010 4021 2324 4104 poenitentia
2353 4037 2506 4104 vana,
2555 4020 2601 4074 si
2628 4022 2748 4092 quis
2786 4039 2814 4077 a
2847 4020 3123 4082 solO'Deo
3154 4029 3364 4084 veniam
3395 4020 3602 4104 εκεῖ)ολ

2009 4101 2154 4146 ctare
2184 4092 2392 4145 debeat.
2423 4093 2562 4148 PAM.

2081 4161 2195 4241 (29)
2213 4161 2384 4241 Habet
2397 4167 2461 4241 _et
2479 4161 2616 4241 ﬁdes
2633 4162 3012 4241 quorumdam
3030 4168 3330 4241 nominum
3345 4173 3605 4241 familia-

2012 4231 2265 4315 ritatem.
2316 4232 2500 4315 Fidem
2529 4231 2783 4315 hic—dicit
2808 4250 2971 4315 quam
3000 4238 3130 4293 alias
3154 4231 3387 4315 sectam,
3415 4244 3602 4315 philo-

2014 4303 2263 4385 sophiam
2287 4343 2327 4385 δ’
2351 4302 2722 4385 disciplinam,
2750 4302 3079 4385 religionem
3102 4349 3120 4379 ,
3150 4302 3384 4385 scilicet
3415 4302 3601 4374 ‘Chri-

1930 4389 1976 4468 υ
2007 4373 2647 4468 ἱιξρρξηξ-ξ-ιιρξδῐξίξὶι,
2693 4394 2720 4427 ς(
2749 4373 2923 4433 Habét
2947 4385 3002 4434 et
3037 4373 3111 4435 in'
3140 4380 3350 4441 Christo
3379 4373 3604 4446 scientia

2005 4456 2193 4504 mtates
2221 4462 2370 4502 suas.
2416 4466 2439 4497 »
2473 4446 2595 4502 Bis.

2071 4517 2188 4596 (21)
2215 4517 2661 4596 .Siqduttert'ztm
2680 4522 2735 4596 et
2765 4519 2818 4596 si:
2843 4523 3115 4596 stuprum
3143 4523 3361 4596 dimero,
3391 4535 3494 4588 etc.
3519 4533 3603 4590 De

304 4603 438 4674 cata
457 4599 744 4674 dimittere
770 4595 889 4652 nisi
911 4597 1065 4654 solus
1092 4590 1530 4665 Deus...;verum
1544 4590 1898 4648 deboclatius
2003 4590 2266 4674 adulterio
2286 4590 2523 4674 idipsum
2553 4590 2760 4674 docuit,
2782 4591 2849 4674 de
2881 4590 3226 4674 Monqgamz'a
3244 4590 3358 4674 lib.'
3381 4618 3502 4674 cap,
3524 4608 3556 4658 9
3581 4623 3597 4671 ς

306 4671 469 4727 infra.
523 4671 661 4726 ΡΑιί.

376 4737 497 4822 (19)
523 4741 672 4822 Quod
686 4754 814 4822 capi
834 4753 871 4794 α
890 4739 1004 4797 solo
1025 4741 1133 4822 Rea
1143 4741 1373 4822 egomt,
1387 4735 1705 4822 etc._(_Jontra
1722 4737 1897 4822 hoc...

304 4806 654 4872 latius—etiam
682 4812 842 4878 infra,
873 4826 998 4884 cap.
1028 4815 1118 4866 2t.
1142 4810 1240 4866 Hic
1273 4806 1449 4884 solum
1477 4807 1720 4884 dicemus
1753 4806 1903 4881 quod

304 4885 566 4942 videatur
594 4884 739 4938 idem
769 4882 1011 4940 sensisse
1037 4885 1260 4950 Auctor,
1308 4883 1452 4953 quod
1497 4882 1563 4937 de
1605 4883 1904 4953 Novatiano

308 4955 508 5014 scribit
534 4956 718 5010 beatus
764 4955 1065 5027 Cyprianus
1088 4954 1288 5026 (Epist.
1319 4950 1410 5027 52,
1441 4950 1902 5027 ad_Antonit_tn.).

307 5031 493 5108 étque
523 5028 655 5108 adeo
675 5023 866 5108 posset
903 5025 1008 5108 ipsi
1023 5023 1359 5108 responderi
1389 5023 1582 5107 verbis
1624 5025 1904 5108 ejusdem:

305 5100 354 5156 Ο
385 5095 707 5156 frustrandae
720 5095 1067 5155 fraternitatis
1088 5095 1268 5153 irrisio
1290 5095 1363 5152 l0
1378 5097 1696 5152 miserorum
1717 5097 1915 5150 lamen-

310 5171 538 5227 tantium
607 5170 809 5225 caduca
867 5167 1140 5240 deceptiel
1175 5183 1208 5223 o
1249 5166 1512 5240 haereticae
1566 5165 1914 5240 institutionis

309 5242 565 5298 inefﬁcax
610 5251 664 5298 et
710 5257 847 5297 vana
883 5237 1129 5297 traditio!
1165 5239 1368 5295 hortari
1415 5239 1483 5294 ad
1533 5237 1916 5294 satis-factionis

310 5313 706 5387 penitentiam,
739 5321 794 5387 et
823 5314 1144 5387 subtrahere
1179 5311 1247 5365 de
1291 5310 1656 5387 satisfactione
1696 5308 1916 5387 medici-

310 5381 474 5442 hami
522 5386 705 5442 dicere
749 5383 897 5441 fratri
929 5402 943 5438 :
974 5385 1195 5456 Plange,
1233 5394 1286 5437 et
1333 5386 1596 5456 lacrymas
1624 5381 1814 5456 funde,
1867 5387 1921 5436 et

311 5458 516 5515 diebus
568 5473 633 5514 ac
694 5458 946 5512 noctibus
990 5453 1304 5528 ingemisce,
1331 5462 1520 5528 etpro
1553 5453 1816 5509 abluendo
1866 5459 1921 5528 et

312 5529 609 5603 purgando
637 5528 836 5603 delicto
865 5523 1252 5603 frequenteret
1271 5523 1495 5603 largiter
1532 5540 1778 5603 operare;
1820 5523 1918 5580 sed

314 5596 474 5672 extra
528 5600 848 5670 Ecclesiam,
881 5596 1016 5672 post
1044 5597 1226 5672 omnia
1255 5596 1391 5672 ista',
1435 5596 1730 5672 morieris;
1764 5611 1917 5668 quae.

310 5663 540 5749 c'unque
566 5675 634 5730 ad
664 5663 849 5749 pacem
883 5663 1150 5746 pertinent
1168 5667 1351 5744 facias,
1381 5663 1478 5728 sed
1506 5663 1920 5743 nullam'pacem

2004 4664 2073 4721 de
2102 4670 2310 4732 stupro,
2336 4661 2432 4716 lib.
2456 4662 2522 4719 de
2542 4661 2842 4741 Exhortqt.
2865 4679 2986 4735 cap.
3019 4661 3055 4720 9
3075 4683 3090 4720 :
3124 4670 3270 4741 quod
3290 4661 3470 4741 ipsum
3491 4661 3602 4730 fre;

2008 4740 2504 4814 quenter-usurpat,
2533 4749 2641 4814 non
2679 4735 2840 4814 modo
2879 4751 2974 4814 pro
3003 4735 3263 4814 mwéhiq,
3287 4735 3382 4795 sed
3418 4751 3472 4798 et
3499 4761 3599 4814 pro

2008 4805 2448 4881 fornicatione...
2460 4805 2661 4881 malim
2687 4813 2867 4861 autem
2880 4805 3075 4881 legere
3107 4827 3120 4863 :
3158 4832 3181 4861 κ
3211 4805 3386 4867 Omne
3419 4805 3601 4872 homi-

2011 4877 2210 4934 Cidium
2239 4877 2375 4932 intra
2407 4877 2617 4934 silvam.
2643 4899 2671 4927 ιο
2701 4893 2800 4948 pro
2831 4877 2997 4937 extr'a
3017 4899 3037 4948 ;
3057 4882 3158 4937 sed
3188 4883 3336 4940 nolui
3383 4883 3441 4941 in
3468 4901 3602 4943 con-

2013 4957 2156 5006 textu
2181 4948 2312 5020 quid
2339 4949 2642 5005 immutare.
2672 4949 2814 5007 Pu.

2087 5021 2352 5099 (g2)_Non
2376 5023 2540 5093 prius
2567 5021 2720 5099 apud
2756 5023 3063 5099 Ecclesium
3077 5029 3368 5099 professae.
3399 5029 3606 5088 Oblatis

2015 5092 2412 5172 Ecclesiae__per
2462 5092 2804 5172 presbyteros
2850 5092 3100 5172 fidelibus
3139 5092 3515 5172 conjugandis,
3545 5112 3606 5160 ut

2019 5164 2552 5239 communibusyotis
2569 5165 2824 5239 conjugio
2855 5164 3282 5227 benediceretur.
3302 5164 3426 5231 Hoc
3462 5164 3608 5231 enim

2019 5235 2286 5309 significat
2311 5235 2366 5290 in
2389 5235 2691 5309 ﬁnelibrin
2711 5235 2782 5293 ιιἱί
2813 5239 3067 5307 Uxorem,
3100 5257 3220 5298 cum
3252 5245 3324 5299 ait
3355 5263 3371 5300 :
3406 5267 3431 5297 ι
3453 5249 3610 5303 Unde

2021 5307 2444 5384 sujtficiamusad‘
2468 5312 2821 5384 enarrandam
2852 5312 3152 5368 felicitatem
3176 5317 3296 5384 ejus
3324 5318 3606 5372 matrimo-

2024 5380 2098 5434 nii
2138 5380 2285 5452 quod
2324 5380 2563 5435 Ecclesia
2610 5382 2856 5438 conciliat
2884 5392 2938 5438 et
2984 5380 3265 5441 confirmat
3294 5387 3541 5443 oblatio?
3577 5408 3602 5438 ι

2026 5452 2165 5507 Dum
2213 5453 2449 5508 occultas
2491 5453 2896 5523 conjunctiones
2924 5474 2948 5508 ι
3001 5456 3380 5524 interpretatur
3431 5480 3458 5508 ι
3501 5474 3611 5516 non

2024 5525 2175 5597 prius
2201 5527 2344 5596 apud
2372 5525 2663 5585 Ecclesiam
2690 5527 2984 5597 professas,
3019 5546 3044 5577 ι)
3085 5527 3281 5582 mirum
3307 5528 3363 5583 in
3391 5531 3612 5588 modum

2027 5594 2308 5651 confirmat
2335 5597 2609 5652 decretum
2643 5594 2852 5653 concilii
2873 5594 3169 5653 Tridentini
3191 5599 3260 5653 de
3288 5598 3460 5656 irritis
3484 5605 3614 5658 tali-

2030 5668 2131 5726 bus
2153 5667 2638 5743 conjunctiouibus,
2657 5682 2719 5722 eo
2739 5667 2884 5740 quod
2904 5668 2972 5724 de
2991 5667 3098 5725 illis
3117 5671 3335 5743 subjicit
3358 5689 3374 5730 :
3404 5693 3428 5728 ι
3449 5674 3612 5738 Juxta
