4062 6178
492 373 630 433 1039

1180 364 1615 429 TERTULLIANI
1653 362 1920 427 OPERUM
1958 366 2145 428 PARS.
2188 366 2260 431 ιι.
2285 396 2357 410 -
2392 365 2622 429 SERIES
2658 367 2726 427 ll.
2767 367 3089 429 MORALIA.

3659 370 3797 433 1040

483 497 593 554 cari
625 494 1011 569 periclitantur.
1042 494 1155 550 Nec
1185 493 1312 549 inde
1344 493 1386 531 ι⁷
1416 498 1677 549 conserta
1703 490 1928 547 obtentu
1956 506 2073 547 ma—
2104 507 2151 585 A
2183 499 2397 563 gestum
2424 491 2667 562 adspicio
2693 491 2958 558 moechia,
2996 490 3124 549 hinc
3170 491 3425 550 ducatum
3469 492 3797 553 idololatriae

481 585 719 640 trimonii
756 584 955 641 crimen
991 583 1229 637 eludant.
1272 582 1527 653 Reliquas
1567 591 1749 636 autem
1785 578 2073 635 libidinum

482 675 646 729 furias
686 674 876 745 impias
894 672 1010 744 (23)
1032 671 1161 728 etin
1189 687 1418 742 corpora
1450 682 1503 725 et
1530 670 1586 724 in
1613 684 1775 725 sexus
1792 667 1932 725 ultra
1947 669 2075 738 jura

479 771 689 817 natura
717 776 825 815 non
851 759 1014 815 modo
1044 757 1251 822 limine,
1285 772 1471 813 verum
1490 756 1634 813 omni
1653 755 1907 812 Ecclesia
1928 763 2072 811 tecto

480 852 886 921 submovemus;
953 847 1082 919 quia
1108 862 1217 901 non
1263 853 1388 900 sunt
1438 846 1653 913 delicta,
1684 844 1782 901 sed
1808 852 2069 902 monstra.

1114 934 1342 990 CAPUT
1378 934 1447 991 ν.

549 1030 699 1101 Ergo
738 1025 985 1096 moechis,
1034 1023 1180 1095 quod
1228 1026 1390 1079 etiam
1431 1022 1801 1079 fornicationis
1843 1031 1925 1078 est
1962 1038 2069 1089 res,

479 1115 783 1174 secundum
812 1128 948 1184 opus
993 1108 1235 1165 criminis
1262 1108 1448 1182 quanti
1479 1109 1796 1164 astimanda
1837 1109 1908 1165 sit
1945 1124 2072 1166 sce-

479 1206 609 1263 leris
646 1206 823 1275 prima
850 1203 939 1259 lex
965 1200 1069 1255 Dei
1101 1208 1299 1272 prasto
1348 1206 1432 1255 est
1460 1200 1595 1269 (24).
1632 1198 1910 1269 Siquidem
1950 1208 2077 1269 post

479 1294 815 1350 interdictam
844 1290 1146 1346 alienorum
1175 1287 1400 1342 deorum
1432 1286 1895 1357 superstitionem,
1928 1286 2076 1357 ipso-

478 1397 710 1452 rumque
764 1379 1027 1436 idolorum
1076 1373 1515 1443 fabricationem;
1554 1382 1681 1444 post
1726 1373 2075 1430 commenda-

483 1480 589 1525 tam
622 1469 838 1523 Sabbati
882 1464 1327 1531 venerationem;
1360 1471 1485 1534 post
1524 1462 1840 1533 imperatam
1886 1462 1943 1517 in
1970 1478 2075 1533 pa-

482 1565 666 1613 rentes
713 1556 1007 1612 secundam
1051 1568 1084 1607 a
1112 1554 1225 1608 Deo
1271 1550 1619 1621 religionem,
1672 1550 1880 1606 nullum
1925 1550 2073 1605 aliud

480 1645 535 1701 in
568 1645 767 1699 talibus
815 1642 979 1699 titulis
1023 1640 1301 1695 firmandis
1342 1639 1737 1709 monendisque
1770 1638 1885 1710 (25)
1933 1640 2072 1694 sub-

482 1734 678 1790 struxit
706 1741 1059 1805 praeceptum,
1082 1745 1243 1800 quam
1276 1746 1289 1783 :
1333 1729 1455 1784 Non
1482 1726 1843 1784 machaberis
1869 1727 2071 1796 (Exod.

2181 580 2566 650 antecedentis,
2598 580 2721 635 hinc
2760 580 3073 636 comitatum
3102 580 3388 636 homicidii
3435 582 3793 655 insequentis.

2177 671 2319 725 Inter
2374 669 2514 725 duos
2584 668 2770 739 apices
2828 668 3130 725 facinorum
3177 669 3642 729 eminentissimos
3679 674 3796 730 sine

2177 756 2344 812 dubio
2370 756 2535 829 digna
2560 755 2827 824 consedit,
2878 764 2932 811 et
2962 772 3060 824 per
3088 757 3329 813 medium
3369 774 3583 826 eorum,
3640 766 3795 834 quasi

2178 852 2457 900 vacantem
2496 844 2675 900 locum
2717 844 2834 915 pari
2882 844 3124 901 criminis
3179 847 3497 903 auctoritate
3544 850 3792 921 comple-

2176 931 2272 990 vit.
2321 930 2453 998 Quis
2510 948 2631 987 eam
2683 931 2878 987 talibus
2932 932 3188 988 lateribus
3249 934 3534 1003 inclusam,
3594 938 3793 995 talibus

2179 1021 2343 1076 costis
2368 1019 2785 1085 circumfultam,
2835 1036 2866 1074 a
2894 1020 3285 1077 coharentium
3322 1038 3553 1095 corpore
3616 1026 3790 1082 divel-

2178 1112 2247 1166 let
2282 1111 2350 1165 de
2379 1108 2677 1166 vicinorum
2719 1109 3006 1165 criminum
3033 1127 3210 1179 nexu,
3251 1111 3317 1167 de
3364 1113 3789 1186 propinquorum

2182 1200 2448 1253 scelerum
2474 1199 2774 1269 complexu,
2814 1206 2876 1253 ut
2902 1199 3075 1254 solam
3102 1214 3223 1255 eam
3270 1211 3517 1257 secernat
3572 1204 3641 1257 ad
3662 1221 3785 1275 poe-

2181 1286 2416 1342 nitentia
2472 1286 2700 1343 fructum
2730 1288 2759 1341 ‘i
2829 1286 3023 1342 Nonne
3092 1289 3219 1345 hinc
3283 1288 3608 1359 idololatria,
3656 1291 3782 1348 inde

2182 1373 2552 1441 homicidium,
2591 1373 2946 1430 detinebunt?
2972 1382 3027 1430 et
3055 1375 3101 1431 si
3131 1391 3236 1448 qua
3263 1393 3367 1436 vox
3396 1377 3445 1416 ²ι
3484 1378 3665 1449 fuerit,
3695 1396 3781 1437 re-

2181 1462 2521 1518 clamabunt:
2550 1462 2746 1518 Noster
2770 1461 2860 1517 hic
2897 1478 3099 1519 cuneus
3126 1472 3229 1530 est,
3263 1474 3447 1521 nostra
3474 1469 3770 1540 compago!

2182 1552 2265 1606 Ab
2328 1550 2630 1607 idololatria
2668 1558 2954 1618 metamur,
3000 1551 3097 1609 illa
3130 1552 3501 1624 distinguente
3554 1560 3782 1627 conjun-

2183 1641 2377 1713 gimur,
2424 1638 2503 1694 illi
2548 1639 2617 1695 de
2669 1639 2845 1695 medio
2902 1640 3156 1695 emicanti
3208 1642 3511 1698 adunamur
3537 1644 3784 1711 22;con-

2183 1726 2490 1798 corporevit
2516 1741 2621 1782 nos
2640 1726 2916 1798 Scriptura
2942 1727 3144 1795 divina,
3169 1728 3358 1784 littera
3386 1729 3517 1802 ipsa
3565 1733 3780 1802 glutine

481 1788 583 1889 xx,
618 1788 902 1887 1ι3)ῖΡοει⁵
929 1788 1224 1887 Spiritalem
1270 1814 1415 1870 enim
1459 1814 1759 1870 castitatem
1807 1788 2066 1870 sanctita-
2109 1788 2154 1866 Β
2184 1788 2373 1872 nostra
2391 1824 2535 1879 sunt,
2561 1815 2681 1884 jam
2712 1788 2813 1870 nec
2868 1815 2990 1886 ipsa
3036 1788 3155 1873 sine
3199 1817 3357 1875 nobis
3408 1788 3606 1891 potes:
3663 1788 3779 1898 Ego

481 1922 716 1980 temque,
758 1904 1057 1975 corporalis
1101 1903 1427 1975 sequebatur
1473 1903 1773 1977 integritas.
1822 1904 1888 1958 Et
1928 1905 2071 1959 hanc

480 2000 656 2067 itaque
680 1993 925 2061 munivit,
957 1995 1163 2050 hostem
1193 1992 1371 2047 statim
1400 1995 1518 2063 ejus
1554 1992 1897 2063 prohibendo
1927 2009 2070 2050 ma-

480 2085 675 2142 chiam.
707 2082 876 2152 Quale
921 2081 1173 2138 delictum
1198 2082 1311 2150 jam
1355 2080 1615 2154 intellige,
1666 2083 1825 2152 cujus
1856 2081 2068 2137 cohibi-

482 2178 677 2231 tionem
709 2183 832 2244 post
857 2172 1183 2228 idololatria
1205 2171 1254 2209 18
1278 2169 1564 2227 ordinavit.
1596 2170 1744 2225 Nihil
1771 2171 2069 2226 secundum

479 2262 795 2333 longinquat
837 2276 869 2315 a
915 2260 1131 2331 primo;
1184 2260 1318 2315 nihil
1368 2271 1473 2314 tam
1508 2259 1821 2330 proximum
1868 2260 2065 2329 primo,

476 2367 639 2421 quam
666 2351 963 2404 secundum
994 2348 1178 2419 :quod
1192 2347 1251 2401 ﬁt
1281 2364 1348 2402 ex
1376 2348 1549 2417 primo
1580 2348 1757 2416 aliud,
1795 2347 2067 2419 quodam-

476 2439 639 2494 modo
668 2437 901 2507 primum
921 2445 1023 2490 est.
1046 2436 1233 2505 Itaque
1260 2436 1491 2490 macbia
1516 2435 1695 2490 afﬁnis
1716 2436 2063 2507 idololatria;

476 2544 603 2583 nam
628 2537 683 2582 et
710 2525 1014 2582 idololatria
1060 2522 1306 2579 machia
1353 2524 1571 2580 nomine
1597 2532 1654 2579 et
1698 2524 2069 2581 fornicationis

476 2632 622 2687 sape
644 2614 847 2686 populo
882 2613 1213 2684 exprobrata
1239 2614 1462 2681 (Jerem.
1503 2628 1588 2680 ut,
1623 2617 1824 2686 iseq.;
1864 2615 2065 2672 Επειδὴ.

475 2721 596 2775 xvr,
631 2707 697 2760 15
724 2704 883 2775 seq.),
912 2702 1071 2757 etiam
1119 2708 1267 2758 sorte
1307 2702 1671 2773 conjungetur
1718 2703 1816 2771 illi,
1848 2703 1987 2760 sicut
2013 2714 2069 2761 et

474 2799 644 2861 serie;
695 2796 860 2850 etiam
915 2790 1258 2847 damnatione
1314 2792 1606 2847 cobarebit
1652 2791 1773 2863 illi,
1827 2793 1968 2849 sicut
2013 2802 2068 2849 et

472 2884 855 2957 dispositione.
903 2882 985 2937 Eo
1033 2882 1265 2952 amplius
1308 2881 1649 2951 praemittens
1682 2900 1694 2936 :
1726 2879 1899 2938 988
1944 2885 2067 2940 Non

471 2973 828 3030 mace/laberis
860 2992 880 3041 ,-
908 2970 990 3038 adj
1003 2971 1157 3042 ungit
1188 2988 1201 3024 :
1238 2972 1359 3026 Non
1388 2971 1603 3028 occides
1636 2988 1650 3028 :
1686 2972 1930 3029 oneravit
1953 2972 2065 3027 uti-

470 3078 577 3133 que
603 3059 909 3123 moechiam,
937 3073 1096 3130 quam
1140 3057 1432 3115 homicidio
1459 3060 1759 3130 anteponit.
1800 3060 1862 3114 In
1890 3061 2063 3132 prima
2093 3068 2138 3147 ο

470 3152 651 3223 itaque
680 3150 727 3187 19
751 3149 929 3204 fronte
957 3148 1319 3204 sanctissima
1358 3148 1511 3219 legis,
1553 3148 1608 3203 in
1658 3150 1844 3220 primis
1888 3150 2059 3207 titulis

470 3237 708 3296 coelestia
735 3236 918 3306 edicti,
951 3234 1333 3307 principalium
1361 3235 1547 3306 utique
1583 3235 1902 3292 delictorum
1930 3254 2057 3308 pro-

468 3329 764 3401 scriptione
792 3327 1003 3399 signata
1030 3326 1103 3396 2ο,
1125 3326 1190 3382 de
1218 3326 1339 3382 loco
1367 3326 1615 3396 modum,
1643 3326 1710 3380 de
1728 3327 1914 3384 ordine
1941 3336 2056 3384 sta-

467 3427 600 3487 tum,
637 3416 707 3473 de
743 3415 980 3472 conﬁnio
1014 3413 1268 3470 meritum
1308 3412 1575 3483 cujusque
1622 3412 1928 3487 dignoscas.
1964 3416 2058 3474 Est

468 3516 524 3564 et
561 3508 685 3562 mali
713 3505 973 3578 dignitas,
1006 3503 1153 3574 quod
1181 3501 1237 3555 in
1274 3515 1489 3556 summo
1517 3507 1612 3555 aut
1640 3503 1694 3555 in
1721 3503 1905 3561 medio
1934 3522 2057 3576 pes-

466 3594 728 3653 simorum
757 3593 1070 3650 collocatur.
1100 3590 1361 3659 Pompam
1406 3589 1695 3660 quamdam
1729 3590 1891 3665 atque
1921 3609 2054 3667 sug-

2178 1904 2396 1977 quidem
2439 1903 2740 1960 idololatria
2796 1904 3096 1974 sapissime
3136 1906 3385 1962 mmehia
3439 1910 3780 1967 occasionem

2179 1992 2551 2049 subministra.
2632 1992 2824 2048 Sciunt
2896 1992 3003 2049 luci
3071 1996 3177 2050 mei
3244 2004 3299 2051 et
3365 1996 3472 2051 mei
3543 2006 3777 2069 montes,

2177 2090 2230 2139 et
2302 2081 2436 2140 viva
2507 2096 2684 2154 aqua,
2776 2082 3003 2153 ipsaque
3093 2083 3151 2138 in
3233 2084 3462 2140 urbibus
3556 2089 3776 2160 templa,

2176 2179 2433 2244 quantum
2480 2169 2785 2227 evertenda
2842 2171 3114 2241 pudicitia
3172 2188 3527 2244 procuremus
3545 2176 3615 2232 2³.
3661 2178 3778 2251 Ego

2178 2274 2400 2331 quoque
2443 2257 2790 2315 homicidium
2821 2274 3208 2333 nonnunquam
3240 2263 3487 2319 macbia
3529 2264 3776 2323 elaboro.

2178 2349 2245 2405 Ut
2271 2348 2563 2420 tragadias
2590 2349 2840 2404 omittam
2867 2349 3043 2405 sciunt
3073 2350 3237 2406 hodie
3283 2352 3569 2423 venerarii,
3602 2355 3779 2413 sciunt

2178 2438 2318 2509 magi
2344 2438 2481 2509 (26),
2508 2444 2644 2508 quot
2668 2436 2720 2476 24
2753 2436 3029 2508 pellicatus
3064 2438 3305 2505 ulciscar,
3340 2451 3473 2512 quot
3515 2442 3779 2501 rivalitate

2175 2526 2460 2583 defendam
2480 2526 2618 2597 (27),
2642 2534 2775 2597 quot
2800 2528 3076 2593 custodes,
3127 2535 3258 2597 quot
3303 2527 3595 2599 delatores,
3635 2542 3773 2605 quot

2177 2616 2425 2673 conscios
2490 2615 2750 2671 auferam.
2808 2612 2976 2670 989
3026 2615 3209 2671 Sciunt
3238 2614 3399 2671 etiam
3445 2618 3771 2677 obstetrices

2180 2714 2310 2779 quot
2360 2705 2590 2761 adulteri
2643 2715 2934 2775 conceptus
2977 2704 3327 2760 trucidentur.
3385 2705 3563 2762 Etiam
3617 2711 3765 2779 apud

2177 2795 2510 2852 Christianos
2540 2810 2648 2851 non
2670 2803 2755 2851 est
2783 2793 3016 2851 moecbia
3056 2793 3172 2851 sine
3207 2794 3611 2852 nobis:-ibidem
3641 2806 3770 2853 sunt

2177 2884 2523 2951 idololatria,
2568 2884 2661 2939 ubi
2708 2882 2977 2940 immundi
3020 2882 3242 2954 spiritus
3270 2899 3356 2939 res
3405 2892 3521 2951 est;
3568 2884 3771 2941 ibidem

2178 2983 2262 3029 est
2284 2982 2338 3029 et
2359 2972 2726 3040 homicidium,
2755 2972 2849 3028 ubi
2892 2974 3080 3039 homo,
3127 2987 3254 3029 cum
3285 2971 3627 3044 inquinatur,
3666 2990 3769 3031 oc-

2168 3061 2384 3118 ciditur.
2415 3062 2605 3134 Igitur,
2636 3069 2728 3116 aut
2759 3074 2860 3115 nec
2888 3060 3023 3130 illis,
3055 3068 3147 3114 aut
3174 3059 3339 3115 etiam
3392 3060 3551 3116 nobis
3588 3063 3769 3132 pani-

2166 3152 2349 3207 tentia
2386 3148 2628 3204 subsidia
2655 3147 2997 3206 convenient.
3026 3147 3133 3204 Aut
3160 3148 3469 3206 detinemus
3506 3164 3655 3218 eam,
3676 3159 3771 3207 aut

2162 3240 2462 3311 sequimur.
2512 3239 2638 3293 Hac
2685 3238 2801 3308 ipse
2857 3253 2946 3293 res
3000 3237 3316 3310 loquuntur.
3377 3237 3436 3293 Si
3492 3253 3580 3295 res
3633 3254 3765 3298 voce

2163 3328 2439 3395 deﬁciunt,
2480 3326 2695 3382 adsistit
2759 3326 3093 3396 idololatres,
3124 3326 3334 3383 adsistit
3362 3327 3661 3398 homicida,
3706 3329 3763 3385 in

2160 3418 2345 3474 medio
2376 3431 2561 3472 eorum
2604 3414 2817 3471 adsistit
2845 3423 2899 3470 et
2926 3417 3196 3483 moechus,
3226 3415 3423 3487 pariter
3476 3418 3546 3473 de
3579 3417 3761 3489 pani-

2163 3507 2344 3565 tentiae
2367 3505 2545 3563 ofﬁcio
2576 3505 2788 3571 sedent,
2811 3504 2867 3559 in
2887 3519 3042 3561 sacco
3072 3513 3126 3560 et
3151 3504 3330 3560 cinere
3360 3505 3759 3574 inhorrescunt,

2162 3597 2359 3655 eodem
2385 3595 2514 3651 ﬂatu
2564 3592 2890 3666 gemiscunt,
2928 3592 3139 3649 eisdem
3176 3592 3432 3665 precibus
3485 3594 3756 3668 ambiunt,

1845 3735 2036 3801 Varia
2062 3743 2372 3806 lectiones.

538 3857 1028 3939 13_Periclitabitur,
1059 3871 1127 3914 ne
1156 3855 1284 3939 inde
1312 3856 1437 3939 Lat.
1469 3855 1518 3939 1f
1546 3857 1908 3939 Idololatriam
1936 3862 2096 3939 fam.
2126 3863 2303 3939 Rjten.
2331 3860 2553 3939 _0b_erth.
2588 3862 2750 3939 Leop.
2782 3857 3067 3939 19_Ubique
3094 3863 3194 3939 ills.
3226 3831 3603 3939 angl._utique
3633 3866 3756 3939 Rt'g.

467 3930 519 3971 ²ο
551 3932 847 4000 Signatam.
881 3932 958 3986 De
1007 3931 1130 3986 loco
1195 3928 1416 3986 Oberth.
1468 3930 1639 3988 Seml.
1677 3929 1725 3967 ²¹
1776 3930 1870 3987 Vis
1928 3932 2112 3994 Ciacc.
2159 3934 2209 3973 ²²
2262 3933 2564 3991 Adulamur
2616 3928 2781 3993 Pam.
2830 3928 3011 3994 Rhen'.
3076 3928 3325 3995 Oberthf
3355 3936 3407 3976 2³
3464 3928 3765 3996 Ρὲοοιιτθῖιι

468 4004 646 4061 Ciacc.
687 4002 736 4041 ²¹ι
765 4002 919 4071 Quod
955 4004 1127 4060 Fran.
1157 4004 1215 4059 et
1244 4002 1307 4056 in
1335 4016 1483 4075 seqq.

1848 4073 2349 4144 Commentarius.

462 4182 751 4242 machiam
796 4192 849 4239 et
915 4181 1326 4238 fornicationem
1380 4179 1612 4252 judicari
1657 4181 2050 4253 periclitantur.

462 4259 578 4314 Nec
607 4258 735 4312 inde
777 4262 1039 4311 conserta
1076 4256 1300 4310 obtentu
1335 4252 1677 4309 matrimonii
1710 4252 1910 4311 crimen
1940 4258 2054 4312 elu-

2160 4185 2344 4260 Itaque
2370 4185 2780 4245 convenientius
2807 4185 3288 4260 interpretabimur
3304 4201 3333 4260 _:
3379 4203 3405 4240 σ
3435 4186 3621 4246 Prima
3664 4186 3755 4247 lex

2161 4257 2479 4331 Deiprasto
2517 4267 2623 4331 est,
2661 4279 2685 4311 ι)
2716 4262 2819 4317 hoc
2854 4257 2968 4328 est,
3004 4268 3130 4315 ante
3170 4257 3352 4315 omnia
3378 4262 3614 4318 occurrit
3662 4260 3754 4320 lex

463 4310 621 4384 dant;
646 4310 954 4384 I’Xu.Sess.
978 4329 1069 4395 24,
1092 4326 1156 4382 de
1174 4341 1416 4398 sacram.
1445 4324 1688 4390 Matrim,
1709 4341 1828 4398 cap.
1848 4310 1892 4381 I.
1926 4310 2050 4383 Ilia.
2089 4310 2134 4386 Ι)
2162 4310 2437 4387 herilis.

539 4401 653 4471 (25)
672 4400 934 4471 Reliquas
952 4403 1146 4471 autem
1164 4397 1486 4471 libidinum,
1508 4399 1698 4471 furias
1715 4397 2051 4471 impias,etc.

463 4468 756 4546 Eleganter
803 4468 1258 4546 distinguit__inter
1285 4469 1504 4546 limine
1532 4468 1811 4525 Ecclesia!
1828 4470 2054 4546 sabmo-

464 4539 612 4607 veri,
633 4551 687 4597 et
724 4543 881 4597 omni
911 4539 1054 4598 tecto
1083 4541 1347 4597 Ecclesia
1375 4539 1697 4597 submovere
1721 4557 1734 4606 ;
1768 4556 1830 4595 ac
1856 4540 1904 4595 si
1928 4541 2060 4598 velit

466 4615 824 4670 fornicatores
863 4620 916 4668 et
944 4615 1215 4669 adulteros
1260 4610 1528 4666 admissos
1556 4613 1623 4665 ad
1666 4611 1823 4665 limen
1862 4614 2055 4669 Eccle-

467 4689 587 4757 sia,
620 4688 695 4741 uti
733 4700 853 4757 cap.
903 4685 1137 4757 praced.
1186 4684 1326 4757 inter
1372 4682 1690 4757 panitentes
1726 4682 2058 4757 (quanquam

466 4754 688 4830 frustra,
730 4758 777 4812 si
799 4754 1044 4830 'veniam
1099 4754 1343 4811 Ecclesia
1395 4756 1523 4809 dare
1577 4754 1945 4830 non__possit,
2000 4766 2061 4814 ut

467 4825 755 4903 perperam
808 4827 1098 4903 asseruit);
1151 4838 1207 4903 at
1260 4833 1617 4903 monstrorum
1664 4825 1883 4903 illorum
1940 4844 2059 4903 reos

468 4899 644 4973 neq—ue
676 4903 748 4956 ibi
777 4900 1060 4973 admissos,
1101 4901 1193 4973 sed
1244 4913 1470 4968 prorsus
1498 4900 1746 4954 exclusos
1782 4899 1967 4955 fuisse.
1997 4901 2061 4973 Et

471 4970 596 5029 vero
654 4974 817 5025 etiam
865 4972 988 5024 hinc
1024 4971 1374 5025 conﬁrmatur
1409 4978 1649 5026 vetustas
1696 4970 2069 5027 excommuni-

468 5043 696 5099 cationis
759 5042 1175 5115 ecclesiastica;
1231 5044 1301 5115 de
1356 5057 1465 5115 qua
1519 5057 1791 5113 supra...,
1841 5044 2066 5115 Apolog.

471 5129 595 5185 cap.
625 5117 714 5180 39,
746 5122 800 5169 et
827 5114 953 5167 alibi
996 5128 1106 5169 non
1137 5114 1304 5169 semel
1351 5131 1363 5167 :
1396 5114 1464 5168 ad
1492 5129 1655 5185 quam
1672 5114 1893 5185 iterum
1921 5116 2067 5169 allu-

471 5184 619 5241 ditur
661 5186 821 5253 infra,
871 5200 994 5257 cap.
1051 5189 1107 5257 7,
1156 5186 1263 5241 illis
1298 5186 1479 5242 verbis
1514 5184 1533 5239 ⁷;
1570 5204 1595 5236 α
1641 5184 1738 5257 70b
1774 5187 1911 5257 tale“
1938 5185 2068 5255 quid

470 5269 624 5314 extra
638 5274 857 5329 gregem
879 5255 1035 5313 datus
1052 5255 1135 5313 eSt
1165 5280 1191 5308 ι
1215 5274 1281 5313 ac
1313 5278 1339 5310 α
1362 5261 1429 5314 de
1448 5256 1689 5313 Ecclesia
1718 5255 2062 5326 eXpellitur.»

469 5332 629 5406 Plura
654 5331 776 5406 vide
804 5347 924 5406 Cap.
960 5334 1050 5406 14g
1088 5332 1226 5406 ΒΑΜ·
1315 5405 1321 5406 ί
1464 5403 1473 5406 _
1528 5400 1560 5406 _
1598 5398 1608 5406 ,
1722 5398 1737 5406 -
1840 5396 1879 5406 κ
1925 5396 1936 5406 .

540 5404 656 5474 (24)
685 5396 887 5478 Prima
903 5403 998 5459 lea:
1023 5403 1123 5457 Dei
1150 5405 1358 5472 praesto
1388 5403 1492 5478 est.
1510 5398 1702 5478 .Prima
1722 5398 1825 5478 lex"
1840 5396 1938 5451 Dei
1968 5412 2065 5478 per

466 5470 651 5529 Mosteni
697 5477 909 5542 tradita,
967 5470 1202 5528 secunda
1243 5487 1342 5542 per
1397 5470 1689 5542 Christum.
1744 5470 1892 5542 Alias
1948 5471 2064 5542 prig

466 5560 611 5598 mam
648 5561 744 5601 seu
764 5538 1167 5616 primordialem
1207 5538 1501 5616 Deilegem
1532 5538 1866 5616 inprincipio
1880 5539 2065 5616 mundi

466 5615 600 5670 Adae
627 5625 679 5671 et
713 5611 841 5675 Eva
871 5618 1049 5673 datam
1077 5615 1247 5671 fuisse
1267 5613 1358 5685 ait,
1392 5611 1488 5668 lib.
1526 5611 1789 5668 adversus
1820 5611 2059 5669 Iudaeos.

2232 4402 2348 4474 (25)
2369 4403 2584 4460 Talibus
2630 4404 2821 4461 titulis
2847 4401 3146 4474 ﬁrmandis
3173 4401 3597 4474 monendisque.
3636 4403 3749 4459 Hoc

2161 4471 2217 4546 in
2284 4471 2446 4546 opere
2504 4471 2856 4546 Septimiano'
2891 4483 3259 4546 pretentamus
3294 4472 3399 4528 iter
3453 4471 3744 4541 manibus,

2163 4544 2400 4600 destituti
2445 4544 2683 4603 veterum
2710 4544 3093 4614 exemplarium
3112 4548 3244 4600 luce.
3278 4545 3472 4615 Aptius
3499 4554 3646 4600 certe
3668 4547 3746 4604 vi-

2164 4616 2373 4673 deatur.
2403 4617 2663 4673 «Talibus
2719 4617 2884 4689 titulis
2929 4616 3208 4689 ﬁrmandis
3254 4616 3695 4689 muniendisque.
3727 4638 3749 4666 ι

2165 4689 2371 4759 Etenim
2420 4696 2560 4759 ipost
2612 4687 2770 4759 paulo
2815 4689 3141 4759 sequiturLct
3165 4688 3228 4742 Et
3257 4686 3603 4759 hancpitaqué
3634 4704 3759 4743 mu-

2167 4758 2317 4812 nivit.
2355 4778 2381 4809 ›)
2413 4757 2627 4830 Titulos
2661 4758 3015 4830 vocat,_legis_
3054 4757 3252 4812 divina
3297 4757 3761 4829 capitafeodem-

2166 4844 2270 4901 que
2286 4828 2591 4901 significatu
2616 4845 2799 4901 supra,
2823 4828 3212 4887 damnationis
3236 4829 3435 4885 titulos
3457 4829 3607 4884 dixit.
3628 4831 3759 4886 Βία.

2246 4900 2363 4969 (26)
2399 4900 2602 4973 Sciunt
2633 4900 2790 4973 hodie
2808 4902 3129 4967 venenarii,
3162 4902 3353 4956 sciunt
3372 4902 3544 4972 magi.
3568 4902 3764 4973 Magos

2176 4984 2211 5027 a
2247 4971 2547 5045 venenariis
2574 4972 2910 5045 distinguere
2938 4973 3043 5045 vix,
3062 4975 3291 5043 poteris;
3328 4987 3455 5045 nam
3475 4971 3768 5045 venenarii

2176 5057 2276 5124 seu
2298 5042 2549 5124 veneﬁci,
2572 5059 2693 5100 cum
2708 5042 2901 5124 magis,
2920 5042 3207 5109 Chaldais,
3223 5042 3592 5124 genethliacis,
3610 5047 3768 5124 thes-

2174 5115 2411 5186 salisque
2439 5115 2568 5171 olim
2603 5117 3103 5186 confundebantur,
3144 5115 3237 5185 qui
3266 5115 3401 5186 alios
3457 5116 3768 5184 pharmacis

2174 5185 2439 5258 malisque
2461 5186 2724 5242 ladebant
2749 5188 2978 5257 artibus,
3032 5185 3250 5257 suisque
3308 5185 3771 5258 incantationibus

2173 5258 2335 5314 vitam
2352 5256 2531 5313 etiam
2567 5259 2856 5331 aliquando
2892 5256 3213 5330 eripiebant.
3246 5256 3507 5331 Apuleius
3536 5256 3599 5311 in
3618 5258 3773 5331 apol.

2179 5350 2202 5377 α
2235 5331 2566 5400 Amatricem
2605 5328 2749 5400 eam,
2801 5346 2888 5385 me
2924 5328 3240 5400 magumiet
3292 5328 3595 5384 veneﬁcum
3639 5328 3759 5386 cla-

2173 5399 2412 5468 mitaret,
2461 5401 2650 5456 multis
2696 5399 3060 5457 audientibus.
3091 5420 3113 5447 ι»
3157 5399 3234 5455 Ls
3265 5400 3362 5454 Pn.

2242 5472 2354 5544 (27)
2391 5474 2535 5542 Quot
2562 5475 2883 5530 rivalitates
2911 5471 3231 5544 defendam.
3287 5471 3498 5544 Etenim
3529 5471 3773 5544 plerique

2171 5542 2464 5610 amatOres,
2483 5554 2685 5599 amatas
2724 5560 2852 5599 suas
2878 5546 2946 5597 ab
2986 5543 3242 5598 rivalibus
3269 5542 3566 5597 defendunt
3598 5542 3778 5599 homi-

2170 5616 2334 5682 cidio,
2365 5616 2623 5673 rivalibus
2652 5615 2799 5673 vario
2837 5612 3030 5671 mortis
3069 5630 3269 5687 genere
3323 5614 3605 5673 exstinctis
3639 5616 3771 5672 RIG.
