4058 6172
307 348 441 410 1041

1583 349 1779 412 LIBER
1820 349 1906 411 DE
1943 348 2292 412 PUDICITIA.

3467 350 3605 413 1042

302 475 508 531 eisdem
547 474 777 550 genibus
810 486 1056 546 exorant,
1086 477 1333 535 eamdem
1363 478 1615 535 invocant
1642 485 1887 536 matrem.
1924 491 1972 572 Α
2011 479 2115 549 Qui
2143 476 2361 535 dixerit
2405 478 2584 548 fratri
2622 491 2745 547 suo,
2776 476 2973 543 racha,
3022 492 3152 535 reus
3178 480 3290 536 erit
3334 479 3606 551 gehennae

302 563 441 633 Quid
461 564 594 639 agis,
618 566 936 623 mollissima
956 576 1009 622 et
1028 568 1412 624 humanissima
1432 566 1716 639 disciplina
1738 567 1892 639 (28)?

303 659 396 709 aut
423 654 676 709 omnibus
708 655 790 711 eis
818 656 921 713 hoc
939 672 1059 714 esse
1082 656 1343 713 debebis:
1380 657 1541 714 Beati
1567 657 1709 712 enim
1734 658 1896 729 paci-

303 743 403 814 ﬁci
456 743 674 811 (Matth.
732 760 789 809 v,
839 748 931 815 6);
979 752 1090 812 aut,
1138 746 1184 801 si
1238 762 1353 801 non
1402 746 1678 812 omnibus,
1716 754 1899 803 nostra

304 846 447 887 esse.
479 830 825 887 ldololatram
862 834 1079 904 quidem
1109 842 1161 890 et
1196 834 1524 891 homicidam
1550 836 1715 890 semel
1742 834 1898 888 dam-

304 936 404 975 nas
449 920 586 992 (29),
634 922 907 979 moechum
951 938 1079 980 vero
1124 924 1193 979 de
1239 923 1416 980 medio
1463 924 1686 995 excipis,
1729 922 1900 978 idolo-

301 1009 474 1066 latria
502 1026 887 1081 successorem,
917 1013 1202 1070 homicida
1238 1021 1657 1081 antecessorem,
1692 1012 1895 1068 utrius-

300 1115 407 1170 que
436 1098 698 1171 collegam
718 1101 747 1156 ?
781 1104 1031 1158 Persona
1078 1101 1375 1176 aeceptatio
1404 1108 1506 1170 est,
1546 1100 1899 1157 miserabilio-

298 1203 387 1244 res
412 1188 757 1260 panitentias
785 1191 1064 1260 reliquisti.

917 1280 1144 1338 CAPUT
1183 1282 1273 1339 VI.

367 1364 548 1436 Plane,
591 1367 639 1423 si
684 1368 937 1426 ostendas
984 1371 1050 1425 de
1102 1370 1297 1442 quibus
1350 1367 1661 1442 patrociniis
1714 1383 1902 1423 exem-

293 1454 534 1527 plorum,
571 1466 1080 1531 praeeptorumque
1118 1459 1440 1529 calestium,
1480 1459 1581 1514 soli
1628 1457 1893 1524 machia,

291 1550 344 1598 et
392 1544 447 1600 in
495 1560 558 1600 ea
606 1544 947 1604 fornicationi
991 1562 1230 1618 quoque,
1277 1549 1502 1617 januam
1560 1546 1893 1617 pauitantia

293 1633 589 1703 expandas,
638 1636 701 1691 ad
758 1637 900 1691 hanc
949 1637 1063 1705 jam
1119 1636 1317 1692 lineam
1376 1634 1650 1692 dimicabit
1704 1641 1891 1689 nostra

297 1722 635 1792 congressio.
667 1725 1019 1782 Prascribam
1067 1735 1242 1782 tamen
1290 1724 1387 1781 tibi
1413 1725 1643 1781 formam
1670 1738 1892 1779 necesse

300 1770 635 1792 "agn---"
670 1770 1019 1782 -...--.........
1068 1770 1242 1782 .......,..
1291 1770 1387 1781 -..μ
1414 1770 1643 1781 .-..---.--
1672 1770 1890 1779 ---ν-,ν

297 1820 402 1877 est,
434 1828 502 1867 ne
549 1814 616 1867 ad
661 1821 845 1871 vetera
888 1831 1108 1870 manum
1153 1816 1384 1879 emittas,
1419 1830 1486 1869 ne
1533 1812 1591 1868 in
1629 1822 1778 1885 terga
1809 1828 1898 1868 re-
1930 1770 1974 1847 Β

298 1900 516 1969 spicias.
559 1902 751 1959 Vetera
778 1902 922 1958 enim
970 1906 1348 1970 transierunt,
1382 1902 1674 1959 secundum
1703 1901 1893 1956 Isaiam

299 1987 483 2056 (xum,
520 1993 605 2055 18,
642 1992 752 2060 19),
783 2000 837 2047 et
868 2010 1011 2050 nova
1039 1996 1125 2050 est
1160 1996 1286 2066 jam
1330 1992 1560 2050 novatio
1600 1989 1899 2045 secundum

294 2076 586 2134 Jeremiam
615 2080 718 2151 (IV,
754 2081 843 2153 3);
877 2088 930 2137 et
967 2082 1130 2139 obliti
1153 2084 1555 2154 posteriorum,
1599 2081 1665 2136 in
1702 2080 1900 2151 priora

290 2166 666 2239 porrigimur,
700 2170 999 2224 secundum
1025 2171 1348 2239 Apostolum
1369 2170 1643 2243 (Philipp.
1667 2184 1749 2234 ιιι,
1774 2168 1894 2236 13);

297 2263 352 2311 et
381 2256 493 2311 Lex
533 2260 589 2310 et
633 2257 931 2328 Propheta
968 2275 1147 2331 usque
1173 2260 1246 2316 ad
1277 2263 1573 2323 Joannem,
1607 2256 1897 2313 secundum

295 2342 580 2399 Dominum
613 2344 838 2417 (Matth.
884 2363 966 2415 xi,
1014 2348 1105 2419 13)
1138 2366 1149 2404 :
1191 2365 1335 2413 nam,
1364 2356 1419 2404 et
1448 2347 1494 2402 si
1521 2363 1644 2403 cum
1673 2345 1901 2400 maxime

301 2446 332 2486 a
359 2431 482 2504 lege
518 2433 786 2503 capimus
814 2435 1236 2491 demonstrando
1266 2436 1574 2503 moechiam,
1614 2433 1806 2488 merito
1833 2432 1899 2486 ab

298 2535 368 2575 eo
416 2528 553 2576 statu
602 2520 764 2591 legis,
813 2539 974 2594 quem
1017 2523 1262 2579 Christus
1317 2538 1427 2579 non
1476 2520 1744 2591 dissolvit,
1806 2520 1898 2575 sed

300 2606 545 2678 implevit
589 2609 816 2680 (Matth.
866 2627 924 2678 v,
971 2612 1082 2682 17).
1123 2610 1304 2667 Onera
1351 2611 1499 2666 enim
1548 2610 1683 2682 legis
1729 2623 1900 2679 usque

298 2696 365 2749 ad
420 2697 703 2766 Joannem,
754 2714 865 2755 non
914 2700 1187 2766 remedia;
1241 2714 1470 2770 aperum
1518 2700 1650 2769 juga
1703 2698 1901 2767 rejecta

298 2792 446 2856 sunt,
477 2801 585 2841 non
630 2786 1032 2859 disciplinarum
1078 2809 1091 2846 :
1155 2789 1375 2845 libertas
1424 2789 1480 2843 in
1527 2788 1742 2843 Christo
1789 2799 1900 2841 non

300 2872 430 2930 fecit
474 2873 800 2933 innocentia
846 2877 1122 2951 injuriam.
1154 2878 1333 2934 Manet
1376 2878 1465 2934 lex
1510 2883 1619 2932 tota
1661 2874 1895 2946 pietatis,

297 2962 614 3029 sanctitatis,
673 2965 1043 3032 humanitatis,
1091 2965 1351 3035 veritatis,
1411 2963 1688 3033 castitatis,
1730 2960 1895 3031 justi-

2008 568 2221 638 (Matth.
2253 583 2312 637 v,
2342 565 2654 639 22).Quare
2674 582 2743 622 an
2762 566 2909 623 salva
2928 566 3002 621 sit
3026 568 3113 623 lex
3141 582 3251 623 non
3279 572 3602 639 moechandi,

2005 657 2094 714 cui
2148 657 2375 715 accessit
2420 673 2523 714 nec
2576 656 3014 729 concupiscendi.
3069 657 3358 724 Caterum,
3409 660 3455 715 si
3500 676 3606 732 qua

2002 746 2161 805 vobis
2189 746 2433 818 exempla
2460 746 2517 802 in
2570 746 2751 803 sinum
2799 745 3073 817 plaudent,
3115 761 3227 802 non
3265 758 3606 819 opponentur

2004 835 2131 892 huic
2161 852 2327 908 quam
2355 835 2697 892 defendimus
2726 834 3052 907 disciplina.
3084 836 3307 892 Frustra
3334 837 3479 894 enim
3515 838 3603 893 lex

2007 933 2373 997 suprastructa
2432 933 2534 991 est,
2585 925 2828 997 origines
2880 940 3095 997 quoque
3151 926 3496 993 delictorum,
3548 927 3603 981 id

2005 1023 2090 1072 est
2134 1015 2599 1086 concupiscentias
2635 1024 2688 1071 et
2717 1015 3048 1086 voluntates,
3077 1030 3189 1071 non
3234 1015 3412 1071 minus
3441 1032 3600 1088 quam

2003 1104 2145 1160 facta
2188 1104 2578 1172 eondemnans,
2622 1104 2669 1158 si
2714 1102 2836 1159 ideo
2883 1104 3048 1159 hodie
3091 1104 3415 1161 concedetur
3462 1120 3602 1160 ma-

2003 1194 2139 1249 chia
2164 1195 2346 1261 venia,
2378 1195 2503 1267 quia
2550 1203 2603 1251 et
2649 1194 2938 1266 aliquando
2984 1197 3033 1234 ²⁵
3070 1210 3331 1253 concessa
3358 1203 3459 1251 est.
3492 1195 3600 1250 Cur

2004 1282 2367 1340 emolumento
2421 1285 2585 1339 hodie
2651 1284 2892 1354 pleniore
2958 1284 3241 1355 disciplina
3295 1293 3593 1349 coercetur,

2003 1371 2107 1425 nisi
2136 1380 2196 1427 ut
2236 1373 2443 1441 majore
2493 1373 2733 1428 forsitam
2771 1373 3036 1430 lenocinio
3077 1383 3168 1429 tuo
3206 1374 3595 1446 indulgeatur?

2003 1459 2165 1514 Dabis
2205 1475 2338 1533 ergo
2366 1469 2418 1517 et
2446 1461 2767 1518 idololatriae
2797 1470 2852 1517 et
2889 1462 3035 1518 omni
3067 1469 3325 1533 apostata
3365 1464 3593 1527 veniam,

2000 1546 2125 1617 quia
2154 1555 2207 1601 et
2235 1550 2498 1618 populum
2546 1549 2725 1620 ipsum
2774 1550 2970 1605 totiens
3007 1566 3156 1606 reum
3192 1550 3308 1621 (30)
3348 1551 3594 1614 istorum,

2001 1632 2196 1689 totiens
2224 1634 2532 1691 invenimus
2559 1645 2703 1692 retro
2734 1638 3035 1693 restitutum
3064 1638 3274 1709 (Judzc.
3305 1654 3367 1693 ιιι
3393 1636 3596 1711 seqq.).

2001 1721 2435 1780 Communicabis
2464 1732 2519 1779 et
2554 1724 2875 1792 homicida;
2918 1727 3042 1798 quia
3080 1734 3134 1783 et
3173 1727 3437 1783 Nabotha
3466 1741 3598 1780 san-

2004 1811 2221 1881 guinem
2269 1813 2454 1871 Achab
2501 1813 2882 1885 deprecatione
2926 1814 3127 1872 delevit
3166 1816 3269 1883 (IlI
3304 1818 3431 1886 Reg.
3473 1830 3599 1881 xxx,

2005 1901 2129 1970 29);
2170 1900 2340 1957 David
2390 1901 2535 1959 Uria
2579 1902 2806 1967 eadem,
2859 1910 2967 1957 tum
3016 1918 3264 1959 caussam
3314 1903 3434 1971 ejus
3468 1918 3601 1957 ma-

2006 1988 2185 2043 chiam
2212 1989 2264 2027 ³6
2288 1990 2624 2047 confessione
2663 1991 2914 2065 purgavit
2942 1990 3021 2063 (II
3044 1993 3172 2063 Reg.
3204 2006 3306 2057 xu,
3343 1990 3454 2061 13).
3484 1991 3602 2045 Jam

2004 2083 2057 2130 et
2083 2076 2288 2134 incesta
2320 2078 2567 2147 donabis,
2600 2088 2824 2152 propter
2861 2079 2964 2134 Lot
3013 2079 3173 2150 (Gen.
3211 2094 3339 2145 xxx,
3371 2080 3598 2149 33,35);

2007 2172 2061 2219 et
2098 2163 2479 2223 fornicationes
2513 2184 2635 2224 cum
2663 2168 2890 2239 incesto,
2920 2176 3142 2240 prOptcr
3184 2167 3380 2224 Judam
3436 2166 3598 2239 (Gen.

2004 2268 2250 2320 xxxvm,
2313 2256 2486 2325 18),et
2539 2264 2728 2326 turpes
2793 2256 2860 2311 de
2911 2254 3290 2328 prostitutione
3363 2255 3596 2329 nuptias,

2006 2351 2230 2412 propter
2266 2341 2407 2398 Osee
2435 2343 2496 2414 (ι,
2538 2346 2590 2410 2,
2621 2344 2698 2414 3),
2732 2352 2785 2400 et
2831 2360 2940 2401 non
2969 2352 3174 2401 tantum
3216 2345 3598 2418 frequentatae,

2010 2445 2201 2484 verum
2240 2438 2296 2486 et
2326 2431 2490 2487 semel
2513 2431 2696 2500 plures
2734 2440 2961 2505 prepter
2987 2441 3166 2503 patres
3190 2442 3405 2488 nostros
3443 2434 3600 2502 (Gen.

2006 2533 2131 2586 xvr,
2165 2522 2215 2585 3,
2247 2520 2311 2587 ις
2343 2535 2509 2585 xxrx,
2540 2520 2705 2592 xxx).
2736 2520 2933 2592 Utique
2962 2520 3106 2575 enim
3129 2520 3353 2591 dignum
3375 2528 3459 2576 est
3477 2536 3603 2592 per-

2006 2606 2209 2678 aquari
2266 2622 2411 2663 nunc
2463 2623 2682 2680 quoque
2739 2608 2965 2678 gratiam
3024 2607 3167 2665 circa
3219 2608 3405 2665 omnia
3456 2618 3601 2665 retro

2004 2693 2230 2761 indulta,
2262 2695 2309 2750 si
2345 2699 2413 2753 de
2443 2697 2668 2766 pristino
2715 2697 2899 2768 aliquo
2954 2699 3197 2768 exemplo
3243 2699 3401 2755 venia
3457 2715 3600 2754 ma-

2003 2786 2140 2841 chia
2167 2784 2490 2843 vindicatur.
2533 2785 2805 2841 Habemus
2849 2786 3068 2858 quidem
3108 2793 3162 2841 et
3213 2802 3315 2843 nos
3352 2787 3601 2857 ejusdem

2006 2873 2313 2930 vestustatis
2331 2874 2578 2946 exempla
2614 2890 2714 2946 pro
2742 2874 3010 2932 sententia
3038 2884 3240 2944 nostra,
3274 2890 3383 2930 non
3437 2875 3601 2932 modo

2005 2978 2115 3018 non
2145 2962 2358 3032 indulti,
2407 2980 2591 3020 verum
2639 2964 2803 3020 etiam
2861 2964 3237 3035 reprasentati
3279 2962 3452 3033 judici
3479 2964 3599 3036 (31)

296 3051 409 3122 tia,
441 3053 847 3123 misericordia,
896 3054 1311 3121 benevolentia,
1358 3052 1653 3125 pudicitia.
1695 3052 1758 3106 In
1795 3068 1901 3123 qua
1929 3043 1973 3122 ο
2002 3050 2411 3107 fornicationnis
2445 3051 2604 3116 (Gen.
2644 3068 2769 3121 xix,
2800 3055 2891 3121 24,
2922 3053 3036 3123 28).
3080 3053 3148 3107 Et
3179 3052 3362 3125 utique
3402 3051 3602 3109 sufﬁcit

288 3138 417 3214 lege
437 3141 630 3199 beatus
650 3145 740 3199 vir
758 3146 857 3217 qui
875 3142 1248 3202 meditabitur
1274 3144 1367 3200 die
1393 3160 1461 3200 ac
1478 3146 1610 3200 note
1643 3142 1818 3211 (Psal.
1849 3157 1889 3209 ι,

294 3228 371 3299 1).
405 3230 486 3285 De
514 3247 622 3302 qua
650 3231 792 3287 idem
820 3231 990 3288 David
1020 3248 1207 3288 rursus
1236 3252 1250 3290 :
1286 3235 1399 3290 Lex
1426 3232 1655 3289 Domini
1680 3232 1892 3287 invitu-

286 3317 578 3388 perabilis,
607 3324 936 3378 convertens
961 3323 1215 3389 animos;
1237 3323 1381 3392 jura
1402 3319 1627 3377 Domini
1652 3319 1889 3384 directa,

289 3406 639 3465 oblectantia
657 3409 854 3477 corda;
872 3414 1223 3482 praeceptum
1244 3409 1473 3467 Domini
1494 3411 1655 3481 longe
1676 3410 1889 3478 lucens,

290 3496 637 3553 illuminans
681 3499 870 3555 oculos
917 3498 1091 3565 (Psal.
1140 3512 1304 3564 xvm,
1336 3501 1368 3551 8
1403 3505 1457 3553 et
1493 3495 1695 3568 seqq.).
1726 3495 1814 3551 Sic
1841 3501 1894 3550 et

290 3584 590 3655 Apostolus
620 3602 632 3642 :
660 3586 851 3659 Itaque
874 3587 969 3643 lex
987 3585 1215 3659 quidem
1243 3589 1445 3644 sancta
1467 3589 1571 3651 est,
1593 3589 1651 3641 et
1673 3600 1891 3657 praece-

288 3676 462 3744 ptum
491 3677 757 3729 sanctum
796 3678 851 3731 et
888 3676 1166 3746 optimum
1192 3673 1371 3746 (Rom.
1403 3688 1566 3737 xvm,
1598 3668 1894 3743 t2),990

291 3758 635 3831 utique,Non
662 3760 1031 3818 machaberis
1068 3761 1268 3833 (Exod.
1302 3777 1405 3827 xx,
1440 3759 1551 3831 14).
1582 3758 1691 3815 Sed
1720 3768 1774 3813 et
1799 3774 1890 3813 su-

293 3863 420 3919 pra,
448 3850 646 3921 Legem
679 3863 809 3921 ergo
838 3866 1173 3907 evacuamus
1199 3866 1301 3922 per
1327 3850 1495 3918 ﬁdem
1515 3846 1544 3904 ?
1572 3846 1727 3906 Absit
1748 3846 1769 3901 !
1796 3848 1892 3905 sed

295 3937 473 4011 legem
499 3940 757 3998 sistimus
785 3937 967 4012 (Rom.
1000 3954 1080 4007 ιιι,
1114 3939 1226 4011 31),
1249 3938 1454 3995 scilicet
1483 3938 1537 3992 in
1564 3937 1651 3992 his
1687 3952 1807 4008 qua
1835 3945 1890 3991 et

287 4040 439 4080 nunc
465 4040 610 4082 novo
649 4026 997 4082 Testamento
1034 4026 1318 4083 interdicta
1346 4025 1507 4081 etiam
1535 4022 1891 4080 cumulatiore

286 4123 568 4187 praecepto
609 4115 981 4186 prohibentur.
1013 4116 1118 4171 Pro
1164 4116 1285 4172 Non
1329 4112 1691 4170 mxchaberis
1729 4130 1747 4166 :
1785 4113 1890 4180 Qui

283 4202 495 4260 viderit
523 4204 597 4259 ad
631 4205 1171 4276 concupiscentiam,
1195 4206 1324 4275 jam
1362 4201 1674 4258 moechatus
1712 4203 1798 4255 est
1826 4201 1891 4256 in

286 4290 454 4347 corde
479 4308 580 4348 suo
609 4291 835 4361 (Matth.
865 4307 923 4361 v,
955 4294 1042 4360 21,
1074 4292 1198 4362 28);
1231 4297 1284 4348 et
1320 4304 1420 4364 pro
1450 4290 1574 4346 Non
1613 4286 1828 4344 occides
1869 4304 1888 4341 :

2000 3144 2209 3194 tantum
2266 3155 2549 3196 numerum
2606 3140 2794 3213 viginti
2848 3147 3077 3212 quatuor
3132 3139 3360 3196 millium
3414 3143 3601 3213 p0puli

2001 3227 2320 3285 fornicantis
2350 3230 2401 3284 in
2433 3229 2571 3288 tilias
2615 3230 2774 3286 Moab
2826 3246 2936 3286 una
2962 3230 3121 3302 plaga
3172 3230 3346 3285 ruisse
3403 3229 3597 3300 (Num.

2000 3332 2141 3383 xxv,
2177 3321 2203 3371 1
2235 3319 2433 3391 seqq.).
2463 3318 2568 3375 Sed
2597 3319 2737 3374 malo
2759 3318 2813 3373 in
2843 3318 3073 3392 gloriam
3102 3317 3301 3374 Christi
3327 3334 3359 3375 a
3387 3318 3600 3375 Christo

2006 3403 2280 3461 deducere
2336 3404 2701 3477 disciplinam.
2748 3405 3044 3462 Habuerint
3094 3405 3324 3476 pristina
3385 3414 3599 3478 tempo-

2001 3508 2059 3549 ra
2125 3494 2234 3564 (32)
2299 3494 2478 3550 omnis
2533 3495 2898 3567 impudicitia,
2959 3495 3006 3549 si
3076 3494 3264 3551 volunt
3334 3495 3596 3567 Psychici,

1999 3581 2175 3637 etiam-
2200 3588 2561 3652 potestatem;
2594 3584 2783 3640 luserit
2809 3592 2934 3639 ante
2988 3583 3272 3640 Christum
3301 3596 3448 3648 caro,
3486 3582 3597 3640 imo

2000 3669 2220 3739 perierit
2250 3678 2540 3742 antequam
2570 3687 2601 3726 a
2630 3670 2861 3727 Domino
2890 3686 2989 3727 suo
3016 3669 3276 3742 requisita
3306 3677 3418 3737 est;
3455 3685 3595 3727 non-

2003 3756 2132 3813 dum
2162 3766 2281 3814 erat
2310 3758 2477 3831 digna
2506 3759 2650 3816 dono
2704 3758 2909 3827 salutis,
2942 3760 3187 3815 nondum
3244 3766 3370 3829 apta
3415 3757 3597 3815 ofﬁcio

2000 3846 2315 3903 sanctitatis.
2345 3846 2539 3903 Adhuc
2583 3847 2641 3902 in
2686 3847 2867 3904 Adam
2918 3847 3281 3917 deputabatur
3325 3862 3446 3902 cum
3495 3862 3597 3903 suo

1998 3936 2151 4000 vitio,
2181 3936 2337 3994 facile
2373 3938 2517 4010 quod
2562 3939 2868 4009 speciosum
2917 3938 3129 3995 viderat
3178 3937 3594 4009 concupiscens,

1998 4030 2054 4078 et
2099 4023 2171 4079 ad
2200 4023 2457 4081 inferiora
2484 4026 2804 4098 respiciens,
2836 4033 2890 4083 et
2914 4026 2982 4082 de
3002 4025 3246 4082 ﬁculneis
3292 4025 3436 4081 foliis
3465 4040 3596 4095 pru-

1999 4111 2230 4181 riginem
2292 4112 2457 4170 99I
2523 4115 2783 4171 retinens.
2838 4114 3145 4170 Inharebat
3204 4129 3595 4185 usquequaque

1996 4198 2234 4255 libidinis
2262 4200 2431 4273 virus,
2471 4211 2527 4259 et
2555 4204 2715 4273 jacta
2745 4204 2793 4242 2⁷
2833 4204 3020 4259 sordes
3057 4217 3167 4258 non
3221 4201 3366 4255 ablui
3393 4202 3443 4238 2⁸
3470 4201 3592 4257 ido-

1997 4301 2111 4342 nea
2139 4287 2276 4360 (33),
2307 4289 2451 4359 quod
2480 4306 2577 4346 nec
2605 4290 2740 4363 ipsa
2767 4289 2944 4348 adhuc
2988 4304 3143 4361 aqua
3192 4288 3456 4345 laverant.
3518 4286 3594 4344 At

1649 4397 1843 4460 Varia
1910 4398 2222 4461 lectiones.

358 4507 413 4547 ³⁵
441 4506 633 4592 Aliqua
662 4505 1376 4592 Pam.‘Rhen._0berth.'35
1401 4505 1540 4562 Cum
1576 4519 1739 4592 causa
1786 4502 1910 4572 ejus
1949 4504 2179 4561 machia
2206 4505 2381 4566 Rhea.
2422 4508 2583 4565 Pam.
2617 4506 2837 4567 Oberth.
2871 4510 3031 4581 Leop.
3058 4507 3106 4546 τι
3145 4506 3322 4562 Laeta
3361 4505 3591 4577 (lactea)

283 4580 450 4638 Pam.
483 4576 719 4652 aliique.
754 4581 804 4619 2⁸
831 4581 954 4637 Νοιι
981 4581 1245 4637 habentes
1285 4580 1467 4637 Wouw
1493 4576 1612 4637 cod.

1687 4673 2187 4738 Commentarios.

359 4784 478 4855 (28)
509 4785 650 4858 Quid
677 4786 798 4858 agis
824 4785 1257 4858 mollissimaet
1274 4782 1691 4858 humanissima
1720 4778 1884 4836 disci-

280 4853 472 4930 plina.
502 4855 591 4930 Sic
641 4853 768 4912 alihi
814 4855 963 4930 dicit,
1003 4875 1029 4908 α
1081 4853 1703 4930 laxissima‘discipliua
1734 4867 1881 4930 cam-

280 4920 443 4999 pum.
477 4944 503 4975 ι
541 4927 607 4981 Ut
642 4928 912 4999 contrario
951 4920 1116 4982 sensu
1159 4926 1495 4999 Augustinus
1532 4920 1625 4980 lib.
1659 4925 1725 4981 de
1754 4920 1887 4999 fide

279 4995 341 5055 et
369 4998 626 5070 operibus
657 5018 675 5055 :
716 4998 1026 5070 Antiquam
1063 5002 1121 5056 et
1158 4995 1451 5070 robustum
1487 5011 1722 5070 morem.
1754 4995 1883 5070 ltro.

358 5065 475 5139 (29)
491 5070 853 5126 Idololatram
864 5065 1096 5141 quidem
1115 5072 1172 5127 et
1190 5068 1531 5141 homicidam
1550 5066 1717 5124 semel
1736 5065 1890 5120 dam-

275 5140 579 5213 nasslpse
620 5141 761 5213 infra
800 5157 812 5194 :
865 5139 1127 5213 (Neque,
1155 5139 1500 5207 idololatria,
1532 5153 1710 5213 neque
1743 5152 1885 5213 _san-

279 5211 441 5283 guini
475 5209 573 5282 pax
613 5212 681 5267 ab
712 5210 966 5283 Ecclesiis
1003 5209 1266 5269 redditur.
1296 5213 1421 5267 Rm.
1452 5240 1525 5251 —
1554 5209 1884 5283 Hiccalum-

282 5280 689 5340 niatur'auctor
743 5282 815 5353 in,
856 5283 1207 5348 orthodoxos,
1262 5292 1512 5353 tanquam
1558 5282 1602 5335 si
1650 5280 1882 5353 idolola-

285 5362 432 5477 trarp
464 5361 540 5479 xet
583 5352 910 5411 homicidam
954 5355 1022 5411 ad
1070 5352 1441 5428 paenitentiam
1483 5366 1593 5407 non
1642 5352 1885 5407 admitte-

285 5439 392 5479 ren
422 5464 435 5477 .
507 5440 608 5479 Αιί.

281 5430 435 5481 rent.
466 5430 608 5481 ΡΑιι.

362 5495 477 5568 (30)
512 5499 790 5576 Populum
820 5500 1008 5572 ipsum
1036 5494 1744 5576 totienar'eumhetctUtut
1771 5493 1886 5576 elu-

278 5565 418 5623 dere
456 5565 673 5626 nitatur
727 5565 932 5636 auctor,
981 5577 1123 5626 certe
1150 5577 1205 5624 et
1252 5565 1337 5622 his
1364 5565 1499 5637 ipsis
1544 5570 1765 5637 utuntur
1809 5566 1878 5637 B.

279 5639 613 5710 Cyprianus,
658 5642 721 5699 B.
773 5640 1038 5698 Pacianus
1078 5648 1134 5698 et
1169 5639 1225 5696 Β.
1264 5636 1530 5696 Hieron...
1578 5636 1656 5693 uti
1704 5636 1881 5710 poeni-

1995 4779 2213 4856 tentiam
2249 4783 2490 4839 omnium
2550 4789 2884 4856 peccatorum
2940 4779 3286 4856 quantumvis
3339 4777 3587 4856 gravium

1993 4849 2313 4909 conﬁrment
2366 4849 2623 4911 adversus
2675 4849 3027 4921 Novatianos;
3097 4859 3152 4907 et
3205 4849 3583 4923 ipse—Auctor

1991 4937 2208 4998 quoque
2258 4926 2524 4998 exemplis
2551 4928 2737 4983 Achab
2766 4937 2819 4983 et
2865 4924 3054 4993 David,
3101 4924 3197 4982 lib.
3238 4939 3269 4979 v
3314 4922 3580 4978 adversus

1994 4996 2350 5067 Marcionem,
2383 4996 2500 5067 cap.
2536 5002 2594 5053 11
2634 4999 2772 5055 Pan.

2062 5066 2178 5137 (31)
2199 5066 2605 5141 Reprxsentati
2622 5069 2853 5141 judicii.
2874 5068 3153 5139 Accipitur
3171 5067 3259 5122 hic
3275 5071 3588 5141 reprwsent

1991 5141 2083 5213 ati
2108 5140 2309 5213 proud
2344 5140 2719 5213 praesentiam
2748 5141 3003 5198 adducti.
3040 5141 3181 5195 ΡΑιι.

2063 5211 2183 5285 (32)
2204 5209 2509 5285 Habuerint
2534 5215 2785 5285 pristina
2827 5218 3101 5285 tempora,
3149 5219 3248 5267 etc.
3295 5211 3471 5267 Etiam
3501 5209 3588 5265 hic

1992 5283 2327 5338 orthodoxos
2356 5282 2730 5339 calumniatur.
2765 5286 2904 5340 PAM.

2064 5355 2178 5440 (i3)
2220 5355 2532 5440 ιηιξιενεὺαί
2572 5371 2967 5440 assuetan
3020 5353 3284 5440 libidine.
3324 5353 3585 5440 ιεξψξρξξ

1979 5420 2167 5495 jacta!
2190 5426 2375 5483 sordes
2408 5444 2524 5483 non
2552 5420 2709 5485 ablui
2746 5420 2981 5484 idoneae.
3020 5427 3095 5481 De
3133 5424 3315 5495 fractis
3346 5420 3586 5495 ﬁculneis

1992 5496 2132 5551 foliis
2158 5498 2367 5555 exsistit
2394 5499 2548 5571 quasi
2572 5570 2577 5571 γ
2604 5515 2846 5558 venerea
2866 5570 2872 5571 ί
2896 5495 3191 5571 pruriginis
3248 5493 3453 5571 virus._
3473 5492 3585 5544 Hac

1991 5583 2117 5624 vero
2152 5564 2450 5650 prurigine,
2505 5564 2981 5650 primoshomities
3004 5564 3583 5650 AdamumatdEvam

1989 5641 2256 5699 exarsisse
2288 5641 2466 5700 innuit
2507 5641 2813 5713 Septimius,
2864 5641 3042 5696 statim
3069 5643 3232 5709 atque
3269 5641 3583 5705 impermis-
