4062 6178
496 363 634 426 1043

488 578 706 652 quidem
744 577 1071 653 resignatam
1106 578 1241 649 (34),
1271 585 1325 635 et
1369 579 1562 638 Sermo
1606 596 1735 637 caro
1780 583 1975 651 factus
2013 589 2096 642 est

487 668 674 735 (Joan.
718 684 757 735 ι,
812 670 916 739 14),
950 685 1018 725 ne
1063 668 1267 740 nuptiis
1314 669 1535 742 quidem
1586 671 1939 744 resignanda;
1976 689 2098 745 qua

491 762 557 816 ad
606 760 835 832 lignum,
867 773 976 814 non
1025 758 1446 827 incontinentiae,
1476 759 1573 815 sed
1612 759 1908 817 tolerantia
1938 777 2098 818 acce-

492 851 669 917 deret;
703 865 823 921 qua
851 864 960 904 non
992 848 1150 905 dulce
1179 849 1405 921 aliquid,
1429 850 1527 906 sed
1554 865 1797 906 amarum
1826 851 2026 923 aliquid
2048 851 2097 890 29

492 940 620 996 inde
646 946 914 1011 gustaret;
946 954 1067 1009 qua
1114 953 1225 995 non
1268 939 1335 993 ad
1383 938 1608 1006 inferos,
1643 940 1737 995 sed
1784 940 1851 997 ad
1896 941 2095 999 calum

489 1028 811 1101 pertineret;
861 1042 982 1100 qua
1032 1042 1141 1085 non
1189 1026 1422 1086 lascivia
1470 1027 1775 1097 frondibus,
1825 1031 1920 1087 sed
1966 1047 2097 1087 san-

493 1119 765 1176 ctimonia
810 1116 1038 1174 ﬂoribus
1090 1118 1557 1193 pracingeretur;
1625 1137 1745 1192 qua
1802 1120 2097 1178 munditias

492 1226 620 1267 suas
665 1208 821 1280 aquis
864 1208 1103 1265 traderet
1145 1207 1283 1281 (35),
1334 1208 1526 1265 exinde
1567 1225 1694 1266 caro
1741 1226 2098 1282 quacumque

495 1298 553 1354 in
583 1298 796 1354 Christo
826 1298 1059 1369 reliquas
1105 1296 1296 1353 sordes
1340 1296 1597 1367 pristinas
1647 1298 1823 1363 solvit,
1857 1301 1960 1354 alia
1985 1301 2098 1369 jam

495 1403 584 1443 res
629 1394 730 1456 est,
779 1402 917 1443 nova
967 1386 1200 1457 emergit
1241 1385 1378 1455 jam,
1422 1400 1533 1441 non
1583 1401 1650 1442 ex
1697 1386 1919 1441 seminis
1966 1386 2093 1456 imo,

494 1492 607 1533 non
655 1491 727 1532 ex
774 1475 1226 1546 concupiscentia
1271 1474 1420 1544 ﬁmo,
1463 1474 1557 1531 sed
1588 1492 1653 1532 ex
1694 1492 1833 1548 aqua
1881 1492 2017 1547 pura
2046 1483 2099 1532 et

497 1564 693 1636 spiritu
723 1564 950 1620 mundo.
982 1564 1125 1633 Quid
1170 1564 1349 1636 itaque
1380 1566 1523 1620 illam
1560 1565 1629 1619 de
1668 1564 1896 1636 pristino
1934 1579 2099 1621 excu-

497 1668 587 1709 sas
606 1654 636 1709 Ἰ
660 1653 782 1710 Νοιι
812 1670 1014 1726 corpus
1051 1652 1264 1710 Christi
1291 1655 1423 1723 (36),
1448 1668 1557 1708 non
1584 1654 1834 1709 membra
1862 1654 2093 1723 Christi,

496 1758 608 1800 non
639 1746 915 1817 templum
945 1744 1044 1800 Dei
1074 1743 1367 1799 vocabatur
1390 1743 1439 1811 (I
1470 1744 1591 1799 Cor.
1622 1758 1726 1809 xu,
1760 1745 1860 1811 27;
1892 1759 1971 1809 γι,
2003 1747 2093 1811 15,

499 1835 598 1898 19ς
643 1834 699 1889 II
740 1834 863 1889 Cor.
913 1845 991 1897 v1,
1045 1832 1153 1901 16),
1206 1847 1329 1886 cum
1373 1831 1581 1886 veniam
1622 1830 1863 1887 moechiae
1911 1846 2099 1889 conse-

1172 357 1680 423 TERTULLIANUM
1716 344 1986 426 OPERUM
2021 364 2194 430 PARS
2228 364 2296 429 ιι.
2334 397 2404 410 -
2433 362 2664 426 SERIES
2698 363 2766 434 ιι,
2807 362 3131 425 uomuit.

488 490 579 545 ubi
661 500 841 543 sermo
885 484 989 542 Dei
1053 484 1334 544 descendit
1382 485 1441 542 in
1496 500 1732 557 carnem,
1780 506 1849 546 ne
1900 491 2101 564 nuptiis

3664 370 3813 435 1044

2214 500 2420 561 cantur,
2452 493 2508 549 id
2537 501 2620 550 est
2646 487 2823 549 992
2868 491 2936 547 ad
2983 506 3052 547 ea
3078 506 3203 564 qua
3239 502 3560 565 provocant.
3598 498 3814 557 Provo-

2206 585 2382 654 cabat,
2412 591 2471 640 ut
2498 581 2713 656 Opinor,
2743 580 2891 653 quod
2929 580 3191 637 Pharisai
3230 581 3554 653 publicanos
3596 595 3653 643 et
3681 605 3813 660 pec-

2204 682 2413 731 catores
2457 670 2699 728 ethnicos
2745 670 3465 740 admittentemDominum,
3497 681 3552 730 et
3588 690 3712 732 cum
3740 677 3813 733 il-

2205 763 2271 819 lis
2316 763 2383 817 de
2427 761 2571 818 victu
2617 760 3101 817 communicantem
3144 760 3403 835 indignati
3450 764 3818 824 mussitabant

2205 850 2428 923 (Matth.
2458 865 2542 916 ιιι,
2575 848 2688 919 11).
2732 848 2817 905 Ad
2862 849 2967 904 hoc
3010 847 3277 907 Dominus
3322 852 3544 923 pecudis
3589 855 3816 925 perdita

2204 939 2596 996 restitutionem
2625 936 2712 994 cui
2759 936 2849 992 alii
2894 936 3268 1012 conﬁgurasse
3297 942 3603 999 credendus
3630 944 3682 984 ³ο
3706 953 3813 1013 est,

2204 1046 2371 1103 quam
2424 1027 2637 1084 ethnico
2682 1025 2912 1098 perdito,
2958 1027 3024 1083 de
3081 1044 3192 1101 quo
3236 1030 3538 1103 agebatur;
3582 1048 3697 1089 non
3744 1035 3815 1093 de

2204 1118 2531 1187 Christiano,
2558 1115 2650 1188 qui
2694 1116 2871 1172 adhuc
2898 1131 3059 1172 nemo
3080 1117 3111 1173 τ
3138 1126 3231 1174 aut
3266 1120 3424 1191 quale
3462 1128 3569 1194 est,
3604 1131 3665 1180 ut
3700 1124 3814 1182 Do-

2202 1209 2383 1266 minus
2426 1206 2582 1279 quasi
2625 1203 2903 1262 cavillator
2944 1207 3337 1280 responsionis,
3383 1209 3585 1267 omissa
3629 1213 3813 1284 specie

2206 1295 2457 1372 praesenti
2484 1310 2646 1367 quam
2695 1302 3038 1367 repercutere
3076 1295 3315 1368 deberet,
3346 1297 3414 1354 de
3449 1297 3632 1355 futura
3656 1300 3808 1358 labo-

2205 1387 2330 1442 ret?
2375 1382 2485 1440 Sed
2529 1382 2643 1441 ovis
2687 1384 2907 1456 prOprie
2953 1382 3305 1456 Christianus,
3336 1392 3389 1441 et
3433 1402 3564 1460 grex
3588 1389 3805 1446 Domini

2204 1474 2457 1530 Ecclesiae
2495 1472 2750 1545 populus,
2781 1480 2836 1529 et
2881 1481 3067 1544 pastor
3108 1474 3286 1530 bonus
3334 1475 3577 1532 Christus
3616 1478 3802 1549 (Joan.

2202 1578 2263 1629 ιι,
2297 1565 2384 1628 11,
2418 1564 2485 1619 14
2515 1562 2693 1635 seqq.)
2721 1578 2736 1617 :
2770 1568 2826 1617 et
2870 1560 2996 1619 ideo
3041 1562 3380 1620 Christianus
3422 1563 3479 1621 in
3506 1580 3607 1623 ove
3636 1564 3685 1606 31
3715 1567 3805 1623 in-

2204 1650 2525 1722 telligendus
2581 1650 2649 1719 32,
2708 1648 2801 1722 qui
2858 1650 2924 1705 ab
2977 1650 3244 1708 Ecclesia
3302 1666 3473 1725 grege
3529 1655 3806 1712 erraverit.

2202 1740 2345 1815 Ergo
2371 1740 2502 1795 nihil
2551 1739 2619 1794 ad
2665 1738 3059 1795 Pharisaeorum
3097 1739 3533 1799 mussitationem
3568 1760 3804 1816 respon-

2203 1828 2349 1886 disse
2382 1827 2466 1886 vis
2501 1826 2816 1893 Dominum,
2850 1826 2947 1883 sed
2992 1826 3061 1884 ad
3112 1834 3261 1886 tuam
3303 1833 3802 1904 prasumptionem.

499 1920 783 1991 quebatur.
814 1920 1020 1990 Itaque,
1061 1919 1105 1974 si
1135 1918 1329 1974 exinde
1368 1935 1477 1991 quo
1521 1927 1717 1976 statum
1746 1920 1928 1987 vertit,
1960 1928 2015 1979 et
2041 1921 2097 1976 in
2130 1920 2173 1995 Β
2203 1918 2270 1973 Ει
2314 1925 2495 1974 tamen
2538 1916 2612 1972 ita
2668 1931 2788 1971 eam
2842 1915 3116 1974 vindicare
3162 1918 3387 1975 debebis
3424 1928 3483 1976 ut
3536 1936 3704 1995 neges
3750 1924 3808 1978 in

499 2008 768 2064 Christum
802 2007 963 2064 tincta
1010 2008 1184 2063 induit
1229 2009 1501 2065 Christum
1532 2009 1746 2080 (Galat.
1780 2026 1863 2076 Ill,
1897 2010 2007 2083 27),
2043 2019 2097 2067 et

499 2111 698 2168 magno
744 2096 1026 2169 redempta
1056 2104 1138 2151 est
1171 2098 1224 2169 (Ι
1266 2100 1388 2156 Cor.
1421 2114 1502 2165 vr,
1544 2100 1660 2166 20),
1694 2099 1954 2172 sanguine
1985 2099 2095 2155 sci-

500 2184 628 2241 licet
657 2184 867 2242 Domini
895 2193 947 2241 et
993 2185 1135 2259 Agni
1184 2188 1241 2257 (Ι
1273 2190 1429 2244 Petr.
1481 2204 1521 2252 ι,
1554 2189 1667 2257 19),
1701 2196 1852 2243 tenes
1879 2188 2096 2260 aliquod

500 2273 833 2345 exemplum,
865 2276 976 2332 sive
1010 2282 1363 2347 praeceptum,
1396 2277 1510 2331 sive
1540 2275 1787 2341 formam,
1820 2274 1934 2333 sive
1965 2292 2095 2333 sen-

502 2363 723 2418 tentiam
771 2362 993 2418 indulta
1042 2364 1153 2420 sive
1208 2363 1552 2438 indulgenda
1602 2363 1971 2420 fornicationis
2015 2372 2097 2421 at-

502 2466 611 2524 que
641 2451 905 2520 moechia,
936 2453 1102 2507 babes
1147 2451 1309 2507 etiam
1350 2450 1611 2524 temporis
1650 2469 1682 2509 a
1719 2452 1876 2510 nobis
1904 2452 2101 2510 deﬁni-

505 2539 731 2612 tionem,
763 2556 828 2595 ex
857 2554 965 2611 quo
988 2539 1277 2611 deputetur
1305 2548 1435 2595 atas
1464 2540 1799 2613 quastionis.

1119 2680 1342 2738 CAPUT
1380 2682 1494 2738 VII.

578 2805 627 2863 Α
658 2806 928 2879 parabolis
973 2805 1157 2863 licebit
1194 2804 1439 2876 incipias,
1472 2807 1567 2862 ubi
1610 2815 1693 2863 est
1734 2809 1853 2865 ovis
1881 2809 2093 2881 perdita

501 2911 533 2950 τι
561 2896 797 2951 Domino
826 2896 1101 2968 requisita,
1133 2903 1187 2951 et
1232 2896 1476 2951 humeris
1507 2898 1627 2966 ejus
1673 2906 1888 2955 revecta
1932 2900 2086 2971 (Luc.

498 3000 593 3051 xv,
626 2985 659 3037 4
699 2984 897 3055 seqq.).
944 2985 1241 3040 Procedant
1279 2984 1412 3055 ipsae
1460 2986 1683 3057 pictura
1731 2987 1953 3044 calicum
1998 3005 2093 3045 ve-

497 3048 731 3129 strorum
941 3074 987 3129 si
1032 3074 1117 3130 vel
1165 3075 1220 3129 in
1264 3048 1329 3128 iis
1374 3048 1673 3147 perlucebit
1722 3074 2094 3150 interpretatio
2126 3048 2170 3126 θ

496 3160 720 3233 pecudis
748 3161 911 3226 illius,
952 3169 1206 3220 utrumne
1252 3163 1554 3222 Christiano
1596 3181 1663 3222 an
1715 3168 1931 3224 ethnico
1978 3185 2097 3240 pec-

495 3248 665 3305 catori
712 3251 779 3305 de
823 3251 1160 3308 restitutione
1204 3252 1474 3309 conliniet.
1506 3254 1911 3312 Prascribimus
1950 3256 2095 3313 enim

495 3355 562 3397 ex
598 3348 806 3398 natura
852 3341 1158 3415 disciplina,
1188 3359 1254 3400 ex
1300 3345 1421 3420 lege
1467 3346 1614 3401 auris
1660 3352 1716 3401 et
1766 3344 1991 3419 lingua,
2029 3360 2097 3401 ex

496 3430 694 3488 mentis
723 3432 946 3489 sanitate
992 3447 1056 3489 ea
1100 3448 1318 3506 semper
1360 3433 1699 3505 responderi,
1742 3448 2096 3507 quadprovo-

2203 2006 2473 2063 ethnicum
2516 2014 2845 2077 competere,
2879 2022 3000 2078 quae
3036 2005 3093 2063 in
3127 2007 3494 2066 Christianum
3531 2011 3808 2069 existimas

2203 2097 2513 2153 convenire.
2563 2096 2660 2153 Dic
2695 2094 2849 2161 mihi,
2889 2110 3069 2152 nonne
3115 2112 3275 2153 omne
3320 2098 3597 2155 hominum
3636 2116 3809 2174 genus

2204 2200 2348 2241 unus
2393 2184 2494 2241 Dei
2544 2199 2677 2256 grex
2723 2184 2855 2240 est?
2895 2198 3077 2240 nonne
3132 2184 3511 2243 universarum
3566 2188 3807 2261 gentium

2204 2275 2350 2331 idem
2396 2274 2541 2331 Deus
2586 2282 2641 2331 et
2679 2273 2949 2330 Dominus
2996 2282 3050 2331 et
3093 2285 3275 2346 pastor
3319 2278 3453 2333 est?
3480 2277 3604 2349 quis
3635 2277 3809 2352 magis

2207 2364 2345 2437 perit
2393 2381 2422 2419 a
2468 2364 2607 2431 Deo,
2663 2380 2829 2435 quam
2878 2363 3123 2421 ethnicus
3165 2364 3401 2435 quandiu
3447 2368 3638 2423 errat?
3688 2367 3808 2439 quis

2206 2453 2380 2527 magis
2432 2452 2723 2526 requiritur
2775 2469 2807 2508 a
2852 2453 2999 2521 Deo,
3054 2466 3215 2524 quam
3271 2453 3541 2520 ethnicus,
3590 2455 3809 2526 quando

2207 2545 2494 2602 revocatur
2538 2559 2571 2598 a
2615 2540 2873 2599 Christo?
2912 2539 3173 2613 Denique,
3221 2541 3493 2598 antecedit
3537 2543 3627 2600 hic
3671 2544 3811 2601 ordo

2208 2633 2265 2688 in
2292 2631 2539 2699 ethnicis,
2570 2631 2839 2706 siquidem
2875 2646 2988 2686 non
3026 2629 3177 2685 aliter
3205 2627 3493 2685 Christiani
3518 2646 3583 2686 ex
3613 2632 3807 2688 ethni-

2210 2721 2288 2779 cis
2316 2719 2470 2788 ﬁunt,
2502 2721 2607 2777 nisi
2652 2722 2805 2793 prius
2851 2717 3061 2792 perditi,
3089 2725 3142 2775 et
3171 2733 3201 2773 a
3234 2717 3351 2774 Deo
3386 2719 3654 2791 requisiti,
3687 2728 3740 2776 et
3768 2736 3805 2775 a

2210 2810 2420 2867 Christo
2465 2808 2742 2882 reportati.
2792 2808 2875 2863 Ita
2915 2808 3080 2863 etiam
3123 2807 3265 2863 hunc
3308 2806 3557 2863 ordinem
3599 2807 3811 2864 servari

2201 2906 2438 2971 Oportet,
2486 2904 2547 2954 ut
2596 2898 2650 2953 in
2695 2912 2793 2954 eos
2847 2897 2953 2953 tale
3008 2894 3211 2968 aliquid
3267 2894 3713 2967 interpretemur,
3764 2895 3812 2953 it

2200 2988 2398 3061 quibus
2442 2988 2593 3060 prius
2632 2994 2734 3045 est.
2783 2986 2857 3042 At
2901 2994 2982 3054 tu,
3031 2984 3242 3056 opinor,
3274 2983 3379 3042 hoc
3424 2984 3593 3041 velles
3637 2985 3706 3052 ³³,
3736 3001 3813 3041 nu

2202 3091 2360 3135 ovem
2397 3091 2504 3133 non
2547 3077 2617 3133 de
2663 3090 2834 3149 grege
2876 3073 3142 3145 perditam
3181 3073 3400 3139 faceret,
3447 3074 3545 3130 sed
3583 3074 3650 3129 de
3687 3089 3811 3131 arca

2201 3167 2288 3223 vel
2324 3165 2393 3223 de
2439 3165 2695 3225 armario.
2730 3164 2819 3221 Sic
2848 3161 2951 3219 etsi
2998 3160 3339 3220 ethnicorum
3385 3162 3647 3234 reliquum
3698 3178 3808 3217 nu-

2201 3271 2405 3311 merum
2430 3256 2636 3326 justum
2666 3253 2757 3320 ait,
2790 3268 2898 3310 non
2934 3251 3059 3308 ideo
3095 3249 3431 3307 Christianos
3459 3266 3582 3308 esse
3614 3259 3805 3307 osten-

2203 3344 2281 3401 dit
2324 3359 2447 3401 cum
2485 3344 2685 3401 Judais
2731 3358 2916 3416 agens,
2948 3347 3002 3398 et
3046 3339 3168 3397 illos
3196 3355 3322 3396 cum
3353 3339 3585 3396 maxime
3612 3340 3809 3397 obtun-

2207 3432 2363 3499 dens,
2394 3434 2542 3506 quod
2576 3432 2990 3504 indignarentur
3035 3427 3155 3503 Spei
3202 3428 3543 3487 ethnicorum
3577 3429 3803 3502 (Matth.

499 3584 549 3623 29
592 3583 811 3657 Aliquid
846 3586 995 3644 delet
1026 3588 1158 3643 Jun.
1193 3587 1245 3626 3°
1272 3587 1585 3644 Credendus
1632 3592 1717 3642 est
1767 3505 2060 3643 1:333?
2055 3508 2191 3657 [ἐξ
2195 3515 2413 3645 ῗῗηῗτῖῗῖ
2444 3583 2881 3657 Restitutionem
2908 3597 3035 3657 cum
3081 3580 3386 3657 ﬁgurasset,
3419 3579 3665 3657 gii__alii_
3682 3579 3813 3657 red-

502 3651 741 3711 dendum
798 3664 879 3711 est
928 3659 1106 3716 Rhen.
1146 3660 1306 3715 Pam.
1366 3658 1413 3696 31
1479 3661 1651 3715 Homo
1706 3659 1910 3716 Wouw.
1965 3651 2085 3714 cod.
2128 3655 2179 3695 ³²
2230 3657 2352 3713 Non
2405 3655 2791 3727 intelligendus
2848 3655 3040 3712 Geten.
3097 3651 3262 3710 Pam.
3316 3651 3378 3694 ³³⁷
3421 3652 3576 3710 Velia
3630 3651 3811 3711 Rhea.

506 3727 727 3783 Oberth.
758 3730 921 3797 Leop.

1896 3798 2400 3862 Commentarius.

501 3890 576 3931 sa
619 3876 825 3932 arboris
855 3876 1028 3932 fructu
1063 3877 1370 3943 degustato,
1400 3876 1689 3934 intellectae
1718 3877 1945 3933 nuditati
1973 3893 2102 3934 con-

502 3948 747 4019 tegenda
803 3946 1035 4019 ﬁculnea
1094 3946 1217 4003 folia
1272 3962 1523 4019 carpsere
1579 3965 1593 4006 :
1636 3950 1860 4004 hasisse
1915 3957 2100 4005 autem

500 4017 1095 4090 pudendishipsorum,
1155 4026 1316 4090 atque
1369 4017 1516 4090 inde
1549 4027 1844 4090 posterum,
1901 4021 2102 4077 lacteas

503 4088 713 4156 sordes,
748 4088 987 4164 libidinis
1015 4088 1270 4164 maculas,
1302 4106 1403 4148 nec
1438 4088 1583 4164 ablui
1621 4088 1889 4164 potuisse,
1920 4092 2099 4164 prius-

502 4177 667 4232 quam
710 4161 1017 4234 advenisset
1071 4162 1351 4233 Christus;
1401 4162 1527 4233 quia
1575 4161 1781 4219 scilicet
1817 4161 1935 4220 nec'
1969 4164 2102 4234 ipsa

503 4249 657 4304 aqua
709 4233 880 4288 adhuc
934 4234 1207 4301 laveraut,
1264 4234 1509 4290 nondum
1573 4233 1839 4305 baptismo
1905 4233 2101 4291 Christi

505 4305 1043 4377 medicata‘fuerant
1091 4323 1105 4360 :
1157 4306 1335 4377 itaque
1387 4304 1834 4361 nondum’erant
1892 4305 2102 4363 idonea

506 4375 760 4431 sordibus
780 4375 851 4449 id
898 4393 1076 4449 genus
1110 4375 1542 4449 elueridis.ﬂRrG.
1599 4408 1670 4417 —
1718 4379 1947 4433 Prorsus
1994 4379 2102 4432 ob-

506 4462 744 4571 sﬁcurum,
777 4447 886 4504 imo
907 4447 1237 4505 'mendosum
1277 4459 1359 4504 est
1388 4448 1521 4503 illud
1569 4454 1624 4505 et
1666 4450 1863 4507 laetere
1893 4449 2101 4506 sordes.

548 4532 649 4571 Αιι.

548 4532 649 4573 ΛΠ.

573 4618 647 4629 -
673 4590 848 4646 laetae
876 4591 1064 4647 sordes
1092 4608 1207 4649 non
1235 4590 1391 4648 ablui
1417 4590 1652 4649 idoneae.
1684 4591 1810 4646 Haec
1837 4589 2106 4660 scriptura

503 4667 585 4733 est
611 4668 853 4716 veterum
882 4664 1270 4731 exemplarium
1313 4678 1434 4733 quae
1478 4662 1613 4719 vidit
1638 4662 1887 4733 Ursinus.
1920 4661 2097 4717 Antea

503 4730 799 4814 legebatur,
805 4752 853 4814 λ
892 4734 951 4814 Et
977 4730 1131 4814 jaCta
1160 4730 1345 4814 sortes:
1365 4748 1472 4814 no_n
1505 4734 1769 4814 habentes
1800 4732 2028 4814 idonea.
2050 4752 2089 4813 _»

505 4803 662 4858 Unde
707 4815 759 4859 et
805 4803 993 4861 Ursini
1051 4804 1377 4876 exemplaria
1421 4804 1631 4876 fortean
1682 4804 1962 4876 emendari
2017 4803 2097 4876 sic

504 4875 732 4947 possint.
764 4878 833 4930 Et
863 4877 1060 4947 lactea:
1088 4875 1293 4934 sordes.
1316 4876 1523 4930 Alludit
1542 4875 1686 4931 enim
1713 4875 2010 4947 Septimius
2029 4875 2098 4931 ad

502 4946 786 5017 humorem
818 4946 908 5017 qui
941 4946 1008 4999 de
1054 4947 1193 5002 foliis
1237 4946 1497 5011 ﬁculneis,
1533 4949 1663 5015 sive,
1693 4955 1753 5002 ut
1781 4946 1904 5003 mox
1935 4948 2096 5017 dicet,

506 5015 572 5069 dc
603 5016 836 5070 lascivia
864 5015 1150 5072 frondibus
1179 5018 1423 5073 exsudat.
1452 5019 1578 5077 Rm.

478 5098 501 5113 δ
578 5086 691 5153 (34)
724 5086 1063 5162 Cal-nemine
1086 5090 1559 5162 Δηιιριίἱδμιμιὶςίεηι
1586 5090 2099 5162 resignatam.Ele—

504 5172 642 5237 gans
667 5165 748 5210 est
785 5158 1101 5237 Tertulliani
1144 5158 1268 5237 cum
1314 5158 1469 5237 illud,
1501 5158 1743 5237 carnem
1770 5178 1843 5237 ne
1879 5163 2099 5237 nuptiis

504 5227 733 5299 Quidam
754 5230 1123 5299 resignatam,
1147 5230 1214 5287 de
1233 5232 1293 5307 B.
1308 5231 1676 5307 _Maria_carne
1697 5227 2102 5307 virgine,_quan-

504 5315 665 5372 quam
695 5308 897 5374 nupta,
927 5309 990 5374 et
1018 5318 1089 5374 ne
1124 5303 1342 5374 nuptiis
1371 5303 1599 5374 quidem
1636 5303 1995 5374 resignanda,
2030 5304 2099 5358 de

505 5370 670 5445 carne
698 5370 897 5445 Christi
944 5370 1175 5445 virgine.
1207 5370 1449 5445 Opponit
1492 5378 1675 5430 autem
1722 5370 1919 5431 Christi
1962 5373 2102 5431 facta

507 5444 662 5499 factis
696 5444 841 5499 Eva.
874 5444 1017 5499 PAM.

579 5515 693 5588 (35)
718 5517 851 5585 Qua:
869 5514 1183 5588 munditias
1202 5531 1334 5588 suas
1356 5514 1807 5588 eguistraderet.
1824 5516 1937 5570 Hoc
1957 5515 2101 5573 idem

506 5585 789 5661 estmq'uod
842 5587 979 5646 dixit
1031 5603 1194 5660 supra
1248 5585 1443 5643 alicubi
1500 5585 1597 5641 lib.
1640 5586 1724 5661 de
1780 5589 2095 5661 Baptismo,

511 5676 535 5708 ι
570 5656 837 5718 Christum
863 5656 1133 5735 baptismo
1163 5674 1263 5720 suo
1293 5675 1461 5735 aquas
1485 5656 1887 5733 sanctiﬁcasse';
1932 5680 1958 5715 ι)
1999 5661 2095 5718 ubi

2208 3875 2500 3949 etiamlate
2529 3872 2597 3929 de
2624 3873 2845 3930 materia
2868 3874 3127 3949 baptismi
3155 3891 3305 3949 aqua
3328 3891 3500 3949 pura.

2280 3946 2799 4071 (Eg-GLtNligijorpus
2849 3944 3083 4015 Christi,
3113 3944 3217 4004 etc'.
3251 3944 3365 4003 Hoc
3393 3945 3461 4001 ad
3488 3944 3813 4003 calumniam

2280 4034 2383 4071 rm
2444 4056 2457 4070 .
2626 4060 2639 4071 .

2246 4018 2457 4074 ertinet.
2499 4018 2639 4073 Pu.
2687 4018 2705 4021 ⁷
2728 4020 2734 4027 ’

2209 4033 2457 4090 pertinet.
2500 4033 2639 4073 ru.

2279 4089 2677 4161 (37),Picturaz
2705 4091 2954 4147 calicum
2972 4093 3312 4147 vestrorum.
3342 4087 3555 4145 Eodem
3582 4086 3818 4160 pertinet

2210 4159 2355 4229 quOd
2379 4159 2541 4215 infra
2582 4161 2780 4217 dicitur
2808 4176 2929 4232 cap,
2961 4163 3049 4227 10,
3076 4164 3274 4232 pastor
3319 4175 3485 4232 quem
3522 4159 3819 4232 in'palice

2211 4177 2355 4229 quon
2401 4177 2541 4215 mira
2582 4177 2780 4217 dicitur
2808 4177 2870 4216 ca
2913 4205 2928 4220 .
2961 4177 3049 4227 w,
3076 4177 3274 4232 pastor
3319 4177 3482 4232 quem
3522 4177 3590 4216 in
3638 4177 3816 4219 cauca

2211 4231 2479 4307 depingit,
2499 4238 2605 4307 etc.
2626 4232 2793 4307 Unde
2808 4177 3094 4307 colligitur:
3110 4239 3238 4307 tunc
3255 4230 3521 4307 temporis
3549 4229 3816 4307 calices...

2213 4301 2323 4377 non
2351 4303 2533 4377 solum
2574 4302 2796 4377 depingi
2842 4301 3017 4377 sole—re
3063 4301 3254 4374 ﬁguris
3295 4301 3643 4377 historiarum
3691 4302 3817 4377 novi

2211 4373 2537 4448 [estamenti
2572 4373 2767 4448 (unde
2817 4373 3163 4448 conﬁrmatur
3218 4390 3359 4448 usus‘
3407 4373 3707 4448 imaginum
3762 4374 3818 4428 in

2212 4443 2622 4517 Ecclesia.....),
2670 4446 2777 4517 sed,
2822 4446 2985 4517 etiam
3032 4444 3234 4517 vitreos
3286 4443 3453 4517 fuisse
3508 4443 3545 4517 ε’.
3584 4446 3689 4502 hoc
3738 4454 3822 4501 est

2214 4517 2378 4597 enim,
2412 4514 2606 4597 frangi
2632 4516 2838 4597 faciles
2863 4515 3010 4597 (cap.
3042 4516 3152 4597 19).
3186 4515 3366 4597 Atque
3393 4514 3501 4571 hoc
3529 4514 3822 4597 ipsumfst

2213 4589 2363 4663 quod
2390 4586 2640 4663 citari'in'
2671 4586 2899 4663 nostris;
2917 4586 3149 4661 liturgiis
3185 4586 3498 4663 Latinqrum
3526 4586 3597 4663 de
3624 4587 3688 4643 Β.
3717 4586 3819 4642 Ze-

2214 4657 2440 4729 pherino
2478 4661 2599 4729 ejus
2642 4659 2816 4715 atatis
2862 4657 3108 4715 Romano
3155 4657 3408 4728 pontiﬁce
3448 4659 3816 4729 exDamaso,

2207 4728 2521 4802 Walafrido:
2560 4738 2614 4787 et
2657 4729 2945 4802 Rodulpho
2987 4729 3317 4802 Tungrensi,
3348 4729 3496 4802 quod
3526 4728 3616 4786 ille
3644 4736 3821 4802 statu-

2208 4808 2323 4857 tum
2354 4800 2541 4857 fecerit
2584 4809 2643 4856 ut
2668 4799 2870 4857 .omnia
2918 4814 3047 4858 vasa
3095 4799 3343 4857 coclesia
3367 4799 3575 4857 'essent
3609 4800 3816 4869 vitrea;

2206 4872 2356 4928 addit
2381 4871 2640 4941 martinus
2667 4871 2905 4928 Polonus
2952 4888 2965 4926 :
3009 4877 3103 4927 aut
3141 4879 3383 4929 stannea.
3414 4872 3817 4941 Verumtamen,

2207 4958 2319 5026 non
2347 4940 2517 5026 multo
2540 4953 2691 5026 post
2724 4945 2885 5000 etiam
2919 4952 3453 5026 argenteaetﬁurea
3477 4959 3608 5026 vasa
3635 4945 3690 4999 in
3706 4940 3823 5026 ‘usu

2208 5012 2378 5087 fuisse
2407 5012 2716 5087 patet'ibid.
2748 5030 2816 5071 ex
2860 5012 3117 5087 passione
3157 5015 3219 5070 B.
3258 5013 3552 5087 Laurentii,
3586 5015 3726 5086 apud
3756 5014 3818 5069 Β.

2207 5085 2563 5160 Ambrosium
2602 5087 2781 5159 (Ofﬁc.
2833 5085 2931 5142 lib.
2980 5101 3044 5156 ιι,
3063 5101 3215 5160 cap:
3243 5086 3335 5160 l8)_
3381 5086 3474 5157 qui
3518 5085 3715 5160 passus
3742 5093 3823 5141 est

2208 5157 2420 5229 circiter
2475 5156 2840 5229 uno’mense
2892 5164 3015 5215 ante
3063 5156 3537 5229 BCCyprianum,
3578 5159 3710 5212 item
3757 5172 3823 5212 ex

2210 5228 2411 5311 Optato
2460 5228 2686 5311 Mileyit.
2740 5230 2855 5303 (lib.
2904 5244 2946 5299 ι,
2981 5230 3193 5311 Contra
3228 5228 3561 5311 Ρανηιεη.)ἶ
3586 5228 3822 5285 Rursum

2211 5307 2386 5374 autem
2425 5301 2657 5374 pecudis
2707 5300 2910 5374 numen;
2946 5309 3169 5374 usurpat
3215 5315 3320 5374 pro
3362 5314 3478 5374 ove,
3508 5300 3674 5371 idque
3713 5313 3823 5356 non

2212 5343 2398 5453 ξὲιῖὲῖ,
2425 5343 2686 5453 ’ἓᾌὶἶῗζ
2707 5343 3821 5453 ἙῖἕῖἶυῖᾶἷὲᾟάἑιῖιᾷἴῘρέιῖῗέεξᾷἶῖες

2211 5442 2268 5501 in
2297 5444 2559 5515 scriptura
2586 5446 2813 5502 calicum
2844 5441 3005 5515 usum
3036 5451 3091 5500 et
3107 5443 3281 5515 ritum
3312 5441 3643 5515 signiﬁcant.
3666 5441 3823 5515 Quod

2211 5515 2355 5572 enim
2384 5512 2542 5572 affert
2588 5516 2854 5573 Pamelius
2898 5513 2967 5570 de
3018 5512 3275 5571 calicibus
3320 5512 3531 5581 vitreis,
3560 5512 3820 5580 stanneis,

2212 5588 2389 5660 aureis
2443 5588 2716 5660 argenteis
2767 5603 2835 5645 ex
2884 5585 3115 5660 decretis
3163 5584 3499 5660 pontiﬁcum,
3553 5585 3621 5643 ad
3678 5587 3826 5643 hunc

2209 5658 2392 5719 locum
2411 5655 2636 5718 minime
2662 5660 2933 5733 pertinere
2961 5655 3230 5718 existitno.
3259 5656 3338 5717 LI:
3367 5658 3468 5716 Pu.
