4062 6178
1668 277 1867 342 LIBER
1904 268 1994 338 DE
2031 266 2384 339 PUDICITIA-
3551 281 3690 346 1046

368 420 495 475 xxx,
527 403 648 476 £3);
680 402 779 461 sed
812 409 873 459 ut
907 402 1236 474 exprimeret
1270 402 1530 461 adversus
1566 402 1792 461 livorem
1845 404 1987 461 Pha-
2020 421 2065 485 ι
2097 408 2260 475 atque
2285 398 2552 460 revocari.
2585 398 2744 468 Quod
2773 405 2963 472 potest
2980 406 3318 477 recuperari,
3348 423 3459 465 non
3487 410 3686 485 aperit,

376 494 666 551 risaorum
714 507 865 549 suam
929 492 1158 565 gratiam
1222 494 1277 549 et
1333 492 1764 550 benevolentiam
1819 495 1982 551 etiam
2018 489 2067 501 "
2095 490 2201 547 nisi
2246 490 2297 532 ³⁷
2350 489 2484 547 foris
2536 493 2980 563 perseveraverit.
3028 492 3177 550 Bene
3243 494 3688 569 interpretaberis

377 582 527 642 circa
562 596 731 639 unum
763 579 1129 650 ethnicorum,
1154 581 1455 655 praeposuit
1496 582 1659 639 unius
1686 584 1981 656 peccatoris
2087 579 2418 653 parabolam,
2470 580 2741 637 viventem
2800 580 2979 639 adhuc
3029 596 3291 640 revocans
3345 596 3684 656 peccatorem

376 674 608 730 salutem
636 667 812 729 998
837 686 901 726 ex
930 670 1271 743 paenitentia,
1300 688 1463 744 qnam
1489 672 1707 730 illorum
1735 689 1800 731 ex
1827 672 1982 745 justi-
2088 671 2360 729 Moechum
2415 686 2543 729 vero
2601 680 2656 728 et
2714 671 3118 740 fornicatorem,
3165 674 3289 747 quis
3339 691 3450 733 non
3507 677 3685 738 994

373 763 471 821 tia.
503 760 613 818 Aut
654 758 896 833 nunquid
939 775 1047 817 non
1085 761 1216 833 justi
1263 762 1458 836 Judai,
1489 771 1545 820 et
1580 764 1777 835 quibus
1804 764 1980 836 poeni-
2084 769 2360 819 mortuum
2418 760 2598 818 statim
2653 760 2890 819 admisso
2966 764 3373 835 pronuntiavit?
3412 767 3531 839 Quo
3587 784 3685 827 ore

372 851 546 910 tentia
583 866 719 923 opus
753 866 863 907 non
912 860 1077 919 esset,
1107 852 1370 909 habentes
1410 852 1775 927 gubernacula
1812 854 1977 913 disci-
2083 858 2359 908 mortuum
2410 851 2666 908 restitues
2714 850 2773 907 in
2826 866 3047 925 gregem
3118 867 3185 908 ex
3240 856 3509 926 parabola
3563 861 3685 931 ejus

376 941 538 1013 plina
574 948 629 997 et
658 940 869 998 timoris
907 939 1270 998 instrumenta
1304 942 1511 1016 Legem
1550 952 1606 1001 et
1632 943 1976 1017 Prophetas?
2082 940 2415 1009 auctoritate,
2441 955 2563 1013 qua
2609 955 2717 996 non
2754 948 3026 998 mortuum
3072 958 3237 1015 pecus
3280 948 3535 1004 revocat?
3563 949 3679 1005 De-

374 1029 558 1087 Posuit
602 1029 772 1102 igitur
818 1029 943 1087 illos
999 1029 1056 1085 in
1110 1032 1386 1103 parabola,
1431 1040 1486 1088 et
1530 1032 1578 1089 si
1633 1048 1743 1090 non
1786 1034 1974 1106 quales
2085 1028 2272 1103 nique,
2329 1030 2376 1085 si
2431 1027 2724 1086 meministi
2793 1031 3202 1103 prophetarum,
3261 1048 3382 1090 cum
3437 1045 3683 1108 pastores

371 1126 546 1187 erant,
574 1117 676 1175 sed
726 1118 914 1191 quales
962 1134 1085 1176 esse
1128 1120 1450 1193 debuerant,
1492 1137 1601 1194 quo
1650 1123 1823 1197 magis
1858 1123 1973 1181 suf-
2077 1118 2447 1193 increpantur,
2482 1126 2610 1191 puto
2664 1118 2960 1176 Ezechielis
3015 1129 3098 1177 est
3157 1136 3265 1181 vox
3324 1141 3339 1179 :
3398 1128 3678 1196 Pastores,

367 1206 748 1277 funderentur,
780 1207 899 1264 aliis
930 1216 985 1265 et
1011 1224 1119 1265 non
1150 1210 1253 1266 sibi
1289 1211 1663 1283 paenitentiam
1691 1212 1971 1269 audientes
2083 1224 2205 1266 ecce
2234 1210 2319 1267 lac
2340 1210 2621 1269 devoratis
2641 1213 2698 1268 et
2722 1210 2869 1267 lanis
2887 1212 3209 1280 vestimini;
3232 1215 3378 1286 quod
3395 1217 3544 1286 forte
3571 1221 3677 1286 est,

368 1299 759 1357 necessariam.
806 1298 1043 1356 Proinde
1088 1298 1144 1355 in
1191 1299 1463 1359 drachma
1508 1302 1763 1371 parabola
1808 1304 1875 1369 3*,
1907 1310 1968 1359 ut
2076 1298 2397 1367 occidistis;
2426 1298 2570 1371 quod
2599 1300 2900 1369 inﬁmum
2940 1305 3048 1371 est,
3078 1318 3195 1359 non
3233 1308 3508 1373 curuatis;
3539 1310 3682 1378 quod

369 1404 439 1445 ex
471 1389 664 1445 eadem
690 1387 916 1446 materia
953 1396 1259 1461 provocata,
1288 1406 1441 1463 aque
1471 1392 1742 1448 ethnicum
1770 1391 1964 1450 drach-
2073 1385 2489 1445 comminutum
2518 1392 2622 1454 est,
2644 1403 2759 1444 non
2789 1388 3043 1460 ligastis;
3072 1390 3215 1461 quod
3235 1394 3542 1464 expulsum
3573 1403 3675 1469 est,

367 1494 508 1536 mam
538 1478 589 1519 ³⁵
619 1479 1056 1551 interpretamur,
1088 1479 1189 1535 etsi
1219 1478 1280 1535 in
1315 1480 1479 1536 domo
1509 1480 1777 1552 amissam,
1810 1483 1962 1556 quasi
2067 1491 2185 1533 non
2203 1478 2582 1544 convertistis;
2595 1475 2738 1549 quod
2752 1478 2951 1549 periit,
2972 1493 3088 1535 non
3106 1481 3429 1551 requisistis
3450 1480 3675 1552 (Ezech.

373 264 516 342 1045

366 1567 423 1622 in
456 1566 726 1634 Ecclesia;
757 1566 856 1623 etsi
892 1565 961 1622 ad
997 1564 1232 1622 lucerna
1270 1565 1450 1623 lumen
1490 1576 1776 1637 repertam,
1809 1570 1960 1639 quasi

366 1656 434 1711 ad
462 1654 564 1711 Dei
600 1655 847 1713 verbum.
880 1654 1088 1728 Atquin
1126 1663 1273 1713 totus
1314 1657 1405 1712 hic
1441 1657 1678 1714 mundus
1712 1675 1818 1715 una
1847 1675 1965 1716 om-

367 1745 521 1799 nium
566 1744 763 1801 domus
808 1754 912 1811 est,
950 1744 1007 1799 in
1051 1760 1161 1815 quo
1206 1745 1383 1820 magis
1427 1743 1485 1801 in
1531 1746 1749 1804 ethnico
1795 1750 1964 1823 gratia

365 1830 466 1887 Dei
504 1831 726 1900 inlucet,
756 1832 849 1903 qui
891 1831 947 1887 in
989 1832 1227 1888 tenebris
1271 1833 1560 1901 invenitur,
1596 1852 1757 1907 quam
1805 1839 1963 1894 Chri-

368 1919 562 1987 stiano,
594 1920 685 1992 qui
714 1920 826 1989 jam
872 1918 927 1973 in
956 1919 1053 1974 Dei
1100 1919 1221 1977 luce
1270 1929 1368 1977 est.
1402 1921 1670 1994 Denique,
1704 1932 1757 1980 et
1795 1928 1880 1983 ovi
1909 1918 1963 1985 et

366 2008 638 2064 drachma
701 2023 843 2064 unus
907 2022 1059 2063 error
1109 2008 1413 2064 ascribitur.
1461 2010 1598 2065 Nam
1639 2011 1683 2067 si
1737 2014 1849 2083 jam
1906 2017 1960 2071 in

365 2097 728 2155 Christianum
771 2104 1107 2170 peccatorem
1163 2097 1578 2172 deﬁngerentur,
1628 2110 1754 2173 post
1798 2104 1959 2163 ﬁdem

362 2187 631 2260 perditam
659 2196 713 2243 et
753 2186 946 2243 iterata
975 2186 1194 2245 amissio
1224 2203 1416 2245 eorum
1454 2197 1508 2245 et
1546 2191 1817 2250 restitutio
1854 2210 1956 2251 no-

360 2283 586 2333 taretur.
617 2275 892 2333 Decedam
922 2292 1065 2332 nunc
1094 2277 1367 2348 paulisper
1398 2279 1464 2333 de
1493 2280 1662 2353 gradu
1692 2281 1818 2351 isto,
1849 2299 1958 2356 quo

361 2365 538 2441 magis
584 2381 711 2422 eum
757 2363 918 2422 etiam
957 2365 1271 2423 decedendo
1300 2369 1697 2438 commendem,
1730 2386 1851 2426 cum
1882 2372 1960 2430 sic

362 2470 581 2527 quoque
630 2453 907 2510 obduxero
958 2454 1191 2512 diversa
1239 2455 1407 2526 partis
1451 2460 1955 2531 praesumptionem.

359 2544 597 2601 Condico
643 2544 1006 2601 Christianum
1047 2547 1161 2615 jam
1208 2555 1549 2618 peccatorem
1597 2551 1650 2605 in
1701 2551 1956 2622 parabola

360 2641 590 2707 utraque
636 2633 903 2705 portendi,
936 2648 1046 2690 non
1094 2642 1275 2691 tamen
1330 2636 1457 2694 ideo
1512 2653 1634 2693 eum
1682 2640 1956 2697 afﬁrman-

360 2723 510 2792 dum,
540 2722 636 2797 qui
662 2723 730 2779 de
756 2722 997 2781 facinore
1024 2725 1270 2781 moechia
1302 2734 1358 2780 et
1387 2724 1760 2785 fornicationis
1797 2731 1955 2787 resti-

362 2812 441 2867 tui
492 2827 592 2882 per
642 2811 1018 2884 paenitentiam
1076 2813 1269 2883 possit.
1318 2813 1468 2870 Licet
1524 2815 1668 2871 enim
1730 2818 1957 2889 periisse

2077 1578 2286 1631 xxxrv,
2336 1567 2389 1632 2,
2446 1564 2524 1635 3).
2557 1564 2814 1637 Nunquid
2862 1573 2916 1622 et
2980 1565 3050 1621 de
3096 1572 3312 1624 mortuo
3365 1570 3675 1639 exprobrat,

2077 1655 2225 1725 quod
2265 1667 2377 1708 non
2424 1660 2479 1709 et
2520 1654 2653 1709 illud
2697 1654 2752 1709 in
2787 1670 3015 1728 gregem
3057 1654 3287 1713 reﬁcere
3332 1658 3678 1714 curaverint?

2068 1741 2232 1797 Plane
2260 1740 2460 1814 ingerit
2497 1742 2647 1814 quod
2689 1741 2863 1814 perire
2891 1759 3022 1800 oves
3068 1743 3317 1812 fecerint,
3350 1752 3404 1801 et
3430 1762 3466 1801 a
3489 1746 3677 1804 bestiis

2068 1829 2186 1901 agri
2212 1830 2441 1888 comedi.
2471 1830 2665 1905 Neque
2707 1841 2939 1904 possunt
2976 1848 3078 1890 nec
3114 1833 3296 1905 perire
3335 1834 3390 1890 in
3418 1844 3672 1903 mortem,

2068 1933 2168 1974 nec
2219 1919 2456 1986 comedi,
2505 1935 2533 1974 s
2608 1920 3003 1993 relinquantur,
3051 1928 3111 1978 ut
3163 1936 3274 1977 non
3332 1923 3563 1995 perdita
3618 1926 3674 1980 iu

2069 2012 2299 2061 mortem
2346 2013 2399 2063 et
2466 2018 2717 2064 comestae
2778 2017 3142 2065 resumantur.
3191 2010 3354 2066 Juxta
3405 2011 3675 2069 drachma

2068 2109 2287 2167 quoque
2324 2096 2664 2166 exemplum;
2696 2095 2857 2153 etiam
2893 2096 3036 2153 intra
3073 2098 3299 2156 domum
3344 2099 3444 2155 Dei
3484 2100 3674 2158 Eccle-

2068 2184 2224 2250 siam,
2257 2182 2383 2240 licet
2421 2200 2543 2241 esse
2589 2184 2767 2256 aliqua
2811 2186 3005 2243 delicta
3049 2203 3147 2258 pro
3197 2186 3367 2259 ipsius
3404 2188 3674 2247 drachma

2065 2272 2290 2330 modulo
2330 2289 2393 2330 ac
2436 2274 2678 2346 pondere
2722 2274 3038 2343 mediocria,
3072 2293 3195 2348 quae
3238 2276 3442 2333 ibidem
3481 2276 3672 2334 delite-

2065 2362 2267 2419 scentis
2308 2376 2435 2419 mox
2472 2362 2672 2419 ibidem
2714 2371 2767 2419 et
2811 2371 3042 2436 reperta,
3084 2364 3262 2420 statim
3301 2364 3505 2421 ibidem
3550 2383 3672 2422 cum

2063 2450 2262 2524 gaudio
2309 2452 2702 2510 emendationis
2747 2454 3128 2526 transigantur.
3158 2455 3405 2512 Machia
3445 2472 3577 2513 vero
3616 2470 3647 2511 e

2062 2540 2434 2598 fornicationis
2453 2557 2562 2598 non
2582 2542 2858 2610 drachma,
2882 2544 2982 2600 sed
3011 2544 3274 2601 talentum
3302 2545 3441 2618 (39),
3470 2545 3671 2616 quibus

2060 2630 2434 2702 exquirendis,
2482 2646 2594 2688 non
2647 2632 2888 2689 lucerna
2942 2633 3139 2704 spiculi
3197 2632 3401 2688 lumine
3449 2633 3523 2703 ³⁸,
3573 2634 3669 2689 sed

2062 2720 2228 2774 totius
2256 2720 2390 2774 solis
2430 2719 2618 2775 lancea
2645 2720 2695 2758 39
2724 2721 2838 2790 (40)
2872 2734 3009 2791 opus
3050 2728 3153 2778 est.
3183 2720 3354 2775 Simul
3394 2722 3667 2791 apparuit,

2064 2806 2245 2862 statim
2280 2804 2445 2862 homo
2500 2807 2569 2863 de
2614 2806 2854 2863 Ecclesia
2912 2808 3216 2880 expeditur,
3249 2823 3351 2865 nec
3395 2808 3504 2865 illic
3550 2825 3669 2864 ma-

362 2898 590 2965 dicatur,
632 2898 737 2954 erit
790 2905 846 2954 et
899 2898 969 2953 de
1007 2898 1331 2969 perditionis
1386 2916 1583 2973 genere
1638 2885 1955 2974 retractare;

2066 2904 2178 2959 net,
2219 2908 2323 2951 nec
2372 2894 2632 2966 gaudium
2680 2895 2894 2953 confert
2953 2894 3239 2970 repertrici
3274 2895 3529 2954 Ecclesia
3575 2898 3669 2953 sed

364 2985 490 3058 quia
518 2992 573 3044 et
600 2985 719 3043 ovis
742 3001 851 3041 non
880 2986 1182 3057 moriendo,
1213 2988 1307 3044 sed
1338 2988 1587 3061 errando,
1620 2999 1672 3048 et
1700 2993 1958 3050 drachma

364 3089 474 3131 non
516 3074 863 3143 intereundo,
912 3075 1010 3130 sed
1056 3073 1312 3133 latitando
1360 3078 1658 3148 perierunt.
1689 3080 1790 3147 Ita,
1833 3081 1957 3139 licet

363 3163 470 3220 dici
498 3162 706 3234 perisse
742 3162 888 3233 quod
930 3162 1141 3220 salvum
1184 3171 1287 3219 est.
1318 3164 1465 3222 Perit
1492 3165 1659 3239 igitur
1696 3176 1749 3223 et
1783 3167 1958 3226 fidelis

358 3250 577 3322 elapsus
609 3249 665 3306 in
713 3250 1080 3322 spectaculum
1109 3250 1224 3324 (38)
1272 3252 1604 3325 quadrigarii
1651 3253 1870 3325 furoris,
1903 3266 1958 3315 et

358 3340 662 3416 gladiatorii
706 3339 943 3411 cruoris,
971 3346 1026 3398 et
1068 3340 1295 3398 scenica
1336 3341 1612 3415 foeditatis,
1640 3353 1692 3402 et
1735 3347 1957 3419 xystica

357 3427 632 3497 vanitatis,
662 3428 718 3484 in
774 3427 950 3493 lusus,
981 3426 1039 3484 in
1085 3429 1334 3487 convivia
1386 3432 1662 3489 saecularis
1700 3436 1956 3493 solemni-

360 3519 508 3587 tatis,
539 3518 596 3575 in
637 3516 898 3585 ofﬁcium,
926 3516 982 3573 in
1020 3516 1385 3576 ministerium
1423 3520 1606 3578 aliena
1636 3520 1983 3582 idololatria

358 3609 567 3683 aliquas
603 3615 750 3664 artes
795 3605 1048 3661 adhibuit
1084 3608 1447 3677 curiositatis;
1478 3609 1537 3667 in
1578 3612 1804 3669 verbum
1849 3630 1955 3670 an-

358 3700 537 3772 cipitis
590 3693 895 3773 negationis
946 3693 997 3734 35
1050 3704 1147 3752 aut
1194 3697 1544 3772 blasphemiae
1596 3699 1845 3777 impegit,
1886 3705 1957 3762 ob

354 3790 463 3848 tale
498 3787 630 3862 quid
675 3793 827 3843 extra
860 3795 1088 3856 gregem
1129 3781 1288 3844 datus
1326 3794 1428 3856 est,
1460 3789 1547 3846 vel
1577 3796 1631 3847 et
1666 3789 1781 3863 ipse
1818 3790 1959 3851 forte

356 3875 457 3943 ira,
504 3883 739 3940 tumore,
787 3871 1146 3939 amulatione,
1192 3875 1337 3946 quod
1392 3876 1626 3949 denique
1681 3894 1825 3952 saepe
1875 3881 1955 3950 ﬁt,

356 3963 739 4039 dedignatione
789 3957 1155 4033 castigationis
1233 3963 1470 4034 abrupit,
1534 3966 1697 4022 debet
1759 3972 1958 4042 requiri

2062 2981 2297 3049 luctum;
2330 2998 2433 3039 nec
2483 2984 3013 3056 congratulationem
3058 2985 3290 3045 advocat
3339 2985 3667 3057 vicinarum,

2060 3069 2160 3125 sed
2231 3070 2699 3128 contristationem
2787 3074 3154 3144 proximarum
3237 3074 3665 3133 fraternitatum.

2064 3157 2362 3215 Commissa
2414 3158 2590 3230 itaque
2645 3161 2805 3217 etiam
2861 3162 2968 3220 hac
3020 3170 3207 3219 nostra
3262 3179 3389 3221 cum
3446 3164 3668 3222 illorum

2060 3245 2521 3319 interpretatione,
2553 3263 2618 3305 eo
2646 3249 2823 3324 magis
2849 3248 2906 3307 in
2940 3252 3215 3309 ethnicum
3243 3254 3572 3325 spectabunt
3607 3266 3670 3314 et

2062 3335 2179 3394 ovis
2216 3342 2271 3392 et
2318 3336 2587 3393 drachma
2640 3347 2974 3412 argumenta,
3025 3349 3227 3413 quanto
3283 3359 3385 3400 nec
3434 3341 3491 3396 in
3547 3342 3667 3412 ejus

2061 3423 2242 3481 delicti
2270 3424 2635 3482 Christianum
2654 3435 2962 3499 competere
2982 3438 3233 3501 possunt,
3255 3436 3480 3501 propter
3518 3430 3666 3502 quod

2060 3511 2116 3567 in
2144 3512 2510 3571 Christianum
2541 3514 2609 3571 de
2636 3514 2853 3572 diversa
2880 3524 3037 3589 parte
3063 3524 3355 3592 ceguntur.

2659 3666 2887 3730 CAPUT
2925 3676 3067 3732 VIII.

2133 3796 2241 3853 Sed
2306 3797 2452 3855 enim
2526 3774 2814 3871 plerosque
2890 3799 3215 3872 interpretes
3286 3802 3665 3873 parabolarum

2062 3885 2206 3943 idem
2266 3886 2443 3944 exitus
2515 3886 2736 3961 decipit,
2794 3905 2955 3961 quem
3010 3889 3063 3944 in
3123 3889 3365 3949 vestibus
3419 3908 3666 3963 purpura

2063 3975 2346 4033 oculandis
2391 3976 2507 4048 (41)
2561 3975 2860 4050 saepissime
2914 3979 3130 4037 evenire
3183 3988 3297 4052 est;
3327 3996 3449 4039 cum
3499 3991 3665 4054 puta-

1741 4064 1935 4132 Varia
1977 4070 2288 4137 lectiones.

430 4162 824 4256 Ῠῗηῖθτῇδῖδῗφ
862 4163 1945 4256 5P0";,0,beI!C'-_-‘i’{€‘_‘-3§Pimpleam
1974 4176 2131 4234 abest
2165 4195 2204 4256 ρ
2233 4177 2411 4237 Rhen.
2442 4184 2499 4238 et
2531 4180 2753 4239 Oberth.
2785 4179 2835 4220 35
2858 4182 3250 4256 Negotiationis
3279 4185 3415 4241 Jun.
3457 4184 3505 4224 ³⁷
3543 4186 3664 4241 Non

360 4235 577 4309 poterit,
607 4236 653 4291 si
684 4236 817 4292 feris
856 4235 974 4311 Βία.
1008 4240 1142 4294 Ραν.
1175 4237 1225 4275 ³⁸
1246 4235 1473 4291 Lumine
1501 4236 1651 4295 delet
1679 4242 1804 4297 Lat.
1838 4244 1887 4282 39
1914 4245 2125 4304 Lancea
2154 4249 2316 4306 Pam.

1756 4336 2252 4408 Commentarius.

424 4440 539 4513 (38)
569 4443 633 4515 In
652 4442 1063 4515 spectaculum,
1084 4446 1187 4515 etc.
1206 4438 1288 4515 De
1302 4447 1541 4515 quatuor
1558 4441 1645 4515 his
1662 4444 1950 4514 generibus

358 4511 791 4596 fgectaculorum
820 4515 945 4596 vide
966 4516 1040 4596 “ad
1193 4511 1262 4571 de
1286 4511 1541 4596 Spectac.
1562 4531 1603 4596 _¢
1618 4511 1716 4596 De
1732 4515 1949 4596 artibus

357 4583 709 4659 gltriositatis
733 4585 789 4641 in
849 4585 1216 4659 ministerium,
1276 4583 1467 4659 aliena
1524 4584 1871 4659 idololatria;
1919 4610 1943 4641 ι

360 4647 451 4714 lib.
486 4656 551 4729 de
594 4656 810 4729 Idolol.,
842 4672 890 4713 c.
924 4660 977 4723 4,
1008 4660 1062 4729 5,
1096 4660 1151 4727 6,
1180 4656 1238 4727 '1,
1272 4659 1326 4729 8,
1352 4661 1405 4714 et
1446 4658 1499 4729 9,
1535 4676 1590 4729 c_
1612 4657 1681 4713 de
1727 4647 1949 4729 ancipiti

356 4727 750 4802 negotiatione;
786 4748 813 4781 ι
845 4727 1052 4785 ibidem
1089 4736 1163 4802 et_
1188 4748 1219 4802 ς
1242 4728 1331 4802 Δ(16
1376 4728 1541 4785 verbo
1577 4727 1944 4802 blasphemia,

356 4797 573 4872 Quando
627 4800 754 4867 quis
806 4804 949 4870 jurat
999 4797 1315 4872 per_idola,
1369 4819 1393 4851 ι
1449 4814 1573 4871 cap.
1611 4797 1801 4858 20‘ac
1856 4797 1945 4859 29.

354 4868 550 4942 Mirum
589 4878 771 4942 autem
804 4868 952 4942 esset
990 4868 1139 4942 quod
1175 4877 1363 4942 auctor
1407 4868 1750 4928 vehementia
1786 4873 1948 4930 animi

356 4940 744 5013 blasphemiam
799 4941 937 4997 inter
1007 4940 1356 5013 remissibilia
1419 4952 1764 5013 pr0poneret,
1822 4962 1949 5001 cum

354 5010 491 5067 infra
546 5026 669 5083 cap.
717 5014 770 5077 9,
821 5022 875 5068 et
928 5027 1146 5069 rursum
1202 5016 1287 5083 13,
1323 5010 1477 5083 ίίῑιιέτ
1524 5010 1950 5074 ϊννεηιίεδίὺιίἰα

353 5082 623 5165 collocet
643 5098 809 5165 quare
849 5083 1158 5165 gecessario
1200 5082 1361 5152 illud,
1410 5085 1515 5142 aut
1562 5084 1945 5160 blaSphemiw,

354 5152 821 5225 pratermisimus.
849 5154 991 5213 Plut.

424 5225 536 5298 (39)
566 5226 687 5283 Non
724 5227 1029 5298 drachma,
1047 5224 1141 5283 sed
1164 5226 1730 5298 Atalentum.gEtiamsi
1772 5229 1948 5286 talen-

355 5296 472 5374 tum
494 5296 653 5374 esset,
683 5296 1204 5374 nonanimadvertit
1226 5299 1429 5374 Auctor
1454 5297 1612 5374 aliam
1642 5302 1949 5374 parabolam

356 5364 653 5509 ξ’ῗῖἰῗε
678 5368 886 5513 dimisit
923 5382 1084 5428 servo
1113 5382 1211 5427 suo
1248 5371 1437 5427 decem
1473 5364 1947 5432 millia'talentum.

434 5455 470 5494 a
565 5478 582 5495 .
655 5456 756 5499 VIII
788 5483 802 5498 .

434 5454 582 5496 αιεη.
611 5454 756 5499 XVIII
765 5454 779 5499 l
788 5483 802 5498 .

430 5508 542 5581 (60)
595 5508 781 5572 Totius
809 5514 944 5573 solis
984 5515 1204 5571 lancea.
1238 5512 1723 5581 Radio.Lanceam
1771 5515 1955 5572 tribuit

360 5578 484 5650 soli,
514 5596 676 5655 quam
718 5593 956 5659 opponat
999 5586 1233 5644 lucerna
1284 5578 1515 5658 spiculo,
1547 5586 1691 5660 quod
1741 5602 1773 5642 a
1818 5586 1955 5644 Iulio

1984 4466 2031 4543 D
2063 4449 2720 4543 £9‘£“°e_-éiﬁi‘£§_esss
2748 4458 2927 4543 9:292
2988 4456 3359 4543 πρφτιιιξτεκάν·
3408 4456 3533 4543 Rls-
3582 4490 3661 4543 ,-

2062 4523 2195 4593 Qua
2269 4530 2617 4598 sequuntur,_
2656 4524 2951 4598 pertinent,
2997 4523 3108 4579 neu
3182 4527 3247 4581 ad
3325 4528 3658 4598 poenitentes

2060 4600 2405 4669 peccatores,
2429 4594 2525 4650 sed
2554 4594 2745 4669 adgeos
2773 4596 2867 4669 qui
2896 4612 3006 4650 non
3037 4603 3200 4669 agunt
3228 4594 3599 4666 panitentiam
3633 4617 3649 4667 ;

2058 4664 2166 4790 gisi
2202 4665 2340 4724 forte
2375 4665 2443 4722 de
2479 4682 2579 4723 sua
2625 4664 3101 4724 Montzinistarumw
3116 4664 3365 4739 loquatur
3392 4664 3656 4728 Ecclesia.

2096 4751 2198 4790 ΔΗ.

2096 4751 2198 4794 ΛΠ.

2127 4808 2242 4882 (at)
2276 4809 2343 4864 In
2368 4807 2615 4882 vestibus
2642 4825 2902 4882 purpura
2931 4807 3654 4882 oculandisrllluminandis.

2057 4876 2148 4933 Sic
2183 4876 2252 4934 de
2281 4882 2391 4936 sole
2432 4876 2679 4937 Plinius":
2720 4876 2765 4932 ι’
2793 4880 2888 4936 Hic
2930 4879 3142 4938 reliqua
3186 4881 3366 4938 sidera
3394 4882 3593 4937 oculat.
3633 4903 3656 4933 ι

2059 4950 2307 5026 ΡιὈρτίειξΔ
2348 4958 2586 5026 autem
2615 4966 2897 5026 purpura
2982 4950 3295 5026 Splendor__
3313 4968 3410 5009 seu
3472 4953 3659 5026 fulgor

2055 5020 2237 5093 lumen
2257 5020 2473 5079 dicitur.
2498 5020 2718 5093 Fabius,
2742 5020 2933 5081 Instit.
2955 5020 3062 5080 vin
3092 5040 3109 5080 :
3148 5044 3171 5074 ι
3200 5022 3445 5081 Affercnt
3471 5020 3658 5082 lumen

2056 5091 2243 5235 (ﬂagra;
2268 5100 2322 5149 et
2350 5110 2607 5167 purpura
2636 5091 2754 5153 loco
2784 5094 3021 5152 inserta.
3065 5117 3091 5145 ιι
3122 5094 3379 5154 Horatius
3405 5096 3496 5169 (de
3524 5099 3659 5155 Arte

2105 5179 2135 5221 ο
2200 5204 2213 5219 .
2278 5182 2292 5220 :

2105 5178 2243 5221 0813.)
2278 5182 2292 5220 Ζ

2246 5277 2535 5342 Purpureus
2564 5278 2664 5330 late
2688 5279 2779 5345 qui
2803 5277 3067 5345 splendeat
3086 5292 3223 5332 unus
3248 5288 3301 5331 et
3320 5281 3463 5332 alter.

2131 5375 2414 5451 Arrianus,
2448 5379 2669 5451 Epict,
2700 5394 2742 5446 ι,
2791 5381 2823 5434 2
2885 5390 2899 5435 :
2932 5376 3097 5451 flavis
3168 5377 3223 5433 δὲ
3267 5380 3483 5450 πορφύρα
3522 5373 3666 5451 μεῖναι

2056 5447 2312 5522 βεῦλομαι,
2350 5449 2410 5505 τὸ
2450 5447 2614 5522 ὀλίγον
2653 5448 2829 5522 ἐκεῖνο,
2870 5449 2951 5505 καὶ
2984 5447 3226 5519 σέιλπνόν,
3256 5447 3340 5506 καῖ
3368 5447 3469 5511 ἑοῖς
3496 5448 3666 5511 ἄλλοις

2058 5515 2213 5576 αἴτιοῦ
2236 5515 2327 5577 τοῧ
2361 5515 2571 5595 ιὺπρεπῖῆ
2596 5515 2846 5595 φαίνεσθάι
2871 5524 2953 5578 καὶ
2975 5522 3124 5577 καλά.
