4058 6172
297 332 439 396 1049

1560 339 1759 402 LIBER
1806 336 1893 396 DE
1958 336 2315 403 PUDICITIA.

3456 343 3594 403 1050

284 463 397 555 rias
436 460 815 522 conﬁnxerunt
865 465 1227 524 doctrinarum
1266 482 1281 525 :
1315 466 1530 525 vacavit
1574 469 1625 508 ⁸4
1670 463 1879 524 scilicet
1907 475 1955 555 Α
1984 467 2223 525 subverti
2258 467 2507 524 videmus
2536 484 2599 525 ea
2626 468 3075 541 interpretatione
3104 484 3228 541 quae
3265 485 3332 526 ex
3372 469 3591 529 diverso

286 551 394 609 illis
438 553 629 609 solutis
658 570 691 609 a
742 555 929 628 regula
980 556 1220 614 veritatis
1269 556 1386 629 (53)
1442 572 1509 615 ea
1562 555 1880 630 conquirere

287 650 449 715 atque
478 656 824 715 componere,
852 659 1091 716 quorum
1122 646 1397 718 parabolas
1434 645 1706 704 videntur.

891 734 1115 791 CAPUT
1147 734 1243 794 IX.

358 822 471 877 Nos
498 830 697 888 autem,
736 822 863 893 quia
889 840 996 880 non
1024 841 1097 881 ex
1139 825 1411 897 parabolis
1450 825 1703 883 materias
1738 840 1888 882 com-

286 919 612 977 mentamur,
643 911 741 967 sed
772 927 834 967 ex
867 913 1106 970 materiis
1126 916 1413 986 parabolas
1442 915 1882 985 interpretamur,

288 1015 390 1055 nec
410 999 564 1057 valde
594 1001 907 1057 laboramus
935 1004 1119 1061 omnia
1144 1003 1200 1059 in
1238 1004 1580 1076 expositione
1610 1013 1881 1077 torquere,

289 1088 421 1143 dum
472 1088 739 1145 contraria
783 1106 1015 1165 quaeque
1068 1108 1375 1151 caveamus.
1428 1093 1606 1165 Quare
1668 1098 1886 1151 centum

289 1191 424 1234 oves
451 1177 605 1249 (Luc.
640 1194 740 1245 xv,
773 1177 876 1249 4)?
906 1187 959 1235 et
980 1179 1107 1252 quid
1136 1183 1326 1255 utique
1356 1183 1548 1240 decem
1574 1184 1886 1241 drachmaa‘?

290 1276 346 1322 et
369 1264 546 1324 997
578 1267 835 1340 quasilla:
876 1284 1057 1343 scapte
1106 1272 1266 1341 (Ibid.
1310 1272 1410 1346 8)?
1457 1274 1702 1330 Necesse
1745 1281 1881 1340 erat,

287 1354 381 1426 qui
438 1355 599 1411 unius
662 1358 968 1426 peccatoris
1050 1358 1279 1416 salutem
1344 1361 1707 1435 gratissimam
1771 1362 1887 1418 Deo

285 1441 502 1500 volebat
566 1444 896 1515 exprimere,
965 1447 1200 1520 aliquam
1266 1450 1479 1507 numeri
1529 1450 1880 1521 quantitatem

287 1531 621 1600 nominaret,
654 1533 722 1590 de
750 1549 859 1606 quo
908 1551 1082 1593 unum
1136 1536 1356 1609 quidem
1415 1538 1618 1608 perisse
1672 1538 1883 1594 descri-

288 1621 476 1691 beret;
510 1638 737 1681 necesse
763 1635 882 1682 erat
905 1632 962 1681 ut
980 1626 1195 1685 habitus
1213 1628 1541 1700 requirentis
1565 1628 1881 1683 drachmam

288 1709 343 1765 in
375 1710 562 1781 domo,
594 1719 707 1770 tam
754 1728 1041 1785 scaparum
1071 1732 1232 1787 quam
1261 1717 1500 1774 lucernas
1549 1716 1884 1773 adminiculo

288 1796 816 1855 adcommodaretur.
864 1802 1195 1871 Hujusmodi
1247 1806 1391 1861 enim
1436 1804 1779 1863 curiositates
1830 1813 1886 1860 et

291 1893 550 1957 suspecta
594 1886 797 1943 faciunt
842 1889 1113 1960 quaedam,
1162 1898 1217 1947 et
1252 1902 1558 1949 eoactarum
1595 1892 1887 1964 expositio-

289 1987 423 2026 num
472 1974 766 2031 subtilitate
827 1977 1145 2050 plerumque
1194 1979 1472 2037 deducunt
1524 1997 1558 2036 a
1637 1982 1884 2039 veritate.

288 2057 432 2113 Sunt
491 2070 671 2115 autem
744 2080 866 2135 quas
946 2072 1002 2120 et
1057 2068 1375 2137 simpliciter
1427 2068 1603 2139 posita
1644 2080 1774 2127 sunt
1816 2070 1886 2126 ad

286 2145 597 2201 struendam
626 2155 679 2202 et
707 2149 1099 2219 disponendam
1137 2163 1191 2210 et
1229 2156 1517 2212 texendam
1551 2157 1886 2228 parabolam,

290 2242 351 2289 ut
386 2231 514 2290 illuc
548 2234 915 2304 perducantur
940 2239 1029 2295 cui
1084 2244 1391 2313 exemplum
1441 2253 1780 2314 procuratur.
1819 2245 1892 2301 Et

290 2322 400 2378 duo
436 2324 623 2394 utique
668 2322 763 2379 ﬁlii
807 2325 935 2381 illuc
982 2329 1331 2398 spectabunt,
1380 2347 1489 2403 quo
1533 2340 1587 2387 et
1628 2333 1888 2390 drachma

292 2420 348 2468 et
379 2411 516 2470 ovis.
564 2413 774 2483 Quibus
828 2415 974 2470 enim
1025 2417 1329 2486 cohaerent,
1382 2420 1627 2477 eamdem
1690 2421 1893 2477 habent

288 2516 565 2577 caussam,
596 2502 948 2575 eamdemque
984 2504 1171 2577 utique
1198 2508 1645 2580 mussitationem,
1697 2508 1890 2577 Phari-

294 2606 529 2646 saeorum
573 2606 703 2665 erga
780 2594 1163 2650 commercium
1216 2595 1435 2652 Domini
1507 2598 1884 2656 ethnicorum:

292 2686 407 2744 aut,
464 2680 509 2735 si
560 2680 680 2751 quis
736 2680 950 2738 dubitat
1003 2683 1252 2740 ethnicos
1327 2684 1495 2741 fuisse
1578 2687 1892 2757 publicanos

293 2769 437 2842 apud
466 2767 727 2837 Judmam,
760 2778 1072 2842 usurpatam
1101 2773 1215 2842 (54)
1244 2772 1360 2842 jam
1389 2774 1605 2844 pridem
1646 2774 1891 2847 Pompeii

296 2872 461 2913 manu
486 2863 645 2930 atque
671 2859 900 2925 Luculli,
957 2860 1105 2933 legat
1156 2861 1643 2919 Denteronomium
1691 2863 1892 2936 (χχιιι,

297 2948 390 3017 19)
426 2964 440 3004 :
473 2948 592 3005 Non
619 2948 732 3005 erit
760 2951 999 3023 vectigal
1026 2951 1275 3025 pendens
1303 2967 1378 3010 ea:
1395 2954 1537 3024 ﬁliis
1564 2955 1762 3013 Israel.
1785 2953 1896 3009 Nec

297 3014 411 3092 tarn
461 3036 792 3093 exsecrabile
841 3014 985 3095 esset
1026 3014 1230 3096 nomen
1292 3014 1716 3113 publicanorum
1779 3042 1893 3112 (55)
1926 3014 1969 3093 θ

296 3125 443 3196 apud
488 3126 809 3196 Dominum,
838 3127 941 3183 nisi
988 3135 1310 3186 extraneum
1338 3130 1686 3187 vendentium
1716 3129 1893 3203 ipsius

297 3213 425 3273 caeli
450 3221 507 3270 et
532 3222 693 3272 terrae
720 3221 773 3273 et
799 3215 969 3271 maris
1009 3217 1286 3274 transitus.
1342 3219 1665 3276 Peccatores
1714 3226 1893 3276 autem

296 3319 424 3359 cum
450 3301 697 3375 adiungit
724 3302 1030 3373 publicanis
1077 3304 1227 3376 (Luc.
1282 3321 1382 3374 xv,
1429 3306 1505 3379 2).
1544 3322 1654 3364 non
1709 3306 1893 3363 statim

291 3391 515 3447 Judasos
545 3390 800 3459 ostendit,
833 3392 937 3448 etsi
987 3391 1156 3466 aliqui
1205 3393 1373 3451 fuisse
1415 3402 1728 3465 potuerunt.
1783 3394 1893 3451 Sed

290 3496 463 3536 unum
491 3496 660 3554 genus
688 3481 1023 3537 ethnicorum
1050 3481 1188 3538 alios
1221 3498 1287 3538 ex
1323 3481 1509 3541 ofﬁcio
1549 3490 1889 3555 peccatores,

285 3572 345 3627 id
384 3580 470 3627 est
507 3570 842 3642 publicanos,
872 3570 1008 3627 alios
1036 3588 1103 3628 ex
1128 3578 1336 3639 natura,
1370 3574 1423 3629 id
1445 3582 1530 3630 est
1558 3589 1669 3629 non
1716 3572 1894 3647 publi-

291 3673 461 3715 canos
517 3658 718 3728 pariter
782 3658 1034 3727 ponendo
1088 3659 1353 3718 distinxit.
1412 3662 1707 3734 Caeterum,
1794 3677 1894 3717 nec

291 3746 637 3803 denotaretur
656 3761 783 3802 cum
809 3747 1010 3802 Iudaeis
1037 3749 1446 3807 communicans
1492 3752 1604 3821 (56)
1664 3751 1890 3818 victum,

292 3835 391 3890 sed
419 3850 539 3889 cum
570 3833 818 3898 ethnicis,
856 3850 1092 3907 quorum
1150 3854 1392 3895 mensam
1450 3839 1670 3896 Iudaica
1719 3840 1889 3896 disci-

292 3924 441 3995 plina
470 3922 711 3993 depellit.
751 3923 912 3979 Nunc
947 3924 1014 3980 de
1041 3922 1154 3980 ﬁlio
1187 3927 1412 3998 prodigo
1442 3926 1496 3981 id
1525 3928 1675 3997 prius
1704 3928 1889 3986 consi-

289 4009 590 4067 derandum
634 4020 718 4065 est
760 4010 906 4081 quod
953 4011 1176 4068 utilius:
1212 4028 1322 4069 non
1374 4012 1521 4069 enim
1578 4016 1892 4073 admittetur

294 4100 673 4171 exemplorum
748 4101 1072 4171 adaequatio,
1122 4101 1247 4158 licet
1303 4102 1525 4175 imagini
1579 4119 1891 4177 congruen-

292 4188 525 4257 tissima,
558 4188 604 4244 si
632 4186 795 4244 fuerit
824 4187 983 4243 saluti
1014 4190 1417 4247 nocentissima.
1464 4192 1659 4248 Totum
1706 4199 1883 4248 autem

1993 559 2297 616 affectatur.
2336 559 2493 626 Nam,
2538 558 2584 615 si
2612 559 2950 616 Christianus
2987 568 3069 614 est
3112 559 3204 629 qui
3243 566 3521 632 acceptam
3559 575 3592 616 a

1994 648 2107 704 Deo
2139 655 2289 719 patre
2334 646 2703 713 substantiam,
2752 648 2938 721 utique
2991 646 3360 719 baptismatis,
3410 648 3592 723 utique

1994 737 2226 807 Spiritus
2272 737 2465 805 sancti,
2511 744 2565 794 et
2610 737 2806 794 exinde
2848 736 2964 809 spei
2993 746 3228 804 aeternae,
3258 738 3422 815 longe
3461 756 3589 797 eva-

1994 834 2151 899 gatus
2196 843 2228 882 a
2272 836 2425 899 patre
2468 825 2707 900 prodigit
2751 827 2964 884 ethnice
3028 826 3257 892 vivens,
3306 827 3353 883 si
3395 836 3592 886 exutus

1992 916 2152 972 bonis
2194 916 2389 973 mentis
2440 915 2600 972 etiam
2649 914 2882 988 principi
2928 916 3112 972 saeculi
3170 916 3279 985 (cui
3310 916 3401 972 alii
3428 934 3591 990 quam

1991 1004 2270 1075 diabolo?)
2315 1004 2600 1061 servitium
2649 1021 2809 1061 suum
2854 1004 3092 1071 tradidit,
3126 1012 3179 1061 et
3207 1005 3274 1060 ab
3305 1020 3370 1062 eo
3404 1005 3590 1076 porcis

1990 1093 2225 1162 alendis,
2308 1093 2602 1149 immundis
2686 1092 2887 1150 scilicet
2965 1093 3242 1165 spiritibus
3304 1094 3587 1162 curandis,

1992 1184 2335 1256 praepositus,
2383 1182 2607 1255 resipuit
2653 1183 2720 1239 ad
2768 1190 2975 1255 patrem
3022 1184 3217 1241 reverti
3258 1202 3272 1239 :
3321 1185 3435 1255 jam
3481 1198 3591 1240 non

1992 1273 2189 1330 mmchi
2221 1281 2274 1328 et
2317 1271 2614 1341 fornicarii,
2658 1272 2754 1329 sed
2791 1271 3090 1329 idololatras
3121 1279 3175 1327 et
3210 1271 3510 1343 blasphemi
3539 1279 3594 1328 et

1994 1367 2298 1433 negatores,
2349 1369 2400 1417 et
2446 1376 2606 1418 omne
2650 1368 3021 1433 apostatarum
3068 1376 3262 1433 genus,
3303 1361 3403 1417 hac
3431 1377 3593 1432 para-

1996 1449 2124 1506 bola
2180 1448 2318 1522 patri
2374 1449 2724 1505 satisfacient.
2784 1449 2852 1503 Et
2894 1448 3031 1505 elisa
3078 1456 3158 1503 est
3211 1449 3491 1506 verissime
3544 1449 3594 1486 ⁴⁵

1992 1537 2098 1593 hoc
2142 1537 2317 1609 magis
2362 1540 2526 1594 modo
2590 1544 2704 1593 tota
2751 1536 3043 1593 substantia
3088 1536 3407 1592 sacramenti
3455 1536 3590 1607 (5'7).

1992 1624 2125 1691 Quis
2168 1626 2311 1680 enim
2352 1628 2558 1681 timebit
2607 1626 2893 1695 prodigere
2940 1625 3085 1696 quod
3134 1624 3350 1681 habebit
3408 1631 3597 1696 postea

1990 1714 2342 1785 recuperari?
2421 1714 2542 1785 quis
2630 1713 2838 1769 curabit
2920 1722 3185 1785 perpetuo
3275 1728 3596 1769 conservare

1990 1802 2135 1875 quod
2210 1817 2316 1859 non
2372 1812 2637 1873 perpetuo
2724 1801 2920 1873 poterit
2989 1800 3270 1856 amittere?
3327 1801 3597 1857 Securitas

1993 1891 2176 1947 delicti
2220 1892 2384 1948 etiam
2414 1889 2579 1946 libido
2624 1896 2705 1945 est
2733 1891 2875 1959 ejus.
2932 1888 3291 1957 Reeuperabit
3351 1888 3515 1960 igitur
3545 1895 3597 1943 et

1994 1987 2238 2051 apostata
2284 1986 2488 2035 vestem
2532 1978 2787 2050 priorem,
2838 1976 3214 2031 indumentum
3264 1974 3436 2031 998
3468 1976 3596 2047 Spi-

1996 2070 2131 2124 ritus
2169 2067 2354 2133 sancti,
2402 2074 2456 2123 et
2485 2066 2747 2123 annulum
2786 2066 2961 2122 denuo
2990 2063 3329 2134 signaculum
3374 2064 3593 2129 lavacri,

1997 2164 2054 2211 et
2097 2172 2285 2213 rursus
2312 2155 2388 2211 illi
2418 2154 2738 2211 mactabitur
2766 2153 3014 2210 Christus
3041 2153 3194 2225 (Luc.
3227 2170 3321 2219 xv,
3350 2155 3441 2222 22,
3481 2152 3594 2222 23),

1998 2252 2050 2302 et
2097 2246 2379 2303 recumbet
2429 2260 2495 2300 eo
2538 2243 2591 2298 in
2635 2246 2829 2300 throno
2855 2244 2922 2300 de
2953 2258 3060 2317 quo
3089 2241 3313 2316 indigne
3361 2241 3539 2298 vestiti
3567 2256 3599 2294 a

1996 2335 2295 2391 tortoribus
2339 2334 2518 2389 solent
2556 2332 2692 2398 tolli,
2727 2340 2780 2388 et
2816 2334 2977 2403 abjici
3008 2334 3061 2387 in
3094 2332 3345 2388 tenebras
3375 2333 3595 2403 (Matth.

1996 2438 2136 2493 χιιι,
2173 2427 2259 2491 12,
2322 2424 2435 2492 13),
2490 2421 2691 2477 nedum
2747 2421 2979 2493 spoliati.
3030 2423 3159 2477 Plus
3199 2428 3283 2476 est
3335 2420 3517 2495 igitur,
3547 2419 3593 2475 si

1996 2527 2095 2567 nec
2133 2510 2348 2582 expedit
2394 2511 2449 2567 in
2502 2510 2863 2567 Christianum
2895 2510 3185 2568 convenire
3222 2509 3466 2565 ordinem
3500 2508 3599 2564 ﬁlii

1994 2600 2231 2673 prodigi.
2279 2600 2437 2669 Quod
2482 2600 2530 2658 si
2558 2616 2656 2657 nec
2690 2600 2746 2655 in
2773 2600 3021 2656 Judaeum
3048 2600 3258 2674 integre
3295 2599 3389 2654 ﬁlii
3416 2598 3598 2673 imago

1996 2690 2286 2755 concurrit,
2337 2688 2405 2744 ad
2452 2688 2793 2759 propositum
2814 2687 3031 2744 Domini
3059 2687 3372 2758 simpliciter
3422 2688 3595 2765 inter-

2003 2778 2235 2848 pretatio
2301 2776 2703 2850 gubernabitur.
2769 2775 3004 2831 Venerat
3066 2775 3330 2831 Dominus
3390 2773 3595 2847 utique,

2002 2875 2061 2922 ut
2087 2865 2231 2938 quod
2256 2864 2508 2937 perierat,
2540 2865 2749 2921 salvum
2777 2863 2999 2930 faceret,
3047 2863 3292 2919 medicus
3328 2863 3597 2935 languen-

2007 2954 2149 3009 tibus
2190 2954 2367 3027 magis
2412 2969 2575 3025 quam
2601 2952 2748 3009 sanis
2774 2952 3115 3010 necessarius
3158 2951 3383 3023 (Matth.
3422 2967 3594 3019 XVIII,

2003 3046 2102 3109 ii;
2133 3042 2232 3111 IX,
2259 3044 2358 3108 i2;
2391 3043 2524 3097 Luc.
2557 3055 2722 3106 χιιι,
2754 3043 2858 3110 1ος
2890 3056 2949 3107 v,
2982 3040 3090 3112 3t).
3120 3041 3235 3097 Hoc
3263 3048 3317 3097 et
3344 3039 3400 3095 in
3430 3056 3593 3111 para-

2001 3130 2139 3186 bolis
2195 3128 2489 3202 ﬁgurabat,
2529 3135 2585 3184 et
2632 3128 2687 3183 in
2736 3128 3018 3184 sententiis
3064 3128 3412 3199 praedicabat.
3462 3127 3597 3198 Quis

2000 3218 2141 3289 perit
2185 3216 2518 3274 hominum?
2556 3216 2680 3288 quis
2715 3215 2861 3271 labat
2888 3217 2956 3272 de
3003 3216 3333 3285 valetudine,
3375 3215 3478 3271 nisi
3502 3215 3595 3288 qui

2000 3307 2177 3362 Deum
2214 3304 2433 3361 nescit?
2462 3304 2585 3377 quis
2611 3304 2794 3361 salvus
2841 3320 2904 3359 ac
2944 3320 3132 3371 sanus,
3172 3304 3277 3361 nisi
3298 3303 3395 3375 qui
3422 3304 3594 3359 Deum

2000 3391 2193 3449 novit?
2222 3392 2330 3448 Has
2383 3393 2516 3449 duas
2562 3391 2770 3464 species
2814 3391 2884 3448 de
2939 3408 3139 3465 genere
3188 3392 3452 3448 fraternas
3487 3392 3606 3447 haec

1997 3498 2216 3555 quoque
2256 3483 2488 3554 signabit
2517 3481 2789 3552 parabola.
2820 3481 2958 3538 Vide
2987 3497 3053 3537 an
3112 3482 3303 3537 habeat
3344 3482 3605 3535 ethnicus

1998 3570 2353 3627 substantiam
2409 3570 2466 3626 in
2512 3571 2628 3627 Deo
2679 3571 2837 3626 Patre
2879 3585 3075 3625 census
3131 3576 3187 3624 et
3230 3567 3507 3642 sapientia:
3556 3578 3608 3625 et

1998 3660 2256 3716 naturalis
2287 3660 2579 3733 agnitionis
2605 3660 2663 3715 in
2711 3660 2913 3731 Deum;
2950 3675 3043 3729 per
3083 3674 3247 3731 quam
3275 3666 3330 3714 et
3357 3658 3603 3727 Aposto-

1997 3747 2083 3802 lus
2113 3756 2263 3804 notat
2291 3749 2343 3803 in
2385 3748 2651 3819 sapientia
2698 3748 2797 3805 Dei
2837 3763 2944 3804 non
2972 3747 3294 3814 cognovisse
3345 3746 3607 3802 mundum

2001 3852 2097 3908 per
2126 3837 2447 3907 sapientiam
2493 3838 2669 3893 Deum
2700 3838 2753 3909 (Ι
2780 3838 2902 3895 Cor.
2935 3852 2974 3903 ι,
3006 3837 3120 3907 21),
3153 3852 3315 3907 quam
3347 3834 3535 3907 utique
3572 3849 3605 3888 a

1998 3926 2114 3982 Deo
2167 3935 2464 3998 acceperat.
2495 3928 2649 3983 Hanc
2714 3926 2891 3997 itaque
2937 3924 3185 3997 prodegit
3232 3925 3396 3998 longe
3427 3938 3461 3978 a
3488 3924 3604 3979 Do-

2000 4014 2151 4071 mino
2199 4014 2440 4071 moribus
2484 4013 2659 4071 factus
2706 4013 2850 4070 inter
2898 4028 3111 4068 errores
3141 4022 3195 4067 et
3242 4011 3526 4069 illecebras
3554 4016 3612 4066 et

1999 4101 2255 4159 libidines
2324 4102 2535 4171 saeculi,
2614 4098 2703 4157 ubi
2758 4101 2900 4156 fame
2968 4100 3211 4157 veritatis
3269 4102 3603 4175 compulsus,

1998 4189 2217 4245 tradidit
2261 4206 2321 4246 se
2372 4189 2601 4259 principi
2640 4190 2803 4258 hujus
2849 4187 2974 4243 zevi.
3004 4189 3100 4243 Ille
3158 4204 3284 4244 eum
3333 4188 3606 4256 praefecit.

293 4282 495 4331 statum
553 4276 759 4346 salutis,
804 4275 860 4330 iu
919 4286 1102 4333 tenore
1162 4277 1464 4350 disciplinae
1518 4279 1887 4346 constitutum,
1922 4259 1969 4336 υ
2003 4278 2185 4350 porcis
2215 4279 2298 4349 (ut
2326 4277 2589 4333 familiare
2622 4276 2679 4332 id
2721 4276 3027 4332 daemonum
3081 4289 3254 4348 pecus
3300 4275 3601 4346 pasceret),

1674 4428 1870 4493 Variae
1912 4432 2227 4493 lectiones.

369 4555 421 4595 “
444 4556 635 4614 Vacuit
670 4561 829 4616 Pam.
872 4560 1052 4619 Rhen.
1099 4560 1324 4619 Oberth.
1364 4563 1524 4635 Leop.
1556 4561 1607 4600 ‘5
1635 4562 1929 4619 Verissime
1966 4563 2126 4620 abest
2162 4578 2199 4619 a
2236 4563 2359 4633 Rig.

1726 4687 2227 4752 Commentarius.

298 4812 521 4897 gallinis
548 4827 639 4873 aut
666 4817 1011 4897 avibusque;
1039 4820 1213 4891 pullos
1258 4820 1513 4897 dicuntur
1559 4821 1885 4891 excludere)

299 4891 578 4968 accipitur
587 4904 687 4959 pro
699 4891 1347 4968 ena_c_leant,exponun_t,
1364 4895 1887 4968 interpretantur...

295 4958 468 5035 sitqui
496 4958 705 5035 videtur
723 4961 862 5035 mihi
893 4978 1057 5035 agere
1084 4958 1269 5019 contra
1296 4958 1535 5019 Marcum
1583 4972 1637 5020 et
1689 4965 1887 5020 Color-

299 5028 495 5110 basttrn
534 5030 853 5110 haereticos,
912 5028 1004 5104 qui
1061 5035 1255 5110 Deum_
1280 5050 1435 5089 suum
1486 5049 1577 5110 ex
1649 5036 1891 5110 numeris

297 5097 772 5178 conﬁciebant,_et
799 5097 946 5178 inter
966 5112 1162 5178 caetera
1209 5106 1445 5178 (Irenaeo
1477 5106 1635 5171 teste,
1685 5105 1776 5160 lib.
1832 5104 1887 5171 4,

302 5185 429 5246 cap.
465 5170 654 5246 l3)“ex
680 5174 940 5231 drachma
967 5176 1173 5246 perdita
1199 5170 1256 5232 et
1278 5191 1397 5233 ove.
1429 5177 1570 5231 Plut.

376 5242 493 5323 ςξδ)
534 5242 767 5323 'Vacaqit
793 5242 1012 5323 scilicet
1041 5248 1158 5305 illis
1186 5250 1385 5323 solutis
1424 5264 1459 5302 α
1488 5248 1685 5323 regula
1747 5249 1893 5323 ceri-

311 5315 468 5380 tatis,
536 5322 639 5371 etc.
699 5318 993 5389 Haarcticos
1046 5333 1236 5373 omnes
1290 5316 1377 5373 hic
1427 5315 1568 5389 cum'
1626 5319 1895 5389 Psychicis

309 5389 477 5456 notat,
504 5401 615 5461 non
645 5397 856 5461 tantum
910 5388 1327 5448 Colorbasianos
1363 5388 1455 5461 qui
1511 5388 1707 5461 Deum:
1734 5405 1896 5446 suum

305 5469 379 5510 ex
394 5458 648 5533 luu‘meris
672 5459 1049 5533 conﬁciebant,
1078 5471 1136 5517 ut
1169 5469 1317 5533 putat
1353 5458 1643 5517 Pamelius.
1674 5460 1752 5516 La
1795 5463 1891 5533 Pa.

383 5524 501 5607 (54)
531 5532 625 5607 De,
654 5531 853 5607 Indica
901 5524 1184 5607 usurpata
1235 5549 1414 5590 manu
1464 5533 1754 5607 Pompeii,
1784 5530 1897 5587 vid.

304 5596 541 5672 Josepb.
588 5602 900 5678 Antiquit.,
927 5604 1023 5663 lib.
1042 5596 1178 5672 'xxv,
1216 5620 1338 5678 cap.
1362 5607 1419 5677 8,
1449 5612 1503 5661 et
1537 5596 1619 5661 de'
1635 5604 1786 5661 Bello

1994 4819 2247 4883 Iudaico,
2296 4817 2394 4874 lib.
2446 4833 2485 4884 t,
2535 4832 2657 4887 cap.
2706 4819 2760 4881 5,
2807 4823 2972 4886 atque
3022 4812 3275 4887 Hegesip.
3309 4813 3378 4871 de
3408 4814 3607 4870 Excid.

1994 4891 2291 4959 Hierosol.,
2322 4890 2415 4944 lib.
2449 4905 2488 4959 ι,
2530 4904 2649 4958 cap.
2688 4890 2778 4951 14,
2811 4890 2898 4943 17.
2933 4888 3078 4942 Pus.

2065 4961 2184 5032 (55)
2206 4957 2312 5018 Nec
2343 4966 2463 5016 tam
2478 4957 2832 5017 exsecrabile
2869 4964 3009 5015 esset
3038 4972 3242 5014 nomen
3268 4957 3610 5032 publicano-

1994 5027 2318 5091 ru'mﬁBelli
2350 5047 2546 5086 nervos
2573 5033 2847 5101 Septimus
2874 5034 3212 5101 exsecratur,
3224 5027 3329 5101 qui
3363 5027 3501 5084 libro
3539 5027 3605 5083 de

2000 5106 2234 5166 Corona,
2267 5102 2485 5158 militem
2523 5097 2887 5157 Christianum
2916 5099 3193 5157 discinxit.
3224 5097 3347 5154 RIG.

2067 5175 2187 5244 (56)
2218 5176 2326 5231 Nec
2354 5173 2728 5244 denotaretur
2756 5189 2885 5229 cum
2915 5173 3123 5229 Iudaeis
3155 5172 3606 5235 communicans,

1997 5243 2103 5303 etc.
2150 5246 2321 5300 Etiam
2367 5243 2425 5302 in
2474 5248 2575 5300 hoc
2620 5243 2827 5299 fallitur
2875 5246 3097 5307 Auctor,
3148 5244 3277 5312 quia
3316 5244 3614 5297 denatatus

2001 5318 2100 5375 fuit
2128 5317 2394 5373 Dominus
2426 5315 3259 5383 peccatricistactumadmittens
3287 5313 3447 5383 (Luc.
3479 5313 3610 5382 vn),

2002 5406 2124 5463 cum
2153 5390 2314 5463 etiam
2341 5385 2530 5463 Iudaea
2559 5393 2719 5463 esset,
2752 5402 2871 5463 non_
2894 5387 3129 5463 ethnice.
3162 5385 3300 5438 Pu.
3444 5453 3484 5463 η

2078 5461 2195 5533 (5'1)
2234 5461 2474 5533 Etgelisa
2502 5463 2589 5533 est
2617 5449 2738 5533 tota
2783 5457 3106 5517 substantia
3134 5453 3503 5512 sacramenti.
3535 5449 3619 5506 De

2016 5530 2279 5605 baptiSmo
2306 5530 2642 5605 intelligitur.
2677 5532 2822 5587 Plut.
