4062 6178
526 331 656 403 1051

1206 331 1653 397 TERTULLIANI
1697 318 1969 392 OPBRUM
2003 316 2175 391 PARS
2210 320 2280 388 Π.
2307 353 2381 371 -
2418 321 2647 389 SERIES
2683 323 2752 398 II,
2790 322 3105 387 MORALIA.

3686 328 3824 394 1052

521 468 614 524 ubi
662 481 766 523 nec
810 463 902 523 ille
946 477 1169 537 compos
1220 469 1365 520 esset
1410 446 1585 519 vitalis
1625 474 1783 529 escae,
1850 448 2119 531 simulque
2140 464 2188 550 Α
2220 446 2416 550 quibus
2440 452 2687 526 pericula
2715 452 2832 550 ipsa
2861 467 2972 510 non
3009 453 3246 550 sapiunt,
3287 453 3400 550 illic
3422 454 3615 550 :autem
3652 459 3825 530 pani-

520 556 656 612 alios
682 556 886 613 videret
934 554 990 611 in
1028 569 1193 626 Opere
1227 553 1415 613 divino
1462 548 1797 609 abundantes
1828 565 1967 621 pane
1994 564 2111 606 coe-

518 644 659 703 lesti.
702 643 1033 702 Recordatur
1070 643 1236 715 patris
1278 641 1399 713 Dei,
1452 640 1730 698 satisfacto
1767 638 1936 707 redit,
1983 654 2116 696 ves-

519 740 628 793 tam
684 734 964 807 pristinam
1014 731 1234 804 recipit;
1284 738 1481 789 statum
1535 730 1739 788 scilicet
1791 742 1914 785 eum
1956 742 2115 801 quem

517 824 692 883 Adam
766 832 1139 895 transgressus
1210 823 1496 889 amiserat;
1584 819 1843 876 annulum
1904 832 2116 892 quoque

518 916 719 987 accipit
744 922 872 972 tunc
917 913 1168 985 primum,
1209 928 1317 986 quo
1360 911 1489 967 ﬁdei
1536 911 1839 982 pactionem
1876 908 2114 965 interro-

517 1014 672 1077 gatus
722 1004 993 1077 obsignat,
1034 1010 1193 1073 atque
1233 1002 1307 1058 ita
1357 1000 1552 1056 exinde
1598 1000 1874 1071 Opimitate
1919 997 2112 1054 Domi-

516 1094 624 1149 nici
669 1093 916 1167 corporis
957 1090 1215 1163 vescitur,
1267 1089 1596 1147 Eucharistia
1624 1089 1848 1146 scilicet.
1879 1088 1975 1144 Hic
2011 1086 2117 1144 erit

516 1184 781 1257 prodigus
806 1180 970 1248 ﬁlius,
1001 1181 1097 1256 qui
1124 1197 1397 1253 nunquam
1438 1188 1580 1235 retro
1611 1179 1776 1253 frugi,
1804 1178 1895 1251 qui
1931 1177 2111 1234 statim

515 1272 796 1348 prodigus,
854 1273 995 1345 quod
1051 1287 1160 1326 non
1210 1270 1388 1326 statim
1447 1268 1800 1326 Christianus.
1851 1269 2005 1322 Hunc
2056 1274 2111 1323 et

511 1361 769 1419 Pharisaei
798 1362 864 1418 de
905 1361 1103 1418 saeculo
1139 1359 1205 1415 ad
1234 1360 1402 1432 patris
1446 1359 1769 1431 complexus
1829 1364 2110 1413 reverten-

513 1458 644 1523 tem,
700 1452 753 1507 in
806 1450 1110 1523 publicanis
1156 1456 1211 1506 et
1254 1448 1627 1521 peccatoribus
1689 1446 2012 1504 maerebant.
2043 1445 2109 1500 Et

512 1540 635 1598 ideo
680 1540 748 1596 ad
802 1540 907 1596 hoc
943 1540 1119 1595 solum
1177 1539 1400 1608 majoris
1447 1536 1625 1594 fratris
1670 1536 2108 1593 accommodatus

510 1637 594 1687 est
620 1630 782 1695 livor;
833 1643 942 1686 non
980 1627 1105 1700 quia
1143 1627 1458 1683 innocentes
1486 1636 1541 1682 et
1597 1627 1711 1682 Deo
1742 1625 2105 1695 obsequentes

509 1718 700 1784 Judaei,
760 1718 854 1774 sed
919 1717 1043 1789 quia
1106 1716 1406 1772 invidentes
1475 1714 1782 1771 nationibus
1852 1712 2101 1781 salutem,

509 1764 700 1784 -_.....,
760 1764 854 1774 υ,-
962 1764 1043 1771 _._
1107 1764 1405 1772 -_.-_v.._--
1476 1764 1780 1771 “ww”-
1853 1764 2101 1781 ---ιφ-Ἰ

509 1807 671 1880 plane
716 1820 856 1880 quos
903 1764 1114 1876 semper
1160 1805 1301 1876 apud
1350 1812 1558 1876 patrem
1604 1820 1724 1859 esse
1768 1810 2098 1875 Oportuerat.
2138 1764 2182 1842 Β

508 1894 581 1951 Ει
630 1894 813 1965 utique
867 1893 1086 1949 Iudaeus
1132 1892 1198 1947 ad
1258 1892 1482 1963 primam
1531 1891 1709 1946 statim
1764 1890 2105 1946 vocationem

509 1981 797 2039 Christiani
843 1982 1026 2054 gemit,
1070 1998 1176 2037 non
1234 1981 1300 2036 ad
1344 1980 1633 2036 secundam
1674 1980 2099 2035 restitutionem:

508 2072 601 2127 illa
646 2072 787 2127 enim
843 2071 1010 2126 etiam
1052 2070 1279 2127 ethnicis
1329 2071 1549 2140 relucet,
1582 2071 1696 2125 hmo
1722 2083 1851 2126 vero
1898 2083 2019 2140 qum
2048 2066 2103 2122 in

502 2161 768 2219 Ecclesi’is
814 2163 1011 2234 agitur,
1044 2179 1111 2219 ne
1165 2161 1367 2218 Judaeis
1422 2162 1641 2233 quidem
1670 2168 1797 2215 nota
1826 2166 1927 2215 est.
1966 2159 2102 2214 Puto

507 2266 594 2306 me
649 2256 701 2304 et
752 2251 988 2306 materiae
1042 2252 1424 2324 parabolarum
1469 2259 1521 2305 et
1587 2248 1950 2319 congruentia;
2007 2262 2098 2303 re-

506 2354 647 2407 rum,
723 2346 776 2393 et
834 2339 1013 2395 tutelae
1102 2340 1510 2409 disciplinarum
1586 2337 2101 2395 accommodatiores

505 2425 972 2497 interpretationes
1044 2427 1365 2484 reddidisse.
1432 2429 1720 2498 Caeterum,
1779 2427 1824 2482 si
1870 2426 1925 2481 in
1997 2426 2101 2480 hoc

506 2514 668 2588 gestit
719 2513 930 2571 diversa
990 2531 1114 2585 pars
1164 2531 1317 2571 ovem
1384 2524 1435 2571 et
1479 2517 1822 2583 drachmam,
1891 2522 1946 2570 et
2006 2504 2103 2567 ﬁlii

402 2660 410 2666 ,
502 2601 770 2659 luxuriam
815 2602 1114 2660 Christiano
1160 2605 1422 2675 peccatori
1458 2604 1830 2678 configurare,
1861 2611 1921 2659 ut
1960 2618 2099 2659 moe-

502 2691 676 2748 chiam
704 2699 759 2748 et
806 2691 1215 2750 fornicationem
1270 2692 1592 2766 poenitentia
1651 2696 1871 2759 donent,
1929 2699 2020 2748 aut
2048 2694 2107 2751 et

502 2790 697 2837 caetera
777 2780 972 2837 delicta
1050 2780 1249 2852 pariter
1322 2781 1572 2854 capitalia
1624 2779 1801 2838 999
1878 2783 2101 2838 concedi

500 2868 789 2941 oportebit,
841 2878 930 2925 aut
987 2869 1140 2940 paria
1190 2885 1401 2942 quoque
1448 2885 1637 2928 eorum
1721 2870 2008 2927 moechiam
2047 2877 2103 2926 et

499 2952 919 3013 fornicationem
961 2956 1399 3014 inconcessibilia
1445 2958 1670 3014 servari.
1702 2958 1809 3014 Sed
1839 2959 1958 3028 plus
1998 2966 2098 3027 est,

2222 542 2404 601 tentia:
2447 550 2695 600 constare
2733 542 3020 611 rationem,
3063 542 3159 598 ubi
3213 544 3547 602 conscientia
3593 556 3648 602 et
3718 564 3821 606 vo-

2221 633 2425 692 luntate
2470 632 2824 705 delinquitur,
2875 631 2970 687 ubi
3006 638 3061 688 et
3107 632 3265 705 culpa
3313 635 3489 707 sapiat
3532 640 3588 695 et
3623 641 3819 711 gratia,

2222 724 2373 780 illum
2398 723 2607 796 lugere,
2646 722 2801 779 illum
2856 719 3095 779 volutari
3139 726 3239 798 qui
3271 725 3403 782 sciat
3433 735 3487 783 et
3521 728 3652 800 quid
3679 732 3818 788 ami-

2220 813 2354 870 serit
2379 820 2433 869 et
2459 811 2590 884 quid
2617 812 2689 868 sit
2718 820 3161 883 recuperaturus,
3212 816 3259 871 si
3286 818 3669 888 paenitentiam
3695 820 3822 892 {Deo

2219 902 2524 969 immolarit,
2555 901 2739 973 utique
2785 915 2908 956 eam
2936 901 3112 974 magis
3151 903 3280 960 ﬁliis
3318 904 3595 978 offerenti,
3656 926 3823 981 quam

2219 990 2519 1048 extraneis.
2559 989 2706 1046 Num
2734 986 2784 1027 ἰδ
2813 1003 2950 1061 ergo
2984 997 3036 1045 et
3062 990 3228 1047 Jonas
3283 992 3469 1063 (Joan.
3500 1010 3582 1064 ιιι,
3634 996 3691 1069 4)
3737 998 3821 1054 id-

2218 1081 2363 1139 circo
2408 1077 2640 1136 ethnicis
2692 1075 2946 1134 Ninivitis
2996 1092 3108 1133 non
3170 1082 3394 1151 putabat
3448 1084 3819 1155 paenitentiam

2219 1168 2610 1240 necessariam,
2684 1180 2810 1222 cum
2873 1165 3217 1226 cavillaretur
3285 1168 3344 1229 in
3420 1173 3819 1244 praedicationis

2218 1258 2438 1316 ofﬁcio?
2493 1273 2563 1313 an
2611 1255 2795 1328 potius
2860 1255 3289 1315 misericordiam
3342 1260 3442 1317 Dei
3525 1264 3815 1334 providens

2215 1348 2379 1405 etiam
2407 1347 2463 1403 in
2508 1355 2791 1405 extraneos
2842 1345 3155 1418 profusam,
3209 1349 3364 1421 quasi
3407 1351 3796 1412 destructumm

2214 1436 2565 1510 praeconium,
2615 1434 2947 1492 verebatur?
2972 1442 3133 1508 atque
3162 1437 3300 1495 adeo
3339 1448 3563 1514 prOpter
3611 1442 3804 1499 civita-

2213 1532 2323 1582 tem
2352 1525 2631 1598 profanam
2660 1520 2904 1580 nondum
2930 1525 3034 1581 Dei
3070 1535 3409 1598 compotem,
3442 1529 3621 1587 adhuc
3649 1531 3814 1605 igno-

2212 1615 2383 1672 rantia
2427 1612 2864 1686 delinquentem,
2920 1626 3063 1684 pene
3108 1614 3267 1687 periit
3325 1619 3664 1690 prophetes?
3710 1623 3809 1678 nisi

2213 1704 2357 1775 quod
2418 1701 2722 1774 exemplum
2771 1715 2963 1773 passus
3016 1709 3105 1759 est
3143 1704 3440 1763 Dominicee
3499 1709 3772 1780 passionis
3793 1753 3807 1779 ,

2212 1791 2454 1850 ethnicos
2480 1806 2694 1864 quoque
2721 1790 3046 1861 poenitentes
3074 1792 3434 1865 redemptum
3462 1796 3622 1869 (Luc.
3663 1815 3800 1870 xm,

2212 1886 2305 1952 29,
2335 1881 2447 1953 30).
2478 1881 2631 1937 Bene
2660 1879 2809 1951 quod
2829 1886 2885 1936 et
2908 1880 3144 1938 Joannes
3162 1882 3379 1941 Domini
3401 1888 3513 1943 vias
3533 1896 3801 1957 sternens,

2217 1986 2328 2027 non
2374 1969 2554 2026 minus
2599 1968 2955 2025 militantibus
2996 1978 3051 2027 et
3098 1972 3424 2046 publicanis,
3477 1993 3641 2049 quam
3686 1979 3809 2035 ﬁliis

2209 2059 2502 2125 Abraham,
2522 2058 2852 2130 poenitentiae
2874 2066 2992 2115 erat
3010 2076 3189 2130 praeco
3211 2063 3365 2135 (Luc.
3397 2080 3476 2131 tu,
3511 2070 3576 2122 13
3599 2069 3804 2141 seqq.).

2215 2146 2449 2205 1999
2482 2148 2605 2220 Ipse
2633 2146 2900 2203 Dominus
2943 2147 3183 2207 Sidoniis
3227 2160 3282 2207 et
3311 2154 3487 2225 Tyriis
3542 2171 3807 2226 praesum-

2208 2238 2319 2310 psit
2361 2237 2734 2308 paenitentiam
2788 2236 2835 2291 si
2871 2237 3133 2294 virtutum
3176 2240 3500 2299 documenta
3543 2244 3812 2303 vidissent

2209 2325 2416 2398 (Matth
2443 2342 2526 2393 χι,
2560 2325 2674 2398 21).
2706 2324 2915 2396 Atquin
2953 2342 3059 2400 ego
3089 2328 3238 2384 illam
3271 2332 3607 2390 naturalibus
3635 2335 3811 2407 magis

2207 2415 2577 2488 peccatoribus
2634 2422 2942 2487 competere
2994 2419 3335 2488 contendam,
3394 2438 3559 2495 quam
3603 2426 3799 2481 volun-

2204 2503 2386 2564 tariis.
2439 2503 2616 2577 Magis
2665 2503 2812 2561 enim
2888 2506 3179 2563 merebitur
3229 2508 3465 2567 fructum
3520 2513 3648 2582 ejus
3706 2513 3807 2587 qui

2206 2594 2451 2651 nondum
2478 2609 2545 2651 eo
2582 2609 2717 2650 usus
2763 2599 2867 2663 est,
2897 2610 3052 2668 quam
3077 2595 3167 2669 qui
3190 2595 3307 2669 jam
3334 2607 3389 2655 et
3437 2601 3641 2656 abusus
3688 2614 3806 2669 est;

2206 2682 2490 2758 magisque
2553 2683 2765 2758 sapient
2811 2684 3047 2741 remedia
3089 2686 3291 2759 prima,
3337 2702 3501 2761 quam
3563 2690 3835 2765 exoleta._

2203 2772 2471 2829 Nimirum
2500 2772 2765 2829 Dominus
2814 2773 3043 2846 ingratis
3093 2774 3368 2851 benignus
3409 2776 3589 2850 magis
3635 2795 3802 2850 quam

2206 2860 2435 2933 ignaris,
2464 2868 2521 2917 et
2555 2862 2715 2919 citius
2742 2863 3046 2935 reprobatis
3086 2864 3419 2936 misericors,
3462 2882 3623 2939 quam
3658 2882 3805 2924 non-

2215 2953 2346 3007 dum
2375 2951 2645 3024 prebatis;
2682 2958 2746 3009 ut
2783 2960 2895 3009 non
2937 2955 3111 3026 magis
3164 2953 3429 3013 irascatur
3472 2956 3807 3014 contumeliis

500 3044 646 3113 quod
694 3044 828 3100 nihil
865 3044 1012 3101 aliud
1058 3046 1423 3119 argumentari
1465 3046 1588 3104 licet
1648 3047 1779 3103 citra
1800 3046 1854 3104 id
1896 3047 1961 3103 de
1989 3063 2095 3120 quo
2125 3045 2169 3124 ο
2198 3037 2497 3097 clementiae
2527 3055 2661 3112 suae,
2706 3051 2871 3113 quam
2916 3043 3262 3113 blandiatur;
3293 3051 3349 3102 et
3392 3060 3506 3102 non
3553 3044 3804 3102 libentius

502 3132 781 3206 agebatur.
823 3132 1085 3206 Denique,
1135 3133 1183 3189 si
1225 3134 1485 3191 aliorsum
1524 3134 1807 3207 parabolas
1836 3132 2090 3192 transdu-
2198 3129 2467 3185 extraneis
2520 3145 2641 3187 eam
2688 3131 2980 3204 impertiat,
3030 3149 3192 3209 quam
3250 3134 3306 3191 in
3351 3132 3475 3191 ﬁliis
3532 3133 3797 3207 perdidit;

500 3236 622 3277 cere
684 3221 891 3289 liceret,
945 3222 1013 3278 ad
1078 3224 1397 3294 martyrium
1465 3224 1648 3295 potius
1730 3224 2091 3298 dirigeremus

500 3326 651 3384 spem
714 3300 949 3380 illarum,
998 3311 1145 3384 quod
1198 3313 1374 3369 solum
1425 3313 1571 3369 omni
1627 3314 1925 3369 substantia
1954 3330 2088 3385 pro-

496 3398 649 3457 dacta
690 3399 973 3459 restituere
1019 3399 1190 3457 ﬁlium
1233 3402 1452 3474 poterit,
1503 3411 1556 3457 et
1595 3400 1903 3459 drachmam
1951 3402 2093 3458 inter

497 3489 701 3558 omnia,
774 3490 900 3549 licet
953 3490 1010 3547 in
1061 3501 1300 3550 stercore
1369 3498 1655 3562 repertam,
1711 3500 1839 3550 eum
1893 3490 2090 3568 gaudio

496 3576 837 3651 pradicabit,
895 3586 949 3635 et
975 3593 1133 3638 ovem
1187 3595 1282 3650 per
1310 3594 1501 3650 aspera
1543 3594 1769 3652 quaeque
1807 3586 1863 3636 et
1891 3582 2092 3651 abrup-

494 3673 548 3722 ta
603 3667 890 3741 fugitivam
953 3667 1198 3723 humeris
1251 3667 1420 3738 ipsius
1474 3667 1693 3722 Domini
1745 3668 1803 3723 in
1867 3684 2091 3743 gregem

492 3751 709 3808 referet.
742 3752 849 3808 Sed
891 3753 1163 3810 malumus
1211 3752 1268 3809 in
1318 3754 1614 3826 Scripturis
1642 3754 1821 3811 minus
1867 3755 1915 3811 si
1952 3754 2091 3811 forte

490 3854 699 3911 sapere,
732 3856 890 3913 quam
937 3849 1148 3899 contra.
1201 3841 1433 3899 Proinde
1486 3858 1705 3900 sensum
1747 3842 1959 3899 Domini
1989 3858 2089 3899 cu-

489 3927 694 3985 stodire
736 3927 1000 3988 debemus
1045 3938 1204 4004 amne
1229 3938 1584 4004 praeceptum.
1630 3932 1749 3988 Non
1796 3938 1881 3988 est
1916 3932 2089 3988 levior

2196 3232 2323 3275 cum
2357 3226 2549 3293 gentes
2577 3219 2655 3277 sic
2683 3222 3037 3295 adoptaverit,
3074 3223 3203 3281 dum
3230 3221 3403 3279 Judaei
3429 3223 3497 3279 de
3546 3223 3801 3296 patientia

2199 3305 2393 3361 ludunt
2421 3305 2559 3379 (58).
2594 3305 2705 3363 Sed
2735 3307 2841 3363 hoc
2867 3306 3057 3385 volunt
3085 3308 3357 3381 Psychici,
3376 3316 3433 3365 ut
3455 3311 3605 3367 Deus
3620 3313 3798 3383 justus

2193 3394 2355 3466 judex
2404 3395 2526 3464 ejus
2591 3396 2890 3465 peccatoris
2960 3396 3333 3467 paenitentiam
3396 3399 3544 3455 malit
3636 3415 3797 3471 quam

2197 3490 2450 3554 mortem,
2496 3484 2591 3554 qui
2634 3492 2860 3541 mortem
2934 3484 3262 3556 poenitentia
3307 3486 3523 3544 maluit.
3552 3488 3709 3558 Quod
3756 3488 3802 3544 si

2194 3570 2269 3627 ita
2297 3579 2396 3639 est,
2426 3573 2700 3641 peccando
2746 3580 3141 3644 promeremur.
3182 3576 3301 3647 Age
3341 3583 3434 3648 tu,
3490 3576 3801 3634 funambule

2198 3660 2485 3731 pudicitiae
2552 3669 2606 3717 et
2644 3661 2929 3727 castitatis,
2959 3671 3015 3718 et
3053 3664 3229 3720 omnis
3257 3664 3397 3722 circa
3433 3681 3623 3723 sexum
3666 3682 3799 3723 san-

2198 3750 2415 3817 ctitatis,
2449 3750 2542 3822 qui
2572 3751 2948 3807 tenuissimum
2985 3752 3139 3808 tilum
3184 3755 3474 3828 disciplina
3526 3757 3797 3829 ejusmodi

2195 3838 2311 3896 veri
2373 3838 2496 3895 avia
2562 3838 2835 3910 pendente
2887 3842 3116 3915 vestigio
3183 3844 3519 3917 ingrederis,
3578 3861 3795 3902 carnem

2199 3927 2392 4000 spiritu
2450 3927 2676 3995 librans,
2734 3929 2968 3987 animam
3024 3930 3133 3989 fide
3194 3933 3505 4001 moderans,
3580 3936 3795 3992 oculum

490 4016 848 4091 transgressio
897 4018 953 4074 in
999 4017 1459 4092 interpretatione,
1494 4035 1657 4093 quam
1720 4020 1773 4075 in
1802 4032 2086 4079 conversa-
2119 4005 2163 4082 Ι]
2198 4029 2343 4072 metu
2393 4022 2723 4088 temperans.
2755 4017 2901 4088 Quid
2932 4020 3114 4093 itaque
3164 4021 3219 4076 in
3267 4025 3442 4094 gradu
3486 4031 3628 4080 totus
3670 4039 3731 4080 es
3763 4025 3797 4080 τ

490 4104 660 4165 tione.

1127 4196 1355 4254 CAPUT
1382 4198 1457 4256 Χ.

562 4285 809 4344 Excusso
839 4284 1006 4360 igitur
1032 4289 1169 4360 jugo
1200 4287 1256 4343 in
1298 4286 1570 4344 ethnicum
1597 4288 1895 4347 disserendi
1922 4307 2086 4362 para-

487 4373 643 4431 bolas
684 4375 833 4444 istas,
863 4384 915 4434 et
943 4378 1109 4434 semel
1136 4376 1381 4449 dispecta
1409 4378 1493 4436 vel
1523 4386 1738 4453 recepta
1764 4380 2089 4439 necessitate

490 4479 603 4520 non
632 4463 794 4521 aliter
821 4465 1221 4538 interpretandi
1259 4483 1422 4539 quam
1449 4467 1670 4524 materia
1689 4468 1952 4541 propositi
1981 4478 2087 4536 est,

484 4553 824 4610 contendunt
846 4557 960 4625 jam
1004 4571 1104 4611 nec
1146 4564 1450 4627 competere
1496 4556 1726 4612 ethnicis
1755 4558 2087 4627 poenitentiae

483 4640 970 4714 denuntiationem,
1029 4659 1263 4717 quorum
1326 4644 1523 4702 delicta
1569 4645 1804 4702 obnoxia
1875 4647 1925 4703 ei
1971 4662 2083 4703 non

485 4728 614 4798 sint,
644 4729 960 4804 ignorantiae
997 4732 1204 4790 scilicet
1247 4731 1579 4806 imputanda,
1621 4750 1785 4805 quam
1834 4734 1951 4791 sola
1979 4751 2081 4791 na-

483 4826 607 4876 tura
650 4835 799 4878 ream
838 4820 956 4878 Deo
984 4817 1164 4878 faciat.
1205 4821 1394 4892 Porro,
1448 4836 1547 4881 nec
1586 4822 1826 4881 remedia
1870 4839 2079 4897 sapere,

2199 4106 2368 4179 Perge
2422 4121 2570 4173 sane,
2629 4107 2676 4162 si
2731 4111 2996 4179 potueris,
3057 4109 3103 4165 si
3167 4111 3434 4181 volueris,
3500 4112 3633 4169 dum
3686 4121 3797 4171 tam

2194 4208 2416 4251 securus
2442 4204 2496 4252 et
2522 4196 2679 4267 quasi
2701 4197 2756 4253 in
2789 4197 2968 4256 solido
2995 4214 3074 4255 es.
3109 4199 3268 4270 Nam,
3299 4199 3346 4257 si
3375 4217 3483 4274 qua
3513 4211 3565 4258 te
3613 4202 3795 4259 carnis

2193 4285 2478 4354 vacillatio,
2511 4286 2674 4343 animi
2703 4289 2976 4358 avocatio,
3031 4290 3173 4347 oculi
3200 4292 3448 4364 evagatio
3485 4291 3553 4347 de
3599 4300 3797 4350 tenore

2194 4372 2510 4444 decusserit,
2563 4375 2711 4433 Deus
2770 4378 2948 4436 bonus
3004 4386 3085 4435 est
3117 4396 3129 4436 :
3161 4379 3299 4450 suis,
3345 4394 3453 4436 non
3519 4381 3786 4447 ethnicis,

2193 4461 2375 4521 sinum
2429 4464 2678 4535 subjicit;
2738 4468 2974 4523 secunda
3030 4474 3082 4526 te
3134 4468 3461 4541 poenitentia
3515 4470 3789 4541 excipiet;

2192 4552 2300 4608 eris
2345 4554 2538 4610 iterum
2581 4554 2650 4610 de
2695 4556 2908 4613 moecho
2957 4555 3301 4615 Christianus
3353 4555 3494 4631 (59).
3553 4559 3683 4615 Haec
3730 4567 3792 4616 tu

2192 4640 2348 4713 mihi,
2402 4642 2785 4714 benignissime
2827 4644 2926 4702 Dei
2998 4646 3285 4719 interpres.
3369 4646 3479 4702 Sed
3551 4649 3793 4705 celerem

2191 4731 2307 4802 tibi,
2338 4731 2385 4786 si
2414 4730 2681 4803 scriptura
2710 4733 2968 4806 Pastoris,
3005 4751 3127 4807 quae
3158 4736 3272 4792 sola
3323 4737 3566 4794 mcechos
3621 4746 3791 4809 amat,

2188 4820 2370 4879 divino
2423 4818 2780 4879 instrumento
2838 4824 3123 4883 meruisset
3177 4823 3368 4895 incidi,
3435 4825 3481 4881 si
3546 4840 3657 4882 non
3720 4828 3793 4882 ab

1858 4948 2049 5012 Varia:
2087 4950 2398 5013 lectiones.

556 5044 617 5084 ⁴⁶
652 5045 772 5102 Non
801 5049 965 5105 Pam.
1002 5064 1127 5106 nam
1171 5048 1392 5109 Oberth.
1434 5053 1605 5111 Seml.

1874 5154 2375 5220 Gommentarius.

553 5248 675 5333 ς58)
714 5251 895 5334 ,ταᾴωὶ
940 5252 1004 5312 de
1061 5258 1350 5334 patientia
1417 5258 1643 5334 indunt.
1691 5261 1875 5318 Toties
1907 5262 2074 5334 laesa,

483 5323 707 5402 offensis
736 5324 896 5402 tgties
915 5323 1186 5402 repetitis.
1224 5328 1314 5385 Sic
1337 5330 1392 5385 in
1420 5328 1492 5385 IIl
1521 5346 1641 5402 cap.
1682 5334 1875 5390 concil.
1906 5323 2071 5401 Elib.,

483 5396 604 5477 ubi
633 5394 1124 5477 dehFlamiuibus
1148 5409 1273 5473 post
1337 5394 1709 5477 paenitentiam
1778 5404 2009 5460 moechis
2056 5394 2072 5462 Ξ

487 5486 514 5518 α
548 5466 753 5525 Placuit
807 5466 1032 5526 ulterius
1076 5466 1167 5527 eis'
1220 5466 1354 5529 non'
1381 5486 1505 5530 esse
1560 5473 1793 5529 dandam
1828 5487 2076 5532 commu—

484 5539 733 5612 nionem,
781 5554 850 5598 ne
892 5540 1086 5599 lusisse
1129 5543 1200 5601 de
1243 5545 1527 5604 Dominica
1572 5545 1954 5603 communione
1990 5546 2076 5603 vi-

481 5609 738 5682 deantur,-
785 5631 815 5666 ιι
860 5619 915 5671 et
958 5627 1064 5672 can
1107 5615 1177 5673 4⁸7
1225 5634 1242 5674 ;
1296 5637 1323 5670 α
1390 5616 1449 5675 Si
1494 5615 1842 5677 resuscitatus
1895 5634 2082 5679 rursus

2180 5254 2342 5315 fuerit
2368 5256 2688 5331 moechatus,
2716 5259 2915 5331 placuit
2953 5259 3179 5319 ulterius
3207 5275 3321 5320 non
3366 5258 3558 5319 ludere
3604 5260 3787 5317 Deum

2186 5330 2573 5402 communione
2602 5330 2772 5402 pacis.
2816 5352 2840 5383 υ
2875 5334 2996 5390 Rm.

2255 5400 2372 5475 (59)
2403 5404 2529 5475 Eri:
2558 5400 2771 5475 iterum
2815 5404 2883 5462 de
2927 5405 3142 5463 moecho
3200 5404 3581 5465 Christianus.
3615 5403 3787 5474 Quasi

2182 5480 2312 5603 gest
2326 5473 2651 5559 baptismum
2698 5474 2757 5533 in
2800 5476 3089 5535 moschiam
3135 5475 3322 5550 lapsus
3377 5476 3608 5535 desierit
3643 5473 3786 5534 esse

2235 5546 2546 5605 hnstianus.
2578 5540 2707 5605 Bia.

2272 5547 2546 5605 ristianus.
2578 5547 2707 5605 llic.
