4058 6172
250 374 256 378 ”
348 350 488 414 1053

1623 336 1820 417 LIBER
1872 338 1960 414 na
2027 342 2379 415 mamma.

3505 356 3644 422 1054

343 480 493 539 omni
538 481 769 540 concilio
813 482 1172 542 Ecclesiarum
1221 483 1382 542 etiam
1436 492 1742 542 vestrarum
1796 487 1934 546 inter
1964 497 2013 577 λ
2043 479 2203 536 sariis
2239 477 2534 546 confertur,
2566 479 2669 537 etsi
2704 482 2817 552 jam
2854 478 3167 538 Christianis
3202 482 3419 540 veniam
3456 484 3636 543 delic-

342 573 659 645 apocrypha
687 580 742 628 et
787 572 917 630 falsa
958 573 1309 643 judicaretur,
1341 573 1584 631 adultera
1628 583 1683 631 et
1711 576 1848 651 ipsa,
1880 590 1935 640 et

340 659 469 718 inde
498 668 724 728 patrona
751 662 1050 734 sociorum;
1082 678 1112 717 a
1138 678 1247 736 qua
1274 670 1327 720 et
1354 662 1485 720 alias
1516 662 1739 721 initiaris
1769 666 1882 739 (60)
1915 689 1931 740 ;

341 750 433 807 cui
464 750 551 807 ille
572 750 617 806 si
638 751 775 808 forte
794 750 1216 825 patrocinabitur
1245 759 1447 825 pastor,
1483 766 1648 824 quem
1680 754 1735 809 in
1765 756 1933 816 calice

340 838 612 913 depingis,
647 842 1045 910 prostitutorem
1090 843 1146 897 et
1188 842 1369 913 ipsum
1412 840 1701 898 Christiani
1739 850 1931 905 sa‘cra-

339 928 509 987 menti
562 928 699 1001 (61),
748 930 938 987 merito
993 938 1048 988 et
1092 930 1362 988 ebrietatis
1404 930 1629 998 idolum,
1680 942 1734 989 et
1779 950 1927 993 mus-

337 1019 472 1076 chiaa
500 1020 697 1075 asilum
728 1028 850 1093 post
876 1020 1098 1077 calicem
1135 1021 1498 1077 subsecutum
1529 1021 1666 1093 (62),
1715 1023 1782 1079 de
1821 1040 1929 1098 quo

334 1109 473 1164 nihil
528 1109 777 1167 libentius
806 1110 977 1179 bibas,
1031 1126 1193 1184 quam
1243 1125 1399 1168 ovem
1448 1112 1778 1183 poenitentiae
1834 1130 1927 1170 se-

333 1197 529 1256 cunda:
557 1197 695 1269 (63).
743 1198 816 1255 At
845 1214 948 1273 ego
977 1201 1099 1271 ejus
1139 1198 1375 1271 pastoris
1403 1201 1702 1271 scripturas
1733 1201 1924 1259 haurio

331 1287 425 1359 qui
454 1302 564 1344 non
611 1295 792 1360 potest
839 1287 1013 1362 frangi
1049 1306 1064 1345 :
1120 1289 1267 1345 hunc
1294 1287 1428 1344 mihi
1473 1289 1656 1346 statim
1689 1290 1928 1348 Joannes

330 1374 495 1433 offert
523 1391 649 1433 cum
686 1376 1017 1448 poenitentiae
1043 1375 1258 1433 lavacro
1300 1382 1355 1431 et
1385 1375 1566 1433 ofﬁcio
1607 1376 1873 1434 dicentem
1908 1395 1924 1435 :

330 1466 526 1523 Facite
557 1465 751 1538 dignos
794 1461 1012 1522 ιωι
1073 1466 1431 1538 paenitentiae
1477 1458 1721 1537 fructus,
1766 1472 1826 1523 et
1853 1484 1926 1525 ne

330 1552 597 1613 dixeritis
628 1574 645 1611 :
677 1558 907 1614 Patrem
946 1555 1210 1614 habemus
1257 1555 1544 1612 Abraham
1572 1572 1592 1611 :
1623 1563 1677 1612 et
1704 1571 1778 1612 ne
1809 1555 1922 1613 sci-

327 1643 456 1703 licet
484 1662 672 1703 rursus
701 1645 1062 1703 blandimenta
1091 1645 1470 1719 delinquentiae
1499 1646 1567 1702 de
1593 1654 1804 1717 patrum
1835 1663 1924 1704 re-

327 1744 607 1792 sumerent
626 1738 793 1806 gratia
815 1754 829 1792 :
855 1738 1042 1794 Potest
1061 1737 1214 1793 enim
1235 1739 1380 1794 Deus
1406 1735 1473 1791 de
1494 1736 1774 1809 lapidibus
1793 1738 1921 1794 istis

325 1825 480 1895 ﬁlios
498 1826 772 1881 suscitare
800 1824 1036 1882 Abrahae
1064 1824 1297 1894 (Matth.
1328 1840 1410 1889 ιιι,
1442 1827 1495 1894 8,
1521 1825 1596 1896 9).
1630 1824 1724 1883 Sic
1744 1834 1796 1881 et
1824 1842 1924 1881 nos

328 1912 593 1984 sequitur,
643 1920 703 1969 ut
749 1928 845 1969 eos
883 1913 976 1986 qui
1017 1914 1281 1970 hactenus
1322 1913 1637 1986 delinquant
1665 1912 1808 1985 (65);
1845 1914 1925 1970 fa-

323 1997 537 2055 cientes
570 2000 794 2071 dignum
839 2000 1169 2074 poenitentiae
1223 2000 1477 2057 fructum.
1515 2002 1659 2071 Quid
1688 2002 1832 2057 enim
1861 2018 1923 2057 ex

322 2084 647 2157 pmnitentia
674 2091 1007 2158 maturescit,
1048 2107 1211 2163 quam
1232 2090 1623 2147 emendationis
1653 2090 1923 2148 effectus?

323 2174 433 2230 Sed
470 2175 570 2230 etsi
597 2177 757 2232 venia
801 2178 982 2249 potius
1012 2186 1098 2234 est
1141 2179 1476 2250 poenitentiae
1517 2178 1745 2245 fructus,
1784 2179 1923 2236 hanc

323 2276 541 2334 quoque
581 2262 879 2319 consistere
926 2280 1035 2321 non
1066 2265 1193 2322 licet
1242 2265 1356 2321 sine
1384 2266 1689 2322 cessatione
1718 2266 1919 2323 delicti.

321 2350 403 2406 Ita
430 2350 655 2407 cessatio
683 2350 864 2409 delicti
893 2353 1045 2410 radix
1072 2360 1157 2411 est
1189 2353 1380 2420 veniae,
1414 2360 1474 2412 ut
1504 2354 1661 2410 venia
1698 2352 1767 2409 sit
1797 2367 1919 2424 poe-

320 2438 557 2497 nitentiae
580 2440 802 2498 fructus.

927 2512 1154 2570 CAPUT
1207 2512 1307 2570 XI.

392 2604 617 2674 Exinde,
667 2609 812 2680 quod
868 2609 933 2664 ad
985 2609 1341 2682 Evangelium
1382 2608 1632 2681 pertinet,
1678 2610 1920 2682 parabo-

316 2694 489 2751 larum
519 2696 735 2769 quidem
771 2698 1019 2755 discussa
1044 2699 1155 2769 jam
1184 2697 1410 2772 quaestio
1442 2705 1541 2753 est.
1589 2698 1647 2753 Si
1693 2714 1825 2755 vero
1869 2708 1922 2756 et

316 2783 475 2841 factis
499 2785 700 2857 aliquid
738 2786 843 2842 tale
870 2802 971 2857 pro
1018 2785 1394 2859 peccatoribus
1436 2785 1605 2843 edidit
1633 2787 1918 2857 Dominus,

317 2880 379 2927 ut
421 2888 542 2929 cum
573 2873 862 2946 peccatrici
910 2874 1119 2931 feminae
1149 2876 1309 2931 etiam
1353 2873 1600 2947 carporis
1656 2875 1740 2931 sui
1786 2890 1917 2934 con-

2045 577 2221 626 torum
2252 569 2607 641 praestitisset.
2636 572 2790 627 Nunc
2820 569 2965 627 enim
2991 571 3239 639 dicimus,
3271 572 3373 630 soli
3399 575 3637 632 Domino

2042 658 2147 713 hoc
2174 657 2320 725 licet,
2349 658 2513 715 hodie
2551 665 2789 731 potestas
2826 660 3179 731 indulgentim
3206 664 3329 732 ejus
3355 672 3631 736 operetur.

2041 746 2125 801 Ad
2185 746 2275 802 illa
2325 753 2509 804 tamen
2554 756 2800 822 tempora
2836 749 3036 821 quibus
3074 751 3128 805 in
3168 752 3323 808 terris
3361 754 3490 826 egit,
3530 756 3635 813 hoc

2040 835 2328 892 deﬁnimus
2365 837 2498 893 nihil
2537 837 2819 894 adversum
2857 854 2956 895 nos
2994 840 3370 909 praeiudicare,
3412 842 3459 898 si
3497 859 3631 914 pec-

2038 925 2314 983 catoribus
2351 926 2511 983 etiam
2547 926 2751 984 Judaeis
2796 927 2953 982 venia
3003 928 3401 985 conferebatur.
3442 930 3634 987 Chris-

2039 1015 2181 1073 tiana
2223 1016 2365 1072 enim
2401 1016 2683 1090 disciplina
2720 1033 2752 1072 a
2787 1016 3075 1075 novatione
3104 1018 3431 1074 Testamenti
3463 1027 3535 1088 et,
3568 1028 3632 1078 ut

2037 1104 2419 1178 praemisimus,
2466 1122 2497 1161 a
2544 1105 2913 1177 redemptione
2948 1106 3156 1172 carnis,
3196 1106 3253 1162 id
3291 1114 3375 1163 est
3411 1107 3631 1165 Domini

2037 1195 2287 1267 passione
2343 1202 2611 1252 censetur.
2668 1196 2838 1250 Nemo
2887 1195 3158 1266 perfectus
3194 1204 3319 1252 ante
3355 1203 3631 1268 repertum

2037 1284 2287 1341 ordinem
2316 1284 2442 1353 ﬁde,
2474 1299 2632 1340 nemo
2664 1283 3005 1341 Christianus
3034 1294 3155 1341 ante
3184 1285 3458 1341 Christum
3486 1286 3626 1343 ccelo

2036 1380 2393 1445 resumptum,
2431 1384 2593 1428 nemo
2639 1379 2855 1429 sanctus
2909 1381 3033 1430 ante
3092 1374 3347 1445 Spiritum
3388 1383 3630 1432 sanctum

2033 1460 2102 1516 de
2128 1460 2269 1517 coelo
2296 1466 2739 1533 repraesentatum
2768 1459 2942 1533 ipsius
2968 1460 3269 1534 disciplinae
3296 1462 3629 1520 determina-

2031 1552 2227 1603 torem.

2630 1637 2858 1693 CAPUT
2894 1637 3024 1693 Χὶῐ.

2101 1724 2283 1794 Itaque
2327 1722 2416 1779 isti
2464 1723 2556 1795 qui
2602 1725 2765 1780 alium
2807 1726 3139 1781 Paracletum
3179 1727 3231 1781 in
3271 1728 3531 1800 apostolis
3570 1738 3627 1785 et

2029 1827 2127 1881 per
2162 1811 2440 1884 apostolos
2486 1822 2821 1885 receperunt,
2864 1830 3027 1884 quem
3079 1829 3182 1868 nec
3236 1815 3290 1869 in
3345 1817 3628 1889 PrOphetis

2030 1899 2285 1972 prOprius
2328 1901 2375 1939 ⁸⁷
2427 1901 2704 1970 agnitum,
2746 1901 2860 1970 jam
2898 1916 2998 1956 nec
3036 1901 3090 1956 in
3130 1902 3405 1971 Apostolis
3442 1906 3619 1974 possi-

2029 1988 2183 2061 dent;
2217 2005 2315 2063 age
2343 2005 2505 2058 nunc,
2547 1990 2633 2045 vel
2670 1991 2738 2045 de
2776 1990 3073 2060 apostolico
3110 1990 3465 2049 instrumento
3505 2010 3623 2050 ma-

2030 2078 2181 2133 culas
2234 2077 2460 2133 doceant
2504 2079 2618 2149 (65)
2677 2077 2853 2134 carnis
2908 2086 3030 2149 post
3082 2078 3346 2150 baptisma
3405 2096 3625 2151 resper-

2031 2181 2105 2220 sae
2134 2166 2270 2237 (66),
2295 2164 2611 2236 poenitentia
2639 2165 2773 2222 dilui
2803 2181 2995 2236 posse:
3026 2166 3080 2222 iu
3111 2168 3376 2238 apostolis
3404 2184 3622 2242 quoque

2028 2251 2229 2307 veteris
2284 2252 2424 2324 legis
2476 2252 2705 2308 formam
2761 2253 3087 2320 salutamus,
3146 2255 3286 2310 circa
3344 2255 3626 2319 moechiae,

2028 2348 2225 2408 quanta
2251 2339 2340 2405 sit,
2362 2338 2901 2413 demonstrationem;
2933 2359 3004 2397 ne
3032 2342 3170 2399 forte
3200 2342 3375 2400 lenior
3404 2342 3625 2401 1002

2027 2426 2366 2483 existimetur
2431 2430 2489 2483 in
2548 2429 2786 2486 novitate
2847 2430 3293 2503 disciplinarum,
3352 2448 3515 2504 quam
3572 2433 3625 2488 in

2027 2520 2311 2571 vetustate.
2370 2515 2507 2572 Cum
2562 2517 2795 2589 primum
2844 2517 3078 2574 intonuit
3130 2521 3512 2594 Evangelium,
3570 2532 3624 2578 et

2026 2610 2210 2660 vetera
2247 2605 2539 2672 concussit,
2580 2615 2640 2663 ut
2675 2606 2746 2663 de
2781 2605 2918 2680 legis
2956 2608 3252 2664 retinendae
3289 2625 3460 2666 necne
3488 2618 3625 2667 statu

2028 2692 2443 2765 disceptaretur,
2474 2695 2702 2767 primam
2738 2695 2878 2751 hanc
2905 2697 3147 2769 regulam
3196 2699 3265 2753 de
3312 2699 3628 2756 auctoritate

2028 2780 2261 2852 Spiritus
2299 2781 2467 2838 sancti
2503 2783 2753 2853 Apostoli
2779 2784 3030 2839 emittunt
3066 2784 3133 2838 ad
3173 2799 3267 2841 eos
3296 2786 3390 2857 qui
3417 2788 3527 2856 jam
3560 2804 3625 2843 ex

2030 2870 2339 2927 nationibus
2384 2871 2546 2946 allegi
2594 2880 2916 2943 coeperant:
2979 2874 3164 2930 Visum
3194 2877 3299 2940 est,
3350 2875 3624 2946 inquiunt,

317 2966 523 3018 tactum
564 2963 828 3035 permittit
865 2961 1063 3019 lavanti
1091 2962 1346 3035 lacrymis
1382 2962 1549 3034 pedes
1577 2964 1700 3033 ejus
1724 2970 1777 3018 et
1804 2963 1913 3019 cri-
1945 2958 1988 3037 ε
2018 2961 2271 3032 Spiritui
2296 2965 2492 3018 sancto
2512 2966 2567 3019 et
2584 2962 2760 3032 nobis,
2792 2961 3021 3020 nullum
3050 2964 3291 3037 amplius
3311 2966 3457 3023 vobis
3477 2966 3624 3039 adji-

313 3049 481 3106 nibus
532 3050 853 3127 detergenti,
910 3057 964 3108 et
1010 3058 1287 3126 unguento
1342 3050 1675 3123 sepulturam
1739 3050 1908 3124 ipsius
2014 3065 2139 3108 cere
2159 3050 2404 3123 pondus,
2430 3068 2599 3125 quam
2620 3068 2815 3109 eorum
2834 3068 2868 3107 a
2888 3054 3087 3126 quibus
3104 3070 3326 3113 necesse
3345 3060 3427 3113 est
3445 3057 3624 3113 absti-

310 3137 661 3213 inauguranti
698 3140 851 3213 (Luc.
900 3156 999 3210 vn,
1032 3143 1101 3197 37
1129 3147 1182 3199 et
1208 3142 1428 3213 seqq.);
1458 3149 1517 3198 ut
1567 3155 1688 3197 cum
1719 3138 1909 3198 Sama—
2016 3141 2165 3205 neri,
2198 3156 2234 3195 a
2260 3140 2578 3210 sacriﬁciis,
2609 3145 2668 3197 et
2695 3158 2731 3197 a
2757 3138 3233 3213 fornica’tionibus
3280 3148 3338 3202 et
3383 3148 3622 3218 sangui-

308 3227 501 3284 ritanae
558 3240 709 3285 sexto
762 3230 874 3299 jam
927 3228 1300 3298 matrimonio,
1359 3242 1469 3287 non
1506 3231 1760 3296 moechae,
1820 3230 1918 3286 sed
2026 3245 2098 3286 ne
2127 3229 2265 3300 (6’7),
2294 3247 2331 3286 a
2356 3230 2549 3301 quibus
2578 3228 2913 3288 observando
2952 3236 3103 3289 recte
3144 3234 3314 3305 agitis
3345 3232 3487 3305 (Act.
3520 3251 3622 3306 xv,

315 3316 619 3389 prostitutae
665 3317 848 3390 (toan.
890 3333 970 3387 IV,
1011 3319 1050 3373 7
1089 3325 1143 3373 et
1172 3319 1369 3393 seqq.),
1403 3317 1583 3387 etiam,
1618 3319 1767 3391 quod
1818 3332 1915 3374 ne-
2024 3320 2093 3371 28
2131 3320 2187 3375 et
2241 3316 2435 3391 seqq.),
2472 3319 2793 3376 vectantei8
2836 3334 2934 3376 vos
2978 3320 3186 3392 Spiritu
3235 3329 3417 3379 sancto
3460 3322 3625 3378 Sufﬁ-

309 3404 448 3460 mini
478 3403 654 3473 facile,
685 3406 808 3480 quis
842 3414 988 3465 esset
1027 3406 1280 3476 ostendit,
1319 3406 1454 3464 nihil
1483 3423 1551 3465 ex
1577 3408 1685 3465 hoc
1712 3407 1912 3465 adver-
2019 3405 2092 3463 cit
2119 3405 2170 3445 49
2214 3411 2270 3463 et
2309 3403 2398 3463 hic
2423 3412 2694 3463 servatum
2731 3421 2854 3464 esse
2892 3408 3139 3466 machina
3186 3416 3242 3467 et
3283 3407 3626 3468 fornicationi

1663 3534 1855 3598 Variae
1896 3532 2218 3596 lectiones.

380 3638 430 3679 ⁸⁷
467 3639 696 3714 PrOpius
721 3638 898 3699 Rhen.
944 3639 1164 3699 Oberth.
1197 3642 1359 3715 Le0p.
1398 3641 1452 3681 ⁸⁸
1487 3606 1718 3700 Vetante
1765 3643 1971 3701 Wouw.
2001 3652 2108 3696 ms.
2146 3637 2199 3678 ‘59
2228 3636 2437 3711 Spiritu
2465 3644 2672 3707 sancto,
2713 3636 2913 3697 sufﬁcit
2942 3640 3079 3698 Jun.

1640 3766 2138 3831 Commentarius.

377 3870 487 3938 (60)
534 3870 579 3943 Α
627 3875 840 3943 qua_et
895 3871 1039 3929 alias
1083 3873 1359 3943 initiaris.
1402 3871 1484 3927 Ab
1513 3870 1901 3943 illainimirum
2004 3865 2391 3943 libidinosam,
2438 3883 2595 3925 ovem
2646 3867 2981 3943 adulteram;
3044 3884 3198 3943 spem
3253 3869 3611 3943 impetrandae

305 3940 706 4024 apocrypha'et
746 3940 1147 4024 falsai’astoris
1168 3943 1472 4024 _scriptura,
1518 3942 1701 4012 potius
1738 3959 1900 4016 quam

303 4011 623 4067 indubitatis
652 4022 706 4069 et
732 4012 1130 4084 receptissimis.
1168 4011 1310 4072 RIGC
1525 4011 1531 4012 ί
1755 4011 1775 4016 ⁷

374 4080 491 4165 (si)
508 4083 1005 4165 _Prqsti_tution§m
1053 4089 1109 4144 et
1155 4088 1343 4159 ipsum
1374 4083 1687 4144 Christiani
1714 4101 1901 4143 sacra-

302 4157 488 4211 menti
507 4153 874 4211 Eucharistiae.
909 4156 1031 4211 Rm.

376 4226 494 4299 (62)
514 4228 586 4299 Et
602 4227 857 4283 mazchiae
871 4229 1082 4284 asilum
1096 4231 1225 4299 post
1240 4229 1478 4285 calicem
1494 4227 1900 4299 subsecuturaz.

302 4292 667 4354 Scribendum
696 4308 781 4354 est
812 4300 1043 4364 asilum,
1076 4292 1202 4354 tiam
1232 4299 1498 4371 signiﬁcat
1527 4292 1745 4371 οἶστρον.

838 4458 850 4471 .
889 4458 901 4470 .
940 4456 955 4471 .
989 4458 1002 4471 .
1037 4420 1130 4472 Cui
1165 4434 1350 4471 nomen
1379 4420 1505 4471 asilo

426 4483 714 4535 Romanum
736 4491 829 4547 est,
863 4492 1072 4535 (nstrum
1105 4484 1266 4535 Graeci
1296 4491 1488 4534 vertere
1516 4492 1769 4535 vocantes.

299 4563 506 4637 Plinius
534 4580 615 4635 χι,
658 4569 721 4620 16
758 4582 785 4637 εν
821 4587 843 4617 α
877 4565 1187 4622 Nascuntur
1215 4564 1500 4637 aliquando
1548 4565 1600 4619 in
1643 4566 1898 4637 extremis

299 4635 440 4691 favis
469 4634 957 4711 apesgrandiores,
992 4653 1112 4711 quae
1140 4634 1359 4693 caeteras
1393 4634 1601 4711 fugant.
1644 4636 1897 4694 CEstrum

298 4713 529 4763 vocatur
565 4707 670 4763 hoc
707 4707 930 4764 malum.
965 4726 988 4757 ι
1033 4708 1186 4763 Idem
1218 4726 1232 4763 :
1268 4728 1294 4761 α
1326 4707 1482 4765 Asilo
1502 4708 1613 4765 sive
1642 4712 1895 4765 tabanum

297 4776 408 4852 dici
437 4778 888 4852 placet._aculeus
915 4779 971 4834 in
999 4794 1118 4836 ore.
1154 4800 1177 4831 ι
1211 4781 1324 4852 Hoc
1354 4796 1625 4850 percussae
1654 4780 1897 4852 pecudes

296 4848 451 4922 velut
495 4848 548 4903 in
580 4849 783 4922 rabiem
825 4856 1075 4922 aguntur.
1107 4852 1282 4921 Atque
1310 4848 1433 4908 inde
1462 4860 1543 4908 est
1574 4848 1898 4922 vocabulum

296 4918 367 4995 ad
399 4934 653 4995 venereos
673 4916 890 4995 furores
929 4916 1260 4995 translatum.
1286 4923 1634 4995 Hesychius:
1666 4916 1892 4995 Οἶστρος,

295 4992 569 5066 ἐριθιςμὸς,
614 4993 643 5047 ὁ
687 4993 949 5066 ζεγομένρς
979 4994 1099 5066 μρῖᾳ
1131 5014 1144 5027 ο
1179 4993 1329 5065 μανία
1373 4989 1691 5066 ᾆξρροδισζων,
1737 4989 1899 5066 xtipr

294 5062 388 5137 eis,
420 5062 661 5137 ἔκξιαυτις.
685 5062 989 5136 Septimius
1008 5062 1493 5137 igiturCatholicos
1511 5064 1604 5136 qui
1635 5062 1897 5137 xeropha-

294 5082 388 5133 etc,
420 5082 661 5125 among.
685 5082 980 5136 Septimius
1008 5082 1022 5116 l
1087 5082 1172 5119 ιω·
1190 5082 1493 5122 uatnoucos
1511 5082 1604 5136 qui
1635 5082 1894 5137 xeropha-

293 5134 423 5207 gias
460 5133 756 5207 damnent,
791 5141 846 5191 et
896 5082 1123 5192 moecﬁis
1148 5136 1558 5207 paenitentibus
1595 5137 1894 5194 Ecclesium

244 5268 257 5276 α
295 5204 542 5278 ἱβάᾀεηῐ,
568 5204 857 5278 Psychicos
874 5214 1052 5272 vocat,
1079 5216 1130 5263 et
1148 5206 1425 5263 Pastorem
1446 5208 1497 5260 in
1518 5221 1706 5263 eorum
1732 5210 1895 5266 calice

300 5276 592 5352 depictum,
642 5276 921 5333 ebrietatis
971 5277 1186 5352 idolum
1239 5287 1295 5334 et
1350 5278 1595 5352 libidinis
1641 5290 1891 5352 oestrum,

298 5346 677 5423 u_n:de_scilice_t
705 5364 931 5423 corpore
968 5350 1353 5423 bone_cur_at_o,
1384 5349 1533 5406 velut
1573 5348 1749 5408 furore
1776 5346 1894 5423 per;

295 5418 408 5499 pili,
447 5420 503 5499 _in
527 5418 889 5499 .adulterialet
928 5433 1090 5499 omne
1125 5419 1478 5499 lasciviarum.
1501 5432 1675 5499 genus
1710 5418 1888 5499 ruam,

193 5532 197 5535 .
294 5490 498 5571 blanda
524 5488 879 5571 impetrandae
900 5489 1438 5571 pcnnitentiagﬁducia
1464 5488 1892 5571 iuvitatE'Quam

292 5570 425 5619 sunt
452 5557 789 5620 amarulenta
810 5557 931 5622 haec
957 5564 1013 5623 in
1040 5564 1334 5622 catholicos
1353 5563 1621 5622 convicia!
1654 5557 1779 5622 Bia.

367 5633 489 5707 (63)
521 5634 687 5695 Ovem
728 5636 1085 5710 pwnitentite
1129 5636 1410 5696 secundae.
1459 5637 1573 5695 Hoc
1602 5639 1705 5704 est,
1734 5638 1891 5696 Ovem

2006 3939 2273 4068 adulterio
2320 3939 2487 3998 etiam
2553 3947 2677 4013 post
2740 3939 3088 4013 baptismum
3120 3939 3362 4001 admisso
3417 3943 3618 4003 veniae.

2059 4026 2135 4067 rc.

2059 4026 2135 4067 [ϐ.

2078 4082 2196 4149 (64)
2247 4083 2312 4157 U_t
2360 4097 2450 4140 eos
2494 4083 2590 4154 qui
2617 4082 2895 4157 hactenus
2924 4083 3285 4157 delinquant.
3320 4087 3617 4155 Hactenus,

2008 4150 2113 4206 hoc
2140 4159 2241 4214 est,
2272 4152 2390 4218 jam
2421 4150 2528 4206 non
2557 4154 2810 4218 amplius.
2842 4154 2967 4209 Bia.

2080 4220 2195 4300 (66)
2238 4222 2323 4276 Vel
2351 4222 2416 4301 de
2444 4220 2760 4301 apostolica
2793 4224 3178 4301 instrumento
3208 4225 3461 4301 doceant.
3495 4228 3617 4284 Non

2010 4289 2256 4365 sequitur
2283 4307 2349 4345 ex
2377 4289 2527 4345 Actis
2554 4294 3122 4365 apostolorumtquod
3153 4297 3616 4355 instrumentum

2009 4361 2743 4442 apostolicumdnuncupat),
2775 4377 2885 4418 non
2913 4361 3187 4442 docetur-et
3222 4367 3466 4442 maculas
3496 4383 3616 4423 car-

1928 4418 1976 4495 Β
2008 4418 2093 4487 nis
2122 4441 2243 4503 post
2270 4418 2827 4521 baptislma‘réspérsaa
2875 4433 3189 4521 pmnlitpnt‘ia
3218 4418 3463 4519 dilui};
3483 4418 3618 4521 ergo

2011 4502 2396 4584 peccata-post
2443 4502 2773 4584 baptismum
2821 4502 3226 4584 ndanelentur
3262 4502 3613 4584 paenitenda,

2006 4574 2309 4648 quodaliis
2352 4574 2647 4648 scripturis
2690 4574 2812 4644 plus
2859 4574 2988 4630 satis
3035 4574 3437 4646 comprobatur.
3474 4574 3612 4638 Plut.

2078 4644 2193 4722 (66)
2227 4646 2426 4703 Carnis
2450 4650 2573 4717 post
2603 4644 2882 4722 baptisma
2904 4644 3193 4722 respersis.
3220 4650 3505 4722 Respersw
3531 4653 3621 4710 hic

2008 4717 2192 4790 posuit
2206 4732 2305 4788 pro
2322 4731 2526 4772 rursus
2555 4719 2855 4790 sparsce_et
2885 4719 3215 4784 maculatae,
3238 4717 3394 4777 novis
3413 4724 3620 4781 scilicet

2006 4794 2129 4857 post
2159 4787 2430 4843 lavacrum
2456 4787 2732 4841 sordibus.
2767 4787 2892 4842 Βία.

2076 4858 2191 4928 (67)
2236 4859 2275 4913 Α
2325 4858 3269 4933 sac_riﬁciis,__fornicationibus_et
3310 4864 3612 4933 sanguine.

2003 4927 2243 5004 Irenaeus
2264 4930 2524 5004 eumdem
2556 4927 2799 5004 ordinem
2843 4938 3068 5004 servat;
3112 4948 3146 5004 ⁸ι
3178 4927 3609 5004 Praecipiéndum

2001 4998 2081 5055 eis
2121 5001 2194 5055 uti
2230 4999 2535 5056 abstineant
2572 5017 2605 5056 a
2639 5000 2970 5057 vanitatibus
3017 5000 3313 5068 idolorum,
3344 4998 3398 5060 et
3425 5021 3458 5062 a
3486 5005 3605 5063 for-

2003 5070 2291 5146 nicatione,
2321 5081 2377 5127 et
2404 5086 2435 5126 a
2460 5071 2748 5146 sanguine,
2772 5078 2844 5146 _e_t
2890 5087 3245 5146 quascumque
3283 5076 3477 5134 nolunt
3503 5080 3607 5136 sibi

2005 5139 2122 5197 ﬁeri
2166 5139 2288 5197 aliis
2338 5158 2406 5213 ne
2453 5139 2672 5201 faciant.
2709 5139 2741 5196 »⁷
2771 5139 2924 5199 Ideni
2956 5144 3115 5213 paulo
3147 5139 3289 5213 post,
3322 5163 3421 5213 pro
3450 5153 3613 5208 vani-

2004 5213 2216 5289 tatibus
2240 5210 2545 5289 igto‘lbrum,
2586 5214 2719 5289 dixit
2740 5210 3118 5289 _idolothytis.
3147 5210 3281 5289 Haec
3309 5210 3417 5277 duo
3446 5237 3610 5280 voca-

2000 5283 2160 5361 bula,
2215 5279 2540 5361 assium
2580 5288 2663 5340 καὶ
2710 5279 2863 5361 stipa,
2920 5279 3114 5361 varias
3146 5286 3616 5361 interpretationes

2000 5356 2210 5433 sortita,
2242 5356 2402 5412 etiam
2423 5356 2959 5433 _vetustos_Actorum
2995 5358 3216 5417 codices
3264 5356 3615 5433 ambiguitate

2000 5427 2292 5506 lectionum
2335 5429 2639 5506 turbavere.
2673 5428 3030 5506 Apertissima
3078 5439 3256 5506 autem
3310 5427 3441 5506 sunt
3492 5448 3615 5506 quae

1996 5497 2085 5571 hic
2132 5505 2188 5555 et
2228 5501 2372 5571 apud
2416 5502 2682 5557 Irenaeum
2725 5497 2986 5571 leguntur
3031 5500 3294 5557 adversus
3338 5502 3446 5571 tria
3497 5497 3614 5564 haec

1998 5567 2317 5699 ἆέἶέγήμαὲα
2374 5574 2679 5648 praecipua,
2733 5567 2953 5627 εἰδώλων
2979 5613 2994 5643 ,
3052 5571 3273 5643 πορνείας
3295 5611 3315 5641 ,
3364 5570 3603 5647 αἵματος.

2058 5652 2138 5697 ιε.
