4058 6172
484 307 643 370 ’1055

1196 304 1640 367 TERTULLIANI
1677 306 1944 369 OPERUM
1980 306 2147 368 PARS
2185 304 2253 367 II.
2292 332 2361 348 --
2401 300 2632 364 SERIES
2666 300 2736 361 II.
2776 299 3097 362 MORALIA.

3659 304 3801 365 1056

497 435 677 491 locum
713 434 829 504 (68)
879 432 1104 490 honoris
1140 433 1224 488 sui
1260 434 1399 489 inter
1436 434 1792 492 idololatriam
1830 444 1885 491 et
1920 436 2096 492 homi-
2122 447 2170 527 Α
2204 432 2462 507 quasique
2482 430 2527 471 εί
2570 431 2750 500 ipsum
2783 437 2970 499 postea
2998 427 3197 501 stylum
3237 427 3752 527 verterithscribens
3782 449 3798 487 :

496 522 702 578 cidium
743 540 756 578 :
796 521 1145 578 interdictum
1201 522 1345 579 enim
1401 523 1678 593 sanguinis
1713 524 1885 580 multo
1921 524 2096 599 magis

497 609 718 667 humani
772 610 1156 682 intelligemus.
1214 612 1382 668 Porro
1439 613 1620 685 qualia
1671 612 1843 668 videri
1907 613 2097 670 volunt

499 697 733 768 apostoli
769 697 1014 770 crimina,
1047 715 1167 769 qua;
1204 699 1319 755 sola
1355 698 1410 755 in
1447 700 1829 758 observatione
1865 702 1934 756 de
1972 702 2095 775 lege

498 786 727 858 pristina
752 796 1065 858 excerpunt,
1110 804 1230 857 quae
1277 789 1393 844 sola
1438 789 1740 844 necessario
1776 789 2097 845 abstinenda

499 874 897 947 praescribunt?
942 876 1062 930 Non
1118 877 1262 947 quod
1307 876 1413 933 alia
1461 877 1790 949 permittant,
1822 878 1916 933 sed
1948 879 2095 950 quod

499 964 615 1019 haec
659 964 774 1020 sola
821 971 1128 1035 proponant
1172 963 1353 1036 utique
1398 981 1507 1020 non
1553 965 1922 1036 remissibilia,
1970 967 2091 1038 qui,

500 1053 838 1110 ethnicorum
882 1070 1091 1121 caussa,
1122 1062 1316 1110 cmtera
1362 1054 1501 1127 legis
1546 1071 1709 1112 onera
1756 1056 2096 1113 remissibilia

499 1139 763 1198 fecerunt.
815 1142 925 1197 Cur
973 1157 1103 1215 ergo
1140 1142 1401 1198 cervicem
1440 1152 1676 1199 nostram
1714 1161 1745 1199 a
1782 1153 1926 1201 tanto
1961 1147 2093 1217 jugo

499 1237 777 1299 excusant,
819 1229 923 1285 nisi
967 1238 1027 1285 ut
1068 1229 1246 1286 illis50
1285 1232 1605 1303 compendia
1649 1232 1751 1290 ista
1795 1233 2094 1304 disciplinae

499 1333 713 1389 semper
750 1318 1069 1391 imponant?
1113 1319 1220 1374 Cur
1266 1326 1345 1376 tot
1390 1319 1601 1379 vincula
1640 1320 1944 1393 indulgent.
1992 1321 2094 1377 nisi

499 1416 561 1464 ut
596 1415 856 1480 perpetuo
906 1410 973 1465 ad
1030 1409 1395 1467 necessariora
1440 1410 1846 1483 constringant?
1895 1410 2092 1468 Solvea-

497 1504 625 1553 runt
649 1514 681 1553 a
709 1498 972 1570 pluribus,
1020 1507 1081 1554 ut
1122 1499 1527 1556 nocentioribus
1568 1499 1919 1557 observandis
1948 1500 2093 1556 obli-

499 1600 773 1660 garemur.
819 1586 1274 1659 Compensatione
1314 1603 1402 1644 res
1442 1595 1558 1643 acta
1604 1595 1687 1642 est
1721 1606 1735 1643 :
1766 1588 1956 1645 lucrati
1993 1604 2093 1644 su-

500 1691 624 1731 mus
686 1675 873 1744 multa,
942 1685 1001 1731 ut
1062 1674 1245 1748 aliqua
1308 1684 1643 1747 praestemus.
1711 1676 2094 1749 Compensatio

497 1773 680 1820 autem
745 1763 1067 1821 revocabilis
1129 1779 1237 1820 non
1302 1772 1386 1820 est
1448 1764 1747 1836 iisdemque
1806 1766 2091 1823 revocabi-

496 1860 586 1910 tur
610 1852 747 1923 (69),
778 1851 1060 1908 iteratione
1088 1852 1333 1908 moecbiae
1376 1852 1583 1925 utique,
1633 1862 1688 1910 et
1737 1854 2016 1926 sanguinis
2042 1861 2095 1911 et

496 1940 835 1997 idololatriae.
875 1940 1013 1997 Tota
1050 1939 1193 2007 enim
1226 1941 1339 2010 jam
1379 1942 1465 1996 lex
1512 1951 1769 2009 sumetur,
1827 1943 1875 1998 si
1920 1942 2095 1998 veniae

498 2028 738 2085 conditio
769 2029 1025 2084 solvetur.
1074 2029 1181 2085 Sed
1228 2045 1337 2084 non
1382 2029 1570 2086 leviter
1598 2030 1876 2087 nobiscum
1905 2039 2097 2103 pactus

497 2124 583 2172 est
611 2117 845 2187 Spiritus
873 2128 1113 2181 sanctus,
1145 2118 1308 2174 etiam
1352 2118 1490 2174 ultro
1539 2127 1725 2189 pactus
1770 2134 1878 2192 quo
1924 2120 2096 2193 magis

496 2205 871 2261 honorandus.
927 2207 1288 2277 Sponsionem
1331 2208 1450 2277 ejus
1497 2224 1658 2263 nemo
1701 2208 1951 2263 dissolvit
1994 2209 2099 2263 nisi

496 2292 761 2365 ingratus.
794 2295 911 2350 Jam
941 2312 1043 2351 nec
1072 2296 1279 2365 recipet
1321 2313 1445 2367 qua:
1483 2295 1707 2363 dimisit,
1739 2311 1842 2351 nec
1869 2296 2101 2353 dimittet

496 2397 620 2453 qum
677 2382 914 2437 retinuit.
972 2383 1265 2438 Novissimi
1303 2384 1634 2440 Testamenti
1672 2399 1885 2455 semper
1939 2385 2100 2440 inde-

497 2467 774 2523 mutabilis
834 2478 1008 2525 status
1060 2485 1170 2536 est,
1238 2479 1293 2526 et
1350 2471 1536 2542 utique
1592 2472 1836 2528 recitatio
1900 2473 2101 2529 decreti

502 2556 897 2629 consiliumque
925 2557 1059 2613 illud
1103 2574 1227 2614 cum
1273 2560 1475 2616 saeculo
1502 2559 1731 2617 desinet.
1764 2560 1908 2616 Satis
1934 2561 2102 2619 dene-

502 2644 649 2717 gavit
710 2645 924 2701 veniam
987 2660 1177 2701 eorum
1239 2663 1467 2718 quorum
1531 2650 1827 2705 custodiam
1888 2650 2097 2721 elegit,

502 2732 793 2791 vindicavit
846 2750 968 2805 quae
1024 2751 1132 2792 non
1190 2736 1419 2806 proinde
1474 2738 1756 2795 concessit.
1818 2736 1954 2794 Hinc
2019 2748 2101 2794 est

500 2820 647 2890 quod
678 2836 854 2892 neque
882 2820 1219 2890 idololatrias,
1252 2838 1429 2895 neque
1454 2824 1729 2896 sanguini,
1763 2841 1864 2895 pax
1892 2826 1959 2879 ab
1985 2826 2099 2881 Ec-

502 2907 679 2963 clesiis
706 2909 968 2965 redditur.
1014 2910 1095 2965 De
1140 2926 1249 2981 qua
1295 2910 1535 2968 ﬁnitione
1564 2928 1660 2967 sua
1687 2912 1979 2984 Apostolos
2010 2929 2102 2968 ex-

503 2995 722 3062 cidisse,
778 3004 928 3066 puto,
983 3013 1089 3053 non
1145 2997 1273 3054 licet
1324 2999 1577 3066 credere;
1635 3007 1725 3056 aut
1777 3000 1824 3056 si
1880 3002 2100 3059 credere

505 3082 722 3155 quidam
750 3092 997 3155 possunt,
1029 3085 1300 3144 debebunt
1330 3091 1586 3160 probare.

964 3226 1192 3287 I003
1239 3231 1464 3288 CAPUT
1500 3232 1650 3291 XIII.

576 3348 842 3407 Novimus
871 3350 1027 3422 plane
1075 3361 1129 3408 et
1175 3354 1262 3411 hic
1293 3356 1629 3427 suspiciones
1656 3371 1867 3414 eorum.
1896 3359 2106 3416 Revera

509 3436 651 3492 enim
680 3438 1018 3509 suspicantur
1062 3444 1361 3512 apostolum
1414 3444 1655 3512 Paulum,
1687 3445 1743 3501 in
1772 3446 2007 3502 secunda
2037 3446 2105 3502 ad

509 3524 815 3583 Corinthios
866 3527 941 3599 (ΙΙ
1001 3529 1130 3589 Cor.
1188 3547 1247 3598 ιι,
1312 3532 1500 3603 5-11),
1558 3532 1735 3589 eidem
1796 3533 2104 3592 fornicatori

507 3616 718 3669 veniam
748 3616 967 3673 dedisse
997 3617 1130 3689 (70),
1160 3634 1323 3688 quem
1364 3620 1421 3674 in
1468 3621 1640 3691 prima
1669 3622 1973 3678 dedendum
2004 3624 2099 3678 Sa-

505 3707 643 3756 tanas
680 3702 735 3756 in
774 3702 1049 3757 interitum
1095 3706 1275 3761 carnis
1314 3708 1678 3779 pronuntiarit
1724 3710 1771 3777 (Ι
1820 3711 1942 3767 Cor.
1975 3727 2032 3777 v,
2064 3715 2097 3767 3

503 3792 559 3846 et
612 3788 805 3861 seqq.),
847 3788 1070 3863 impium
1108 3794 1274 3865 patris
1308 3795 1378 3850 de
1413 3794 1755 3854 matrimonio
1794 3798 2098 3869 haeredem;

2206 524 2265 581 Si
2287 524 2411 597 quis
2431 524 2626 577 autem
2643 520 3033 584 contristavit,
3058 534 3174 574 non
3189 534 3279 575 me
3302 519 3684 584 contristavit,
3708 520 3800 577 sed

2205 628 2279 668 ex
2308 613 2489 683 parte,
2518 625 2592 665 ne
2614 623 2705 665 vos
2734 622 2961 664 onerem
2989 622 3202 665 omnes.
3238 606 3391 664 Satis
3419 612 3504 664 est
3534 608 3668 664 tatis
3698 610 3797 665 in-

2204 699 2455 771 crepatio
2476 713 2603 771 quo:
2627 713 2662 751 a
2689 696 2892 753 multis
2910 695 2996 765 ﬁt.
3027 697 3117 754 Uti
3135 711 3165 754 e
3189 697 3487 752 contrario
3506 699 3687 769 magis
3707 714 3800 755 vos

2203 789 2412 847 donare
2441 791 2496 842 et
2525 786 2814 855 advocare,
2838 800 2911 841 ne
2940 788 3089 856 forte
3116 785 3533 845 abundantiore
3555 788 3800 844 tristitia

2202 878 2501 935 devoretur
2519 875 2818 946 ejusmodi.
2842 876 3079 946 Propter
3089 875 3230 946 quod
3243 890 3338 933 oro
3348 891 3460 944 vos,
3484 880 3798 935 constitua-

2204 969 2277 1023 tis
2306 968 2371 1020 in
2398 981 2529 1023 eum
2549 965 2929 1021 dilectionem.
2962 964 3025 1019 In
3064 964 3163 1020 hoc
3183 966 3337 1019 enim
3366 967 3424 1020 et
3453 967 3674 1038 scripsi,
3706 967 3798 1023 uti

2203 1071 2531 1126 cognoscam
2566 1054 2959 1126 probationem
2993 1056 3244 1109 vestram
3272 1053 3418 1125 quod
3444 1056 3508 1109 in
3537 1058 3793 1112 omnibus

2201 1143 2480 1203 obauditis
2522 1143 2688 1199 mihi.
2730 1142 2791 1199 Si
2826 1142 2924 1198 cui
2964 1144 3158 1199 autem
3194 1141 3561 1211 donaueritis,
3595 1148 3649 1200 et
3677 1159 3794 1215 ego.

2202 1234 2346 1289 Nam
2365 1236 2422 1288 et
2442 1246 2535 1304 ego
2554 1233 2605 1287 si
2624 1230 2758 1302 quid
2769 1230 2995 1294 donavi,
3009 1228 3213 1287 donavi
3228 1232 3293 1286 in
3301 1246 3546 1304 persona
3567 1231 3796 1296 Christi,

2203 1336 2275 1377 ne
2295 1320 2638 1392 fraudemur
2664 1336 2701 1375 a
2731 1320 2948 1376 Satana
2974 1334 2993 1371 :
3024 1333 3298 1392 quoniam
3328 1336 3441 1377 non
3469 1320 3797 1391 ignoramus

2201 1411 2536 1482 injectiones
2564 1411 2687 1482 ejus
2714 1408 2795 1478 (ΙΙ
2814 1410 2937 1466 Cor.
2958 1423 3021 1476 ll,
3053 1411 3107 1473 ὅ,
3145 1410 3253 1475 ll).
3286 1408 3430 1476 Quid
3469 1408 3560 1465 hic
3591 1410 3659 1465 de
3689 1408 3799 1466 for-

2200 1498 2462 1564 nicatore,
2503 1498 2632 1571 quid
2662 1498 2731 1553 de
2760 1496 2971 1568 paterni
3004 1496 3146 1553 tbori
3185 1498 3632 1565 contaminatore,
3668 1498 3799 1570 quid

2202 1588 2270 1642 de
2329 1585 2631 1643 Christiano
2681 1584 3019 1641 ethnicorum
3082 1584 3470 1655 impudentiam
3488 1586 3538 1625 ⁵³
3613 1602 3799 1658 super-

2204 1690 2391 1747 gresso
2445 1673 2807 1746 intelligitur?
2874 1689 2996 1728 cum
3052 1673 3281 1744 proinde
3333 1674 3523 1746 utique
3579 1675 3802 1746 speciali

2202 1765 2359 1821 venia
2413 1762 2750 1828 absolvisset,
2831 1777 2991 1833 quem
3049 1761 3272 1833 speciali
3327 1762 3409 1817 ira
3470 1764 3797 1818 damnasset.

2203 1851 2515 1909 Obscurius'
2540 1852 2848 1917 miseretur,
2881 1867 3039 1923 quam
3067 1850 3410 1922 indignatur;
3442 1852 3683 1922 apertior
3722 1861 3802 1908 est

2202 1942 2259 1998 in
2289 1944 2614 2007 austeritate,
2648 1956 2813 2012 quam
2858 1939 2914 1995 in
2942 1940 3205 2005 lenitate;
3248 1940 3434 2012 atquin
3463 1938 3679 1995 facilius
3724 1941 3801 1996 ira

2204 2049 2368 2104 quam
2422 2030 2760 2105 indulgentia
2841 2029 3061 2101 obliqua
3125 2036 3238 2098 est;
3316 2030 3488 2104 magis
3561 2028 3801 2085 tristiora

2205 2128 2541 2188 cunctantur,
2591 2136 2751 2192 quam
2799 2117 3029 2177 laetiora.
3080 2118 3163 2175 De
3221 2118 3432 2174 modica
3487 2118 3698 2174 scilicet
3725 2119 3803 2172 in-

2206 2209 2480 2281 dulgentia
2508 2209 2795 2283 agebatur;
2825 2224 2944 2279 quae
2990 2206 3037 2262 si
3073 2207 3211 2263 forte
3237 2221 3380 2261 nunc
3424 2206 3799 2270 aestimaretur,

2207 2297 2423 2370 quando
2469 2297 2705 2352 maxima
2750 2311 2978 2369 quaeque
3030 2310 3141 2351 non
3199 2296 3409 2351 soleant
3460 2295 3625 2349 etiam
3683 2294 3804 2350 sine

2206 2386 2590 2459 praedicatione
2629 2385 2837 2451 donari,
2870 2392 3020 2440 tanto
3060 2384 3215 2440 abest
3242 2383 3358 2439 sine
3389 2383 3801 2456 significatione.

2207 2475 2277 2529 Et
2325 2481 2384 2528 tu
2431 2474 2649 2545 quidem
2704 2471 3073 2542 paenitentiam
3128 2471 3327 2526 moechi
3368 2469 3435 2524 ad
3477 2470 3803 2526 exorandam

2206 2562 2595 2619 fraternitatem
2637 2561 2694 2616 in
2737 2560 3025 2618 ecclesiam
3067 2559 3349 2631 inducens,
3410 2559 3806 2616 conciliciatum

2207 2659 2262 2707 et
2322 2650 2720 2709 concineratum
2781 2649 2898 2720 (71)
2952 2664 3075 2706 cum
3144 2649 3412 2706 dedecore
3468 2657 3524 2704 et
3577 2649 3805 2704 horrore

2206 2740 2566 2813 compositum
2597 2737 2894 2810 prosternis
2908 2738 2959 2777 53
3013 2736 3069 2792 in
3128 2737 3370 2794 medium
3416 2744 3541 2793 ante
3591 2736 3805 2801 viduas,

2209 2839 2334 2886 ante
2390 2830 2751 2901 presbyteros,
2819 2826 3061 2883 omnium
3131 2826 3354 2883 lacinias
3427 2826 3801 2891 invadentem,

2205 2918 2447 2975 omnium
2492 2917 2719 2989 vestigia
2755 2916 3105 2987 lambentem,
3144 2914 3394 2972 omnium
3441 2930 3621 2989 genua
3665 2914 3807 2969 deti-

2206 3016 2441 3077 nentem,
2483 3006 2647 3079 inque
2693 3021 2819 3062 eum
2864 3004 3101 3061 hominis
3138 3003 3343 3060 exitum
3391 3004 3609 3077 quantis
3654 3005 3808 3073 potes

2212 3094 2549 3154 misecordiaa
2585 3093 2880 3159 inlecebris,
2940 3094 3114 3149 bonus
3163 3098 3347 3163 pastor
3392 3100 3447 3147 et
3492 3092 3809 3148 benedictus

2210 3200 2354 3257 papa
2395 3181 2731 3240 concionaris
2776 3182 2916 3253 (72),
2959 3188 3013 3235 et
3055 3180 3109 3235 in
3159 3180 3418 3251 parabola
3445 3179 3584 3245 ovis,
3616 3195 3810 3251 capras

2211 3281 2328 3330 tuas
2353 3271 2574 3344 quaeris,
2614 3278 2705 3326 tua
2732 3270 2851 3327 ovis
2869 3270 2918 3309 δ’·
2947 3285 3015 3325 ne
3046 3285 3229 3325 rursus
3260 3269 3331 3325 de
3369 3284 3538 3341 grege
3572 3268 3805 3337 exsiliat,

2210 3360 2365 3434 quasi
2394 3376 2501 3416 non
2529 3358 2721 3416 exinde
2763 3359 2877 3428 jam
2914 3356 3071 3414 liceat
3111 3358 3257 3429 quod
3287 3373 3382 3414 nec
3421 3356 3588 3413 semel
3630 3354 3804 3423 licuit,

2210 3458 2432 3506 caeteras
2479 3448 2641 3505 etiam
2678 3455 2825 3502 metu
2876 3447 3140 3517 comples,
3182 3462 3305 3503 cum
3348 3445 3581 3500 maxime
3624 3444 3807 3500 indul-

2209 3556 2364 3610 gens.
2403 3536 2703 3609 Apostolus
2730 3550 2859 3593 vero
2904 3535 3219 3592 sceleratam
3256 3533 3541 3589 libidinem
3571 3532 3810 3589 fornica-

2210 3626 2372 3682 tionis
2411 3626 2614 3681 incesto
2644 3632 2891 3679 onustam
2947 3633 3053 3679 tam
3106 3624 3346 3694 projecte
3378 3622 3699 3693 ignovisset,
3747 3629 3808 3678 ut

2208 3729 2306 3769 nec
2348 3713 2493 3768 hunc
2539 3712 2727 3766 saltem
2764 3710 3007 3766 habitum
3050 3707 3277 3764 I004
3321 3709 3628 3781 legatum55
3682 3726 3806 3779 pce-

2208 3800 2445 3857 nitentiae
2474 3800 2589 3871 ('13)
2620 3813 2784 3870 quem
2811 3797 2879 3852 ab
2909 3797 3028 3869 ipso
3068 3796 3321 3853 didicisse
3348 3796 3604 3869 deberes,
3634 3797 3705 3851 ab
3739 3811 3806 3852 eo

1890 3940 2081 4005 Variae
2125 3948 2439 4008 lectiones.

572 4035 623 4075 ⁵ο
651 4034 875 4108 Πιίνιῗία.
918 4038 1044 4093 Ven.
1086 4037 1133 4078 ⁵1

1172 4038 1404 4118 Quasive
1435 4042 1617 4118 Rhea.
1664 4044 1887 4102 Oberth.
1913 4050 2066 4118 quasi
2096 4051 2179 4104 vel
2207 4052 2369 4118 Leop.
2410 4050 2462 4087 ⁵2
2496 4047 2783 4104 Ethnicum
2816 4045 3153 4118 impudentia
3190 4048 3325 4105 Par.
3355 4046 3408 4086 ⁵³
3448 4047 3810 4103 Prosterueus

499 4108 659 4166 Pam.
695 4107 916 4181 Oberth.
949 4110 1120 4167 Seml.
1151 4107 1212 4151 ⁵⁸⁷
1226 4113 1338 4168 Tua
1363 4113 1478 4170 ovis
1514 4116 1661 4174 delet
1690 4119 1813 4173 Lat.
1854 4117 1904 4156 ⁵⁵
1933 4107 2260 4192 Legitimum
2298 4107 2461 4193 £e0p.
2491 4136 2564 4177 ea:
2591 4137 2698 4177 ms.
2739 4107 2940 4177 Wouio.

1894 4243 2399 4310 Commentarius.

553 4365 685 4451 .(68)
710 4367 942 4451 sufficit
970 4374 1025 4428 et
1056 4372 1146 4451 hic
1173 4376 1459 4451 servatum
1486 4389 1601 4432 esse
1630 4376 1880 4435 machina
1904 4382 1960 4451 et
1977 4380 2091 4448 for-

494 4441 779 4519 nicationi
833 4441 1041 4519 locum.
1096 4446 1162 4498 At
1220 4444 1392 4519 Lucas
1427 4444 1547 4519 ipse
1584 4461 1691 4501 non
1729 4441 1988 4519 servavit:
2020 4451 2088 4505 Et

498 4512 641 4581 enim
669 4513 855 4567 Actor.
900 4512 1015 4580 XV,
1061 4528 1185 4569 cum
1231 4514 1405 4579 primo
1433 4512 1675 4581 dixisset,
1720 4523 1821 4571 τῶν
1868 4517 2087 4572 suoswa

496 4578 579 4658 κᾳὶ
623 4584 710 4658 τῆς
757 4582 978 4658 ῖιοργείας
1003 4578 1107 4637 ⁷ιιοιὶ
1147 4578 1275 4658 soi»:
1311 4584 1520 4655 αἵματος
1548 4628 1561 4652 ,
1618 4578 1803 4658 postea
1852 4605 1915 4646 ea
1969 4591 2091 4645 edi-

500 4648 595 4733 xit,
644 4648 975 4733 εἰδῳλρθρταξν
998 4698 1013 4723 ,
1085 4656 1167 4733 θεαὶ
1223 4648 1424 4733 uiuere;
1472 4648 1558 4711 nail
1607 4648 1848 4733 ⁸ῖι-ορνείαις.
1902 4661 2090 4733 Itaque

497 4722 627 4777 satis
668 4729 768 4800 est__
793 4722 1041 4800 frivolum
1091 4722 1335 4796 Septimii
1362 4722 1741 4800 argumentum
1786 4729 1853 4786 de
1897 4722 2091 4788 verbo-

497 4808 617 4872 rum
656 4794 847 4872 ordine
880 4812 980 4872 seu
1020 4794 1179 4872 loco,
1218 4806 1275 4852 et
1308 4794 1455 4872 vana
1495 4802 1819 4872 conjectura
1864 4802 2090 4872 Opinan-

500 4865 630 4944 tium
678 4865 801 4944 haec.
833 4866 906 4920 ita
949 4866 1150 4924 debere
1176 4868 1321 4925 necti
1352 4890 1366 4927 :
1420 4891 1446 4920 α
1480 4865 1705 4944 Spiritui
1743 4865 1927 4944 sancto
1971 4874 2090 4929 suf-

496 4932 606 4988 ﬁcit
651 4946 704 4991 et
750 4935 837 4991 hic
881 4948 1154 4994 servatum
1203 4955 1321 4996 esse
1370 4932 1616 4999 mmcbiae
1655 4952 1707 4998 et
1744 4942 2090 5002 fornicationi

494 5004 698 5086 locum,
745 5026 771 5058 ι
822 5007 1088 5086 Reclamat
1134 5012 1408 5086 Irenteus,
1449 5030 1623 5086 neque
1660 5014 1765 5070 hoc
1802 5016 1951 5073 venit
1988 5033 2090 5073 un-

495 5080 1001 5151 quam‘inqmentem
1032 5080 1279 5151 Septimii
1310 5080 1497 5141 nostri.
1530 5086 1659 5141 Rus.

537 5146 681 5229 _(_69)
713 5149 1023 5230 Iisdemque
1052 5146 1425 5230 revocabitur.
1474 5158 1632 5230 Deest
1665 5156 1902 5230 aliquid,
1942 5159 2090 5230 quod

496 5223 751 5292 nisi_ope
797 5223 1126 5292 exemplaris
1173 5227 1356 5282 sarciri
1406 5228 1609 5292 nequit.
1645 5223 1931 5284 Aut—certe
1958 5223 2091 5283 scri-

496 5290 775 5368 bendum:
810 5294 933 5351 Nisi
958 5290 1197 5368 denique
1225 5290 1573 5368 revocabitur
1600 5301 1924 5364 iteratione,
1955 5316 2092 5355 ma:-

494 5361 859 5449 chigytniqt'w
891 5361 1273 5449 et‘sang'uinis
1300 5372 1358 5422 et
1389 5367 1754 5449 idololatrigz.
1785 5372 1909 5449 BIG.

564 5433 679 5507 (7°)
703 5433 902 5515 Eidem
929 5433 1272 5515 [ornicatori
1298 5440 1523 5515 veniam
1568 5437 1801 5515 dedisse,
1833 5448 1939 5496 etc.
1972 5438 2089 5515 Pri-_

494 5504 599 5561 mai
638 5504 848 5562 scilicet
891 5504 959 5562 ad
1005 5508 1133 5566 Cor.
1163 5524 1198 5563 v
1227 5506 1437 5564 notabis
1480 5504 1861 5567 fornicatorem
1908 5510 2091 5568 vocari

503 5575 596 5645 qui
633 5574 842 5635 incesto
872 5591 934 5633 se
960 5578 1243 5648 polluerat,
1272 5578 1418 5635 unde
1449 5586 1634 5653 postea
1681 5582 1911 5654 paterni
1941 5584 2094 5642 thori

2123 4394 2171 4472 υ
2201 4381 2714 4472 contaminatorem
2743 4376 2992 4459 appellat,
3027 4374 3603 4472 sicque'forigcationis
3636 4383 3689 4431 et
3719 4375 3806 4429 in-

2200 4459 2377 4527 cestus
2404 4451 2625 4527 nomine
2653 4447 2957 4527 promiscue
2988 4447 3177 4527 utitur.
3211 4447 3292 4527 LI;
3330 4449 3466 4527 Pn._
3669 4517 3680 4527 .

2264 4522 2381 4593 (71)
2411 4517 2844 4593 Conciliciatum
2871 4525 2925 4577 et
2951 4521 3405 4593 concineratum.
3444 4518 3506 4574 In
3535 4517 3722 4574 cilicio
3749 4523 3805 4573 et

2195 4591 2376 4648 cinere
2415 4592 2783 4662 pcenitentium
2815 4592 3081 4662 squalore.
3114 4591 3244 4646 Rm.

2268 4665 2383 4734 (’72)
2413 4659 2741 4721 Benedictus
2762 4659 2917 4734 Papa
2937 4662 3313 4734 concionaris.
3339 4659 3400 4715 In
3424 4659 3800 4734 vetustissimo

2197 4730 2301 4790 hoc
2347 4730 2609 4804 scriptore
2656 4735 2815 4801 Papae
2840 4730 3061 4788 ‘nomen
3090 4731 3345 4804 occurrit,
3376 4730 3481 4804 qui
3530 4740 3593 4804 et
3625 4730 3800 4804 bene-

2197 4805 2405 4869 dictus,
2439 4801 2498 4859 ut
2527 4820 2647 4874 cap.
2702 4808 2770 4859 30
2798 4805 2865 4861 de
2907 4805 3253 4875 Prcescript,
3288 4801 3391 4875 ubi
3420 4802 3803 4875 Eleutherium

2199 4876 2547 4933 benedictum
2574 4872 2747 4941 vocat,
2775 4875 2868 4946 qui
2887 4883 2941 4930 et
2962 4872 3201 4945 pontifex
3220 4873 3326 4929 fuit
3358 4872 3717 4928 Romanensis
3748 4884 3803 4927 ct

2200 4956 2422 5002 martvr.
2456 4947 2530 5002 La
2564 4947 2659 5001 Pa.

2267 4964 2671 5089 Wayfiﬁtgi
2705 5019 2951 5089 legatum
2978 5015 3355 5089 paenitentiae.
3390 5014 3501 5070 Hoc
3527 5020 3631 5080 est,
3659 5030 3804 5087 gen-

2196 5087 2649 5161 tium'consensu
2705 5087 3024 5161 delegatum,
3074 5087 3419 5158 dicatumque
3482 5094 3535 5140 et
3591 5100 3803 5161 conve-

2199 5160 2593 5216 nientissimum
2643 5156 3016 5225 pmnitéutium
3063 5173 3160 5213 seu
3210 5156 3424 5213 reorum
3465 5157 3797 5213 maestitiae:

2199 5232 2283 5304 vel
2320 5231 2563 5304 habitum
2591 5230 2874 5304 pmnitenti
2915 5230 3097 5304 datum
3131 5230 3475 5304 legatumque
3511 5228 3666 5304 quasi
3687 5243 3806 5304 _per

2200 5297 2616 5367 damnationem,
2650 5302 2704 5357 in
2734 5302 2849 5356 haec
2879 5301 3045 5356 verba
3081 5318 3095 5353 :
3129 5297 3233 5367 Qui
3267 5297 3650 5371 mmcbus,‘qui
3680 5297 3800 5353 for-

2199 5373 2427 5443 nicator,
2468 5374 2723 5430 Ecclesiae
2770 5388 2959 5443 pacem
2986 5371 3091 5427 sibi
3135 5371 3289 5443 reddi
3338 5370 3707 5443 postulaverit,
3744 5370 3803 5424 in

2198 5445 2345 5502 luctu
2374 5441 2429 5501 et
2455 5446 2725 5521 squalore,
2773 5441 2828 5500 in
2855 5457 3011 5521 sacco
3036 5452 3095 5521 et
3140 5442 3322 5521 cinere
3352 5441 3577 5521 fratrum
3615 5458 3801 5521 genus

2239 5532 2454 5573 rensare
2483 5512 2768 5574 damnatus
2804 5522 2944 5587 esto.
2981 5512 3151 5587 Alias,
3173 5512 3320 5587 quod
3350 5512 3580 5585 praponi
3612 5512 3798 5579 video,

2253 5589 2543 5663 gitimam,
2572 5602 2683 5646 non
2711 5585 3043 5661 displiceret.
3073 5585 3197 5644 Rm.
