4062 6178
322 368 462 429 1057

1616 356 1809 418 LIBER
1858 354 1943 417 DE
1980 352 2333 417 PUDIGITIA.

3477 357 3616 420 1058

316 495 580 568 exegerit,
612 494 745 552 nihil
790 493 860 551 de
897 498 1112 565 postero
1148 487 1218 544 sit
1260 486 1635 555 comminatus,
1665 484 1797 540 nihil
1842 484 1908 540 de
1938 498 1985 579 Α
2014 483 2124 541 imo
2152 489 2205 539 et
2247 481 2313 535 ad
2342 481 2468 579 .ho‘c
2508 478 2800 579 plurimum
2824 478 3010 551 refert,
3047 482 3193 554 quod
3226 483 3353 541 illos
3393 485 3622 543 traditos

316 592 515 640 caetero
554 583 857 641 allocutus?
900 581 1047 650 Quin
1091 579 1224 645 imo,
1265 586 1321 633 et
1365 576 1510 632 ultro
1546 574 1597 613 56
1640 573 1905 643 obsecrat,

319 671 710 730 constituerent
764 672 820 726 in
875 685 996 725 eum
1055 665 1397 723 dilectionem
1420 707 1435 735 ,
1491 662 1645 737 quasi
1701 660 1914 717 satisfa-

320 761 493 830 ciens,
522 778 632 818 non
676 759 830 834 quasi
869 760 1157 831 ignescens
1190 774 1205 811 :
1244 762 1299 811 et
1342 762 1518 809 tamen
1564 750 1915 807 dilectionem

319 851 505 917 audio,
534 865 643 907 non
678 845 1240 906 communicationem.
1272 842 1429 912 Quod
1481 849 1536 896 et
1573 840 1639 895 ad
1677 838 1913 893 Thessa-

319 940 622 996 lonicenses
656 958 669 994 :
703 940 763 995 Si
782 939 907 1011 quis
934 940 1129 992 autem
1158 950 1274 989 non
1294 930 1525 988 obaudit
1543 930 1791 985 sermoni
1818 944 1918 982 no-

319 1033 437 1083 stro
451 1044 552 1099 per
569 1028 887 1099 epistolam,
904 1026 1053 1081 hunc
1075 1024 1294 1088 notate,
1313 1034 1417 1073 nec
1436 1015 1914 1075 commisceamini

318 1114 426 1181 illi,
450 1120 517 1170 ut
536 1119 884 1183 revereatur,
906 1127 1021 1168 non
1041 1111 1203 1183 quasi
1228 1108 1531 1165 inimicum
1554 1104 1912 1177 deputantes,

314 1203 412 1261 sed
424 1205 587 1276 quasi
605 1207 852 1275 fratrem
875 1201 1234 1274 objurgantes
1255 1196 1348 1270 (II.
1371 1196 1521 1252 Thes.
1536 1208 1618 1262 ιιι,
1636 1194 1743 1259 14).
1756 1191 1911 1247 Adeo

316 1293 581 1364 potuisset
624 1292 805 1348 dicere
853 1298 910 1346 et
952 1283 1264 1342 fornicatori
1307 1281 1651 1340 dilectionem
1706 1279 1911 1336 solum-

315 1380 477 1436 modo
515 1394 865 1447 concessam,
914 1390 1025 1430 non
1076 1382 1132 1429 et
1189 1370 1756 1429 communicationem.
1821 1372 1912 1425 In-

313 1477 466 1524 cesto
513 1483 641 1525 vero
687 1482 789 1522 nec
837 1463 1214 1528 dilectionem,
1256 1477 1420 1533 quem
1471 1460 1670 1516 scilicet
1711 1458 1911 1513 auferri

310 1556 566 1627 jussisset
592 1556 661 1611 de
708 1555 888 1612 medio
917 1556 1186 1625 ipsorum,
1216 1552 1389 1606 multo
1420 1550 1594 1619 magis
1624 1546 1809 1619 utique
1842 1547 1911 1601 de

314 1644 521 1700 animo.
575 1644 681 1701 Sed
737 1643 1025 1701 verebatur
1078 1656 1145 1696 ne
1202 1639 1584 1695 fraudarentur
1625 1652 1657 1690 a
1716 1637 1912 1691 Satana

312 1732 455 1788 circa
489 1734 609 1803 ejus
651 1748 896 1805 persona:
942 1730 1313 1795 amissionem,
1345 1742 1507 1798 quem
1547 1726 1762 1780 Satanae
1791 1724 1910 1795 ipse

314 1821 643 1894 proiecerat;
682 1828 775 1878 aut
819 1835 888 1875 ne
933 1817 1263 1875 abundantia
1318 1814 1562 1870 mmroris
1620 1812 1911 1870 devorare-

2020 572 2088 628 ab
2133 569 2395 642 Apostolo
2433 569 2670 642 legimus
2695 570 2938 638 Satanae;
2975 572 3235 640 Apostolo
3274 588 3404 631 vero
3450 589 3617 649 auge-

2020 660 2134 715 lum
2182 658 2366 716 datum
2403 659 2631 715 Satanae.
2684 660 2965 715 Postremo
2992 673 3113 716 cum
3151 659 3477 732 deprecatur
3501 663 3618 719 Do-

2020 749 2227 805 minum
2258 747 2474 813 Paulus,
2510 745 2736 805 I005
2765 748 2897 819 quid
2923 748 3124 805 audit?
3148 750 3299 806 Satis
3328 751 3468 809 habe
3492 769 3620 824 gra-

2026 840 2168 894 tiam
2190 853 2408 905 meam;
2438 838 2619 893 virtus
2649 838 2807 893 enim
2838 839 2904 893 in
2939 838 3283 906 inﬁrmimw
3316 841 3621 911 perﬁcitur

2026 930 2103 996 (II
2130 929 2254 984 Cor.
2291 942 2392 995 xu,
2426 928 2504 997 9).
2545 927 2678 993 Hoc,
2708 927 2799 998 qui
2839 929 3053 983 Satanae
3090 928 3383 1000 deduntur,
3427 930 3621 987 audire

2021 1029 2129 1071 non
2157 1023 2401 1086 possunt.
2447 1013 2723 1086 Hymenaei
2772 1023 2952 1070 autem
2992 1023 3045 1070 et
3082 1016 3377 1073 Alexandri
3414 1017 3621 1075 crimen

2020 1101 2068 1159 si
2128 1113 2181 1159 et
2234 1103 2290 1158 in
2343 1102 2447 1161 isto
2498 1112 2552 1159 et
2614 1104 2669 1157 in
2722 1101 2903 1158 futuro
2949 1119 3066 1160 evo
3114 1105 3485 1163 irremissibile
3514 1118 3618 1177 est,

2022 1191 2358 1263 blasphemia
2387 1191 2626 1259 scilicet;
2659 1190 2845 1261 utique
2886 1191 3181 1262 Apostolus
3210 1208 3320 1249 non
3358 1195 3618 1252 adversus

2023 1281 2309 1337 terminum
2349 1278 2569 1336 Domini
2617 1280 2737 1350 (75)
2775 1280 2879 1335 sub
2910 1295 3007 1351 spe
3042 1282 3212 1337 veniae
3260 1283 3495 1341 dedisset
3523 1285 3621 1339 Sa-

2023 1380 2181 1437 tanae,
2229 1369 2341 1440 jam
2381 1384 2413 1422 a
2454 1368 2578 1423 ﬁdei
2628 1367 2683 1421 in
2726 1361 3121 1438 blaSphemia‘m
3171 1387 3411 1429 mersos.
3472 1374 3623 1429 Unde

2019 1467 2073 1514 et
2118 1458 2415 1529 naufragos
2440 1472 2536 1512 eos
2560 1459 2713 1527 juxta
2752 1456 2911 1512 ﬁdem
2939 1459 3324 1529 pronuntiavit,
3358 1476 3467 1518 non
3519 1464 3619 1517 ha-

2019 1546 2206 1600 bentes
2247 1547 2359 1614 jam
2424 1544 2674 1599 solatium
2740 1544 2894 1599 navis
2957 1545 3242 1602 Ecclesiae:
3311 1547 3418 1601 illis
3475 1549 3622 1603 enim

2019 1633 2175 1689 venia
2205 1641 2447 1705 negatur,
2498 1633 2593 1704 qui
2631 1633 2699 1689 de
2730 1632 2841 1687 fide
2893 1632 2949 1686 in
2996 1632 3388 1705 blasphemiam
3444 1636 3622 1707 impe-

2019 1728 2232 1795 gerunt.
2282 1722 2575 1791 Caeterum,
2626 1720 2826 1777 ethnici
2873 1733 2927 1777 et
2971 1721 3213 1777 haeretici
3261 1721 3505 1793 quotidie
3555 1740 3623 1779 ex

2019 1809 2351 1882 blasphemia
2379 1820 2684 1883 emergunt.
2724 1809 2833 1865 Sed
2863 1810 2966 1865 etsi
3028 1810 3198 1866 dixit:
3268 1811 3492 1867 Tradidi
3534 1828 3624 1870 eos

316 1892 422 1975 tur,
470 1892 638 1981 quem
677 1908 731 1963 in
782 1908 1057 1964 interitum
1106 1904 1284 1961 carnis
1335 1902 1629 1958 addixerat.
1662 1901 1759 1955 Hic
1799 1902 1912 1971 jam
1943 1892 1987 1970 Β
2020 1900 2375 1965 Satanaz,uti
2390 1899 3625 1971 disciplinamacciperentnonblaspheman-

316 1996 493 2053 carnis
536 1996 811 2053 interitum
856 1996 912 2050 in
959 1993 1205 2051 ofﬁcim
1258 1988 1589 2062 poenitentiae
1642 1988 1909 2060 interpre-

317 2092 522 2153 tantur,
551 2085 698 2157 quod
738 2080 1228 2153 videaturjejuuiis
1252 2086 1307 2137 et
1351 2078 1607 2135 sordibus
1647 2086 1702 2132 et
1750 2079 1912 2134 incu-

316 2173 396 2230 ria
424 2172 571 2231 omni
616 2182 671 2231 et
698 2173 877 2231 dedita
921 2186 1089 2244 Opera
1117 2170 1274 2225 malae
1322 2166 1656 2224 tractationis
1693 2182 1911 2223 carnem

314 2263 721 2320 exterminando
776 2262 908 2319 satis
944 2262 1058 2318 Deo
1113 2260 1319 2331 facere;
1350 2265 1411 2314 ut
1464 2272 1533 2314 ex
1586 2257 1693 2313 hoc
1742 2272 1911 2330 argu-

313 2359 618 2408 mententur
668 2350 1084 2417 fornicatorem,
1114 2349 1223 2405 imo
1268 2346 1534 2405 incestum
1581 2345 1768 2417 illum,
1800 2360 1910 2401 non

312 2438 371 2495 in
410 2440 766 2511 perditionem
809 2440 1022 2496 Satanm
1065 2439 1135 2494 ab
1175 2435 1443 2511 Apostolo
1491 2434 1780 2502 traditum,
1813 2434 1910 2490 sed

313 2528 367 2584 in
418 2529 869 2596 emendationem,
896 2525 1051 2601 quasi
1102 2532 1293 2599 postea
1345 2524 1557 2583 veniam
1603 2524 1675 2581 ob
1720 2522 1909 2581 interi-

318 2630 457 2683 tum,
486 2617 543 2673 id
584 2626 667 2675 est
711 2617 1166 2675 conﬂictationem
1212 2616 1903 2686 carnis,:consecuturum,

314 2707 480 2780 igitur
516 2716 569 2763 et
612 2716 990 2765 consecutum.
1050 2706 1211 2762 Plane
1262 2705 1410 2760 idem
1461 2704 1736 2775 apostolus
1799 2703 1909 2773 Hy-

313 2811 578 2852 menaeum
650 2807 707 2853 et
776 2797 1150 2853 Alexandrum
1228 2794 1445 2849 Satanae
1525 2792 1782 2861 tradidit,
1846 2800 1908 2847 ut

312 2885 727 2941 emendarentur
788 2898 898 2939 non
952 2882 1329 2953 blasphemare
1354 2923 1369 2948 ,
1429 2880 1569 2939 sicut
1623 2880 1906 2935 Timotheo

313 2987 414 3029 suo
456 2971 641 3027 scribit
692 2973 744 3042 (1
798 2972 936 3027 Tim.
966 2986 1007 3037 ι,
1038 2972 1149 3037 20).
1197 2968 1305 3025 Sed
1334 2976 1389 3024 et
1429 2968 1546 3039 ipse
1588 2967 1769 3022 datum
1800 2966 1907 3045 sibi

312 3060 387 3115 ait
426 3060 634 3130 sudem,
664 3060 919 3131 angelum
956 3058 1168 3115 Satanae
1212 3058 1351 3129 (74),
1381 3072 1413 3111 a
1439 3071 1547 3127 quo
1588 3055 1906 3144 colaphiza-
1941 3065 1984 3144 ο

312 3157 459 3204 retur
502 3164 571 3203 ne
618 3164 677 3204 se
721 3145 1005 3203 extolleret
1053 3146 1131 3218 (II
1173 3146 1295 3202 Cor.
1333 3158 1439 3209 xu,
1487 3147 1565 3215 7).
1594 3143 1654 3199 Si
1708 3151 1764 3199 et
1800 3144 1905 3198 hoc

313 3242 540 3305 tangunt
585 3242 644 3290 ut
689 3232 916 3290 traditos
962 3234 1173 3291 Satanae
1217 3232 1285 3287 ab
1325 3232 1438 3300 illo,
1469 3232 1525 3287 in
1560 3230 1901 3288 emendatio-

312 3339 456 3393 nem,
498 3337 606 3379 non
653 3323 709 3377 in
758 3321 1113 3394 perditionem
1159 3320 1545 3391 intelligamus,
1565 3319 1697 3390 quid
1724 3319 1902 3375 simile

310 3410 644 3483 blasphemia
679 3417 733 3466 et
776 3409 1043 3464 incestum
1084 3415 1141 3465 et
1188 3407 1368 3463 anima
1404 3408 1475 3462 ab
1522 3408 1610 3463 his
1650 3407 1898 3480 integra,

307 3499 417 3554 imo
462 3514 569 3556 non
615 3498 828 3555 aliunde
869 3514 1033 3570 quam
1078 3513 1144 3553 ex
1186 3512 1397 3552 summa
1433 3497 1713 3553 sanctitate
1742 3504 1797 3551 et
1834 3513 1901 3553 ex

308 3589 456 3645 omni
494 3588 799 3645 innocentia
843 3588 1006 3659 elata,
1040 3602 1161 3659 qum
1197 3585 1253 3641 in
1282 3587 1528 3659 apostolo
1577 3585 1819 3656 colaphis
1856 3586 1902 3643 si

306 3677 446 3734 forte
491 3676 863 3745 cohibebatur,
892 3691 988 3748 per
1027 3674 1302 3743 dolorem,
1336 3681 1397 3729 ut
1440 3673 1615 3743 aiunt,
1644 3674 1900 3731 auriculae

305 3766 394 3823 vel
440 3766 652 3837 capitis.
692 3768 961 3822 lncestum
998 3779 1125 3822 vero
1173 3772 1336 3837 atque
1378 3762 1708 3835 blasphemia
1757 3772 1899 3821 totos

306 3855 555 3911 homines
596 3854 652 3908 in
682 3853 1077 3926 possessionem
1122 3853 1229 3924 ipsi
1268 3853 1501 3922 Satanae,
1538 3868 1651 3911 non
1701 3855 1897 3929 angelo

303 3944 426 4016 ejus
453 3941 736 4001 tradidisse
762 3948 1095 3999 meruerunt.
1124 3941 1197 3998 Et
1223 3941 1292 3999 de
1336 3944 1441 3999 hoc
1477 3942 1623 4001 enim
1650 3944 1895 4013 interest,

2019 1989 2110 2057 di;
2140 1988 2208 2045 de
2225 1988 2432 2045 caeteris
2477 1988 2611 2043 dixit
2644 1989 2761 2061 qui,
2810 1989 2916 2043 illis
2953 1988 3157 2044 traditis
3184 1990 3416 2055 Satanae,
3459 1990 3514 2046 id
3543 2000 3626 2047 est

2019 2084 2168 2134 extra
2213 2077 2513 2133 Ecclesiam
2564 2078 2839 2149 projectis,
2890 2078 3094 2133 erudiri
3152 2078 3417 2134 haberent
3470 2080 3623 2135 blas—

2019 2169 2383 2239 phemandum
2419 2183 2531 2224 non
2562 2183 2702 2224 esse.
2753 2168 2845 2224 Sic
2888 2166 3051 2239 igitur
3098 2174 3155 2224 et
3204 2168 3466 2224 incestum
3513 2169 3628 2226 for-

2018 2258 2314 2314 nicatorem
2344 2271 2453 2312 non
2486 2258 2542 2311 in
2590 2257 3047 2323 emendationem,
3098 2258 3196 2313 sed
3246 2259 3299 2312 in
3348 2257 3622 2329 perditio-

2017 2362 2141 2403 nem
2177 2345 2401 2402 tradidit
2439 2346 2674 2412 Satanae,
2704 2346 2771 2402 ad
2810 2361 2970 2419 quem
3016 2348 3127 2417 jam
3167 2363 3331 2419 super
3377 2347 3625 2405 ethnicos

2017 2434 2380 2508 delinquendo
2428 2434 2732 2506 transierat,
2796 2444 2856 2491 ut
2918 2434 3187 2491 discerent
3249 2435 3624 2493 fornicandum

2016 2540 2127 2581 non
2144 2540 2284 2580 esse.
2308 2524 2553 2597 Denique
2573 2527 2639 2582 in
2669 2526 3001 2592 interitum,
3026 2524 3221 2597 inquit,
3253 2528 3466 2597 carnis,
3488 2541 3620 2594 non,

2017 2613 2074 2667 in
2128 2613 2430 2670 cruciatum
2480 2630 2497 2680 ;
2546 2612 2724 2682 ipsam
2780 2614 3141 2670 substantiam
3198 2615 3466 2671 damnans
3520 2632 3625 2687 per

2015 2718 2177 2774 quam
2206 2702 2500 2772 exciderat,
2541 2718 2662 2773 quae
2711 2701 2906 2756 exinde
2947 2702 3059 2772 jam
3096 2702 3347 2772 perierat,
3414 2703 3621 2773 baptis-

2015 2799 2158 2846 mate
2181 2788 2381 2844 amisso
2414 2790 2561 2860 (‘76);
2588 2794 2652 2845 ut
2679 2790 2943 2861 spiritus,
2985 2789 3178 2859 inquit,
3210 2790 3401 2846 salvus
3449 2792 3525 2846 sit
3555 2793 3622 2847 in

2014 2878 2105 2936 die
2150 2879 2378 2935 Domini
2404 2878 2459 2947 (Ι
2492 2878 2615 2935 Cor.
2648 2891 2706 2949 ν,
2735 2879 2813 2946 5).
2843 2878 2910 2933 Ει
2936 2876 3004 2933 de
3035 2877 3139 2933 hoc
3170 2878 3315 2933 enim
3347 2889 3625 2950 quaeratur

2015 2969 2063 3023 si
2099 2966 2325 3038 spiritus
2367 2966 2602 3022 hominis
2641 2966 2817 3039 ipsius
2868 2968 3047 3023 salvus
3072 2968 3193 3023 erit.
3237 2968 3387 3040 Ergo
3441 2969 3624 3027 salvus

2013 3054 2117 3111 erit
2171 3053 2393 3125 spiritus
2464 3061 2614 3111 tanto
2677 3055 2877 3111 scelere
2938 3056 3194 3127 pollutus,
3254 3066 3473 3128 propter
3519 3058 3622 3115 hoc

2013 3139 2228 3211 perdita
2271 3156 2455 3210 carne,
2506 3148 2565 3195 ut
2616 3141 2793 3199 salvus
2831 3142 2900 3196 sit
2937 3141 2996 3197 in
3052 3158 3231 3213 paena.
3270 3146 3416 3216 Ergo
3461 3160 3623 3216 poena

2010 3230 2127 3286 sine
2175 3244 2339 3286 carne
2386 3229 2629 3285 censebit
2675 3230 2940 3287 contraria
3008 3230 3403 3304 interpretatio,
3472 3235 3519 3289 si
3569 3231 3618 3272 ⁵⁷

2011 3319 2463 3377 resurrectionem
2532 3321 2711 3375 carnis
2786 3319 3083 3376 amittimus
3156 3324 3293 3393 (77).
3360 3324 3620 3395 Superest

2010 3406 2182 3480 igitur
2209 3416 2270 3465 ut
2295 3423 2418 3464 eum
2448 3408 2696 3479 spiritum
2741 3408 2961 3478 dixerit,
3004 3409 3097 3481 qui
3137 3410 3191 3464 in
3218 3411 3455 3467 Ecclesia
3484 3428 3616 3469 cen-

2010 3504 2179 3566 setur,
2222 3497 2449 3565 salvum,
2492 3498 2547 3552 id
2574 3506 2656 3553 est
2694 3498 2983 3569 integrum,
3032 3501 3399 3571 praestandum
3437 3502 3493 3557 in
3529 3502 3619 3558 die

2008 3586 2227 3642 Domini
2274 3586 2341 3641 ab
2397 3586 2859 3644 immunditiarum
2916 3590 3257 3661 contagione,
3297 3592 3476 3660 ejecto
3535 3590 3621 3646 in-

2012 3685 2163 3732 cesto
2205 3675 2573 3745 fornicatore;
2614 3676 2883 3748 siquidem
2929 3677 3240 3751 subjungit:
3294 3681 3418 3737 Non
3460 3681 3620 3737 scitis

2009 3766 2152 3840 quod
2164 3766 2451 3823 modicum
2459 3767 2815 3836 fermentum
2834 3770 3015 3822 totam
3030 3767 3272 3838 desipiat
3284 3772 3622 3842 eonspersio-

2007 3870 2141 3913 nem
2167 3855 2327 3928 (ibid.
2364 3856 2467 3928 6)?
2500 3856 2566 3913 Et
2602 3864 2781 3911 tamen
2822 3855 3102 3913 fornicatio
3130 3854 3337 3912 incesta
3372 3872 3481 3913 non
3508 3864 3623 3914 erat

2012 3944 2307 4015 modicum,
2337 3945 2437 4003 sed
2465 3944 2673 4018 grande
2693 3943 3040 4003 fermentum.

1688 4069 1882 4133 Varia:
1938 4076 2250 4137 lectiones.

377 4162 428 4204 55
466 4164 614 4220 Ultra
647 4162 865 4221 Oberth.
888 4164 1059 4221 Semt.
1089 4162 1138 4203 δ”
1168 4163 1567 4236 Interpretatio.
1598 4165 1689 4223 Sic
1725 4170 1887 4241 Leop.
1933 4185 2006 4225 ea:
2034 4185 2147 4224 ms.
2190 4167 2408 4225 Wouw.

1687 4290 2187 4358 Commentarius.

374 4397 488 4489 (14)
499 4396 878 4489 Majas.
888 4394 1103 4489 519%???
1130 4394 1891 4489 ἱίΡξέίίέἪῖῐέῃαηθέΨφ
1998 4394 2674 4489 Emneasi.1’.asiixefbin
2705 4396 2938 4489 Tradere
2968 4399 3197 4489 Samae
3216 4400 3279 4483 ίτι
3312 4401 3624 4486 interitum

304 4468 553 4529 Satanae.
578 4468 788 4540 Aliquis
814 4469 956 4524 haud
986 4484 1101 4525 sme
1139 4484 1305 4525 causa
1345 4468 1646 4539 mirabitur,
1676 4468 1892 4527 Tertul-

305 4543 529 4615 lianum,
562 4550 845 4615 postquam
902 4541 1188 4615 Paulinum
1245 4540 1397 4615 illum
1434 4541 1672 4607 σκόλοπα,
1720 4558 1894 4615 ange-

303 4614 418 4671 lum
460 4616 701 4685 Satanaz,
732 4614 921 4669 Latine
963 4612 1199 4685 reddidit
1246 4613 1461 4685 sudem,
1484 4630 1611 4669 mox
1652 4612 1896 4685 Opinioni

303 4685 564 4741 accedere
608 4683 1031 4758 existimantium
1052 4757 1057 4758 ί
1079 4684 1444 4758 ιίεᾷνοοεώιιιιε
1471 4683 1764 4758 significari
1798 4689 1898 4743 do-

303 4758 477 4814 lorem
505 4756 757 4811 auricula:
787 4757 870 4811 vel
898 4756 1113 4826 capitis.
1147 4756 1271 4813 me.

378 4828 496 4899 (75)
524 4827 800 4899 Adversus
832 4830 1142 4884 terminum
1168 4829 1415 4884 Domini.
1448 4826 1558 4884 Hoc
1586 4837 1691 4899 est,
1718 4830 1902 4886 adver-

304 4915 405 4955 sus
434 4898 753 4953 sententiam
796 4905 849 4952 et
875 4900 1377 4956 determinationem
1422 4898 1903 4958 Domini.'Etenim

306 4969 1007 5043 Septimiodeterminare
1056 4978 1139 5025 est
1176 4971 1460 5042 judicare,
1500 4978 1901 5043 pronuntiare,

310 5042 554 5112 deﬁnire
570 5042 810 5112 judicio.
839 5042 966 5095 ille.

385 5116 501 5185 (76)
530 5114 882 5185 Baptismate
916 5112 1425 5185 amisso.Amisisse
1462 5114 1730 5185 baptisma
1768 5116 1907 5172 dici-

315 5184 421 5251 tur,
454 5184 546 5256 qui
582 5196 724 5256 post
751 5184 1021 5240 lavacrum
1049 5184 1482 5256 iuidolrolatriae,
1515 5184 1599 5242 vel
1643 5188 1908 5253 mmchiae,

316 5255 407 5311 vel
456 5255 733 5327 homicidii
776 5255 977 5311 crimen
1027 5255 1301 5327 inciderit,
1352 5266 1412 5310 ut
1451 5266 1659 5324 contra,
1692 5274 1811 5314 can.
1844 5264 1912 5315 38

318 5326 512 5399 conci].
545 5327 714 5397 Elib.,
747 5349 774 5377 ι
812 5329 1085 5383 lavacrum
1128 5326 1295 5381 suum
1329 5327 1599 5399 integrum
1646 5330 1841 5386 habere
1882 5350 1906 5380 ι

2002 4470 2219 4540 carnis;
2238 4474 2307 4529 ut
2327 4470 2568 4544 spiritus
2589 4470 2778 4526 salvus
2806 4474 2884 4526 sit
2904 4474 2966 4529 in
2985 4470 3074 4528 die
3099 4474 3345 4538 Domini,
3369 4477 3447 4529 sic
3484 4476 3627 4529 acci-

2005 4545 2202 4616 pienda
2272 4542 2393 4598 esse
2437 4542 2703 4616 dicereut,
2774 4557 2987 4616 nempe,
3054 4558 3267 4599 carnem
3339 4545 3626 4607 facinerosi

2005 4612 2174 4683 illius,
2223 4630 2385 4687 quem
2436 4612 3165 4687 Paulustradidit—Satanze,
3206 4618 3375 4687 variis
3419 4621 3627 4677 crucia-

2004 4687 2148 4760 tibus
2221 4683 2463 4741 éxortam
2521 4683 2774 4760 periisse,
2838 4694 2901 4760 ut
2969 4687 3060 4760 ita
3113 4686 3372 4760 multatus
3436 4706 3623 4760 carne,

2007 4759 2229 4827 spiritus
2248 4760 2436 4813 salvus
2457 4765 2601 4811 esset
2637 4756 2813 4827 indie
2851 4756 3087 4812 Domini.
3142 4758 3268 4812 Haec
3313 4766 3491 4813 autem
3527 4756 3624 4820 in;

2011 4826 2321 4901 terpretatio
2374 4827 2641 4901 contraria
2686 4826 3199 4901 fuit‘Septimianae,
3248 4844 3369 4899 quae
3400 4845 3487 4901 ne
3545 4837 3626 4891 sic

2011 4897 2226 4984 quoque
2264 4900 2510 4984 spiritum
2548 4898 2755 4979 salvum
2792 4897 2917 4954 fore
2952 4897 3301 4984 concedehai.
3342 4899 3435 4956 Ait
3463 4901 3629 4984 igitur

2012 4969 2322 5044 opinionem
2370 4970 2690 5044 contrariam
2747 4986 2882 5041 suae,
2936 4986 3147 5042 poenam
3202 4969 3513 5029 facinoroso
3546 4977 3626 5032 illi

2016 5041 2343 5109 adscribere,
2407 5050 2468 5099 ut
2522 5041 2641 5096 sine
2692 5057 2854 5119 carne
2902 5041 3068 5110 esset,
3109 5045 3210 5098 hoc
3265 5051 3369 5119 est,
3411 5049 3627 5119 utejus

2016 5131 2143 5172 caro
2188 5130 2297 5172 non
2353 5120 2677 5184 resurgeret.
2725 5114 2808 5168 Ex
2852 5129 2920 5171 eo
2970 5130 3101 5169 vero
3147 5129 3264 5170 rem
3298 5114 3627 5175 absurdissi-

2020 5203 2160 5242 mam
2196 5187 2371 5258 sequi,
2409 5196 2470 5241 ut
2497 5187 2675 5242 carnis
2720 5185 2867 5241 illius
2895 5186 3217 5241 resurrectio
3250 5201 3355 5241 non
3424 5190 3515 5244 sit.
3566 5192 3627 5248 Si

2019 5260 2491 5315 resurrectionem
2510 5258 2719 5321 carnis,
2744 5258 2936 5328 inquit,
2952 5259 3299 5315 amittimus.
3322 5261 3468 5316 Hanc
3486 5264 3627 5316 enim

2018 5346 2085 5385 ex
2126 5330 2276 5385 libris
2326 5328 2504 5384 Ursini
2568 5328 2890 5398 scripturam
2952 5328 3182 5400 proferri
3237 5330 3417 5385 video.
3475 5333 3627 5389 Unde

320 5396 517 5472 dicitur
571 5399 667 5471 qui
702 5396 837 5469 post
887 5400 1143 5472 adeptum
1190 5396 1476 5470 baptisma]
1500 5399 1700 5455 nullius
1752 5401 1916 5459 tuerit
2022 5400 2114 5456 ﬁat
2149 5400 2459 5471 verisimile,
2498 5405 2550 5472 et
2586 5396 2969 5470 praecedentia,
3005 5417 3127 5472 quae
3156 5415 3286 5455 sane
3323 5401 3466 5472 alias
3513 5420 3628 5472 per-

322 5470 580 5523 horumce
600 5470 896 5526 criminum
924 5486 1071 5525 reus.
1099 5470 1224 5525 me.

399 5538 515 5608 (77)
534 5542 676 5612 Ergo
694 5559 921 5614 paenam
939 5543 1063 5599 sine
1082 5558 1255 5599 carne
1272 5542 1515 5599 censebit
1536 5547 1825 5601 contraria
1841 5546 1925 5599 in-

326 5615 684 5684 terpretatio,
728 5615 780 5670 si
824 5614 1297 5673 resurrectionem
1341 5615 1533 5671 carnis
1579 5618 1924 5677 amittimus.-

2027 5489 2233 5548 peram
2262 5474 2418 5548 nobis
2466 5470 2637 5548 fuisse
2665 5472 2887 5548 _tradita
2943 5470 3268 5548 suspicarer,
3326 5471 3380 5548 in
3430 5470 3625 5527 iisdem

2032 5542 2427 5675 liaemplaribus
2471 5546 2545 5600 ita
2572 5558 2630 5600 se
2665 5542 2867 5600 habere
2906 5544 2984 5600 uti
3041 5542 3133 5598 hic
3177 5542 3323 5603 edita
3351 5542 3624 5612 leguntur.

2104 5632 2162 5673 θ.
