4062 6178
515 330 655 395 1059

581 548 647 602 Et
674 545 759 600 his
784 544 967 617 itaque
1001 544 1262 601 discussis
1290 559 1416 615 quas
1443 545 1881 614 intercesserant,
1912 560 2103 619 regre-

508 635 633 691 dior
675 634 742 690 ad
787 635 1085 692 secundam
1130 634 1553 704 Corinthiorum,
1603 644 1661 693 ut
1705 637 1933 706 probem
1972 636 2107 693 illud

507 739 729 797 quoque
756 723 1003 795 Apostoli
1031 722 1257 792 dictum,
1287 724 1553 796 Sufﬁciat
1586 727 1861 798 ejusmodi
1891 726 2107 783 homini

505 814 821 885 increpatio
842 814 955 868 ista
976 828 1101 885 qua:
1130 830 1165 869 a
1190 814 1390 871 multis
1429 814 1510 885 (ΙΙ
1536 816 1656 872 Cor.
1703 829 1765 885 ιι,
1796 814 1873 886 6),
1906 830 2014 870 non
2044 813 2099 871 in

503 899 846 963 fornicatoris
872 899 1099 958 I006
1120 918 1407 973 personam
1428 904 1738 961 convenire.
1762 904 1819 961 Si
1843 903 1989 961 enim
2017 905 2106 960 de-

505 990 742 1048 dendum
776 990 987 1046 Satanae
1024 992 1458 1061 pronuntiaverat
1501 991 1558 1047 in
1594 993 1866 1049 interitum
1904 994 2102 1060 carnis,

505 1080 693 1153 utique
733 1080 1078 1137 damnaverat
1115 1096 1239 1136 eum
1269 1080 1463 1155 magis,
1502 1097 1665 1155 quam
1702 1081 2098 1154 increpaverat.

500 1169 656 1226 Alius
682 1185 818 1242 ergo
844 1178 978 1236 erat,
1009 1168 1096 1226 cui
1139 1169 1310 1226 voluit
1345 1168 1594 1227 sufﬁcere
1640 1170 2101 1243 increpationem;

500 1258 773 1331 siquidem
811 1258 1111 1315 fornicator
1138 1273 1248 1316 non
1266 1258 1691 1330 increpationem
1727 1260 1795 1316 de
1834 1260 2103 1316 sententia

500 1353 619 1417 ejus
670 1348 946 1414 retulerat,
1004 1347 1101 1403 sed
1144 1347 1565 1406 damnationem.
1612 1350 1749 1403 Nam
1795 1355 1850 1403 et
1879 1350 1984 1405 hoc
2021 1349 2104 1421 ip-

501 1452 618 1491 sum
650 1436 1042 1507 dispiciendum
1083 1435 1181 1491 tibi
1209 1435 1405 1506 offero,
1435 1452 1505 1490 an
1536 1435 1740 1494 fuerint
1768 1439 1822 1493 in
1850 1438 2097 1510 Epistola

500 1527 678 1597 prima
706 1532 761 1581 et
798 1525 894 1580 alii
929 1525 1026 1595 qui
1063 1524 1391 1596 Apostolum
1430 1524 1861 1583 contristaverint
1904 1526 2099 1584 incon-

496 1614 605 1670 dite
630 1622 859 1688 agentes
890 1634 907 1685 ;
956 1624 1011 1670 et
1048 1612 1349 1670 contristati
1378 1612 1488 1668 sint
1514 1615 1582 1669 ab
1606 1614 1725 1684 illo,
1771 1614 2097 1688 increpatio-

494 1721 619 1762 nem
653 1705 953 1761 referentes
986 1706 1139 1775 juxta
1177 1718 1403 1759 sensum
1429 1702 1688 1774 Epistolis
1723 1707 1996 1771 secundae,
2029 1722 2095 1763 ex

494 1795 695 1868 quibus
730 1796 785 1850 in
823 1810 885 1849 ea
924 1793 1131 1849 veniam
1164 1790 1362 1865 aliquis
1408 1792 1645 1862 potuerit
1689 1793 1931 1865 adipisci.
1963 1794 2097 1851 Ani-

495 1885 889 1941 madvertamus
926 1888 1108 1938 autem
1160 1888 1329 1937 totam
1374 1881 1669 1952 Epistolam
1712 1882 1965 1954 primam,
2026 1895 2087 1942 ut

493 1974 566 2029 ita
602 1972 847 2041 dixerim,
886 1985 997 2025 non
1033 1978 1355 2040 atramento,
1396 1972 1491 2026 sed
1530 1970 1657 2027 felle
1700 1972 2080 2046 conscriptam,

492 2066 808 2130 tumentem,
856 2058 1247 2130 indignantem,
1298 2058 1701 2132 dedignantem,
1748 2061 2087 2118 comminan-

492 2162 619 2219 tem,
662 2148 1060 2217 individiosam,
1101 2158 1157 2206 et
1192 2164 1289 2222 per
1336 2148 1577 2223 singulas
1612 2165 1831 2207 caussas
1865 2153 1981 2224 (78)
2026 2152 2081 2209 in

491 2241 753 2314 quosdam
782 2240 937 2311 quasi
977 2239 1255 2311 mancipes
1290 2255 1478 2296 earum
1504 2241 1615 2312 ('79)
1652 2239 1957 2315 ﬁguratam.
1994 2242 2084 2301 Sic

489 2330 631 2387 enim
673 2337 965 2403 exegerunt
1000 2327 1311 2395 schismata,
1351 2335 1407 2384 et
1439 2328 1833 2399 aemulationes,
1876 2339 1931 2386 et
1959 2329 2081 2387 dis—

488 2418 790 2485 sensiones,
831 2427 887 2474 et
932 2416 1403 2489 praesummiones,
1441 2425 1495 2473 et
1531 2416 1809 2487 elationes,
1855 2426 1911 2475 et
1945 2432 2081 2476 cen-

489 2508 789 2577 tentiones;
849 2515 911 2563 ut
953 2512 1006 2561 et
1061 2505 1271 2562 invidia
1328 2516 1699 2578 oneraremur,
1757 2516 1812 2562 et
1856 2522 2081 2579 correp-

488 2599 633 2657 tione
673 2597 1100 2665 retunderentur,
1159 2602 1215 2652 et
1267 2596 1529 2669 superbia
1589 2596 1957 2669 elimarentur,
2026 2608 2085 2656 et

487 2687 797 2746 austeritate
846 2687 1263 2745 deterrerentur.
1303 2686 1371 2742 Et
1406 2687 1581 2759 qualis
1616 2686 1819 2743 invidia
1861 2688 2082 2744 humili-

487 2778 611 2836 tatis
638 2777 858 2834 aculeus
888 2777 1052 2847 (80)?
1080 2778 1191 2835 Deo
1214 2776 1435 2849 gratias
1463 2793 1587 2849 ago,
1618 2777 1766 2850 quod
1792 2781 2080 2838 neminem

484 2873 733 2927 vestrum
763 2869 1061 2931 tinxerim,
1090 2867 1206 2923 nisi
1237 2868 1498 2939 Crispum
1518 2871 1575 2923 et
1605 2868 1838 2934 Gaium;
1865 2883 1939 2923 ne
1957 2872 2079 2940 quis

486 2960 642 3016 dicat
655 2958 796 3031 quod
816 2959 881 3012 in
894 2959 1125 3012 nomine
1143 2972 1264 3013 meo
1288 2958 1569 3013 tinxerim
1594 2958 1647 3027 (Ι
1665 2958 1792 3017 Cor.
1812 2973 1850 3024 ι,
1869 2958 2079 3031 15,15).

485 3047 592 3104 Nec
621 3049 774 3104 enim
795 3044 1051 3116 judicavi
1079 3046 1224 3102 scire
1248 3045 1467 3117 aliquid
1495 3047 1561 3102 in
1586 3048 1756 3113 vobis,
1788 3063 1959 3119 quam
1988 3049 2079 3107 Je-

1204 326 1641 391 TBLTULLIANI
1676 326 1943 395 OPKRUM
1981 310 2083 389 PA]

2195 325 2269 397 ll,
2305 350 2375 373 -
2410 319 2641 399 SERIES
2678 321 2745 396 ll,
2782 320 3098 384 MORALIA.

3669 323 3813 403 106.0

2212 452 2495 509 machaerae
2522 448 2820 523 spiritalis?
2842 448 2970 506 Iam
3008 445 3185 504 ditati
3213 447 3370 517 estis,
3393 448 3520 520 jam
3561 454 3816 509 saturati

2213 544 2367 611 estis,
2379 544 2508 613 jam
2526 541 2777 612 regnatis
2803 538 2853 605 (Ι
2878 538 3002 597 Cor.
3026 552 3107 606 tv,
3129 535 3208 608 8).
3224 536 3296 594 Et
3318 553 3333 591 :
3357 538 3418 594 Si
3437 540 3563 611 quis
3587 537 3813 599 I007

2210 648 2267 689 se
2282 634 2455 704 putat
2476 630 2640 702 scire,
2659 626 2912 685 nondum
2930 627 3042 685 scit
3060 625 3535 698 quemadmodum
3553 634 3815 702 oporteat

2211 735 2343 777 eum
2372 720 2518 775 scire
2542 718 2599 788 (I
2633 718 2754 774 Cor.
2786 730 2909 786 vm,
2937 717 3018 787 2).
3042 714 3237 771 Nonne
3275 721 3332 770 et
3370 725 3501 773 tunc
3531 717 3588 772 in
3617 718 3813 776 faciem

2211 806 2442 876 alicujus
2471 803 2812 878 impingens?
2850 806 2982 873 Quis
3012 802 3178 871 enim,
3208 803 3402 877 inquit,
3422 810 3476 864 te
3493 806 3811 866 discernit?

2212 896 2343 969 quid
2369 898 2564 953 autem
2595 895 2758 951 habes
2778 892 2919 968 quod
2946 907 3060 949 non
3080 896 3384 967 accepisti?
3402 896 3463 952 Si
3491 901 3694 956 autem
3724 916 3813 958 ac-

2210 987 2434 1059 cepisti,
2466 984 2600 1058 quid
2626 985 2910 1056 gloriaris,
2940 987 3105 1056 quasi
3130 1000 3246 1041 non
3283 988 3584 1060 acceperis.
3610 989 3664 1060 (Ι
3682 991 3810 1051 Cor.

2208 1092 2287 1144 1v,
2317 1076 2416 1147 7)?
2442 1075 2638 1131 Nonne
2666 1081 2721 1130 et
2754 1073 2877 1132 illos
2923 1073 2979 1130 in
3006 1089 3071 1133 os
3119 1074 3315 1133 caedit?
3341 1074 3575 1145 Quidam
3624 1088 3807 1138 autem

2209 1166 2268 1223 in
2296 1164 2624 1224 conscientia
2652 1180 2829 1238 usque
2858 1179 3005 1222 nunc
3031 1165 3191 1238 quasi
3223 1164 3587 1239 idolothytum
3622 1169 3809 1229 edunt.

2208 1256 2299 1313 Sic
2355 1262 2537 1311 autem
2593 1253 3004 1326 delinquentes,
3056 1252 3407 1325 percutiendo
3455 1256 3812 1316 conscientias

2208 1344 2435 1401 fratrum
2480 1341 2744 1409 inﬁmas,
2773 1342 2829 1398 in
2857 1342 3133 1400 Christum
3162 1343 3498 1417 delinquant.
3526 1345 3641 1402 lam
3669 1359 3802 1402 vero

2209 1442 2264 1493 et
2279 1433 2593 1491 nominatim
2612 1451 2627 1489 :
2648 1434 2759 1495 Aut
2779 1448 2893 1491 non
2921 1432 3186 1491 habemus
3201 1438 3545 1506 potestatem
3562 1435 3808 1494 mandu-

2206 1524 2377 1582 candi
2389 1526 2444 1581 et
2465 1522 2705 1594 bibendi,
2718 1527 2773 1578 et
2792 1523 3058 1581 mulieres
3079 1522 3559 1590 circumducendi,
3580 1525 3730 1582 sicut
3748 1527 3806 1580 et

2207 1613 2403 1671 cat-teri
2421 1611 2682 1684 apostoli,
2698 1615 2754 1668 et
2763 1612 2977 1682 fratres
2988 1612 3217 1669 Domini
3227 1616 3283 1670 et
3298 1613 3504 1686 Cephas
3517 1612 3570 1683 (ι
3581 1614 3704 1670 Cor.
3719 1628 3801 1684 ιι,

2204 1703 2259 1772 4,
2284 1701 2379 1773 5)?
2397 1710 2486 1758 et:
2511 1702 2572 1759 Si
2598 1702 2705 1759 alii
2733 1701 2800 1758 de
2826 1705 3110 1775 potestate
3140 1706 3327 1760 vestra
3348 1706 3796 1776 consequuntur,

2122 1829 2166 1906 Β
2198 1792 2659 1906 Ψᾜέῗὲφ
2673 1789 2971 1906 ,ξέἓίίἶξὶ
2992 1790 3570 1906 ἓῗὶτέἓιξὶῗῖἓὲῗῗ

2195 1880 2291 1937 lari
2327 1879 2468 1951 stylo
2498 1878 2634 1954 ﬁgit.
2662 1881 2977 1951 Propterea
2990 1880 3091 1952 qui
3126 1894 3184 1936 se
3212 1882 3383 1952 putat
3411 1885 3584 1949 stare,
3600 1880 3787 1938 videat

2189 1985 2262 2027 ne
2280 1969 2449 2027 cadat
2480 1970 2533 2038 (Ι
2561 1970 2684 2027 Cor.
2701 1983 2783 2037 χι,
2810 1970 2927 2039 16);
2948 1976 3041 2025 et:
3064 1969 3126 2025 Si
3153 1972 3276 2041 quis
3304 1972 3693 2029 contentiosus
3712 1972 3788 2027 vi-

2189 2060 2377 2131 detur,
2396 2075 2498 2115 nos
2511 2059 2685 2116 talem
2694 2057 3284 2117 consuetudinemnon
3297 2058 3583 2127 habemus,
3605 2075 3784 2133 neque

2192 2148 2439 2207 Ecclesia
2454 2147 2681 2205 Domini
2706 2146 2762 2219 (ι
2785 2147 2909 2206 Cor.
2940 2161 3024 2218 χι,
3057 2149 3169 2219 16).
3199 2148 3319 2207 Tali
3343 2148 3585 2207 clausula
3611 2149 3781 2205 male-

2189 2237 2335 2295 dicto
2364 2237 2578 2295 detexta
2604 2252 2624 2294 :
2650 2237 2711 2294 Si
2737 2238 2864 2310 quis
2891 2253 3009 2296 non
3044 2242 3205 2299 amat
3235 2241 3540 2299 Dominum
3568 2239 3779 2307 Jesum,

2189 2330 2267 2388 sit
2294 2328 2623 2397 anathema,
2656 2328 2991 2387 Haranatha
3016 2329 3068 2399 (ι
3096 2328 3220 2391 Cor.
3252 2343 3372 2397 xv1,
3402 2330 3519 2401 22),
3548 2329 3781 2401 aliquem

2188 2418 2377 2492 utique
2410 2417 2695 2489 percussit.
2722 2418 2833 2476 Sed
2873 2418 2986 2477 illic
3028 2418 3202 2490 magis
3227 2420 3382 2477 stabo
3418 2419 3518 2475 ubi
3541 2418 3782 2492 Apostoo

2188 2508 2272 2565 lus
2318 2509 2494 2579 magis
2538 2507 2726 2577 fervet,
2757 2507 2859 2564 ubi
2899 2508 3019 2582 ipse
3048 2507 3340 2567 fornicator
3384 2508 3512 2563 aliis
3558 2524 3782 2580 quoque

2187 2598 2474 2670 negotium
2518 2597 2695 2658 fecit;
2745 2598 2914 2667 Quasi
2941 2613 3056 2656 non
3099 2598 3208 2655 sint
3233 2599 3515 2657 venturus
3558 2596 3633 2657 ad
3660 2613 3775 2668 vos,

2187 2688 2384 2758 inflati
2401 2691 2541 2745 sunt
2557 2687 2810 2761 quidam.
2845 2687 3066 2744 Veniam
3084 2687 3276 2745 autem
3293 2684 3483 2754 citius,
3494 2684 3545 2739 si
3555 2685 3772 2756 permi-

2185 2780 2327 2837 serit
2352 2778 2645 2847 Dominus,
2664 2781 2722 2834 et
2749 2791 3075 2848 cognoscam
3092 2790 3207 2835 non
3233 2787 3549 2835 sermonem
3572 2788 3770 2831 eorum

2188 2867 2283 2941 qui
2315 2866 2511 2935 inﬂati
2550 2870 2710 2934 sunt,
2739 2867 2836 2923 sed
2879 2866 3174 2923 virtutem.
3205 2865 3325 2921 Non
3362 2865 3519 2921 enim
3559 2863 3623 2920 in
3649 2876 3776 2918 ser-

2185 2971 2352 3041 mone
2372 2960 2458 3013 est
2486 2971 2724 3029 regnum
2741 2955 2856 3023 Dei,
2881 2954 2977 3013 sed
3005 2956 3069 3010 in
3094 2955 3328 3012 virtute.
3351 2954 3424 3008 Et
3452 2951 3588 3026 quid
3605 2952 3779 3008 vultis

2186 3046 2411 3103 veniam
2455 3044 2532 3102 ad
2569 3061 2698 3112 vos,
2726 3048 2792 3102 in
2824 3047 3020 3117 virga,
3052 3060 3129 3101 an
3166 3044 3231 3101 in
3269 3044 3484 3115 spiritu
3525 3042 3781 3101 lenitatis

483 3152 610 3192 sum
648 3135 952 3201 Christum,
1005 3138 1064 3192 et
1102 3134 1250 3190 hunc
1288 3135 1632 3204 cruciﬁxum
1661 3136 1713 3208 (I
1742 3136 1861 3195 Cor.
1895 3152 1954 3204 ιι,
1996 3138 2075 3209 2).
2108 3124 2152 3203 Β
2180 3138 2232 3209 (I
2260 3139 2385 3193 Cor.
2412 3150 2494 3204 tv,
2518 3140 2605 3204 18,
2632 3135 2762 3209 21)?
2790 3136 2932 3205 Quid
2976 3135 3122 3192 enim
3149 3133 3403 3191 suberat?
3428 3130 3679 3189 Auditur
3712 3132 3780 3187 in

484 3228 554 3282 Et
577 3230 739 3297 puto,
771 3242 872 3282 nos
898 3228 1044 3282 Deus
1074 3226 1353 3296 apostolos
1372 3227 1703 3283 novissimos
1730 3226 1900 3298 elegit
1918 3228 2079 3285 velut

483 3315 773 3373 bestiarios
797 3315 947 3388 (8t),-
975 3316 1247 3387 quoniam
1274 3316 1664 3387 spectaculnm
1701 3317 1849 3387 facti
1876 3332 2077 3375 sumus

485 3404 615 3463 huic
625 3405 860 3476 mundo,
876 3410 930 3463 et
948 3407 1185 3477 angelis,
1199 3409 1255 3461 et
1267 3404 1606 3472 hominibus,
1620 3408 1677 3461 et
1691 3412 2075 3478 purgamenta

482 3495 653 3569 hujus
672 3495 876 3552 mundi
884 3498 1027 3568 facti
1042 3496 1524 3562 sumus,omnium
1540 3497 1857 3568 peripsema
1870 3496 1917 3567 (ι
1943 3496 2070 3552 Cor.

483 3599 564 3660 iv,
595 3590 651 3656 9,
685 3589 793 3659 13).
816 3588 914 3643 Et:
948 3589 1069 3646 Non
1097 3602 1228 3643 sum
1258 3585 1415 3654 liber,
1456 3602 1573 3643 non
1601 3601 1732 3641 sum
1766 3587 2070 3658 apostolus,

480 3694 596 3735 non
618 3677 903 3733 Christum
931 3678 1122 3733 Iesum
1145 3676 1447 3734 Dominum
1463 3679 1728 3731 nostrum
1744 3675 1860 3731 vidi
1877 3674 1921 3746 (Ι
1946 3678 2068 3733 Cor.

479 3783 554 3831 ιχ,
597 3767 694 3836 4)2
746 3765 827 3821 De
865 3765 1012 3837 quali
1051 3764 1102 3801 ⁵⁸
1147 3773 1336 3820 contra
1390 3762 1679 3836 supercilio
1727 3764 2073 3835 pronuntiare

479 3852 796 3923 compulsus
833 3860 946 3911 est:
980 3852 1115 3909 Mihi
1150 3856 1346 3910 autem
1373 3854 1435 3908 in
1469 3851 1683 3911 modico
1712 3857 1797 3911 est
1822 3858 1889 3909 ut
1918 3870 1953 3910 a
1983 3871 2075 3913 vo-

478 3944 558 3999 bis
578 3944 891 4012 interroger
917 3946 1019 3997 aut
1040 3942 1106 3998 ab
1126 3940 1372 3998 humano
1401 3940 1524 3999 die:
1556 3957 1733 4015 neque
1764 3944 1919 4000 enim
1948 3960 2071 4003 con-

476 4033 626 4090 scius
652 4029 797 4087 mihi
824 4046 951 4088 sum
979 4031 1031 4103 (ι
1052 4033 1174 4090 Cor.
1203 4042 1285 4097 ιν,
1312 4033 1366 4099 3,
1396 4030 1485 4103 4);
1515 4037 1571 4087 et
1603 4032 1851 4090 Gloriam
1886 4048 2074 4091 meam

474 4135 637 4178 nemo
665 4121 885 4177 inaniet
916 4121 966 4191 (ι
985 4121 1106 4177 Cor.
1129 4135 1207 4188 ιι,
1246 4120 1359 4193 15).
1389 4121 1510 4179 Non
1546 4122 1708 4178 scitis
1735 4122 1881 4197 quod
1906 4139 2078 4196 ange-

476 4199 556 4273 los
585 4227 784 4270 sumus
811 4210 1130 4284 iudicaturi
1156 4210 1211 4283 (Ι
1230 4211 1352 4271 Cor.
1383 4224 1460 4281 vr,
1491 4212 1582 4281 8)?
1610 4214 1877 4269 Caeterum
1904 4214 2076 4271 liber-

474 4313 556 4360 tas
607 4318 770 4377 quam
810 4309 1011 4375 apertae
1049 4300 1469 4375 objurgationis,
1508 4317 1670 4375 quam
1706 4310 1891 4361 exerta
1924 4303 2073 4362 acies

2182 3227 2327 3283 vobis
2345 3229 2409 3284 in
2430 3231 2617 3286 totum
2636 3227 2964 3298 fornicatio,
2984 3230 3041 3282 et
3073 3225 3208 3281 talis
3236 3223 3566 3297 fornicatio,
3594 3222 3778 3293 qualis

2181 3332 2286 3373 nec
2314 3318 2377 3371 in
2403 3316 2680 3387 gentibus,
2703 3321 3031 3389 utuxorem
3054 3314 3242 3387 patris
3278 3314 3369 3370 sui
3397 3313 3522 3386 quis
3552 3310 3774 3370 habeat.

2183 3409 2255 3463 Et
2273 3423 2366 3463 vos
2385 3407 2580 3476 inﬂati
2597 3408 2750 3474 estis,
2774 3410 2831 3463 et
2847 3422 2963 3465 non
2984 3405 3220 3462 luxistis
3232 3406 3443 3477 potius,
3465 3406 3533 3459 ut
3550 3403 3778 3472 aufera-

2182 3501 2280 3553 tur
2298 3497 2363 3552 de
2382 3496 2563 3554 medio
2578 3502 2829 3555 vestrum
2846 3497 2941 3569 qui
2965 3496 3077 3552 tale
3094 3496 3325 3567 facinus
3343 3492 3575 3550 admisit
3586 3492 3639 3564 (Ι
3649 3492 3774 3549 Cor.

2181 3604 2234 3658 v,
2262 3590 2311 3653 1,
2360 3585 2445 3656 2)!
2478 3588 2582 3643 Pro
2635 3602 2744 3659 quo
2788 3585 3090 3657 lugerent?
3128 3584 3327 3656 Utique
3382 3597 3481 3656 pro
3532 3590 3774 3637 mortuo.

2180 3676 2264 3732 Ad
2301 3691 2461 3749 quem
2488 3674 2775 3747 lugerent?
2799 3676 3000 3748 Utique
3038 3674 3109 3730 ad
3145 3674 3460 3732 Dominum.
3485 3670 3772 3741 Quomodo

2179 3772 2240 3822 ut
2286 3765 2561 3821 auferatur
2597 3762 2648 3801 59
2688 3763 2757 3820 de
2801 3762 2980 3821 medio
3017 3762 3283 3821 illorum?
3310 3763 3435 3819 Non
3480 3759 3671 3833 utique
3715 3766 3775 3816 ut

2179 3860 2327 3910 extra
2370 3851 2667 3910 Ecclesiam
2710 3853 2864 3910 detur
2903 3852 3017 3926 (82)
3049 3870 3064 3909 :
3106 3856 3211 3910 hoc
3254 3851 3399 3909 enim
3425 3865 3533 3907 non
3579 3865 3613 3905 a
3654 3849 3771 3907 Deo

2177 3941 2576 4016 postularetur,
2606 3944 2753 4015 quod
2799 3950 2912 3999 erat
2956 3942 3013 3997 in
3058 3940 3397 4016 praesidentis
3441 3939 3643 4006 ofﬁcio,
3671 3937 3773 3995 sed

2179 4039 2239 4088 ut
2264 4048 2359 4107 per
2385 4040 2611 4091 mortem
2639 4035 2775 4091 hanc
2802 4048 3013 4106 quoque
3038 4046 3384 4088 communem
3414 4037 3469 4086 et
3498 4028 3769 4104 prOpriam

2180 4124 2358 4182 carnis
2402 4123 2598 4198 ipsius,
2642 4140 2763 4199 quae
2799 4126 2915 4195 jam
2957 4124 3203 4193 cadaver,
3252 4137 3375 4197 quae
3420 4120 3671 4194 capulum
3716 4118 3770 4157 5°

2181 4225 2325 4274 esset
2385 4215 2728 4274 immunditia
2791 4214 3194 4289 irrecuperabili
3255 4214 3558 4272 tabidosum
3630 4212 3770 4283 (83),

2178 4304 2391 4378 plenius
2433 4305 2505 4363 de
2546 4304 2788 4362 Ecclesia
2831 4303 3056 4363 deberet
3097 4301 3316 4361 auferri.
3357 4302 3427 4361 Et
3470 4301 3593 4358 ideo
3614 4346 3629 4374 ,
3659 4313 3772 4373 quo

1793 4439 1985 4508 Varia
2039 4445 2359 4509 lectiones.

545 4548 598 4591 ⁵⁸
622 4548 766 4624 Vide
799 4548 943 4624 quali
972 4547 1096 4608 Lat.
1121 4546 1172 4624 εἶθ
1200 4544 1487 4624 Quomodo
1515 4545 1791 4607 auferatur
1815 4550 1979 4606 Pam.
2022 4579 2097 4593 —-
2135 4550 2224 4606 Ad
2263 4548 2574 4619 Dominum,
2599 4556 2659 4607 ut
2684 4564 2793 4624 quo
2824 4549 3005 4611 modo.
3046 4551 3170 4610 Lat.
3204 4552 3366 4623 Leop.
3397 4548 3450 4591 σο
3486 4546 3771 4620 Captivum

472 4625 599 4682 alii.
631 4652 703 4665 —
728 4619 889 4692 Quod
914 4619 1283 4693 corruptivum
1311 4621 1442 4676 Lat.

1864 4718 2367 4787 Commentarius.

544 4830 691 4929 ('18)
711 4833 928 4929 Εἰς-,ξεν
965 4828 1219 4900 singulas
1265 4841 1485 4886 causas.
1523 4824 1637 4883 Hoc
1661 4833 1760 4894 est,
1798 4842 1896 4899 per
1920 4835 2069 4885 certa
2098 4849 2145 4929 Β

471 4904 1035 5053 ξῗίηὲᾨδὰαηι
1054 4973 1217 5053 quasi
1233 4972 1525 5053 mancipes
1546 4970 1963 5053 θαναηιηκεωεξ
1969 4987 2065 5042 pes

471 5042 603 5102 dicit
639 5042 1031 5117 ﬂagitiosorum
1059 5042 1324 5117 insignes,
1364 5042 1457 5117 qui
1483 5044 1745 5117 patranda
1772 5042 2063 5117 impuden-

472 5117 680 5174 tissime
715 5114 980 5186 ‘crimina
1038 5114 1332 5171 redemisse
1407 5114 1716 5186 videantur,
1781 5116 2064 5173 addicente

469 5190 685 5258 Satana,
722 5184 1002 5261 magnario
1048 5187 1145 5243 illo
1193 5186 1361 5244 totius
1408 5184 1764 5259 improbitatis
1811 5186 2061 5259 negotia-

470 5272 607 5319 tore.
636 5261 760 5317 RIG.

541 5336 653 5407 (80)
675 5337 746 5391 Et
765 5331 954 5407 qualis
973 5332 1195 5407 invidia
1208 5331 1557 5407 humilitatis
1584 5329 1858 5407 aculeus?
1873 5327 2062 5407 Qualis

467 5400 688 5463 aculeus
762 5400 1081 5461 humilitatis
1134 5405 1203 5460 ad
1255 5403 1515 5459 invidiam
1573 5403 1895 5459 submissae?
1949 5400 2064 5457 Hoc

466 5489 566 5549 est,
606 5480 745 5535 adeo
794 5478 1078 5535 submissae
1107 5477 1459 5549 adjecteeque,
1497 5481 1557 5529 ut
1592 5472 1854 5529 invidiam
1876 5470 2059 5530 adver-

468 5551 624 5606 sariis
656 5550 839 5606 faciat.
876 5550 1007 5606 Bm.

540 5622 670 5694 (81),
700 5620 1194 5694 Velutbestiarios.
1248 5613 1506 5694 Bestiarii
1530 5626 1656 5674 sunt
1681 5614 1824 5694 servi
1851 5613 1920 5671 ad
1948 5614 2050 5694 be-

464 5688 596 5751 stias
632 5688 905 5750 damnati.
943 5690 1121 5750 Gloss.
1148 5689 1457 5762 bestiarios,
1488 5690 1787 5767 θηριομάχος
1815 5707 1830 5751 ;
1862 5688 2052 5749 eadem

2180 4843 2311 4887 voce
2331 4829 2501 4884 utitur
2524 4840 2645 4896 cap.
2666 4829 2709 4901 ,9
2737 4828 2964 4901 Apolog.
2995 4826 3073 4885 La
3101 4827 3201 4884 Pa.

2174 4901 2294 4988 (82)
2319 4898 2854 4988 Dxtrabls‘lcclesiam
2900 4898 3089 4958 detur.
3302 4898 3394 4957 hic
3407 4902 3577 4988 aliud
3599 4920 3767 4988 quam

2170 4973 2672 5053 excommunicatio,
2694 4974 2822 5053 _sive
2849 4988 3094 5031 censura
3121 4973 3335 5053 divina,
3366 4983 3424 5053 ut
3449 4976 3587 5033 dixit
3617 4973 3770 5035 idem

2171 5059 2290 5115 cap.
2342 5046 2410 5098 39
2467 5043 2796 5124 Apol.,.hoc
2841 5053 2944 5117 est,
2991 5060 3116 5099 cum
3169 5043 3492 5128 quibusdam
3541 5059 3769 5131 propter

2170 5116 2375 5197 scelera
2420 5129 2799 5197 communione
2853 5115 3350 5197 fratrumnpemtus
3403 5119 3766 5197 interdicitur.

2170 5185 2250 5242 De
2297 5202 2363 5241 ea
2408 5202 2631 5243 censura
2674 5187 2799 5243 Act.
2846 5203 2909 5242 ιιι
2956 5185 3164 5245 concilii
3209 5188 3660 5247 Chalcedonensis
3706 5192 3765 5246 in

2169 5258 2250 5336 lit_.
2283 5259 2499 5336 concilii
2528 5259 2595 5313 ad
2625 5260 2942 5336 Dioscorum
2976 5277 2991 5314 :
3021 5260 3215 5336 Ksht'm
3351 5259 3596 5336 θιοσέεᾳα
3623 5263 3767 5336 huc?”

2167 5332 2265 5404 τρῖς
2293 5328 2552 5404 ἐπιτιμίοις
2571 5335 2668 5393 τοῖς
2687 5332 3105 5399 ἔκκλησιαστικοῖς
3131 5333 3435 5404 χρησώμεθα.
3457 5332 3562 5388 κατ’
3589 5328 3765 5391 uitiati.

2170 5403 2423 5476 Elagitat
2470 5405 2656 5476 pietas
2709 5408 2900 5462 vestra
2935 5405 3023 5460 vel
3079 5403 3317 5461 mulcta'
3356 5407 3420 5462 in
3475 5421 3609 5465 eum
3666 5424 3763 5464 ec-

2166 5473 2483 5532 clesiastica
2507 5480 2762 5531 utamur.
2793 5475 2869 5531 Ls
2900 5476 2998 5529 Pa.

2238 5550 2781 5643 (8‘3).Carnis1ips.ius,
2797 5564 2920 5620 qua:
2926 5549 3055 5617 jam
3071 5546 3473 5643 fqdqvqrzquw
3490 5552 3763 5643 capulum

2164 5625 2308 5696 esset
2325 5618 2708 5696 _immundi_tia
2736 5618 3167 5696 irrecuperabili
3198 5618 3530 5696 tabidbsum.
3552 5618 3770 5696 Corpus

2161 5690 2420 5749 describit
2474 5689 2635 5765 quasi
2681 5689 2940 5767 vaginam
2982 5692 3176 5749 animus
3222 5692 3500 5753 vilissimae
3523 5740 3541 5773 ,
3596 5689 3766 5755 Iridis
