4058 6172
326 332 465 399 1061

1599 333 1796 399 LIBER
1842 286 1929 397 na
1974 332 2326 401 romam,

3489 326 3630 411 N62

321 458 491 558 ιῐξοάο
532 457 751 558 ill-ierim
798 460 1032 532 Ροῑιιετίῑ
1071 459 1289 558 ξιιῖθιξτί,
1314 460 1573 558 imiimi}
1613 461 1921 558 deflflldu_m
1952 475 2001 558 Α
2028 492 2208 536 nonne
2244 475 2438 533 melius
2474 473 2828 548 suspicareris
2870 478 2925 530 et
2952 470 3167 531 ﬁdelius
3209 482 3624 545 argumentare-

322 548 598 618 ejusmdi
664 549 880 605 Satanae
953 552 1010 607 in
1074 551 1350 609 interitum
1412 550 1612 607 carnis.
1677 551 1923 609 Maledici

321 638 471 694 enim
523 653 641 693 eam
696 640 1042 710 sequebatur,
1100 655 1225 712 quae
1260 640 1478 696 diabolo
1515 640 1920 712 projiciebatur,

323 733 388 783 ut
440 738 779 785 sacramento
830 728 1218 785 benedictionis
1253 738 1688 787 exauctoraretur
1711 772 1725 797 ,
1785 747 1923 787 nun-

321 832 485 890 quam
512 814 569 870 in
595 826 766 873 castra
812 817 1072 874 Ecclesia
1099 833 1407 876 reversura.
1443 817 1705 875 Videmus
1744 818 1923 891 itaque

322 905 429 961 hoc
474 904 530 959 in
574 904 694 962 loco
724 903 950 962 divisam
977 905 1221 981 Apostoli
1250 903 1470 963 I008
1500 905 1833 963 severitatem
1865 908 1922 964 in

318 994 611 1066 quemdam
666 995 904 1052 inﬂatum
958 1006 1011 1052 et
1066 997 1122 1051 in
1179 998 1467 1069 quemdam
1524 995 1814 1063 incestum;
1866 998 1920 1053 in

322 1083 555 1140 alterum
610 1085 760 1158 virga
789 1126 805 1154 ,
858 1084 915 1141 in
970 1084 1202 1142 alterum
1255 1084 1521 1142 sententia
1580 1094 1844 1142 armatum
1902 1105 1916 1142 :

317 1172 475 1246 virga
519 1187 679 1244 quam
706 1171 753 1213 61
786 1172 1113 1241 minabatur,
1145 1172 1413 1230 sententia
1458 1190 1620 1247 quam
1665 1189 1922 1247 exseque-

318 1262 526 1329 batur;
596 1260 746 1317 illam
809 1262 986 1319 adhuc
1051 1272 1426 1321 coruscantem
1458 1306 1473 1330 ,
1540 1264 1677 1319 hanc
1742 1263 1921 1320 statim

322 1350 725 1421 fulminantem,
784 1366 890 1425 qua
946 1352 1287 1424 increpabat,
1346 1367 1560 1425 quaque
1614 1352 1919 1410 damnabat.

321 1439 648 1512 Certumque
684 1447 767 1496 est
803 1440 995 1497 exinde
1039 1439 1362 1513 increpitum
1416 1440 1634 1513 quidem
1679 1443 1779 1497 sub
1824 1442 1917 1496 in-

316 1528 557 1585 tentione
595 1528 763 1602 virgae
809 1528 1117 1599 tremuisse,
1148 1530 1459 1586 damnatum
1509 1544 1641 1586 vero
1686 1529 1788 1585 sub
1837 1546 1923 1586 re-

312 1616 731 1689 praesentatione
787 1634 966 1691 paenae
1021 1618 1229 1691 perisse
1278 1636 1293 1674 :
1344 1618 1527 1676 statim
1580 1616 1670 1674 ille
1724 1617 1919 1674 timens

312 1705 531 1778 plagam
557 1704 709 1772 abiit,
739 1705 831 1762 ille
860 1708 1014 1764 luens
1042 1722 1280 1779 poenam.
1310 1708 1450 1763 Cum
1491 1707 1559 1763 ad
1607 1707 1918 1763 Corinthios

311 1794 562 1863 ejusdem
594 1794 825 1864 apostoli
851 1793 1047 1851 litterae
1077 1795 1272 1851 iterant
1302 1795 1536 1863 veniam,
1568 1794 1627 1850 ﬁt
1652 1796 1702 1834 ⁸³
1732 1795 1915 1867 plane,

311 1882 408 1937 sed
439 1881 694 1939 incertum
726 1882 836 1949 cui,
866 1883 992 1955 quia
1018 1900 1119 1940 nec
1148 1900 1383 1956 persona
1428 1901 1532 1942 nec
1572 1900 1762 1941 caussa
1790 1900 1916 1957 pro-

307 1968 585 2025 scribitur.
634 1971 744 2027 Res
791 1987 914 2026 cum
961 1973 1213 2029 sensibus
1241 1972 1536 2030 conferam.
1583 1972 1642 2028 Si
1683 1974 1917 2029 incestus

308 2060 624 2131 apponitur,
679 2059 877 2117 ibidem
918 2062 1021 2119 erit
1061 2068 1115 2118 et
1150 2061 1390 2119 inﬂatus.
1452 2062 1592 2118 Sane
1645 2061 1836 2119 relatio
1864 2063 1915 2103 6³

308 2146 440 2203 satis
468 2145 718 2215 habetur,
762 2164 885 2204 cum
933 2150 1150 2207 inﬂatus
1184 2150 1481 2224 increpitus
1526 2160 1628 2218 est,
1678 2150 1915 2209 incestus

305 2250 438 2294 vero
474 2235 758 2291 damnatus
809 2244 893 2293 est
937 2254 953 2294 :
998 2238 1181 2296 inﬂato
1228 2240 1550 2310 ignoscitur,
1601 2240 1696 2296 sed
1740 2240 1914 2297 incre-

306 2324 451 2395 pito;
511 2324 714 2379 incesto
770 2338 878 2380 non
931 2324 1145 2382 videtur
1193 2326 1463 2401 ignotum,
1518 2334 1579 2383 ut
1632 2328 1907 2385 damnato.

308 2412 370 2468 Si
414 2411 465 2468 ei
503 2411 903 2484 ignoscebatur,
933 2414 1021 2471 cui
1051 2414 1327 2473 devoratio
1367 2431 1434 2472 ex
1476 2431 1709 2473 maerore
1740 2418 1908 2475 nimio

306 2501 600 2559 timebatur
621 2542 637 2573 ,
694 2502 941 2561 devorari
997 2504 1174 2563 adhuc
1226 2504 1515 2577 increpitus
1568 2506 1908 2579 periclitaba-

306 2600 413 2662 tur,
463 2591 725 2649 deﬁciens
780 2594 851 2650 ob
907 2593 1384 2653 comminationem
1435 2604 1491 2652 et
1545 2612 1778 2654 murena
1834 2597 1906 2654 ob

305 2680 764 2753 increpationem;
806 2682 1087 2740 damnatus
1122 2700 1252 2741 vero
1291 2693 1346 2740 et
1381 2684 1544 2757 culpa
1591 2693 1644 2742 et
1692 2693 1907 2743 senten-

303 2770 400 2839 tia,
452 2772 564 2841 jam
619 2772 906 2829 devoratus
941 2773 1324 2845 deputabatur,
1367 2772 1461 2846 qui
1513 2789 1624 2830 non
1673 2791 1907 2835 maerere

301 2859 547 2933 haberet,
597 2862 695 2918 sed
742 2862 855 2933 pati
901 2863 1046 2936 quod
1090 2870 1213 2919 ante
1256 2863 1567 2935 passionem
1596 2880 1825 2921 moerere
1854 2866 1904 2905 δέ’·

298 2948 586 3020 potuisset.
634 2949 692 3005 Si
737 2950 939 3007 idcirco
967 2950 1370 3023 ignoscebatur,
1416 2967 1485 3008 ne
1532 2952 1906 3011 fraudaremur

299 3053 331 3093 a
377 3037 595 3109 Satana,
639 3038 695 3094 in
744 3054 810 3096 eo
860 3022 1046 3111 utique
1081 3038 1465 3097 detrimentum
1502 3044 1903 3114 praecavebatur
1938 3022 1980 3100 Β

298 3128 446 3201 quod
493 3129 736 3185 nondum
783 3129 1012 3201 perisset
1060 3145 1073 3187 :
1125 3129 1258 3185 nihil
1296 3128 1364 3187 de
1405 3139 1666 3189 transacto
1706 3148 1903 3204 praeca-

296 3227 473 3285 vetur,
530 3219 626 3275 sed
676 3219 745 3276 de
798 3220 973 3276 adhuc
1028 3220 1200 3277 salvo.
1258 3221 1556 3277 Damnatus
1606 3230 1807 3291 autem,
1850 3231 1902 3280 et

294 3306 518 3377 quidem
567 3306 620 3362 in
667 3308 1065 3379 possessionem
1106 3309 1339 3379 Satanae,
1370 3310 1481 3379 jam
1510 3318 1639 3366 tunc
1668 3310 1903 3383 perierat

294 3395 571 3463 Ecclesiae,
620 3411 741 3452 cum
786 3396 891 3453 tale
936 3396 1144 3453 facinus
1182 3398 1498 3468 admiserat,
1528 3400 1729 3456 nedum
1776 3416 1903 3458 cum

298 3492 355 3539 et
403 3484 472 3539 ab
516 3484 634 3555 ipsa
684 3486 1008 3556 ejerabatur.
1040 3486 1326 3557 Quomodo
1353 3496 1630 3546 vereretur
1658 3489 1901 3547 fraudem

297 3573 410 3645 pati
458 3573 603 3644 ejus,
634 3590 795 3645 quem
833 3574 950 3645 jam
996 3584 1051 3631 et
1098 3584 1343 3647 ereptum
1372 3577 1647 3648 amiserat,
1674 3587 1727 3633 et
1753 3580 1904 3636 dam-

296 3669 484 3717 natum
512 3664 713 3719 habere
757 3678 870 3719 non
916 3664 1209 3735 potuerat?
1238 3664 1539 3735 Postremo,
1571 3667 1703 3739 quid
1745 3668 1898 3739 judi-

296 3768 415 3807 cem
472 3753 756 3826 indulgere
794 3754 1115 3823 conveniet,
1155 3756 1300 3828 quod
1340 3756 1775 3828 pronuntiatione
1814 3758 1902 3815 de-

296 3841 489 3897 ciderit
516 3844 545 3896 ‘2
596 3858 666 3897 au
723 3844 873 3916 quod
927 3842 1341 3901 interlocutione
1394 3846 1729 3919 suSpenderit
1763 3848 1791 3903 ‘I
1847 3858 1903 3906 et

298 3929 482 4003 utique
512 3946 637 3987 eum
661 3933 921 4004 judicem,
946 3934 1043 4006 qui
1072 3949 1182 3991 non
1212 3935 1352 3991 solet
1378 3951 1441 3992 ea
1467 3952 1592 4007 quae
1612 3937 1900 4012 destruxit,

294 4018 650 4094 remdiﬁcare,
691 4038 760 4079 ne
800 4029 1168 4097 transgressor
1206 4026 1486 4083 habeatur.
1534 4029 1651 4100 Age
1694 4029 1807 4099 jam
1854 4029 1900 4086 si

293 4124 405 4167 non
461 4118 540 4167 tot
590 4127 852 4184 personas
906 4114 1078 4185 prima
1129 4114 1372 4188 Epistola
1418 4116 1809 4189 contristasset,
1852 4120 1899 4175 si

292 4201 568 4258 neminem
605 4204 986 4279 increpuisset,
1033 4206 1302 4265 neminem
1349 4208 1664 4276 terruisset,
1715 4211 1760 4265 si
1815 4225 1903 4267 so-

295 4292 413 4347 lum
454 4292 719 4350 incestum
761 4294 1061 4364 cecidisset,
1094 4298 1139 4354 si
1187 4296 1395 4355 nullum
1442 4297 1497 4353 in
1532 4313 1752 4354 causam
1781 4300 1903 4369 ejus

2030 569 2127 636 ris,
2174 566 2407 640 aliquem
2464 564 2647 636 potius
2691 562 2865 638 longe
2892 563 3057 619 alium
3099 562 3247 635 apud
3310 564 3625 621 Corinthios

2032 666 2158 714 tunc
2199 656 2256 712 in
2286 656 2477 712 eadem
2502 670 2685 710 “causa
2732 653 2921 721 fuisse,
2951 663 3013 709 ut
3041 651 3333 723 increpitus
3376 662 3431 708 et
3458 653 3622 709 terri-

2030 760 2114 803 tus
2143 755 2199 802 et
2250 759 2485 803 maerore
2508 744 2622 815 jam
2668 744 2907 810 saucius,
2956 750 3248 814 propterea
3273 742 3623 813 permittente

2028 835 2253 893 modulo
2297 833 2498 899 delicti,
2541 832 2754 891 veniam
2823 841 3011 905 postea
3064 832 3289 905 ceperit,
3336 846 3498 903 quam
3562 841 3623 889 ut

2028 940 2149 981 eam
2198 926 2402 982 incesto
2439 921 2753 979 fornicatori
2811 921 3284 995 iuterpretareris?
3322 920 3435 977 Hoc
3477 923 3622 978 enim

2027 1013 2225 1087 legisse
2255 1013 2544 1080 debueras,
2571 1021 2626 1070 et
2652 1012 2699 1068 si
2746 1028 2851 1069 non
2880 1011 2937 1068 in
2984 1010 3232 1083 epistola,
3283 1011 3381 1067 sed
3416 1009 3476 1066 in
3504 1011 3620 1084 ipsa

2026 1100 2275 1176 Apostoli
2303 1109 2452 1160 secta
2481 1104 2612 1173 (84),
2638 1118 2669 1157 a
2699 1101 2907 1174 pudore
2935 1101 3132 1157 clarius
3153 1115 3315 1172 quam
3342 1100 3481 1172 stylo
3502 1100 3622 1170 ejus

2026 1190 2380 1263 impressum;
2434 1188 2666 1246 1009
2693 1206 2761 1245 ne
2804 1190 3008 1246 scilicet
3040 1190 3267 1246 Paulum
3313 1190 3619 1261 apostolum

2028 1279 2248 1346 Christi,
2280 1280 2558 1337 doctorem
2604 1278 2883 1335 nationum
2924 1278 2981 1333 in
3011 1278 3118 1333 ﬁde
3163 1286 3217 1334 et
3246 1280 3488 1345 veritate,
3524 1295 3621 1336 vas

2028 1370 2327 1437 electionis,
2377 1369 2742 1425 Ecclesiarum
2800 1369 3150 1435 conditorem,
3192 1382 3470 1424 censorem
3534 1370 3617 1425 di-

2027 1458 2397 1529 sciplinarum,
2432 1464 2595 1513 tantae
2624 1457 2850 1514 levitatis
2881 1457 3143 1527 inficeres,
3173 1466 3235 1515 ut
3274 1464 3364 1512 aut
3388 1458 3616 1517 damna-

2026 1548 2167 1605 verit
2215 1557 2418 1605 temere
2446 1563 2611 1620 quem
2656 1563 2783 1604 mox
2829 1555 2975 1603 esset
3000 1546 3375 1617 absoluturus;
3407 1555 3501 1604 aut
3536 1557 3615 1604 te-

2026 1652 2175 1693 mere
2215 1637 2527 1703 absolverit,
2576 1653 2738 1708 quem
2783 1651 2891 1692 non
2938 1644 3142 1693 temere
3185 1636 3508 1705 damnasset,
3540 1636 3617 1691 ob

2026 1723 2197 1781 solam
2250 1725 2374 1781 licet
2428 1722 2843 1780 fornicationem
2908 1722 3171 1793 simplicis
3241 1722 3612 1795 impudicitiae,

1948 1834 1992 1912 Β
2023 1813 2219 1870 nedum
2285 1813 2355 1870 ob
2421 1811 2652 1867 incestas
2686 1812 2921 1883 nuptias,
2957 1818 3013 1867 et
3065 1810 3287 1881 impiam
3324 1812 3612 1881 luxuriam,

2025 1911 2079 1960 et
2140 1902 2420 1959 libidinem
2476 1900 2873 1973 parricidalem,
2930 1914 3092 1971 quem
3146 1916 3250 1956 nec
3302 1901 3613 1958 nationibus

2022 1998 2319 2063 comparat,
2350 2006 2418 2045 ne
2481 1987 2854 2046 consuetudini
2898 1987 3276 2058 deputaretur;
3320 2004 3484 2059 quam
3512 1991 3611 2046 ab-

2021 2094 2148 2135 sens
2187 2078 2479 2150 judicarat,
2530 2094 2599 2134 ne
2644 2077 2874 2148 spatium
2911 2092 3037 2133 reus
3074 2076 3405 2145 lucraretur;
3449 2092 3617 2150 quam.

2020 2169 2279 2227 advocata
2325 2166 2485 2225 etiam
2515 2165 2729 2222 Domini
2774 2166 2971 2222 virtute
2998 2166 3371 2235 damnaverat,
3406 2181 3474 2222 ne
3511 2168 3614 2225 hu-

2019 2273 2176 2314 mana
2222 2255 2491 2314 sententia
2542 2255 2839 2312 videretur.
2881 2254 3030 2310 Lusit
3078 2255 3245 2328 igitur
3280 2262 3335 2311 et
3385 2255 3457 2312 de
3509 2271 3615 2313 suo

2014 2346 2227 2417 spiritu,
2268 2356 2323 2402 et
2365 2346 2436 2401 de
2472 2344 2732 2402 Ecclesiae
2769 2344 2967 2419 angelo
3023 2345 3163 2416 (85),
3208 2353 3263 2401 et
3313 2345 3382 2401 de
3411 2345 3611 2404 virtute

2012 2434 2250 2505 Domini,
2292 2433 2339 2489 si
2383 2432 2531 2508 quod
2576 2434 2649 2489 de
2704 2432 2931 2492 consilio
2981 2446 3176 2490 eorum
3223 2435 3611 2505 pronuntiave-

2012 2533 2116 2595 rat,
2144 2520 2386 2580 rescidit.
2658 2526 2665 2533 '

2614 2661 2841 2723 CAPUT
2877 2660 3004 2722 XV.

2084 2784 2141 2842 Si
2172 2785 2331 2842 etiam
2390 2785 2669 2856 sequentia
2714 2784 2862 2841 illius
2892 2784 3149 2855 Epistolas
3193 2786 3262 2842 ad
3288 2785 3606 2847 intentatio-

2011 2890 2138 2931 nem
2166 2874 2416 2945 Apostoli
2453 2872 2737 2940 extendas,
2769 2888 2870 2929 nec
2898 2872 3015 2943 ipsa
3049 2876 3509 2946 comparabuntur
3535 2880 3605 2934 ad

2010 2964 2439 3021 obliterationem
2478 2962 2693 3029 incesti,
2731 2979 2801 3019 ne
2827 2971 2880 3018 et
2925 2962 3015 3019 hic
3067 2963 3411 3022 suffundatur
3448 2967 3610 3038 Apo-

2010 3053 2179 3111 stolus
2241 3052 2604 3124 posteriorum
2651 3051 3063 3126 incongruentia
3115 3069 3394 3112 sensuum.
3434 3055 3606 3124 Quale

2009 3152 2094 3201 est
2122 3142 2267 3199 enim
2332 3149 2393 3200 ut
2420 3158 2543 3199 cum
2584 3141 2819 3199 maxime
2855 3142 3063 3200 incesto
3109 3143 3417 3201 fornicatori
3446 3154 3601 3217 post-

2009 3231 2273 3290 liminium
2368 3232 2597 3306 largitus
2710 3231 3086 3290 ecclesiastica
3162 3235 3335 3304 pacis,
3425 3237 3604 3292 statim

2008 3321 2299 3398 ingesserit
2342 3322 2411 3377 de
2438 3321 2774 3379 aversatione
2802 3320 3292 3390 immunditiarum,
3324 3323 3392 3381 de
3418 3340 3609 3395 ampu-

2012 3411 2210 3468 tatione
2273 3411 2621 3480 macularum,
2663 3409 2731 3465 de
2778 3408 3152 3468 exhortatione
3210 3412 3604 3467 sanctimonia-

2011 3517 2145 3569 rum,
2194 3501 2351 3573 quasi
2396 3500 2531 3556 nihil
2574 3501 2902 3557 contrarium
2958 3500 3125 3556 Paulo
3173 3507 3297 3556 ante
3348 3500 3608 3559 decreve-

2008 3588 2110 3646 rit?
2141 3590 2409 3662 Compara
2434 3587 2665 3661 denique
2692 3606 2761 3645 an
2798 3593 2921 3659 ejus
2949 3588 3019 3644 sit
3045 3588 3228 3645 dicere
3256 3605 3271 3644 :
3304 3591 3609 3662 Propterea

2009 3680 2274 3738 habentes
2292 3680 2781 3739 ministrationem
2801 3679 2995 3746 istam,
3019 3679 3332 3736 secundum
3342 3678 3485 3752 quod
3503 3679 3610 3736 mi»

2008 3768 2371 3827 sericordiam
2408 3769 2697 3825 consecuti
2738 3783 2957 3835 sumus,
2997 3783 3114 3825 non
3157 3767 3469 3837 deﬁcimus,
3512 3768 3610 3826 sed

2009 3859 2334 3917 abdicamus
2372 3858 2596 3918 occulta
2628 3855 2909 3913 dedecoris
2937 3856 3260 3927 (IICor.1v,
3300 3859 3351 3923 1,
3382 3858 3437 3927 2)
3466 3873 3479 3913 :
3512 3855 3606 3927 qui

2011 3963 2123 4005 non
2175 3947 2456 4006 dedecoris
2501 3951 2729 4012 tantum,
2763 3946 2861 4001 sed
2908 3950 2964 4000 et
2993 3944 3217 4000 sceleris
3262 3944 3607 4001 manifestum

2013 4036 2416 4095 dedamnaverit
2460 4034 2513 4075 55
2560 4037 2673 4106 (86)
2709 4052 2725 4089 :
2756 4049 2823 4089 an
2872 4034 3120 4102 ejusdem
3152 4033 3221 4089 sit
3249 4034 3300 4073 55
3345 4049 3607 4093 excusare

2010 4125 2247 4196 aliquam
2276 4123 2669 4194 impudicitiam
2697 4122 2791 4192 qui
2821 4122 2961 4179 inter
2988 4122 3175 4178 titulos
3202 4124 3446 4179 laborum
3475 4139 3607 4180 suo-

2011 4229 2154 4281 rum,
2186 4220 2310 4285 post
2351 4212 2632 4283 angustias
2683 4219 2843 4283 amne
2891 4226 3193 4282 pressuras,
3242 4222 3364 4281 post
3402 4212 3607 4281 jejunia

2013 4308 2067 4356 et
2091 4300 2323 4372 vigilias,
2372 4298 2745 4355 castimoniam
2775 4312 2996 4370 quoque
3031 4296 3336 4370 praedicarit
3374 4299 3453 4368 (II
3480 4300 3603 4358 Cor.

299 4380 359 4439 in
440 4398 691 4455 pavorem
773 4384 1062 4459 misisset,
1143 4386 1383 4446 inﬂatum
1456 4396 1897 4461 consternasset;
1938 4370 1984 4449 Β
2014 4405 2093 4460 vr,
2133 4370 2169 4446 ti
2214 4389 2420 4463 seqq);
2454 4404 2523 4445 an
2568 4385 2813 4459 ejusdem
2861 4386 2933 4442 sit
2975 4387 3221 4460 recipere
3264 4387 3320 4445 in
3354 4402 3606 4447 commu-

1665 4514 1864 4581 Varias
1908 4519 2221 4582 lectiones.

1677 4538 1864 4581 varias
1908 4538 1929 4581 ι
1970 4538 2221 4583 cnones.

369 4616 415 4660 ⁸1
464 4618 599 4697 Qua
624 4621 872 4697 0berth._
894 4621 1068 4697 89ml.
1097 4622 1147 4661 62
1181 4622 1262 4680 Sit
1296 4624 1418 4697 Rtg.
1448 4624 1608 4697 Le0p.
1646 4623 1697 4664 53
1762 4624 1862 4682 Rei
1911 4539 2047 4684 ritio
2101 4628 2265 4684 Pam.
2313 4622 2501 4684 Reatio
2563 4619 2745 4683 Gelen.
2783 4618 2833 4663 δέ*
2870 4618 3104 4678 Merere
3145 4618 3330 4680 Geten.
3371 4618 3422 4661 55
3461 4621 3578 4682 Prae

291 4690 628 4752 damnaverit
662 4697 789 4753 Lat.
826 4695 878 4735 6°
914 4696 973 4753 Si
1009 4695 1164 4756 abest
1192 4713 1229 4755 α
1255 4690 1393 4753 Par'.

1681 4822 2184 4891 Commentarius.

292 4941 506 5022 scilicet
562 4939 849 5022 criminum
916 4946 1172 5022 sordibus
1248 4947 1713 5022 inquinatissimis.
1768 4950 1898 5008 Rm.

364 5018 1185 5094 Immunditiarirrecuperabili
1196 5018 1547 5094 Atabi‘dosum.
1571 5023 1902 5094 Irrecupera-

288 5088 459 5167 bilem
495 5090 889 5167 immunditiam
916 5088 1067 5167 dicit,
1102 5092 1244 5149 unde
1273 5088 1902 5167 recuperariinihil'pos-

289 5162 363 5217 sit
416 5162 807 5218 immunditiam
853 5164 1064 5221 scilicet
1108 5173 1222 5219 arte
1269 5162 1421 5219 nulla
1458 5162 1900 5222 curabilemISic

292 5203 457 5290 int’ra.
501 5234 596 5289 ubi
639 5236 708 5290 de
752 5236 917 5290 lepra:
956 5235 1292 5290 immunditia
1320 5234 1568 5290 sanabili.
1602 5253 1900 5290 recupera-

292 5244 457 5301 mtra,
501 5244 596 5289 ubi
639 5244 708 5291 de
752 5244 917 5306 lepra:
956 5244 1292 5290 immunditia
1320 5244 1568 5304 sanabili,
1602 5253 1902 5309 recupera-

298 5305 512 5362 tionem
528 5308 597 5377 Aet
630 5308 1095 5377 reformationem
1124 5306 1276 5361 dixit.
1309 5307 1434 5362 me.

370 5377 482 5452 (84)
512 5374 579 5452 In
625 5374 748 5452 ipsa
782 5380 1040 5452 ⁸Αροξιοιὶ
1081 5382 1251 5452 secta.
1287 5378 1494 5452 Sectam
1525 5392 1623 5449 pro
1650 5378 1899 5452 moribus

290 5450 501 5518 posuit.
548 5449 731 5521 Atque
778 5449 851 5504 ita
900 5449 1232 5506 Justinianus
1277 5450 1379 5521 sub
1435 5449 1596 5505 ﬁnem
1645 5450 1779 5505 tituli
1833 5452 1899 5510 de

288 5521 538 5591 Legatis,
584 5520 677 5576 ubi
724 5521 792 5576 de
845 5521 1036 5594 legatis
1080 5520 1379 5593 probrosis.
1427 5522 1774 5592 Hujusmodi,
1816 5521 1897 5577 in-

285 5596 431 5662 quit,
458 5595 931 5677 testamentorum
962 5594 1346 5677 dispositignes
1375 5594 1561 5677 vetere
1579 5597 1732 5677 secta
1750 5610 1899 5677 meo:

288 5678 426 5721 rum
457 5668 778 5741 temporum
798 5681 914 5725 non
938 5663 1188 5741 patitur.
1214 5665 1425 5723 Sectam
1454 5663 1620 5741 igitur
1647 5664 1894 5742 Apostoli

2009 4950 2139 5025 dicit
2192 4948 2340 5025 quod
2393 4946 2556 5022 paulo
2597 4954 2721 5022 post
2764 4953 3013 5025 uaturam
3058 4948 3218 5025 atque
3261 4940 3597 5025 prOpositum

2009 4966 2139 5009 αιοιι
2192 4966 2340 5076 Ἳιιοα
2393 4966 2556 5022 paulo
2597 4966 2721 5022 ροει
2764 4966 3013 5004 naturam
3058 4966 3218 5027 8'sun
3263 4966 3597 5027 proposuqu

2006 5024 2214 5095 Aposto
2237 5022 2274 5086 i,
2306 5020 2534 5078 formam
2560 5030 2614 5078 et
2641 5019 2884 5095 regulum
2938 5018 3302 5074 doctrinarum
3335 5031 3482 5087 ejus.
3506 5017 3597 5073 Sic

2007 5091 2174 5167 supra
2206 5112 2220 5151 :
2254 5096 2340 5150 Ea:
2367 5096 2557 5167 forma
2585 5091 2914 5167 Petri._Rrg.

2080 5160 2193 5238 (85)
2222 5166 2297 5221 De
2324 5160 2590 5238 Ecclesia:
2620 5164 2834 5238 angelo.
2867 5162 3143 5238 Tanquam
3193 5160 3594 5238 augelusprte-

2007 5231 2637 5309 sit'congregationibus
2679 5231 2963 5309 Ecclesiae;
2996 5231 3100 5294 nisi
3146 5231 3298 5309 malit
3349 5231 3475 5309 quis
3504 5250 3595 5309 ref

2006 5308 2145 5365 ferre
2205 5305 2273 5364 ad
2320 5305 2637 5379 episcopum
2693 5306 3118 5379 Corinthiorum,
3161 5306 3352 5379 eadem
3382 5305 3594 5379 __p_hra_si

2004 5397 2165 5451 quam
2212 5380 2283 5435 ad
2340 5373 2549 5449 septem
2612 5376 2971 5434 Ecclesiarum
3024 5374 3245 5451 augelos
3292 5373 3476 5429 scribit
3530 5375 3591 5430 B.

2001 5447 2237 5525 Ioannes
2265 5447 2563 5525 apostolus,
2595 5451 2761 5525 Apoc.
2797 5463 2837 5504 ιι
2868 5458 2921 5505 et
2940 5463 3028 5525 _m.
3062 5447 3200 5525 Plut.
3290 5512 3321 5525 Α,
3404 5513 3415 5525 ο

2073 5517 2668 5597 (86)νυεᾱατηηαυβνὶῐ.
2708 5521 3043 5597 sententiam
3089 5517 3449 5597 damnationis
3505 5532 3593 5572 re-

2002 5592 2258 5652 scisse'rit.
2305 5594 2448 5651 Infra
2493 5593 2652 5661 dicet,
2703 5612 2729 5645 cr
2767 5592 3184 5662 Redintegrarit,
3231 5600 3595 5661 concorpora-

2001 5674 2115 5731 tum
2138 5683 2323 5726 rursus
2346 5664 2621 5725 Ecclesiae.
2666 5684 2689 5717 ι
2725 5663 2855 5723 me.
