4058 6172
433 297 574 361 1063

430 413 750 472 nicationem
813 408 1079 483 reprobos
1132 422 1396 482 quosque,
1443 404 1538 476 qui
1591 402 1793 461 scribat
1832 416 1846 458 :
1895 398 2026 467 Qua:
2055 397 2103 479 Α

430 504 583 559 enim
603 500 837 558 societas
845 498 1096 570 justitice
1115 501 1170 553 et
1185 492 1527 568 iniquitati?
1538 508 1663 566 quae
1677 492 1871 547 autem
1880 502 2014 544 com-

427 590 746 647 municatio
768 588 886 644 luci
895 590 951 644 et
975 586 1253 643 tenebris?
1272 585 1402 651 Quae
1417 579 1789 639 consonantia
1803 575 2022 634 Christo

429 685 485 736 et
512 679 726 746 Belial;
751 681 855 733 aut
902 693 1027 747 qua:
1066 691 1204 747 pars
1241 672 1400 742 ﬁdeli
1438 687 1569 727 cum
1614 667 1879 739 inﬁdeli?
1909 666 2022 721 Aut

431 770 553 843 quis
582 783 893 827 consensus
925 764 1133 837 templo
1172 763 1271 818 Dei
1299 766 1356 817 et
1396 760 1564 817 idolis
1594 758 1748 829 (Ibid.
1798 753 2023 843 14-16)?

429 841 624 914 Nonne
691 862 1006 912 constanter
1053 850 1242 907 audire
1287 848 1510 905 debebit
1562 866 1576 900 :
1626 848 1697 901 Et
1747 841 2020 917 quomodo

431 944 692 1002 discernis
745 960 866 1016 quae
931 957 1097 1012 supra
1145 937 1338 995 incesti
1404 935 1741 992 restitutione
1794 926 2024 988 tinxisti?

432 1034 527 1090 illo
555 1033 700 1090 enim
742 1036 1134 1101 concorporato
1181 1042 1370 1084 rursus
1415 1023 1688 1091 Ecclesiae,
1721 1028 1777 1077 et
1818 1017 2028 1093 justitia

434 1139 558 1179 cum
584 1121 862 1195 iniquitate
900 1119 1155 1188 sociatur,
1185 1123 1240 1172 et
1269 1116 1504 1172 tenebm
1550 1130 1673 1170 cum
1703 1113 1822 1169 luce
1870 1123 2028 1164 com-

436 1210 733 1279 municant,
781 1216 835 1264 et
897 1205 1064 1263 Belial
1102 1213 1365 1262 consonat
1421 1202 1656 1271 Christo,
1697 1208 1753 1258 et
1796 1196 2030 1252 inﬁdelis

436 1316 558 1358 cum
598 1299 745 1355 tideli
802 1303 1138 1353 sacramenta
1185 1292 1490 1366 participat.
1534 1293 1602 1347 Et
1638 1286 1871 1347 viderint
1906 1285 2031 1340 ido-

437 1391 508 1458 la,
547 1390 666 1462 ipse
711 1387 897 1460 templi
943 1385 1041 1440 Dei
1098 1383 1311 1439 vitiator
1361 1385 1415 1437 in
1469 1381 1724 1451 templum
1774 1376 1872 1433 Dei
1908 1390 2033 1432 con-

435 1480 596 1536 venit.
626 1477 762 1531 Nam
790 1484 843 1530 et
870 1475 961 1529 hic
990 1490 1004 1527 :
1048 1475 1141 1531 Vos
1170 1472 1346 1537 enim,
1371 1471 1563 1541 inquit,
1597 1469 1735 1524 estis
1756 1466 2033 1536 templum

437 1568 536 1625 Dei
560 1566 703 1633 vivi;
753 1564 895 1620 dicit
920 1562 1075 1618 enim
1102 1579 1121 1615 :
1159 1556 1396 1614 1010
1432 1559 1577 1625 Quia
1616 1552 1942 1610 inhabitebo
1971 1553 2035 1605 in

438 1657 609 1725 vobis,
639 1657 696 1711 et
738 1648 1126 1718 inambulebo,
1157 1652 1213 1702 et
1250 1661 1344 1703 ero
1372 1647 1517 1700 Deus
1543 1643 1799 1707 illorum,
1844 1641 1900 1693 et
1945 1637 2038 1692 illi

440 1749 611 1803 erunt
624 1741 769 1798 mihi
788 1738 1048 1812 populus.
1072 1739 1219 1807 Prop
1229 1737 1311 1789 ter
1330 1731 1475 1805 quod
1494 1730 1761 1787 discedite
1772 1725 2033 1786 demedio

441 1849 659 1899 eorum,
699 1825 1072 1901 separemini,
1105 1826 1162 1881 et
1206 1820 1579 1878 immundum
1622 1834 1695 1875 ne
1724 1815 2035 1889 ettigeritis

441 1920 599 1995 (ibid.
651 1920 740 1983 16,
800 1916 913 1985 1'7).
960 1912 1074 1967 Hoc
1118 1924 1336 1982 quoque
1384 1906 1612 1978 evolvis,
1658 1922 1693 1963 o
1748 1904 2033 1995 Apostole,

440 1991 501 2067 ut
543 2024 669 2064 cum
697 2002 929 2060 maxime
974 2003 1093 2072 ipse
1121 2006 1267 2057 tanto
1314 1995 1775 2053 immunditiamm
1832 1991 2036 2064 gurgiti

442 2110 665 2155 manum
710 2091 897 2157 tradis,
929 2097 986 2146 et
1028 2089 1205 2145 adhuc
1250 2086 1556 2158 superdicis
1586 2103 1600 2140 :
1631 2083 1904 2139 Habentes
1931 2082 2039 2153 igi-

445 2193 546 2245 tur
560 2182 989 2258 promissionem
1003 2180 1199 2243 istam,
1223 2176 1433 2243 dilecti,
1457 2173 1828 2232 emundemus
1848 2185 1948 2228 nos
1968 2170 2036 2225 ab

443 2278 603 2339 omni
642 2273 1075 2347 inquinamento
1095 2268 1287 2325 carnis
1315 2270 1373 2324 et
1400 2266 1662 2338 spiritus,
1678 2262 2036 2335 perﬁcientes

446 2363 848 2425 castimoniam
868 2362 933 2415 in
952 2358 1051 2416 Dei
1069 2357 1117 2395 5"
1141 2358 1340 2413 timore
1359 2354 1438 2427 (II
1459 2355 1578 2411 Cor.
1606 2367 1707 2419 vn,
1728 2352 1806 2421 1).
1829 2348 1941 2406 Oro
1962 2358 2036 2418 te,

444 2454 538 2529 qui
601 2451 725 2507 talia
772 2447 947 2518 inﬁgit
974 2444 1244 2501 mentibus
1290 2441 1514 2513 nostris,
1542 2445 1883 2499 revocaverat
1933 2438 2036 2495 ali-

446 2526 608 2616 quem
658 2538 1044 2595 fornicatorem
1089 2533 1145 2588 in
1170 2530 1506 2588 Ecclesiam?
1552 2546 1621 2585 an
1674 2528 1799 2585 ideo
1827 2526 2033 2594 scribit,

445 2648 516 2690 ne
572 2628 672 2687 tibi
724 2642 869 2682 nunc
916 2638 1200 2681 revocasse
1271 2619 1551 2680 videatur?
1596 2618 1744 2686 Haec,
1792 2617 1954 2673 sicuti
2005 2631 2036 2672 e

444 2719 733 2796 praeteritis
798 2714 1162 2787 praescribere,
1203 2711 1279 2767 ita
1332 2717 1388 2767 et
1451 2708 1804 2781 sequentibus
1843 2707 2040 2778 praeju-

445 2812 625 2869 dicare
678 2806 982 2876 debebunt;
1012 2802 1069 2858 in
1117 2801 1283 2858 tinem
1318 2799 1462 2857 enim
1497 2798 1755 2869 Epistolas
1782 2796 1987 2867 .dicens
2018 2813 2033 2851 :

446 2904 525 2961 Nc
552 2913 755 2957 rursus
775 2912 907 2952 cum
924 2906 1124 2951 venero
1147 2890 1413 2948 humiliet
1439 2903 1529 2944 me
1546 2891 1713 2954 Deus,
1743 2890 1801 2942 et
1820 2886 2039 2957 lugeam

445 2990 659 3049 multos
680 3001 878 3044 eorum
896 2984 994 3055 qui
1011 2984 1147 3039 ante
1164 2980 1550 3051 deliquerunt,
1571 2980 1629 3034 et
1643 2976 2041 3049 paenitentiam

1136 285 1576 352 TERTULLIANI
1610 278 1878 348 OPERUM
1913 278 2041 341 PAR

2145 223 2291 338 ι.’-
2334 276 2566 340 SERIES
2604 275 2670 339 ll.
2711 277 3026 344 MORALIA.

2132 394 2276 435 num
2304 375 2561 435 habitare
2574 377 2646 451 (I.
2668 378 2787 437 Cor.
2805 391 2888 445 tu,
2911 378 3040 449 16)?
3067 375 3160 450 qui
3187 385 3243 434 et
3269 376 3475 450 templo
3492 381 3737 437 sancien-

2130 466 2222 534 do,
2279 464 2723 537 puriﬁcandoque
2770 465 3076 522 eeditualem
3112 466 3297 539 legem
3342 466 3559 538 scripsit
3608 486 3620 524 :
3675 470 3736 526 Si

2128 556 2253 629 quis
2285 555 2566 627 templum
2609 556 2709 611 Dei
2748 556 3057 623 vitiaverit,
3088 554 3317 610 vitiabit
3344 555 3513 611 illum
3542 558 3686 614 Deus
3718 576 3735 613 :

2133 648 2411 718 templum
2432 646 2586 701 enim
2604 646 2706 702 Dei
2724 647 2992 701 sanctum
3021 649 3105 702 est
3134 644 3276 716 quod
3303 647 3439 715 estis
3458 661 3553 702 vos
3570 646 3737 715 (Ibid.

2132 738 2245 806 17).
2294 738 2413 807 Age
2452 735 2566 804 jam
2611 735 2736 807 quis
2788 733 3009 790 omnino
3059 734 3310 789 vitiatum
3346 735 3461 791 Deo
3500 737 3741 794 redinte-

2131 823 2324 896 gravit,
2346 823 2401 877 id
2420 832 2503 879 est
2533 823 2813 880 traditum
2846 823 3072 879 Satanae
3100 825 3163 878 in
3192 824 3492 880 interitum
3514 828 3738 895 cernis,

2132 928 2253 968 cum
2283 911 2484 967 idcirco
2505 910 2864 967 substruxerit
2886 928 2899 965 :
2934 911 3102 969 Nemo
3121 910 3352 968 seducet
3368 914 3739 987 semetipsum

2135 1000 2293 1072 (Ibid.
2356 999 2468 1071 18),
2520 1000 2574 1055 id
2622 1009 2723 1067 est,
2781 1014 2945 1056 nemo
2996 1011 3291 1073 praesumat
3334 1000 3584 1057 vitiatum
3620 1004 3738 1060 Deo

2135 1089 2490 1161 redintegrari
2530 1090 2712 1145 denuo
2750 1104 2945 1161 posse;
3002 1089 3143 1144 sicut
3202 1104 3392 1145 rursus
3448 1089 3590 1148 inter
3625 1107 3740 1148 cte-

2136 1186 2269 1246 tera,
2329 1178 2438 1232 imo
2494 1188 2547 1233 et
2602 1184 2723 1231 ante
2778 1185 2995 1246 caetera,
3044 1177 3288 1232 moechos
3342 1183 3396 1233 et
3449 1178 3743 1238 fornicato-

2137 1282 2225 1322 res
2277 1274 2330 1321 et
2382 1264 2572 1320 molles
2609 1273 2663 1320 et
2698 1264 3061 1322 masculorum
3115 1265 3498 1322 concubitores
3537 1283 3745 1341 negans

2140 1370 2366 1430 regnum
2412 1361 2816 1421 consecuturos,
2865 1352 3171 1424 praemisit:
3220 1355 3298 1411 Ne
3324 1354 3376 1393 ⁵⁸
3413 1358 3745 1415 erraveritis

2142 1445 2190 1515 (ι
2242 1445 2365 1501 Cor.
2419 1458 2495 1507 vr,
2546 1445 2600 1510 9;
2652 1443 2765 1514 10),
2818 1439 3033 1497 ΙθΙΙ
3089 1440 3296 1497 scilicet
3342 1440 3393 1497 si
3429 1443 3750 1515 putaveritis

2142 1547 2241 1590 eos
2269 1542 2679 1587 consecuturos.
2717 1530 2927 1602 Quibus
2981 1539 3159 1588 autem
3196 1547 3426 1605 regnum
3462 1532 3745 1602 adimitur,

2144 1622 2332 1693 utique
2359 1636 2461 1677 nec
2488 1620 2597 1678 vita
2625 1619 2970 1691 permittitur,
3000 1634 3125 1692 quae
3166 1618 3308 1675 inest
3346 1635 3534 1693 regno.
3566 1621 3747 1677 Etiam

2072 1692 2117 1770 Β
2143 1692 2401 1786 ingerens
2434 1728 2448 1765 :
2502 1709 2607 1767 Sed
2650 1711 2713 1767 in
2760 1708 2877 1766 htec
2917 1709 3145 1781 quidem
3174 1710 3373 1780 fuistis
3392 1692 3539 1780 {sed
3565 1711 3748 1767 abluti

2142 1804 2296 1867 estis,
2326 1801 2422 1858 sed
2448 1799 2796 1869 sanctiﬁceti
2824 1801 2958 1858 estis
2978 1799 3044 1855 in
3061 1799 3293 1856 nomine
3314 1801 3542 1856 Domini
3560 1802 3749 1858 nostri

2145 1892 2275 1948 Jesu
2306 1890 2534 1957 Christi,
2583 1893 2639 1947 et
2686 1890 2746 1945 in
2792 1891 3004 1961 spiritu
3051 1890 3150 1946 Dei
3195 1890 3381 1946 nostri
3424 1889 3584 1960 (Ibid.
3629 1893 3745 1960 11).

2143 1979 2356 2048 Quanto
2386 1978 2575 2035 delicta
2594 1977 2699 2033 ista
2716 1985 2839 2033 ante
2864 1978 3137 2034 lavacrum
3166 1988 3392 2050 accepto
3418 1976 3566 2047 facit,
3596 1986 3747 2035 tanto

2146 2076 2268 2142 post
2318 2068 2589 2127 lavacrum
2646 2066 3043 2124 irremissibilia
3103 2066 3420 2137 constituit;
3480 2068 3751 2137 siquidem

2144 2158 2327 2213 denuo
2365 2156 2516 2212 ablui
2562 2170 2672 2210 non
2714 2154 2861 2212 licet.
2891 2154 3145 2228 Agnosce
3193 2164 3248 2211 et
3294 2156 3348 2212 in
3395 2156 3754 2228 sequentibus

2145 2246 2392 2315 Paulum,
2424 2246 2732 2301 columnam
2770 2244 3105 2301 immobilem
3147 2243 3590 2316 disciplinarum:
3623 2244 3747 2301 Cibi

2142 2339 2350 2402 ventri,
2372 2340 2430 2391 et
2448 2339 2644 2393 venter
2662 2334 2828 2402 cibis;
2849 2336 2994 2393 Deus
3012 2338 3069 2391 et
3098 2335 3252 2391 hunc
3272 2339 3328 2392 et
3348 2335 3475 2394 illos
3494 2336 3751 2406 conﬁcit,

2145 2441 2347 2498 corpus
2390 2428 2584 2480 autem
2609 2440 2726 2483 non
2755 2424 3151 2494 fornicationi,
3183 2424 3280 2481 sed
3304 2425 3410 2482 Deo
3441 2424 3599 2493 (Ibid.
3638 2424 3749 2496 13).

2145 2516 2439 2572 Faciamus
2453 2513 2597 2568 enim
2613 2513 2892 2570 hominem
2904 2552 2919 2579 ,
2933 2513 3006 2568 ait
3022 2513 3189 2582 Deus,
3204 2513 3279 2569 ad
3288 2514 3600 2584 imaginem
3610 2516 3669 2569 et
3683 2514 3756 2570 si-

2143 2602 2534 2660 militudinem
2544 2606 2802 2657 nostram
2814 2620 2832 2656 :
2847 2605 2903 2659 et
2912 2603 3053 2673 fecit
3065 2601 3347 2659 hominem
3358 2601 3603 2668 Deus,ed
3612 2603 3754 2657 ima-

2143 2695 2333 2767 ginem
2344 2696 2399 2747 et
2409 2691 2849 2748 similitudinem
2860 2693 2960 2747 Dei
2968 2693 3103 2761 fecit
3114 2692 3281 2748 illum
3300 2692 3459 2761 (Gen.
3474 2705 3514 2755 ι,
3529 2692 3617 2756 26,
3638 2690 3755 2760 27).

2144 2783 2416 2840 Dominus
2436 2782 2658 2854 corpori
2676 2781 2729 2852 (I
2748 2782 2873 2838 Cor.
2894 2795 2972 2849 vr,
2996 2780 3118 2851 13);
3139 2785 3195 2837 et
3217 2781 3409 2839 Sermo
3432 2780 3600 2847 enim,
3620 2796 3753 2836 caro

2148 2875 2340 2945 fectus
2352 2875 2435 2927 est
2445 2871 2630 2941 (Joen.
2646 2883 2687 2937 ι,
2704 2870 2791 2940 14)
2800 2908 2815 2924 .
2827 2870 2973 2927 Deus
2983 2872 3179 2926 autem
3190 2874 3244 2927 et
3256 2871 3559 2926 Dominum
3574 2871 3757 2925 susci-

2153 2961 2319 3027 tavit,
2340 2966 2397 3016 et
2415 2974 2518 3015 nos
2536 2958 2833 3014 suscitebit
2848 2972 2953 3030 per
2972 2959 3246 3015 virtutem
3265 2973 3429 3015 suam
3449 2957 3503 3029 (Ι
3531 2958 3658 3015 Cor.
3680 2971 3757 3024 vt,

447 3095 564 3136 non
591 3078 825 3149 egerunt
853 3087 1027 3145 super
1054 3068 1427 3127 immunditia
1454 3083 1623 3140 quam
1661 3066 2041 3133 admiserunt,

2154 3051 2274 3122 1L);
2325 3057 2542 3119 propter
2587 3044 2835 3118 corporis
2882 3045 3085 3102 scilicet
3129 3062 3326 3102 nexum
3374 3062 3496 3103 cum
3544 3047 3658 3102 illo.
3688 3046 3759 3101 Et

2149 3138 2265 3159 :J--
2290 3155 2302 3159 -
2337 3138 2443 3159 IT-“
2475 3137 2627 3159 --.‘1.’-
2655 3150 2874 3159 ,ιι-μη...-
2898 3138 3078 3159 -.--ιμ..
3100 3136 3338 3159 μ.-.μ1.....
3368 3136 3575 3159 [τι-ἐ-ιί
3594 3134 3737 3159 ιπιι)

450 3134 829 3242 fornicatione
858 3134 1177 3219 etvilitete
1224 3160 1303 3226 (II
1330 3134 1591 3222 Con-xu,
1623 3157 1738 3227 21);
1795 3168 1905 3210 non
1934 3151 2041 3208 uti-

2149 3138 2270 3195 ideo
2290 3155 2303 3193 :
2327 3138 2449 3194 Non
2468 3137 2627 3194 scitis
2647 3150 2877 3208 corpore
2896 3138 3081 3193 vestra
3097 3136 3343 3192 membra
3366 3136 3575 3193 Christi
3593 3134 3759 3205 (Ibid.

451 3272 561 3330 que
608 3252 950 3327 recipiendos
992 3246 1287 3317 constituit,
1318 3245 1366 3302 si
1390 3243 1768 3318 paenitentiam
1792 3242 2042 3310 inissent,

452 3361 594 3420 quos
638 3344 695 3399 in
738 3339 983 3399 Ecclesia
1038 3338 1354 3395 inventurus
1399 3342 1533 3400 erat,
1564 3333 1661 3391 sed
1697 3331 1964 3406 lugendos
1990 3336 2046 3386 et

452 3418 570 3492 sine
596 3433 763 3490 dubio
783 3429 1102 3502 ejiciendos,
1120 3434 1181 3483 ut
1208 3423 1576 3499 paenitentiam
1594 3420 1886 3494 perderent
1910 3418 2041 3491 (87).

452 3527 522 3583 Et
550 3530 806 3582 caeterum
851 3536 959 3576 non
1006 3516 1263 3588 competit
1289 3531 1413 3573 eum
1458 3515 1526 3570 de
1561 3507 2046 3568 communicatione

451 3614 653 3686 aliquid
688 3612 779 3666 hic
823 3609 1147 3672 ostendisse,
1202 3604 1293 3675 qui
1342 3619 1460 3659 eam
1506 3615 1670 3672 supra
1716 3598 1825 3655 luci
1880 3607 1934 3653 et
1961 3604 2045 3652 te-

452 3703 660 3767 nebris,
685 3697 908 3769 justitize
937 3702 989 3750 et
1032 3693 1298 3766 iniquitati
1335 3698 1581 3762 negarat.
1628 3688 1737 3743 Sed
1792 3687 2050 3758 ignorant

455 3788 775 3862 Apostolum
821 3799 1012 3841 omnes
1041 3782 1151 3849 isti,
1194 3781 1289 3854 qui
1334 3780 1533 3851 aliquid
1581 3785 1769 3833 contra
1806 3783 2048 3833 naturam

459 3886 625 3951 atque
674 3875 1009 3947 prepositum
1057 3870 1291 3927 hominis
1331 3869 1524 3941 ipsius,
1575 3875 1769 3923 contra
1819 3866 2049 3921 formam

456 3978 511 4027 et
556 3966 799 4037 regulam
858 3960 1159 4018 doctrinam
1214 3959 1338 4028 ejus
1393 3954 1699 4029 intelligunt
1740 3964 1800 4011 ut
1854 3956 2051 4013 sancti-

454 4058 584 4115 tatis
636 4053 813 4113 omnis
856 4052 1018 4109 etiam
1062 4065 1130 4107 ex
1173 4049 1465 4120 semetipso
1512 4046 1851 4118 magistrum,
1881 4045 2052 4117 impu-

460 4148 631 4206 ritatis
659 4146 838 4202 omnis
891 4148 1289 4199 exsecratorem
1334 4149 1389 4195 et
1433 4136 1784 4210 expiatorem,
1816 4146 1872 4192 et
1925 4135 2051 4192 ubi-

458 4255 563 4313 que
616 4239 798 4304 talem,
832 4233 989 4292 citius
1037 4234 1274 4303 incesto,
1324 4245 1482 4301 quam
1538 4227 1698 4284 alicui
1752 4224 2053 4283 humaniori

459 4346 552 4389 reo
597 4330 713 4401 (88)
740 4324 1035 4385 Ecclesiam
1062 4321 1366 4381 reddidisse
1395 4326 1706 4392 praesumat.

1057 4466 1279 4523 CAPUT
1308 4462 1457 4521 XVI.

532 4598 765 4656 Necesse
793 4602 873 4651 est
900 4590 1064 4666 igitur
1089 4604 1264 4663 usque
1328 4587 1437 4642 illis
1464 4582 1787 4658 Apostolum
1814 4583 2053 4649 ostendi,

462 4704 622 4763 quem
676 4702 779 4758 ego
835 4691 889 4740 et
943 4682 999 4735 in
1038 4677 1276 4736 secunda
1315 4672 1719 4731 Corinthiorum
1757 4672 1917 4729 talem
1952 4670 2057 4726 dc-

462 4760 699 4844 fenrlam,
752 4774 964 4847 qualem
1011 4768 1065 4823 in
1129 4765 1381 4823 omnibus
1418 4762 1606 4819 litteris
1651 4761 1806 4827 novi,
1864 4760 1958 4833 qui
2005 4768 2059 4816 et

464 4870 519 4925 in
567 4867 760 4941 prima,
784 4862 989 4934 primus
1018 4856 1258 4913 omnium
1303 4854 1561 4925 templum
1588 4851 1688 4906 Dei
1716 4850 1989 4907 dedicavit
2040 4865 2056 4908 :

466 4940 590 5016 Non
619 4956 800 5020 scitis,
820 4966 917 5007 vos
948 4947 1224 5020 templum
1243 4945 1347 5001 Dei
1370 4958 1508 5014 esse,
1530 4945 1587 4999 et
1616 4942 1681 4998 in
1708 4940 1859 4999 vobis
1878 4940 2061 4998 Domi-

2154 3227 2276 3299 15)?
2294 3228 2423 3298 quia
2442 3231 2497 3280 et
2516 3224 2762 3279 Christus
2775 3222 2877 3278 Dei
2896 3224 3188 3295 templum:
3213 3225 3460 3280 Evertite
3476 3223 3762 3294 templum

2154 3317 2273 3381 hoc,
2298 3319 2354 3371 et
2374 3330 2467 3386 ego
2489 3312 2637 3369 illud
2665 3313 2730 3368 in
2761 3312 2953 3368 triduo
2973 3312 3316 3371 resuscitebo
3343 3313 3531 3382 (Joan.
3555 3327 3617 3378 ιι,
3644 3314 3763 3381 19).

2152 3407 2427 3476 Auferens
2455 3402 2707 3459 membra
2740 3400 2970 3472 Christi,
2993 3402 3207 3473 faciam
3225 3403 3477 3459 membra
3503 3402 3767 3472 fornica-

2152 3492 2297 3549 rice?
2324 3492 2454 3550 Non
2483 3493 2641 3548 scitis
2671 3491 2814 3563 quod
2842 3492 2938 3563 qui
2965 3492 3365 3563 agglutinetur
3403 3491 3765 3562 fornicariw,

2155 3599 2340 3641 unum
2369 3596 2563 3654 corpus
2589 3579 2882 3650 efﬁcitur?
2911 3583 3095 3636 Erunt
3123 3580 3278 3637 enim
3314 3579 3421 3638 duo
3468 3583 3532 3638 in
3574 3595 3766 3635 unam

2155 3689 2405 3731 carnem.
2435 3672 2539 3740 Qui
2566 3674 2761 3727 autem
2790 3670 3194 3741 agglutinetur
3220 3670 3479 3739 Domino,
3500 3685 3658 3725 unus
3678 3670 3767 3725 est

2157 3765 2417 3836 spiritus.
2469 3762 2667 3832 Fugite
2704 3760 3150 3831 fornicationem
3196 3760 3247 3832 (Ι
3276 3760 3397 3816 Cor.
3428 3774 3506 3825 v1,
3544 3758 3760 3826 15-18)’

2159 3853 2214 3909 Si
2265 3849 2620 3909 revocabilem
2668 3849 2840 3917 venia,
2895 3848 3167 3921 quomodo
3222 3848 3456 3921 fugiam,
3509 3848 3766 3903 machus

2156 3945 2337 3999 denuo
2388 3938 2645 3996 futurus?
2691 3938 2827 3995 nihil
2880 3939 3202 4009 proiecero,
3250 3938 3299 3993 si
3342 3953 3460 3995 eam
3517 3937 3768 4008 iugero;

2157 4047 2324 4089 unum
2355 4044 2450 4087 ero
2479 4044 2695 4102 corpus,
2744 4026 2830 4082 cui
2874 4026 3319 4084 communicando
3358 4025 3772 4101 agglutinabor.

2162 4124 2336 4181 Omne
2362 4121 2637 4177 delictum
2656 4118 2799 4193 quod
2820 4119 3115 4175 admiserit
3144 4117 3328 4184 homo,
3361 4122 3531 4173 extra
3558 4132 3773 4189 corpus

2162 4218 2273 4283 est;
2302 4214 2400 4287 qui
2427 4216 2623 4270 autem
2667 4209 3017 4281 fornicatur,
3048 4210 3113 4264 in
3141 4225 3342 4282 corpus
3369 4224 3540 4265 suum
3566 4209 3774 4280 peccat

2087 4284 2133 4362 Π
2165 4284 2328 4379 (Ibid:
2387 4308 2495 4375 18).
2551 4306 2633 4360 Ac
2686 4318 2754 4359 ne
2808 4303 2912 4359 hoc
2945 4302 3153 4359 dictum
3206 4303 3263 4358 in
3319 4301 3531 4358 licentia
3587 4299 3770 4357 forni-

2166 4395 2396 4452 cationis
2436 4393 2741 4461 invaderes,
2787 4401 2845 4447 ut
2893 4394 2945 4448 in
2992 4408 3109 4449 rem
3156 4401 3320 4460 tuam,
3363 4406 3473 4448 non
3519 4389 3765 4454 Domini,

2165 4484 2479 4553 delicturns,
2527 4481 2705 4538 aufert
2747 4490 2801 4538 te
2846 4481 2961 4548 tibi,
3011 4490 3066 4536 et
3112 4481 3350 4547 Christo,
3398 4479 3534 4535 sicut
3578 4479 3767 4549 dispo-

2167 4582 2370 4640 suerat,
2399 4571 2585 4640 adjicit
2615 4587 2629 4629 ε
2682 4573 2754 4628 Et
2798 4586 2913 4627 non
2959 4572 3096 4628 estis
3141 4570 3347 4637 vestri;
3377 4567 3559 4624 statim
3591 4582 3765 4638 appo-

2166 4679 2346 4720 nens:
2398 4662 2586 4733 Empti
2633 4661 2788 4717 enim
2835 4662 2967 4718 estis
2994 4660 3202 4732 pretio,
3248 4656 3769 4731 sanguine‘seilicet

2167 4752 2423 4820 Domini;
2472 4751 2786 4823 gloriﬁcate
2829 4754 2885 4805 et
2932 4749 3119 4805 tollite
3174 4750 3473 4806 Dominum
3518 4748 3585 4801 in
3632 4760 3763 4803 cor-

2164 4858 2301 4919 pore
2328 4846 2513 4899 vestro
2544 4840 2710 4913 (Ibid.
2743 4844 2835 4907 19,
2857 4842 2970 4909 20).
3000 4839 3115 4893 Hoc
3141 4837 3235 4909 qui
3263 4837 3526 4909 praecipit,
3549 4836 3676 4892 vide
3703 4848 3771 4889 an

2170 4933 2439 5010 ignoverit
2463 4933 2513 4989 ei
2536 4933 2627 5005 qui
2657 4928 2999 4987 dedecoravit
3025 4927 3342 4995 Dominum,
3364 4937 3417 4982 et
3436 4924 3532 4997 qui
3552 4921 3777 4997 ejecerit

1912 5063 2107 5128 Variae
2168 5064 2481 5129 lectiones.

546 5187 595 5229 ⁶⁷
624 5185 778 5245 Fidei
819 5184 1008 5245 Gelen.
1047 5182 1100 5224 ⁸⁸
1134 5181 1246 5239 Nec
1282 5179 1463 5239 Rhen.
1509 5172 1726 5235 Oberth.
1758 5173 1920 5246 Leop.

1872 5295 2379 5362 Commentarius.

536 5447 654 5520 (87)
691 5446 757 5520 Ut
771 5440 1174 5520 penitentiam
1217 5430 1547 5520 resistet}
1574 5421 2057 5520 41059939112329

468 5495 924 5576 reddend-mrsibi
960 5495 1235 5583 iunquam'
1268 5499 1527 5559 Ecclesiae
1586 5495 2058 5583 :uquales‘supra

464 5565 1046 5659 uiiii'ﬂzﬁnié'pac'a
1064 5565 1394 5650 illecrymas,
1423 5586 1557 5659 quae
1566 5565 1720 5659 pili
1731 5565 2059 5659 ampliusﬁb

466 5638 915 5716 is'ic'iésifé'iisu‘
934 5638 1240 5723 relatura};
1272 5638 1458 5722 quam'
1489 5638 1907 5717 publicationem
1953 5638 2059 5698 de-

2163 5418 2396 5476 decoris.
2428 5416 2556 5473 Ere.

2172 5562 2177 5563 ί
2234 5490 2350 5563 (88)
2382 5489 2571 5563 Alicui
2620 5485 2966 5563 humaniori
2987 5498 3102 5542 reo.
3133 5480 3271 5563 Qpia
3314 5480 3459 5554 quod
3505 5477 3764 5555 peccavit.

2167 5562 2220 5621 id
2246 5556 2507 5636 peccasse
2536 5557 2851 5617 humanitus
2879 5557 3144 5614 videatur.
3173 5556 3300 5614 me.
