4058 6172
264 412 403 474 1065

1549 406 1743 470 LIBER
1780 406 1865 468 DE
1903 404 2250 468 PUDICITIA.

3421 411 3559 469 1066

257 555 383 597 eum
429 540 498 594 de
533 553 759 608 corpore
805 553 925 605 suo,
977 547 1030 592 et
1076 537 1290 608 quidem
1341 551 1436 608 per
1473 535 1753 591 incestum.
1788 533 1842 588 Si
1878 547 1925 626 Α
1959 534 2289 604 Deo;nupti
2319 548 2444 588 vero
2469 532 2534 588 de
2563 532 2772 590 mundo
2803 532 3128 603 recogitent,
3149 535 3416 604 quomodo
3434 537 3558 606 pla-

254 625 340 682 vis
377 641 592 682 omnem
622 625 866 680 notitiam
911 624 1160 695 Apostoli
1208 624 1448 692 ebibere,
1481 634 1538 679 ut
1577 624 1846 696 intelligas

253 722 453 785 quanta
510 713 683 770 securi
739 729 978 769 censurae
1037 728 1250 769 omnem
1307 714 1497 770 silvam
1561 713 1844 768 libidinum

256 803 448 868 caedat,
497 809 550 858 et
579 801 835 870 eradicet,
881 810 933 857 et
979 802 1313 868 excaudicet,
1365 817 1431 857 ne
1451 802 1744 873 quidquam
1774 801 1844 854 de

256 890 493 947 recidivo
550 891 600 928 59
655 890 908 945 fruticare
979 891 1292 961 permittat,
1349 889 1530 961 aspice
1597 889 1754 944 illum
1817 907 1848 943 a

255 980 402 1049 justa
437 977 589 1053 fruge
633 988 863 1044 naturae,
893 996 924 1034 a
965 979 1293 1034 matrimonii
1345 979 1469 1034 dico
1512 993 1696 1049 pomo,
1727 976 1848 1031 ani-

255 1083 371 1122 mas
387 1067 630 1137 jejunare
644 1066 975 1136 cupientem:
996 1070 1072 1124 De
1092 1067 1290 1139 quibus
1311 1073 1500 1123 autem
1521 1067 1845 1138 scripsistis,

255 1157 461 1214 bonum
496 1160 579 1213 est
609 1157 827 1212 homini
869 1157 1168 1213 mulierem
1213 1175 1327 1214 non
1364 1157 1723 1227 contingere:
1756 1155 1850 1212 sed

251 1252 480 1318 propter
519 1246 960 1316 fornicationem
998 1247 1384 1318 unusquisque
1416 1261 1652 1300 uxorem
1689 1261 1851 1301 suam

258 1333 493 1401 habeat;
523 1335 611 1389 vir
646 1335 842 1398 uxori,
890 1338 945 1388 et
983 1347 1132 1390 uxor
1175 1335 1294 1391 viro
1349 1333 1599 1389 debitum
1656 1333 1852 1389 reddat

257 1422 311 1490 (ι
353 1423 477 1478 Cor.
507 1437 609 1490 vn,
647 1425 668 1475 1
703 1421 908 1492 seqq.).
943 1420 1114 1491 Hujus
1144 1421 1269 1476 boni
1304 1419 1519 1476 ﬁbulam
1547 1421 1672 1492 quis
1699 1421 1848 1476 illum

257 1507 459 1562 nesciat
504 1507 731 1565 invitum
777 1509 1084 1574 relaxasse,
1135 1517 1194 1564 ut
1248 1508 1591 1564 fornicationi
1639 1509 1851 1564 obviam

257 1595 408 1664 isset,
457 1612 622 1668 quam
677 1596 722 1651 si
779 1597 867 1654 cui
922 1597 1146 1653 indulsit
1209 1597 1294 1654 vel
1355 1597 1611 1670 indulget,
1666 1596 1851 1669 utique

257 1684 548 1742 consilium
605 1685 830 1744 remedii
886 1687 968 1741 sui
1021 1686 1262 1758 infregit,
1319 1693 1375 1742 et
1428 1686 1695 1742 tenebitur
1737 1690 1850 1757 jam

257 1773 536 1830 frenandis
577 1773 917 1830 continentiae
963 1774 1258 1847 conjugiis,
1308 1777 1353 1830 si
1411 1773 1724 1843 fornicatio,
1785 1776 1854 1830 ob

1958 629 2121 679 ceant
2143 623 2400 693 confugio
2431 623 2480 690 (I
2508 623 2630 678 Cor.
2662 637 2762 690 vn,
2796 622 3009 692 32-34).
3045 621 3135 677 Sic
3164 622 3351 677 melius
3382 623 3560 678 facere

1956 711 2269 782 pronuntiat
2314 709 2540 782 virginis
2587 719 3045 775 conservatorem,
3094 728 3252 782 quam
3301 721 3559 782 erogato-

1957 815 2071 855 rem
2119 800 2278 868 (Ibid.
2335 799 2426 868 40)
2471 817 2482 854 :
2540 799 2618 855 sic
2661 809 2710 854 et
2757 799 2899 854 illam
2965 801 3257 856 beatiorem
3315 801 3555 856 decernit

1958 905 2102 960 quas,
2160 889 2358 943 amisso
2397 890 2549 954 viro,
2606 888 2764 944 ﬁdem
2825 889 3068 961 ingressa
3119 889 3254 958 (89),
3300 891 3557 945 amaverit

1955 979 2294 1034 occasionem
2341 977 2650 1047 viduitatis;
2681 979 2762 1032 sic
2792 977 2835 1014 Ἷ¹
2886 979 3001 1033 haec
3050 979 3232 1033 omnia
3274 980 3554 1035 continen-

1959 1065 2044 1120 tiae
2100 1066 2324 1122 consilia
2379 1077 2438 1121 ut
2483 1066 2666 1121 divina
2720 1067 3089 1121 commendat:
3130 1069 3294 1138 Puto,
3354 1066 3550 1137 inquit,

1959 1157 2015 1207 et
2063 1169 2154 1223 ego
2200 1153 2468 1224 spiritum
2525 1154 2619 1209 Dei
2659 1153 2824 1210 habeo
2870 1153 3094 1221 (Ibid.).
3141 1153 3277 1220 Quis
3325 1154 3425 1210 iste
3472 1161 3558 1208 est

1958 1247 2190 1295 assertor
2226 1239 2613 1296 audacissimus
2660 1241 2840 1294 omnis
2889 1242 3254 1312 impudicitiae,
3309 1246 3554 1300 moecho-

1960 1345 2082 1384 rum
2107 1337 2159 1384 et
2195 1328 2575 1385 fornicatorum
2607 1337 2659 1384 et
2705 1329 3033 1384 incestorum
3081 1331 3237 1400 plane
3285 1331 3550 1388 ﬁdelissi-

1961 1433 2080 1473 mus
2122 1419 2430 1484 advocatus,
2483 1418 2678 1490 quibus
2735 1419 3065 1474 honorandis
3121 1420 3358 1492 suscepit
3414 1423 3554 1478 hanc

1959 1521 2175 1562 causam
2241 1508 2502 1562 adversus
2572 1505 2829 1576 Spiritum
2895 1518 3184 1574 sanctum,
3247 1515 3305 1562 ut
3362 1509 3555 1564 falsum

1958 1593 2317 1650 testimonium
2365 1596 2550 1650 recitet
2598 1596 2666 1650 de
2714 1594 2976 1666 Apostolo
3029 1597 3146 1665 ejus
3176 1597 3202 1651 ‘P
3257 1597 3402 1652 Nihil
3450 1599 3554 1654 tale

1959 1681 2156 1738 Paulus
2183 1682 2428 1748 indulsit,
2477 1683 2570 1752 qui
2618 1690 2816 1737 tantam
2848 1685 3023 1739 carnis
3053 1685 3434 1742 necessitatem
3491 1687 3558 1742 de

1965 1771 2151 1842 probis
2195 1771 2357 1828 etiam
2414 1770 2578 1826 titulis
2630 1771 2942 1826 oblitterare
2995 1781 3258 1828 conatur.
3317 1775 3562 1847 Indulget

258 1823 533 1830 ---η-μ--
583 1823 915 1830 --ηψπ---π
967 1823 1062 1830 ν---
1096 1823 1124 1829 -
1170 1823 1258 1844 ---,
1309 1823 1353 1830 --
1411 1823 1724 1843 --.--_-_._-,
1790 1823 1850 1830 -_
1967 1823 2146 1842 πη--
2200 1823 2357 1828 ---_--_
3003 1823 3257 1828 "rm---
3318 1823 3466 1830 _-___-
3512 1823 3560 1831 ν-

257 1875 424 1931 quam
487 1862 910 1930 permittuntur,
978 1823 1085 1917 noxi
1130 1823 1423 1917 l3timcbitur
1463 1879 1478 1931 ;
1545 1877 1652 1918 non
1711 1863 1855 1919 enim
1891 1823 1936 1901 Β
1966 1875 2096 1916 sane
2146 1876 2256 1916 non
2297 1859 2578 1924 adulteria,
2621 1859 2715 1914 sed
2765 1859 3013 1929 nuptias:
3065 1860 3236 1929 parcit
3281 1877 3410 1919 sane
3453 1823 3560 1917 ma-

265 1945 505 2003 Ιθιὲ
536 1948 812 2004 timebitur
855 1963 977 2020 quae
1021 1949 1352 2020 ignoscetur.
1387 1950 1449 2006 Et
1479 1957 1656 2006 tamen
1687 1953 1854 2022 igno-

262 2033 407 2090 visse
472 2051 530 2090 se
578 2035 860 2105 proﬁtetur
905 2037 1229 2094 matrimonii
1287 2053 1481 2104 usum,
1531 2053 1639 2094 non
1679 2039 1858 2110 impe-

262 2137 445 2179 rasse:
495 2123 611 2180 vult
665 2125 809 2180 enim
852 2140 1042 2182 omnes
1087 2127 1192 2182 sibi
1242 2127 1518 2183 adhaerere
1567 2129 1731 2200 (Ibid.
1781 2130 1858 2201 7).

262 2210 320 2266 Si
365 2218 548 2265 autem
595 2210 742 2266 licita
788 2213 1167 2285 ignoscuntur,
1225 2215 1407 2272 illicita
1452 2215 1544 2288 qui
1592 2219 1860 2288 sperant?

266 2307 510 2378 Innuptis
536 2323 750 2382 quoque
779 2316 831 2364 et
876 2311 1056 2366 viduis
1110 2313 1311 2368 bonum
1363 2328 1484 2368 esse
1521 2312 1646 2370 dicit
1675 2329 1860 2371 exem-

267 2396 358 2469 plo
411 2398 530 2468 ejus
578 2413 957 2467 perseverare;
1003 2399 1046 2454 si
1095 2415 1224 2456 vero
1273 2399 1580 2466 deﬁcerent,
1629 2402 1860 2471 nubere,

265 2486 397 2559 quia
421 2491 630 2560 prwest
673 2487 726 2526 ⁷ο
771 2488 978 2545 nubere
1005 2504 1175 2560 quam
1215 2491 1311 2544 uri
1338 2488 1496 2561 (Ibid.
1526 2493 1578 2556 8,
1614 2492 1690 2561 9).
1723 2491 1861 2560 Qui-

265 2575 370 2632 bus
414 2591 510 2632 ore
553 2576 772 2648 ignibus
813 2577 1049 2633 deterius
1079 2586 1162 2633 est
1191 2577 1276 2634 uri
1307 2577 1336 2632 ?
1382 2581 1858 2650 concupiscentia},

267 2679 339 2719 an
366 2666 586 2734 paenae?
617 2665 843 2736 Atquin,
874 2665 923 2721 si
970 2665 1255 2723 fornicatio
1296 2667 1454 2723 habet
1484 2669 1720 2738 veniam,
1755 2687 1862 2728 non

261 2751 380 2809 urit
433 2753 872 2820 concupiscentia
918 2755 1086 2824 ejus:
1149 2757 1397 2828 Apostoli
1458 2765 1632 2813 autem
1690 2759 1863 2832 magis

269 2848 357 2900 est
411 2858 583 2914 poenae
643 2841 860 2916 ignibus
915 2843 1224 2916 providere.
1255 2842 1416 2912 Quod
1463 2845 1508 2899 si
1566 2862 1726 2917 poena
1783 2855 1864 2903 est

270 2945 394 3003 quae
421 2931 547 3002 urit,
579 2945 713 3003 ergo
749 2931 962 2988 veniam
1008 2948 1119 2990 non
1150 2932 1311 2988 habet
1359 2930 1664 3000 fornicatio,
1703 2951 1862 3008 quam

267 3026 450 3076 manet
491 3034 674 3091 poena.
717 3021 928 3076 Interea
967 3030 1020 3077 et
1067 3020 1361 3077 divortium
1405 3021 1722 3094 prohibens,
1764 3040 1862 3095 pro

1971 1948 2258 2018 trimoniis,
2304 1963 2413 2004 non
2459 1948 2700 2019 stupris:
2745 1956 2910 2005 tentat
2957 1963 3027 2004 ne
3093 1959 3294 2005 naturae
3341 1951 3561 2022 quidem

1967 2039 2273 2112 ignoscere,
2304 2053 2373 2093 ne
2402 2038 2575 2108 culpae
2607 2037 2944 2110 blandiatur;
2991 2040 3171 2094 studet
3215 2053 3562 2107 compescere

1970 2125 2362 2182 benedictionis
2413 2125 2778 2190 concubitum,
2828 2141 2897 2181 ne
2953 2125 3345 2182 maledictionis
3402 2141 3564 2182 excu-

1969 2222 2136 2271 setur.
2186 2215 2299 2270 Hoc
2346 2213 2397 2269 ei
2449 2221 2769 2285 supererat,
2819 2229 3034 2269 carnem
3090 2215 3172 2270 vel
3227 2229 3258 2268 a
3311 2215 3566 2272 sordibus

1970 2318 2255 2376 purgare;
2315 2319 2347 2357 a
2401 2302 2622 2356 maculis
2687 2304 2830 2358 enim
2899 2317 3006 2358 non
3069 2310 3260 2375 potest.
3323 2303 3430 2360 Sed
3486 2311 3568 2360 est

1970 2394 2073 2448 hoc
2117 2391 2360 2448 solemne
2397 2390 2666 2462 perversis
2713 2399 2766 2446 et
2814 2390 2995 2448 idiotis
3023 2401 3075 2447 et
3124 2392 3406 2464 haereticis,
3452 2393 3564 2463 jam

1968 2488 2027 2536 et
2071 2478 2347 2550 Psychicis
2393 2478 2682 2545 universis,
2749 2477 2982 2551 alicujus
3027 2481 3244 2551 capituli
3314 2481 3566 2554 ancipitis

1969 2567 2275 2638 occasione,
2324 2567 2581 2623 adversus
2633 2565 2861 2624 I013
2917 2569 3215 2625 exercitum
3269 2571 3570 2629 sententia-

1970 2675 2090 2715 rum
2119 2656 2462 2714 instrumenti
2489 2656 2653 2712 totius
2680 2656 2896 2712 armari.

2552 2787 2781 2844 CAPUT
2820 2788 2992 2846 XVII.

2043 2921 2279 2980 Provoca
2321 2919 2389 2975 ad
2417 2919 2770 2991 apostolicam
2814 2920 2986 2979 aciem
3019 2938 3036 2991 ;
3085 2921 3268 2995 aspice
3295 2923 3572 2995 Epistolas

1970 3009 2128 3079 ejus;
2173 3023 2363 3081 omnes
2407 3024 2505 3078 pro
2549 3007 2826 3080 pudicitia,
2870 3025 2968 3082 pro
2998 3011 3264 3084 castitate,
3308 3029 3406 3083 pro
3448 3029 3574 3070 sano

268 3123 339 3165 eo
394 3118 486 3164 aut
529 3107 801 3165 viduitatis
845 3109 1294 3179 perseverantiam
1331 3151 1346 3179 ,
1403 3119 1497 3166 aut
1553 3115 1865 3170 reconcilia-
1899 3100 1943 3179 θ
1973 3097 2154 3156 ctitate
2183 3096 2542 3167 praetendunt,
2580 3110 2768 3152 omnes
2814 3096 2870 3152 in
2912 3097 3139 3153 luxuriae
3171 3107 3225 3154 et
3251 3100 3491 3157 lasciviae
3519 3108 3576 3156 et

266 3197 473 3256 tionem
503 3197 650 3268 pacis
677 3196 960 3254 Dominico
990 3206 1260 3270 praecepto
1290 3199 1548 3256 adversus
1577 3203 1864 3260 mceehiam

266 3293 541 3359 procurat,
573 3286 701 3358 quia
727 3288 827 3359 qui
863 3288 1149 3345 dimiserit
1190 3305 1429 3347 uxorem
1471 3295 1682 3362 praeter
1725 3309 1869 3351 cau-

278 3396 406 3437 sam
435 3376 708 3443 maechiae,
739 3379 883 3448 facit
903 3393 1029 3433 eam
1048 3379 1357 3446 mazchari;
1386 3380 1442 3436 et
1461 3380 1560 3452 qui
1581 3379 1874 3441 dimissam

266 3487 307 3526 a
337 3469 462 3527 viro
491 3467 670 3537 ducit,
701 3467 1018 3524 moechatur
1047 3467 1268 3538 (Matth.
1303 3483 1361 3537 v,
1402 3471 1510 3539 32).
1537 3469 1750 3539 Quanta
1778 3491 1872 3531 re-

265 3556 460 3615 media
513 3555 745 3628 Spiritus
815 3563 1032 3614 sanctus
1097 3556 1392 3624 instaurat,
1442 3573 1513 3614 ne
1570 3559 1620 3612 id
1671 3563 1878 3621 scilicet

267 3648 454 3703 denuo
515 3645 844 3710 admittatur,
894 3645 1040 3716 quod
1089 3646 1298 3717 ignosci
1345 3647 1524 3703 denuo
1573 3664 1680 3704 non
1718 3653 1869 3711 vult!

267 3735 387 3790 Jam
421 3733 465 3790 si
495 3748 878 3805 usquequaque
909 3733 1190 3805 optimum
1217 3733 1346 3790 dicit
1375 3736 1590 3794 homini
1616 3739 1694 3794 sic
1715 3755 1832 3797 esse
1857 3763 1873 3797 :

275 3824 520 3880 Iunctus
533 3838 590 3880 es
604 3822 793 3886 uxori,
806 3839 878 3878 ne
889 3823 1178 3893 quaesieris
1197 3825 1551 3889 solutionem,
1567 3833 1623 3880 ut
1634 3829 1876 3886 mcechiae

275 3910 454 3965 locum
483 3923 592 3965 non
631 3907 748 3964 des.
781 3907 1008 3965 Solutus
1037 3925 1092 3965 es
1129 3908 1196 3964 ab
1243 3925 1441 3975 uxore,
1483 3929 1556 3968 ne
1584 3917 1877 3983 quaesieris

272 4012 542 4068 uxorem,
582 4002 644 4054 ut
687 3998 1142 4068 Opportunitatem
1194 3997 1289 4052 tibi
1328 4013 1530 4056 serves.
1566 4001 1717 4069 Quod
1745 4009 1800 4061 et
1829 4006 1879 4062 si

271 4083 514 4142 duxeris
524 4085 907 4150 uxorem,etsi
917 4085 1179 4159 nupserit
1189 4087 1485 4157 virgo,non
1493 4094 1690 4158 peccat
1701 4109 1720 4157 ;
1730 4107 1858 4164 pres

275 4190 481 4232 suram
502 4177 695 4232 tamen
716 4176 905 4230 carnis
921 4173 1204 4231 habebunt
1219 4173 1541 4246 hujusmodi
1558 4175 1616 4245 (Ι
1642 4178 1764 4235 Cor.
1778 4194 1878 4247 vn,

274 4264 500 4333 26-28).
530 4263 596 4318 Et
625 4261 712 4319 hic
751 4262 1029 4335 parcendo
1081 4261 1361 4334 permittit.
1411 4261 1689 4330 Caeterum,
1737 4273 1879 4322 tem-

275 4368 386 4424 pus
415 4351 472 4406 in
499 4349 726 4408 collecto
755 4351 1146 4456 constituit,’ut
1175 4358 1228 4407 et
1247 4353 1351 4456 qui
1392 4351 1604 4456 habent
1650 4371 1877 4431 uxores,
1916 4377 1961 4456 υ

275 4443 361 4498 sic
391 4441 513 4498 sint
533 4445 808 4514 tanquam
835 4458 950 4499 non
981 4439 1244 4498 habentes
1263 4440 1423 4512 (Ibid.
1458 4441 1573 4512 29);
1611 4449 1880 4516 praeterit

279 4532 441 4587 enim
470 4529 694 4587 habitus
721 4530 889 4602 hujus
929 4529 1134 4586 mundi
1164 4529 1324 4598 (Ibid.
1357 4531 1471 4600 31),
1517 4531 1631 4600 jam
1673 4534 1880 4592 scilicet

280 4635 392 4677 non
422 4619 816 4676 desiderantis:
865 4620 1104 4677 Crescite
1129 4623 1182 4677 et
1209 4619 1686 4692 multiplicamini
1716 4623 1874 4694 (Gen.

279 4725 324 4782 ι,
357 4712 470 4778 28).
515 4708 604 4766 Sic
632 4710 748 4767 vult
791 4724 891 4767 nos
934 4713 1149 4783 praeter
1193 4709 1636 4768 sollicitudinem
1667 4713 1877 4787 degere,

279 4799 427 4872 quia
456 4800 688 4872 innupti
719 4799 786 4858 de
806 4801 1038 4859 Domino
1064 4805 1284 4867 curent,
1316 4802 1581 4874 quomodo
1613 4803 1882 4877 placeant

1972 3185 2210 3241 libidinis
2235 3185 2459 3257 negotia
2486 3184 2814 3253 jaculantur.
2848 3183 2989 3252 Quid
3017 3187 3249 3260 denique
3271 3198 3322 3245 et
3352 3190 3576 3246 Thessa-

1979 3274 2346 3334 lonicensibus
2367 3272 2604 3329 scribit?
2633 3273 2930 3333 Advocatio
2959 3278 3113 3332 enim
3141 3281 3343 3333 nostra
3360 3294 3475 3336 non
3505 3293 3577 3335 ea:

1978 3365 2323 3429 seductione,
2354 3377 2456 3419 nec
2487 3378 2559 3419 ex
2587 3362 2957 3418 immunditia
2980 3361 3034 3432 (Ι
3066 3363 3242 3420 Thess.
3275 3379 3338 3430 ιι,
3368 3365 3423 3435 3)
3447 3383 3461 3433 ;
3481 3372 3572 3422 et:

1980 3457 2106 3510 Haec
2135 3456 2216 3510 est
2236 3453 2500 3509 voluntas
2528 3453 2646 3518 Dei,
2668 3453 3049 3508 sanctimonia
3065 3457 3274 3521 vestra,
3296 3453 3580 3510 abstinere

1980 3559 2072 3599 vos
2099 3558 2135 3596 a
2163 3541 2562 3612 fornicatione,
2604 3541 2748 3597 scire
2785 3556 3250 3614 unumquemque
3284 3557 3382 3596 vas
3408 3557 3581 3597 suum

1979 3631 2260 3706 possidere
2288 3633 2352 3686 in
2377 3631 2759 3686 sanctimonia
2785 3634 2842 3686 et
2869 3631 3096 3702 honore,
3128 3633 3326 3689 nonin
3349 3631 3582 3688 libidine

1983 3721 2465 3793 concupiscentiae,
2489 3721 2638 3777 sicut
2665 3721 2924 3778 nationes
2953 3737 3077 3795 qua:
3105 3723 3284 3776 Deum
3313 3723 3584 3794 ignorant

1975 3812 2035 3884 ~(I
2090 3811 2270 3868 Thess.
2312 3825 2394 3876 1v,
2453 3811 2594 3879 3-5).
2643 3807 2785 3876 Quid
2845 3808 3052 3864 Galatae
3107 3809 3347 3883 legunt?
3399 3809 3582 3865 Mani-

1983 3904 2132 3971 festa
2186 3902 2323 3956 sunt
2384 3914 2553 3970 opera
2606 3898 2820 3954 carnis.
2869 3898 3128 3966 Quasnam
3169 3897 3319 3952 ista?
3362 3897 3424 3952 In
3466 3897 3583 3970 pri-

1983 3989 2088 4043 mis
2114 3987 2292 4058 posuit
2318 3987 2762 4058 fornicationem
2807 3987 2942 4057 (90),
2996 3987 3449 4055 immunditiam,
3500 3987 3586 4042 la-

1985 4078 2238 4140 sciviam,
2272 4092 2394 4147 qua:
2421 4076 2664 4147 praedico
2684 4075 2831 4132 vobis
2855 4077 3005 4131 sicut
3031 4075 3294 4147 praedixi,
3330 4074 3471 4148 quod
3490 4074 3587 4146 qui

1990 4166 2130 4222 talia
2159 4169 2361 4235 agunt,
2401 4181 2640 4235 regnum
2665 4165 2763 4221 Dei
2789 4179 2904 4219 non
2932 4167 3074 4219 sunt
3095 4164 3451 4220 consecuturi
3479 4161 3588 4217 ha:h

1986 4254 2226 4311 reditate
2257 4251 2470 4322 (Galat.
2492 4269 2552 4318 v,
2582 4250 2694 4323 19).
2725 4250 2958 4307 Romani
2985 4266 3112 4308 vero
3141 4251 3271 4321 quid
3300 4249 3471 4322 magis
3499 4248 3586 4304 di-

1990 4346 2166 4408 scunt,
2190 4355 2349 4412 quam
2370 4354 2478 4394 non
2509 4337 2891 4408 derelinquere
2907 4337 3196 4393 Dominum
3230 4345 3354 4408 post
3381 4334 3540 4392 ﬁdem
3559 4334 3588 4390 ?

1995 4432 2139 4501 Quid
2154 4444 2282 4500 ergo
2301 4428 2553 4484 dicemus
2575 4425 2603 4479 ?
2619 4424 3094 4498 perseverabimus
3113 4423 3162 4461 73
3184 4427 3250 4479 in
3264 4422 3589 4495 delinquen-

1991 4523 2094 4587 tia,
2114 4525 2184 4576 ut
2201 4521 2432 4593 superet
2448 4515 2638 4588 gratia
2656 4515 2683 4569 .9
2702 4514 2892 4571 Absit!
2916 4513 3024 4582 Qui
3045 4512 3263 4570 mortui
3282 4527 3479 4569 sumus
3497 4511 3591 4569 de-

1992 4609 2356 4683 linquentiw,
2413 4604 2684 4680 quomodo
2740 4605 2984 4661 vivemus
3037 4603 3104 4657 in
3130 4617 3196 4658 ea
3243 4599 3476 4656 adhuc?
3503 4601 3590 4656 An

1987 4700 2285 4775 ignoratis,
2330 4697 2475 4770 quod
2502 4698 2598 4769 qui
2632 4695 2802 4752 tincti
2838 4707 3036 4748 sumus
3082 4691 3147 4744 in
3189 4688 3407 4746 Christo
3438 4689 3590 4760 Iesu,

1985 4804 2051 4858 in
2077 4793 2319 4853 mortem
2341 4788 2460 4858 ejus
2495 4801 2690 4842 sumus
2720 4783 2889 4841 tincti
2910 4782 2940 4837 ?
2974 4779 3304 4852 Consepulti
3333 4793 3460 4850 ergo
3500 4777 3594 4834 illi

1657 4931 1844 4995 Variae
1902 4936 2221 4995 lectiones.

1659 4938 1790 4995 Vari
2032 4938 2221 4995 iones.

361 5029 414 5071 ⁸9
443 5029 687 5090 Reciduo
732 5032 954 5093 Oberth.
1006 5035 1176 5096 Seml.
1209 5035 1261 5076 ’³ο
1287 5036 1512 5094 Praastat
1541 5039 1664 5094 Lat.
1696 5039 1742 5078 71
1765 4955 1844 5096 siin
1858 4938 2084 5100 0(1)::tth.
2114 5033 2284 5094 Seml.
2315 5028 2365 5068 “¹²
2399 5023 2737 5084 Perferemus
2773 5017 2958 5078 Gelen.

1678 5137 2178 5205 Commentarius.

325 5335 337 5346 ο
369 5263 482 5336 (89)
513 5264 706 5346 Fidem
762 5268 1047 5346 ingressa.
1073 5268 1457 5346 _Montaniza_t_
1501 5269 1890 5346 Tertullianus,

290 5337 376 5414 sic
420 5337 719 5414 reprobatis
771 5337 1156 5414 nuptias_ejus
1194 5356 1315 5409 quas
1371 5341 1530 5398 vidua
1590 5353 1711 5414 post
1767 5337 1898 5401 ﬁdei

293 5409 607 5478 ingressum
655 5410 795 5465 facta
840 5409 962 5466 est.
1007 5409 1161 5465 Hunc
1207 5427 1328 5467 esse
1375 5409 1602 5468 sensum'
1647 5414 1900 5473 Auctoris

294 5485 452 5606 pit?
478 5477 628 5534 libris
659 5480 724 5538 de
753 5481 990 5541 Exhort.
1029 5485 1175 5540 Cast.
1210 5490 1263 5539 et
1305 5483 1370 5540 de
1406 5486 1613 5557 MonOg.
1662 5487 1801 5542 Enn.
1835 5502 1900 5544 ex

340 5563 445 5606 ΑΜ.

343 5621 492 5704 ⁸(90)
515 5622 598 5704 In”
603 5624 832 5704 primis,
839 5628 1030 5698 posuit
1058 5627 1518 5704 fornicationem.
1564 5627 1902 5704 Fornieatio-

302 5697 390 5750 nis
428 5697 748 5766 gravitatem
781 5697 868 5754 hic
912 5697 1184 5772 expendit,
1241 5699 1648 5776 maximumque
1701 5701 1906 5760 dictum

462 5807 707 5868 ΡΑτιιοι..
751 5824 814 5870 II.

2002 5269 2193 5343 probat
2220 5281 2285 5322 ex
2315 5256 2601 5344 Apostplo.
2646 5256 2767 5325 Quo
2814 5249 3076 5344 nimirum
3100 5246 3598 5344 otestimon‘io‘eo‘n:

2003 5321 2289 5400 {lincuntur
2335 5321 2386 5390 ii
2416 5332 2510 5404 qui
2549 5321 2735 5384 eam'a
2766 5333 2983 5404 peccato
3028 5321 3290 5404 enimunt,
3322 5329 3381 5374 ut
3409 5321 3600 5400 morbo

2008 5391 2345 5470 éiViiioéuo
2375 5391 2779 5473 obsequantur.-
2799 5395 2903 5473 Qui
2921 5395 3126 5473 quavis
3155 5395 3281 5473 data
3310 5391 3599 5473 occasione

2008 5460 2394 5555 illu‘dvprebare
2433 5460 2676 5537 conatur,
2724 5460 3602 5555 multiplici'et‘2veptosa‘verzbq:

2171 5538 2510 5614 ‘circuitione,
2552 5558 2725 5614 neque
2769 5538 2985 5614 tantum
3025 5538 3168 5614 Ιειῇοίν
3216 5547 3401 5614 Elim,“
3441 5538 3603 5614 Ellam

2016 5604 2904 5697 "(admissasuperandam.
2941 5606 3222 5663 Neminem
3255 5604 3340 5660 hic
3365 5604 3604 5660 indicare

2013 5686 2168 5771 jubet
2194 5686 2472 5750 modestia.
2501 5689 2580 5744 Ls
2605 5686 2704 5740 Pa.

3397 5792 3469 5847 34
