  <div class='ocr_page' id='page_1' title='image "/cluster/home/n/w/nwhite01/storage/ocr_20150623/2/hvd.32044096580329/539.png"; bbox 0 0 4062 6178; ppageno 0'>
   <div class='ocr_carea' id='block_1_1' title="bbox 503 370 2095 444">
    <p class='ocr_par' dir='ltr' id='par_1_1' title="bbox 503 371 2095 439">
     <span class='ocr_line' id='line_1_1' title="bbox 503 371 2095 439; baseline -0.004 -1"><span class='ocrx_word' id='word_1_1' title='bbox 503 379 634 439; x_wconf 78' lang='grc'><em>1067</em></span> <span class='ocrx_word' id='word_1_2' title='bbox 1191 372 1630 435; x_wconf 79' lang='lat' dir='ltr'><em>TERTULLIANI</em></span> <span class='ocrx_word' id='word_1_3' title='bbox 1688 372 1953 434; x_wconf 80' lang='lat' dir='ltr'><em>OPERUM</em></span> <span class='ocrx_word' id='word_1_4' title='bbox 2006 371 2095 432; x_wconf 56' lang='grc' dir='ltr'>ΡΑ</span> 
     </span>
    </p>
   </div>
   <div class='ocr_carea' id='block_1_2' title="bbox 2204 370 3793 444">
    <p class='ocr_par' dir='ltr' id='par_1_2' title="bbox 2228 370 3793 444">
     <span class='ocr_line' id='line_1_2' title="bbox 2228 370 3793 444; baseline 0.003 -13"><span class='ocrx_word' id='word_1_5' title='bbox 2228 370 2300 431; x_wconf 89' lang='lat' dir='ltr'><em>Il.</em></span> <span class='ocrx_word' id='word_1_6' title='bbox 2336 402 2407 414; x_wconf 91' lang='lat'><strong><em>—</em></strong></span> <span class='ocrx_word' id='word_1_7' title='bbox 2437 370 2665 432; x_wconf 80' lang='lat' dir='ltr'><em>SERlES</em></span> <span class='ocrx_word' id='word_1_8' title='bbox 2696 370 2760 444; x_wconf 91' lang='lat' dir='ltr'><em>II,</em></span> <span class='ocrx_word' id='word_1_9' title='bbox 2791 370 3114 431; x_wconf 79' lang='lat' dir='ltr'><em>MORALIA.</em></span> <span class='ocrx_word' id='word_1_10' title='bbox 3660 375 3793 435; x_wconf 74' lang='lat'><em>1068</em></span> 
     </span>
    </p>
   </div>
   <div class='ocr_carea' id='block_1_3' title="bbox 492 497 3793 594">
    <p class='ocr_par' dir='ltr' id='par_1_3' title="bbox 492 497 3793 594">
     <span class='ocr_line' id='line_1_3' title="bbox 492 497 3793 594; baseline -0.001 -34"><span class='ocrx_word' id='word_1_11' title='bbox 492 519 687 561; x_wconf 88' lang='lat' dir='ltr'><em>sumus</em></span> <span class='ocrx_word' id='word_1_12' title='bbox 706 517 807 577; x_wconf 84' lang='lat' dir='ltr'><em>per</em></span> <span class='ocrx_word' id='word_1_13' title='bbox 827 501 1169 575; x_wconf 83' lang='lat' dir='ltr'><em>baptismum</em></span> <span class='ocrx_word' id='word_1_14' title='bbox 1189 503 1252 558; x_wconf 90' lang='lat' dir='ltr'><em>in</em></span> <span class='ocrx_word' id='word_1_15' title='bbox 1272 507 1517 561; x_wconf 88' lang='lat' dir='ltr'><em>mortem</em></span> <span class='ocrx_word' id='word_1_16' title='bbox 1531 522 1547 557; x_wconf 86' lang='lat'><strong><em>:</em></strong></span> <span class='ocrx_word' id='word_1_17' title='bbox 1569 504 1636 557; x_wconf 89' lang='lat' dir='ltr'><em>ut</em></span> <span class='ocrx_word' id='word_1_18' title='bbox 1657 501 1804 557; x_wconf 80' lang='lat' dir='ltr'><em>sicut</em></span> <span class='ocrx_word' id='word_1_19' title='bbox 1828 500 2086 558; x_wconf 75' lang='lat' dir='ltr'><em>Christus</em></span> <span class='ocrx_word' id='word_1_20' title='bbox 2122 514 2167 594; x_wconf 64' lang='grc' dir='ltr'><strong>Α</strong></span> <span class='ocrx_word' id='word_1_21' title='bbox 2199 500 2548 568; x_wconf 89' lang='lat' dir='ltr'><em>Christianos,</em></span> <span class='ocrx_word' id='word_1_22' title='bbox 2588 514 2654 555; x_wconf 91' lang='lat' dir='ltr'><em>eo</em></span> <span class='ocrx_word' id='word_1_23' title='bbox 2682 498 2825 570; x_wconf 90' lang='lat' dir='ltr'><em>quod</em></span> <span class='ocrx_word' id='word_1_24' title='bbox 2856 515 2916 554; x_wconf 88' lang='lat' dir='ltr'><em>se</em></span> <span class='ocrx_word' id='word_1_25' title='bbox 2965 497 3311 554; x_wconf 88' lang='lat' dir='ltr'><em>tradidissent</em></span> <span class='ocrx_word' id='word_1_26' title='bbox 3340 497 3395 553; x_wconf 88' lang='lat' dir='ltr'><em>in</em></span> <span class='ocrx_word' id='word_1_27' title='bbox 3425 507 3793 571; x_wconf 81' lang='lat' dir='ltr'><em>operationem</em></span> 
     </span>
    </p>
   </div>
   <div class='ocr_carea' id='block_1_4' title="bbox 494 586 3796 660">
    <p class='ocr_par' dir='ltr' id='par_1_4' title="bbox 494 586 3796 660">
     <span class='ocr_line' id='line_1_4' title="bbox 494 586 3796 660; baseline -0.001 -11"><span class='ocrx_word' id='word_1_28' title='bbox 494 592 1325 660; x_wconf 76' lang='lat' dir='ltr'><em>resurrexitamortuis,itaet</em></span> <span class='ocrx_word' id='word_1_29' title='bbox 1346 608 1447 649; x_wconf 89' lang='lat' dir='ltr'><em>nos</em></span> <span class='ocrx_word' id='word_1_30' title='bbox 1460 592 1523 648; x_wconf 89' lang='lat' dir='ltr'><em>in</em></span> <span class='ocrx_word' id='word_1_31' title='bbox 1536 590 2086 650; x_wconf 70' lang='lat' dir='ltr'><em>novitatevitwince—</em></span> <span class='ocrx_word' id='word_1_32' title='bbox 2122 586 2167 594; x_wconf 87' lang='grc'><em>”</em></span> <span class='ocrx_word' id='word_1_33' title='bbox 2203 588 2554 645; x_wconf 82' lang='lat' dir='ltr'><em>immunditiae</em></span> <span class='ocrx_word' id='word_1_34' title='bbox 2583 588 2794 645; x_wconf 88' lang='lat' dir='ltr'><em>omnis:</em></span> <span class='ocrx_word' id='word_1_35' title='bbox 2836 588 2929 647; x_wconf 86' lang='lat' dir='ltr'><em>Vos</em></span> <span class='ocrx_word' id='word_1_36' title='bbox 2968 592 3183 657; x_wconf 88' lang='lat' dir='ltr'><em>autem,</em></span> <span class='ocrx_word' id='word_1_37' title='bbox 3217 586 3413 659; x_wconf 78' lang='lat' dir='ltr'><em>inquit,</em></span> <span class='ocrx_word' id='word_1_38' title='bbox 3462 606 3578 647; x_wconf 85' lang='lat' dir='ltr'><em>non</em></span> <span class='ocrx_word' id='word_1_39' title='bbox 3602 594 3684 647; x_wconf 88' lang='lat' dir='ltr'><em>sic</em></span> <span class='ocrx_word' id='word_1_40' title='bbox 3714 593 3796 649; x_wconf 85' lang='lat' dir='ltr'><em>di—</em></span> 
     </span>
    </p>
   </div>
   <div class='ocr_carea' id='block_1_5' title="bbox 492 676 3797 753">
    <p class='ocr_par' dir='ltr' id='par_1_5' title="bbox 492 676 3797 753">
     <span class='ocr_line' id='line_1_5' title="bbox 492 676 3797 753; baseline -0.001 -14"><span class='ocrx_word' id='word_1_41' title='bbox 492 679 2086 753; x_wconf 74' lang='lat' dir='ltr'><em>damus.Sienimconsepulti&#39;3sumussimulacromortis</em></span> <span class='ocrx_word' id='word_1_42' title='bbox 2192 678 2417 735; x_wconf 90' lang='lat' dir='ltr'><em>dicistis</em></span> <span class='ocrx_word' id='word_1_43' title='bbox 2471 678 2757 734; x_wconf 78' lang='lat' dir='ltr'><em>Christum</em></span> <span class='ocrx_word' id='word_1_44' title='bbox 2804 676 3027 749; x_wconf 89' lang='lat' dir='ltr'><em>(Ephes.</em></span> <span class='ocrx_word' id='word_1_45' title='bbox 3086 692 3165 748; x_wconf 79' lang='lat' dir='ltr'><em>IV,</em></span> <span class='ocrx_word' id='word_1_46' title='bbox 3210 678 3323 746; x_wconf 91' lang='lat'><em>20).</em></span> <span class='ocrx_word' id='word_1_47' title='bbox 3369 677 3435 733; x_wconf 87' lang='lat' dir='ltr'><em>Et</em></span> <span class='ocrx_word' id='word_1_48' title='bbox 3480 677 3676 735; x_wconf 87' lang='lat' dir='ltr'><em>iterum</em></span> <span class='ocrx_word' id='word_1_49' title='bbox 3721 681 3797 737; x_wconf 91' lang='lat' dir='ltr'><em>sic</em></span> 
     </span>
    </p>
   </div>
   <div class='ocr_carea' id='block_1_6' title="bbox 494 763 3799 845">
    <p class='ocr_par' dir='ltr' id='par_1_6' title="bbox 494 763 3799 845">
     <span class='ocr_line' id='line_1_6' title="bbox 494 763 3799 845; baseline -0.002 -16"><span class='ocrx_word' id='word_1_50' title='bbox 494 774 636 845; x_wconf 84' lang='lat' dir='ltr'><em>ejus,</em></span> <span class='ocrx_word' id='word_1_51' title='bbox 668 771 762 829; x_wconf 91' lang='lat' dir='ltr'><em>sed</em></span> <span class='ocrx_word' id='word_1_52' title='bbox 780 775 836 829; x_wconf 92' lang='lat' dir='ltr'><em>ct</em></span> <span class='ocrx_word' id='word_1_53' title='bbox 864 770 1295 828; x_wconf 74' lang='lat' dir='ltr'><em>resurrectionis</em></span> <span class='ocrx_word' id='word_1_54' title='bbox 1310 770 1540 837; x_wconf 78' lang='lat' dir='ltr'><em>erimus,</em></span> <span class='ocrx_word' id='word_1_55' title='bbox 1568 767 1667 825; x_wconf 89' lang='lat' dir='ltr'><em>hoc</em></span> <span class='ocrx_word' id='word_1_56' title='bbox 1689 770 1931 824; x_wconf 80' lang='lat' dir='ltr'><em>scientes</em></span> <span class='ocrx_word' id='word_1_57' title='bbox 1946 763 2087 839; x_wconf 89' lang='lat' dir='ltr'><em>quod</em></span> <span class='ocrx_word' id='word_1_58' title='bbox 2190 767 2351 822; x_wconf 90' lang='lat' dir='ltr'><em>dicit:</em></span> <span class='ocrx_word' id='word_1_59' title='bbox 2384 768 2488 836; x_wconf 84' lang='lat' dir='ltr'><em>Qui</em></span> <span class='ocrx_word' id='word_1_60' title='bbox 2507 767 2836 838; x_wconf 86' lang='lat' dir='ltr'><em>furabatur,</em></span> <span class='ocrx_word' id='word_1_61' title='bbox 2853 768 2981 837; x_wconf 88' lang='lat' dir='ltr'><em>jam</em></span> <span class='ocrx_word' id='word_1_62' title='bbox 3002 784 3116 824; x_wconf 88' lang='lat' dir='ltr'><em>non</em></span> <span class='ocrx_word' id='word_1_63' title='bbox 3146 768 3382 837; x_wconf 86' lang='lat' dir='ltr'><em>furetur</em></span> <span class='ocrx_word' id='word_1_64' title='bbox 3403 768 3563 835; x_wconf 86' lang='lat' dir='ltr'><em>(Ibid.</em></span> <span class='ocrx_word' id='word_1_65' title='bbox 3587 772 3799 843; x_wconf 81' lang='lat'><em>26-28).</em></span> 
     </span>
    </p>
   </div>
   <div class='ocr_carea' id='block_1_7' title="bbox 491 855 3800 928">
    <p class='ocr_par' dir='ltr' id='par_1_7' title="bbox 491 855 3800 928">
     <span class='ocr_line' id='line_1_7' title="bbox 491 855 3800 928; baseline -0 -12"><span class='ocrx_word' id='word_1_66' title='bbox 491 864 652 917; x_wconf 88' lang='lat' dir='ltr'><em>vetus</em></span> <span class='ocrx_word' id='word_1_67' title='bbox 684 859 843 917; x_wconf 86' lang='lat' dir='ltr'><em>homo</em></span> <span class='ocrx_word' id='word_1_68' title='bbox 862 861 1057 915; x_wconf 89' lang='lat' dir='ltr'><em>noster</em></span> <span class='ocrx_word' id='word_1_69' title='bbox 1085 856 1340 926; x_wconf 68' lang='lat' dir='ltr'><em>conﬁxus</em></span> <span class='ocrx_word' id='word_1_70' title='bbox 1362 861 1448 914; x_wconf 88' lang='lat' dir='ltr'><em>est</em></span> <span class='ocrx_word' id='word_1_71' title='bbox 1476 857 1590 911; x_wconf 87' lang='lat' dir='ltr'><em>illi.</em></span> <span class='ocrx_word' id='word_1_72' title='bbox 1613 856 1673 911; x_wconf 88' lang='lat' dir='ltr'><em>Si</em></span> <span class='ocrx_word' id='word_1_73' title='bbox 1708 859 1899 912; x_wconf 89' lang='lat' dir='ltr'><em>autem</em></span> <span class='ocrx_word' id='word_1_74' title='bbox 1927 871 2084 911; x_wconf 88' lang='lat' dir='ltr'><em>mor—</em></span> <span class='ocrx_word' id='word_1_75' title='bbox 2196 856 2304 911; x_wconf 88' lang='lat' dir='ltr'><em>Sed</em></span> <span class='ocrx_word' id='word_1_76' title='bbox 2336 863 2387 911; x_wconf 90' lang='lat' dir='ltr'><em>et</em></span> <span class='ocrx_word' id='word_1_77' title='bbox 2415 855 2506 928; x_wconf 87' lang='lat' dir='ltr'><em>qui</em></span> <span class='ocrx_word' id='word_1_78' title='bbox 2528 857 2896 911; x_wconf 85' lang='lat' dir='ltr'><em>moechabatur</em></span> <span class='ocrx_word' id='word_1_79' title='bbox 2924 856 3204 923; x_wconf 84' lang='lat' dir='ltr'><em>hactenus,</em></span> <span class='ocrx_word' id='word_1_80' title='bbox 3238 871 3348 912; x_wconf 91' lang='lat' dir='ltr'><em>non</em></span> <span class='ocrx_word' id='word_1_81' title='bbox 3381 858 3688 914; x_wconf 72' lang='lat' dir='ltr'><em>mmchetur</em></span> <span class='ocrx_word' id='word_1_82' title='bbox 3712 879 3726 927; x_wconf 90' lang='lat'><strong>;</strong></span> <span class='ocrx_word' id='word_1_83' title='bbox 3749 868 3800 915; x_wconf 91' lang='lat' dir='ltr'><em>et</em></span> 
     </span>
    </p>
   </div>
   <div class='ocr_carea' id='block_1_8' title="bbox 494 942 3800 1017">
    <p class='ocr_par' dir='ltr' id='par_1_8' title="bbox 494 942 3800 1017">
     <span class='ocr_line' id='line_1_8' title="bbox 494 942 3800 1017; baseline -0.001 -11"><span class='ocrx_word' id='word_1_84' title='bbox 494 951 585 1006; x_wconf 88' lang='lat' dir='ltr'><em>tui</em></span> <span class='ocrx_word' id='word_1_85' title='bbox 630 965 822 1006; x_wconf 89' lang='lat' dir='ltr'><em>sumus</em></span> <span class='ocrx_word' id='word_1_86' title='bbox 870 963 1001 1004; x_wconf 89' lang='lat' dir='ltr'><em>cum</em></span> <span class='ocrx_word' id='word_1_87' title='bbox 1052 946 1296 1009; x_wconf 88' lang='lat' dir='ltr'><em>Christo,</em></span> <span class='ocrx_word' id='word_1_88' title='bbox 1353 942 1633 1003; x_wconf 87' lang='lat' dir='ltr'><em>credimus</em></span> <span class='ocrx_word' id='word_1_89' title='bbox 1681 945 1822 1015; x_wconf 89' lang='lat' dir='ltr'><em>quod</em></span> <span class='ocrx_word' id='word_1_90' title='bbox 1858 947 1915 999; x_wconf 89' lang='lat' dir='ltr'><em>et</em></span> <span class='ocrx_word' id='word_1_91' title='bbox 1959 960 2087 1001; x_wconf 89' lang='lat' dir='ltr'><em>con-</em></span> <span class='ocrx_word' id='word_1_92' title='bbox 2197 944 2287 1017; x_wconf 88' lang='lat' dir='ltr'>qui</span> <span class='ocrx_word' id='word_1_93' title='bbox 2319 943 2688 1000; x_wconf 87' lang='lat' dir='ltr'><em>fornicabatur</em></span> <span class='ocrx_word' id='word_1_94' title='bbox 2710 946 2993 1012; x_wconf 84' lang='lat' dir='ltr'><em>hactenus,</em></span> <span class='ocrx_word' id='word_1_95' title='bbox 3025 959 3134 1000; x_wconf 91' lang='lat' dir='ltr'><em>non</em></span> <span class='ocrx_word' id='word_1_96' title='bbox 3162 943 3800 1017; x_wconf 85' lang='lat' dir='ltr'><em>fornicetur.Adjecisset</em></span> 
     </span>
    </p>
   </div>
   <div class='ocr_carea' id='block_1_9' title="bbox 493 1030 3798 1107">
    <p class='ocr_par' dir='ltr' id='par_1_9' title="bbox 493 1030 3798 1107">
     <span class='ocr_line' id='line_1_9' title="bbox 493 1030 3798 1107; baseline -0.001 -14"><span class='ocrx_word' id='word_1_97' title='bbox 493 1041 744 1097; x_wconf 80' lang='lat' dir='ltr'><em>vivemus</em></span> <span class='ocrx_word' id='word_1_98' title='bbox 801 1052 935 1092; x_wconf 89' lang='lat' dir='ltr'><em>cum</em></span> <span class='ocrx_word' id='word_1_99' title='bbox 990 1035 1121 1101; x_wconf 87' lang='lat' dir='ltr'><em>illo,</em></span> <span class='ocrx_word' id='word_1_100' title='bbox 1171 1035 1408 1091; x_wconf 79' lang='lat' dir='ltr'><em>scientes</em></span> <span class='ocrx_word' id='word_1_101' title='bbox 1464 1033 1605 1105; x_wconf 91' lang='lat' dir='ltr'><em>quod</em></span> <span class='ocrx_word' id='word_1_102' title='bbox 1660 1033 1916 1090; x_wconf 86' lang='lat' dir='ltr'><em>Christus</em></span> <span class='ocrx_word' id='word_1_103' title='bbox 1968 1048 2091 1088; x_wconf 87' lang='lat' dir='ltr'><em>sus-</em></span> <span class='ocrx_word' id='word_1_104' title='bbox 2200 1032 2340 1088; x_wconf 87' lang='lat' dir='ltr'><em>enim</em></span> <span class='ocrx_word' id='word_1_105' title='bbox 2369 1040 2422 1088; x_wconf 89' lang='lat' dir='ltr'><em>et</em></span> <span class='ocrx_word' id='word_1_106' title='bbox 2457 1032 2575 1089; x_wconf 77' lang='lat' dir='ltr'><em>haec</em></span> <span class='ocrx_word' id='word_1_107' title='bbox 2612 1030 2659 1088; x_wconf 89' lang='lat' dir='ltr'><em>si</em></span> <span class='ocrx_word' id='word_1_108' title='bbox 2687 1032 2882 1088; x_wconf 91' lang='lat' dir='ltr'><em>talibus</em></span> <span class='ocrx_word' id='word_1_109' title='bbox 2908 1031 3121 1087; x_wconf 85' lang='lat' dir='ltr'><em>veniam</em></span> <span class='ocrx_word' id='word_1_110' title='bbox 3150 1032 3431 1107; x_wconf 75' lang='lat' dir='ltr'><em>porrigere</em></span> <span class='ocrx_word' id='word_1_111' title='bbox 3468 1046 3798 1093; x_wconf 63' lang='lat' dir='ltr'><em>consuesset:</em></span> 
     </span>
    </p>
   </div>
   <div class='ocr_carea' id='block_1_10' title="bbox 495 1117 3796 1195">
    <p class='ocr_par' dir='ltr' id='par_1_10' title="bbox 495 1117 3796 1195">
     <span class='ocr_line' id='line_1_10' title="bbox 495 1117 3796 1195; baseline -0.002 -11"><span class='ocrx_word' id='word_1_112' title='bbox 495 1130 707 1185; x_wconf 86' lang='lat' dir='ltr'><em>citatus</em></span> <span class='ocrx_word' id='word_1_113' title='bbox 735 1144 771 1182; x_wconf 89' lang='lat' dir='ltr'><em>a</em></span> <span class='ocrx_word' id='word_1_114' title='bbox 799 1124 1067 1195; x_wconf 84' lang='lat' dir='ltr'><em>mortuis,</em></span> <span class='ocrx_word' id='word_1_115' title='bbox 1098 1126 1224 1195; x_wconf 90' lang='lat' dir='ltr'><em>jam</em></span> <span class='ocrx_word' id='word_1_116' title='bbox 1252 1138 1367 1180; x_wconf 89' lang='lat' dir='ltr'><em>non</em></span> <span class='ocrx_word' id='word_1_117' title='bbox 1412 1123 1721 1190; x_wconf 90' lang='lat' dir='ltr'><em>moriatur,</em></span> <span class='ocrx_word' id='word_1_118' title='bbox 1768 1138 1920 1180; x_wconf 87' lang='lat' dir='ltr'><em>mors</em></span> <span class='ocrx_word' id='word_1_119' title='bbox 1976 1138 2092 1177; x_wconf 88' lang='lat' dir='ltr'><em>non</em></span> <span class='ocrx_word' id='word_1_120' title='bbox 2204 1119 2288 1174; x_wconf 87' lang='lat' dir='ltr'><em>vel</em></span> <span class='ocrx_word' id='word_1_121' title='bbox 2320 1118 2524 1190; x_wconf 83' lang='lat' dir='ltr'><em>porrigi</em></span> <span class='ocrx_word' id='word_1_122' title='bbox 2546 1120 2765 1173; x_wconf 87' lang='lat' dir='ltr'><em>omnino</em></span> <span class='ocrx_word' id='word_1_123' title='bbox 2785 1118 3066 1183; x_wconf 88' lang='lat' dir='ltr'><em>voluisset,</em></span> <span class='ocrx_word' id='word_1_124' title='bbox 3089 1117 3184 1188; x_wconf 90' lang='lat' dir='ltr'><em>qui</em></span> <span class='ocrx_word' id='word_1_125' title='bbox 3205 1135 3301 1175; x_wconf 90' lang='lat' dir='ltr'><em>nec</em></span> <span class='ocrx_word' id='word_1_126' title='bbox 3322 1120 3492 1175; x_wconf 88' lang='lat' dir='ltr'><em>verbo</em></span> <span class='ocrx_word' id='word_1_127' title='bbox 3513 1121 3683 1191; x_wconf 89' lang='lat' dir='ltr'><em>pollui</em></span> <span class='ocrx_word' id='word_1_128' title='bbox 3703 1138 3796 1178; x_wconf 81' lang='lat' dir='ltr'><em>vo-</em></span> 
     </span>
    </p>
   </div>
   <div class='ocr_carea' id='block_1_11' title="bbox 490 1206 3796 1289">
    <p class='ocr_par' dir='ltr' id='par_1_11' title="bbox 490 1206 3796 1289">
     <span class='ocr_line' id='line_1_11' title="bbox 490 1206 3796 1289; baseline -0.002 -16"><span class='ocrx_word' id='word_1_129' title='bbox 490 1219 616 1289; x_wconf 86' lang='lat' dir='ltr'><em>jam</em></span> <span class='ocrx_word' id='word_1_130' title='bbox 644 1216 971 1272; x_wconf 83' lang='lat' dir='ltr'><em>dominetur</em></span> <span class='ocrx_word' id='word_1_131' title='bbox 1010 1215 1151 1284; x_wconf 85' lang='lat' dir='ltr'><em>ejus.</em></span> <span class='ocrx_word' id='word_1_132' title='bbox 1206 1212 1354 1280; x_wconf 88' lang='lat' dir='ltr'><em>Quod</em></span> <span class='ocrx_word' id='word_1_133' title='bbox 1395 1212 1549 1265; x_wconf 88' lang='lat' dir='ltr'><em>enim</em></span> <span class='ocrx_word' id='word_1_134' title='bbox 1588 1214 1848 1267; x_wconf 88' lang='lat' dir='ltr'><em>mortuus</em></span> <span class='ocrx_word' id='word_1_135' title='bbox 1880 1214 1966 1267; x_wconf 91' lang='lat' dir='ltr'><em>est</em></span> <span class='ocrx_word' id='word_1_136' title='bbox 1993 1210 2092 1265; x_wconf 88' lang='lat' dir='ltr'><em>de-</em></span> <span class='ocrx_word' id='word_1_137' title='bbox 2199 1207 2343 1262; x_wconf 87' lang='lat' dir='ltr'><em>lens:</em></span> <span class='ocrx_word' id='word_1_138' title='bbox 2368 1206 2577 1272; x_wconf 87' lang='lat' dir='ltr'><em>Omnis,</em></span> <span class='ocrx_word' id='word_1_139' title='bbox 2593 1206 2783 1277; x_wconf 86' lang='lat' dir='ltr'><em>inquit,</em></span> <span class='ocrx_word' id='word_1_140' title='bbox 2800 1222 2978 1263; x_wconf 88' lang='lat' dir='ltr'><em>sermo</em></span> <span class='ocrx_word' id='word_1_141' title='bbox 2998 1208 3183 1279; x_wconf 86' lang='lat' dir='ltr'><em>turpis</em></span> <span class='ocrx_word' id='word_1_142' title='bbox 3203 1223 3321 1265; x_wconf 89' lang='lat' dir='ltr'><em>non</em></span> <span class='ocrx_word' id='word_1_143' title='bbox 3334 1209 3602 1280; x_wconf 83' lang='lat' dir='ltr'><em>procedat</em></span> <span class='ocrx_word' id='word_1_144' title='bbox 3618 1226 3691 1267; x_wconf 74' lang='lat' dir='ltr'><em>ea:</em></span> <span class='ocrx_word' id='word_1_145' title='bbox 3704 1228 3796 1269; x_wconf 85' lang='lat' dir='ltr'><em>ore</em></span> 
     </span>
    </p>
   </div>
   <div class='ocr_carea' id='block_1_12' title="bbox 498 1298 2092 1378">
    <p class='ocr_par' dir='ltr' id='par_1_12' title="bbox 498 1298 2092 1378">
     <span class='ocr_line' id='line_1_12' title="bbox 498 1298 2092 1378; baseline -0.005 -17"><span class='ocrx_word' id='word_1_146' title='bbox 498 1306 857 1378; x_wconf 75' lang='lat' dir='ltr'><em>linquentiaz,</em></span> <span class='ocrx_word' id='word_1_147' title='bbox 891 1307 1152 1361; x_wconf 87' lang='lat' dir='ltr'><em>mortuus</em></span> <span class='ocrx_word' id='word_1_148' title='bbox 1179 1305 1264 1356; x_wconf 88' lang='lat' dir='ltr'><em>est</em></span> <span class='ocrx_word' id='word_1_149' title='bbox 1291 1300 1502 1369; x_wconf 90' lang='lat' dir='ltr'><em>semel;</em></span> <span class='ocrx_word' id='word_1_150' title='bbox 1537 1300 1679 1372; x_wconf 91' lang='lat' dir='ltr'><em>quod</em></span> <span class='ocrx_word' id='word_1_151' title='bbox 1716 1302 1910 1357; x_wconf 89' lang='lat' dir='ltr'><em>autem</em></span> <span class='ocrx_word' id='word_1_152' title='bbox 1935 1298 2092 1363; x_wconf 88' lang='lat' dir='ltr'><em>vivit,</em></span> 
     </span>
    </p>
   </div>
   <div class='ocr_carea' id='block_1_13' title="bbox 497 1388 2095 1463">
    <p class='ocr_par' dir='ltr' id='par_1_13' title="bbox 497 1388 2095 1463">
     <span class='ocr_line' id='line_1_13' title="bbox 497 1388 2095 1463; baseline -0.006 -11"><span class='ocrx_word' id='word_1_153' title='bbox 497 1398 604 1453; x_wconf 89' lang='lat' dir='ltr'><em>Deo</em></span> <span class='ocrx_word' id='word_1_154' title='bbox 624 1396 781 1451; x_wconf 82' lang='lat' dir='ltr'><em>vivit.</em></span> <span class='ocrx_word' id='word_1_155' title='bbox 825 1396 912 1449; x_wconf 91' lang='lat' dir='ltr'><em>Ita</em></span> <span class='ocrx_word' id='word_1_156' title='bbox 937 1396 993 1447; x_wconf 89' lang='lat' dir='ltr'><em>et</em></span> <span class='ocrx_word' id='word_1_157' title='bbox 1020 1392 1282 1463; x_wconf 83' lang='lat' dir='ltr'><em>reputate</em></span> <span class='ocrx_word' id='word_1_158' title='bbox 1302 1392 1667 1462; x_wconf 86' lang='lat' dir='ltr'><em>vosmetipsos</em></span> <span class='ocrx_word' id='word_1_159' title='bbox 1688 1392 1941 1447; x_wconf 89' lang='lat' dir='ltr'><em>mortuos</em></span> <span class='ocrx_word' id='word_1_160' title='bbox 1970 1388 2095 1461; x_wconf 89' lang='lat' dir='ltr'><em>qui-</em></span> 
     </span>
    </p>
   </div>
   <div class='ocr_carea' id='block_1_14' title="bbox 497 1477 2097 1554">
    <p class='ocr_par' dir='ltr' id='par_1_14' title="bbox 497 1477 2097 1554">
     <span class='ocr_line' id='line_1_14' title="bbox 497 1477 2097 1554; baseline -0.004 -14"><span class='ocrx_word' id='word_1_161' title='bbox 497 1485 625 1541; x_wconf 90' lang='lat' dir='ltr'><em>dem</em></span> <span class='ocrx_word' id='word_1_162' title='bbox 642 1483 1065 1554; x_wconf 76' lang='lat' dir='ltr'><em>delinquentite,</em></span> <span class='ocrx_word' id='word_1_163' title='bbox 1087 1482 1330 1537; x_wconf 85' lang='lat' dir='ltr'><em>viventes</em></span> <span class='ocrx_word' id='word_1_164' title='bbox 1350 1482 1544 1535; x_wconf 89' lang='lat' dir='ltr'><em>autem</em></span> <span class='ocrx_word' id='word_1_165' title='bbox 1562 1480 1669 1537; x_wconf 88' lang='lat' dir='ltr'><em>Deo</em></span> <span class='ocrx_word' id='word_1_166' title='bbox 1681 1495 1784 1551; x_wconf 87' lang='lat' dir='ltr'><em>per</em></span> <span class='ocrx_word' id='word_1_167' title='bbox 1809 1477 2097 1535; x_wconf 83' lang='lat' dir='ltr'><em>Christum</em></span> 
     </span>
    </p>
   </div>
   <div class='ocr_carea' id='block_1_15' title="bbox 496 1564 2095 1643">
    <p class='ocr_par' dir='ltr' id='par_1_15' title="bbox 496 1564 2095 1643">
     <span class='ocr_line' id='line_1_15' title="bbox 496 1564 2095 1643; baseline -0.006 -14"><span class='ocrx_word' id='word_1_168' title='bbox 496 1573 885 1643; x_wconf 86' lang='lat' dir='ltr'><em>Jesum(Rom.</em></span> <span class='ocrx_word' id='word_1_169' title='bbox 908 1585 990 1637; x_wconf 78' lang='lat' dir='ltr'><em>v1,</em></span> <span class='ocrx_word' id='word_1_170' title='bbox 1015 1569 1192 1638; x_wconf 79' lang='grc'><strong>1-11).</strong></span> <span class='ocrx_word' id='word_1_171' title='bbox 1217 1567 1390 1640; x_wconf 82' lang='lat' dir='ltr'><em>Igitur</em></span> <span class='ocrx_word' id='word_1_172' title='bbox 1417 1564 1585 1622; x_wconf 89' lang='lat' dir='ltr'><em>semel</em></span> <span class='ocrx_word' id='word_1_173' title='bbox 1617 1566 1829 1621; x_wconf 82' lang='lat' dir='ltr'><em>Christo</em></span> <span class='ocrx_word' id='word_1_174' title='bbox 1859 1573 2095 1631; x_wconf 91' lang='lat' dir='ltr'><em>mortuo,</em></span> 
     </span>
    </p>
   </div>
   <div class='ocr_carea' id='block_1_16' title="bbox 418 1654 2094 1731">
    <p class='ocr_par' dir='ltr' id='par_1_16' title="bbox 418 1654 2094 1731">
     <span class='ocr_line' id='line_1_16' title="bbox 418 1654 2094 1731; baseline -0.005 -14"><span class='ocrx_word' id='word_1_175' title='bbox 418 1696 421 1699; x_wconf 98' lang='lat'><strong><em>-</em></strong></span> <span class='ocrx_word' id='word_1_176' title='bbox 496 1676 658 1717; x_wconf 90' lang='lat' dir='ltr'><em>nemo</em></span> <span class='ocrx_word' id='word_1_177' title='bbox 697 1667 873 1731; x_wconf 84' lang='lat' dir='ltr'><em>potest</em></span> <span class='ocrx_word' id='word_1_178' title='bbox 908 1666 1030 1729; x_wconf 89' lang='lat' dir='ltr'><em>post</em></span> <span class='ocrx_word' id='word_1_179' title='bbox 1072 1657 1121 1693; x_wconf 65' lang='grc'><em>’³4</em></span> <span class='ocrx_word' id='word_1_180' title='bbox 1170 1655 1444 1711; x_wconf 85' lang='lat' dir='ltr'><em>Christum</em></span> <span class='ocrx_word' id='word_1_181' title='bbox 1483 1662 1727 1709; x_wconf 91' lang='lat' dir='ltr'><em>mortuus</em></span> <span class='ocrx_word' id='word_1_182' title='bbox 1774 1654 2094 1725; x_wconf 89' lang='lat' dir='ltr'><em>delinquen-</em></span> 
     </span>
    </p>
   </div>
   <div class='ocr_carea' id='block_1_17' title="bbox 496 1740 2095 1814">
    <p class='ocr_par' dir='ltr' id='par_1_17' title="bbox 496 1740 2095 1814">
     <span class='ocr_line' id='line_1_17' title="bbox 496 1740 2095 1814; baseline -0.004 -10"><span class='ocrx_word' id='word_1_183' title='bbox 496 1748 604 1814; x_wconf 67' lang='lat' dir='ltr'><em>tiaa,</em></span> <span class='ocrx_word' id='word_1_184' title='bbox 657 1756 713 1805; x_wconf 91' lang='lat' dir='ltr'><em>et</em></span> <span class='ocrx_word' id='word_1_185' title='bbox 765 1747 994 1802; x_wconf 86' lang='lat' dir='ltr'><em>maxime</em></span> <span class='ocrx_word' id='word_1_186' title='bbox 1049 1751 1235 1810; x_wconf 67' lang='lat' dir='ltr'><em>tantae,</em></span> <span class='ocrx_word' id='word_1_187' title='bbox 1266 1742 1757 1798; x_wconf 87' lang='lat' dir='ltr'><em>reviviscere:aut</em></span> <span class='ocrx_word' id='word_1_188' title='bbox 1815 1740 1864 1797; x_wconf 88' lang='lat' dir='ltr'><em>si</em></span> <span class='ocrx_word' id='word_1_189' title='bbox 1917 1741 2095 1811; x_wconf 87' lang='lat' dir='ltr'><em>possit</em></span> 
     </span>
    </p>
   </div>
   <div class='ocr_carea' id='block_1_18' title="bbox 497 1829 2099 1903">
    <p class='ocr_par' dir='ltr' id='par_1_18' title="bbox 497 1829 2099 1903">
     <span class='ocr_line' id='line_1_18' title="bbox 497 1829 2099 1903; baseline -0.004 -11"><span class='ocrx_word' id='word_1_190' title='bbox 497 1835 778 1894; x_wconf 85' lang='lat' dir='ltr'><em>fornicatio</em></span> <span class='ocrx_word' id='word_1_191' title='bbox 834 1842 888 1889; x_wconf 90' lang='lat' dir='ltr'><em>et</em></span> <span class='ocrx_word' id='word_1_192' title='bbox 947 1832 1180 1889; x_wconf 86' lang='lat' dir='ltr'><em>moechia</em></span> <span class='ocrx_word' id='word_1_193' title='bbox 1237 1831 1419 1886; x_wconf 86' lang='lat' dir='ltr'><em>denuo</em></span> <span class='ocrx_word' id='word_1_194' title='bbox 1482 1829 1728 1903; x_wconf 85' lang='lat' dir='ltr'><em>admitti,</em></span> <span class='ocrx_word' id='word_1_195' title='bbox 1796 1832 1995 1901; x_wconf 88' lang='lat' dir='ltr'><em>poterit</em></span> <span class='ocrx_word' id='word_1_196' title='bbox 2045 1836 2099 1886; x_wconf 92' lang='lat' dir='ltr'><em>et</em></span> 
     </span>
    </p>
   </div>
   <div class='ocr_carea' id='block_1_19' title="bbox 496 1919 2097 1991">
    <p class='ocr_par' dir='ltr' id='par_1_19' title="bbox 496 1919 2097 1991">
     <span class='ocr_line' id='line_1_19' title="bbox 496 1919 2097 1991; baseline -0.004 -11"><span class='ocrx_word' id='word_1_197' title='bbox 496 1925 740 1981; x_wconf 87' lang='lat' dir='ltr'><em>Christus</em></span> <span class='ocrx_word' id='word_1_198' title='bbox 806 1922 982 1978; x_wconf 90' lang='lat' dir='ltr'><em>denuo</em></span> <span class='ocrx_word' id='word_1_199' title='bbox 1056 1919 1230 1976; x_wconf 88' lang='lat' dir='ltr'><em>mori.</em></span> <span class='ocrx_word' id='word_1_200' title='bbox 1288 1919 1454 1974; x_wconf 87' lang='lat' dir='ltr'><em>Instat</em></span> <span class='ocrx_word' id='word_1_201' title='bbox 1518 1927 1699 1974; x_wconf 90' lang='lat' dir='ltr'><em>autem</em></span> <span class='ocrx_word' id='word_1_202' title='bbox 1764 1919 2097 1991; x_wconf 81' lang='lat' dir='ltr'><em>Apostolus,</em></span> 
     </span>
    </p>
   </div>
   <div class='ocr_carea' id='block_1_20' title="bbox 495 2004 2099 2084">
    <p class='ocr_par' dir='ltr' id='par_1_20' title="bbox 495 2004 2099 2084">
     <span class='ocr_line' id='line_1_20' title="bbox 495 2004 2099 2084; baseline 0.001 -17"><span class='ocrx_word' id='word_1_203' title='bbox 495 2011 788 2084; x_wconf 88' lang='lat' dir='ltr'><em>prohibens</em></span> <span class='ocrx_word' id='word_1_204' title='bbox 808 2026 1052 2082; x_wconf 87' lang='lat' dir='ltr'><em>regnare</em></span> <span class='ocrx_word' id='word_1_205' title='bbox 1083 2009 1533 2081; x_wconf 89' lang='lat' dir='ltr'><em>delinquentiam</em></span> <span class='ocrx_word' id='word_1_206' title='bbox 1558 2004 1621 2065; x_wconf 81' lang='lat' dir='ltr'><em>in</em></span> <span class='ocrx_word' id='word_1_207' title='bbox 1649 2025 1876 2081; x_wconf 89' lang='lat' dir='ltr'><em>corpore</em></span> <span class='ocrx_word' id='word_1_208' title='bbox 1904 2012 2099 2069; x_wconf 85' lang='lat' dir='ltr'><em>nostra</em></span> 
     </span>
    </p>
   </div>
   <div class='ocr_carea' id='block_1_21' title="bbox 495 2095 2095 2171">
    <p class='ocr_par' dir='ltr' id='par_1_21' title="bbox 495 2095 2095 2171">
     <span class='ocr_line' id='line_1_21' title="bbox 495 2095 2095 2171; baseline -0.005 -11"><span class='ocrx_word' id='word_1_209' title='bbox 495 2100 732 2160; x_wconf 85' lang='lat' dir='ltr'><em>mortali</em></span> <span class='ocrx_word' id='word_1_210' title='bbox 771 2100 924 2171; x_wconf 87' lang='lat' dir='ltr'><em>(Ibid.</em></span> <span class='ocrx_word' id='word_1_211' title='bbox 959 2100 1071 2170; x_wconf 82' lang='grc'>12),</span> <span class='ocrx_word' id='word_1_212' title='bbox 1104 2098 1263 2167; x_wconf 89' lang='lat' dir='ltr'><em>cujus</em></span> <span class='ocrx_word' id='word_1_213' title='bbox 1310 2095 1675 2153; x_wconf 84' lang='lat' dir='ltr'><em>inﬁrmitatem</em></span> <span class='ocrx_word' id='word_1_214' title='bbox 1704 2097 1886 2154; x_wconf 86' lang='lat' dir='ltr'><em>carnis</em></span> <span class='ocrx_word' id='word_1_215' title='bbox 1913 2112 2095 2153; x_wconf 88' lang='lat' dir='ltr'><em>nove-</em></span> 
     </span>
    </p>
   </div>
   <div class='ocr_carea' id='block_1_22' title="bbox 495 2186 2099 2258">
    <p class='ocr_par' dir='ltr' id='par_1_22' title="bbox 495 2186 2099 2258">
     <span class='ocr_line' id='line_1_22' title="bbox 495 2186 2099 2258; baseline 0 -14"><span class='ocrx_word' id='word_1_216' title='bbox 495 2197 595 2246; x_wconf 90' lang='lat' dir='ltr'><em>rat.</em></span> <span class='ocrx_word' id='word_1_217' title='bbox 630 2191 788 2246; x_wconf 87' lang='lat' dir='ltr'><em>Sicut</em></span> <span class='ocrx_word' id='word_1_218' title='bbox 816 2190 969 2245; x_wconf 90' lang='lat' dir='ltr'><em>enim</em></span> <span class='ocrx_word' id='word_1_219' title='bbox 998 2187 1332 2245; x_wconf 79' lang='lat' dir='ltr'><em>exhibuistis</em></span> <span class='ocrx_word' id='word_1_220' title='bbox 1381 2186 1635 2244; x_wconf 88' lang='lat' dir='ltr'><em>membra</em></span> <span class='ocrx_word' id='word_1_221' title='bbox 1662 2192 1853 2243; x_wconf 87' lang='lat' dir='ltr'><em>vestra</em></span> <span class='ocrx_word' id='word_1_222' title='bbox 1877 2188 2099 2258; x_wconf 88' lang='lat' dir='ltr'><em>famula</em></span> 
     </span>
    </p>
   </div>
   <div class='ocr_carea' id='block_1_23' title="bbox 494 2274 2100 2347">
    <p class='ocr_par' dir='ltr' id='par_1_23' title="bbox 494 2274 2100 2347">
     <span class='ocr_line' id='line_1_23' title="bbox 494 2274 2100 2347; baseline -0.002 -12"><span class='ocrx_word' id='word_1_223' title='bbox 494 2277 786 2335; x_wconf 88' lang='lat' dir='ltr'><em>immundi</em></span> <span class='ocrx_word' id='word_1_224' title='bbox 793 2280 888 2334; x_wconf 70' lang='lat' dir='ltr'><em>tiae</em></span> <span class='ocrx_word' id='word_1_225' title='bbox 898 2281 953 2333; x_wconf 90' lang='lat' dir='ltr'><em>et</em></span> <span class='ocrx_word' id='word_1_226' title='bbox 965 2277 1270 2347; x_wconf 87' lang='lat' dir='ltr'><em>iniquitati</em></span> <span class='ocrx_word' id='word_1_227' title='bbox 1285 2274 1357 2330; x_wconf 91' lang='lat' dir='ltr'><em>ad</em></span> <span class='ocrx_word' id='word_1_228' title='bbox 1378 2276 1764 2346; x_wconf 81' lang='lat' dir='ltr'><em>iniquitatem,</em></span> <span class='ocrx_word' id='word_1_229' title='bbox 1778 2277 1863 2331; x_wconf 88' lang='lat' dir='ltr'><em>ita</em></span> <span class='ocrx_word' id='word_1_230' title='bbox 1877 2280 1932 2332; x_wconf 89' lang='lat' dir='ltr'><em>et</em></span> <span class='ocrx_word' id='word_1_231' title='bbox 1942 2292 2100 2332; x_wconf 87' lang='lat' dir='ltr'><em>nunc</em></span> 
     </span>
    </p>
   </div>
   <div class='ocr_carea' id='block_1_24' title="bbox 499 2364 2097 2437">
    <p class='ocr_par' dir='ltr' id='par_1_24' title="bbox 499 2364 2097 2437">
     <span class='ocr_line' id='line_1_24' title="bbox 499 2364 2097 2437; baseline -0.004 -12"><span class='ocrx_word' id='word_1_232' title='bbox 499 2367 758 2425; x_wconf 73' lang='lat' dir='ltr'><em>exhibete</em></span> <span class='ocrx_word' id='word_1_233' title='bbox 786 2383 853 2424; x_wconf 90' lang='lat' dir='ltr'><em>ea</em></span> <span class='ocrx_word' id='word_1_234' title='bbox 881 2366 1103 2437; x_wconf 87' lang='lat' dir='ltr'><em>famula</em></span> <span class='ocrx_word' id='word_1_235' title='bbox 1114 2364 1365 2436; x_wconf 72' lang='lat' dir='ltr'><em>justitiae</em></span> <span class='ocrx_word' id='word_1_236' title='bbox 1384 2364 1447 2418; x_wconf 91' lang='lat' dir='ltr'><em>in</em></span> <span class='ocrx_word' id='word_1_237' title='bbox 1469 2364 1908 2421; x_wconf 84' lang='lat' dir='ltr'><em>sanctimoniam</em></span> <span class='ocrx_word' id='word_1_238' title='bbox 1936 2364 2097 2435; x_wconf 84' lang='lat' dir='ltr'><em>(Ibid.</em></span> 
     </span>
    </p>
   </div>
   <div class='ocr_carea' id='block_1_25' title="bbox 500 2452 2095 2528">
    <p class='ocr_par' dir='ltr' id='par_1_25' title="bbox 500 2452 2095 2528">
     <span class='ocr_line' id='line_1_25' title="bbox 500 2452 2095 2528; baseline -0.001 -17"><span class='ocrx_word' id='word_1_239' title='bbox 500 2458 616 2528; x_wconf 84' lang='grc'><em>13).</em></span> <span class='ocrx_word' id='word_1_240' title='bbox 646 2456 802 2523; x_wconf 88' lang='lat' dir='ltr'><em>Nam,</em></span> <span class='ocrx_word' id='word_1_241' title='bbox 834 2454 936 2511; x_wconf 89' lang='lat' dir='ltr'><em>etsi</em></span> <span class='ocrx_word' id='word_1_242' title='bbox 965 2452 1221 2510; x_wconf 84' lang='lat' dir='ltr'><em>habitare</em></span> <span class='ocrx_word' id='word_1_243' title='bbox 1250 2452 1459 2509; x_wconf 89' lang='lat' dir='ltr'><em>bonum</em></span> <span class='ocrx_word' id='word_1_244' title='bbox 1496 2454 1561 2508; x_wconf 90' lang='lat' dir='ltr'><em>in</em></span> <span class='ocrx_word' id='word_1_245' title='bbox 1591 2467 1761 2510; x_wconf 87' lang='lat' dir='ltr'><em>carne</em></span> <span class='ocrx_word' id='word_1_246' title='bbox 1782 2467 1887 2508; x_wconf 89' lang='lat' dir='ltr'><em>sua</em></span> <span class='ocrx_word' id='word_1_247' title='bbox 1914 2454 2095 2523; x_wconf 84' lang='lat' dir='ltr'><em>(Rom.</em></span> 
     </span>
    </p>
   </div>
   <div class='ocr_carea' id='block_1_26' title="bbox 495 2540 2095 2618">
    <p class='ocr_par' dir='ltr' id='par_1_26' title="bbox 495 2540 2095 2618">
     <span class='ocr_line' id='line_1_26' title="bbox 495 2540 2095 2618; baseline -0.003 -15"><span class='ocrx_word' id='word_1_248' title='bbox 495 2561 594 2617; x_wconf 82' lang='lat' dir='ltr'><em>vn,</em></span> <span class='ocrx_word' id='word_1_249' title='bbox 628 2546 722 2616; x_wconf 81' lang='lat' dir='ltr'><em>l8)</em></span> <span class='ocrx_word' id='word_1_250' title='bbox 778 2542 1017 2618; x_wconf 80' lang='lat' dir='ltr'><em>negavit,</em></span> <span class='ocrx_word' id='word_1_251' title='bbox 1073 2542 1170 2599; x_wconf 86' lang='lat' dir='ltr'><em>sed</em></span> <span class='ocrx_word' id='word_1_252' title='bbox 1218 2540 1513 2598; x_wconf 87' lang='lat' dir='ltr'><em>secundum</em></span> <span class='ocrx_word' id='word_1_253' title='bbox 1568 2541 1745 2613; x_wconf 83' lang='lat' dir='ltr'><em>legem</em></span> <span class='ocrx_word' id='word_1_254' title='bbox 1802 2540 1992 2598; x_wconf 68' lang='lat' dir='ltr'><em>litterae</em></span> <span class='ocrx_word' id='word_1_255' title='bbox 2040 2543 2095 2599; x_wconf 91' lang='lat' dir='ltr'><em>in</em></span> 
     </span>
    </p>
   </div>
   <div class='ocr_carea' id='block_1_27' title="bbox 494 2630 2096 2707">
    <p class='ocr_par' dir='ltr' id='par_1_27' title="bbox 494 2630 2096 2707">
     <span class='ocr_line' id='line_1_27' title="bbox 494 2630 2096 2707; baseline 0 -17"><span class='ocrx_word' id='word_1_256' title='bbox 494 2650 604 2707; x_wconf 87' lang='lat' dir='ltr'><em>qua</em></span> <span class='ocrx_word' id='word_1_257' title='bbox 632 2633 770 2704; x_wconf 84' lang='lat' dir='ltr'><em>fuit;</em></span> <span class='ocrx_word' id='word_1_258' title='bbox 820 2631 1123 2687; x_wconf 90' lang='lat' dir='ltr'><em>secundum</em></span> <span class='ocrx_word' id='word_1_259' title='bbox 1168 2640 1343 2686; x_wconf 91' lang='lat' dir='ltr'><em>autem</em></span> <span class='ocrx_word' id='word_1_260' title='bbox 1382 2630 1561 2702; x_wconf 81' lang='lat' dir='ltr'><em>legem</em></span> <span class='ocrx_word' id='word_1_261' title='bbox 1607 2631 1851 2702; x_wconf 89' lang='lat' dir='ltr'><em>spiritus,</em></span> <span class='ocrx_word' id='word_1_262' title='bbox 1880 2631 1967 2687; x_wconf 91' lang='lat' dir='ltr'><em>cui</em></span> <span class='ocrx_word' id='word_1_263' title='bbox 1994 2647 2096 2690; x_wconf 85' lang='lat' dir='ltr'><em>nos</em></span> 
     </span>
    </p>
   </div>
   <div class='ocr_carea' id='block_1_28' title="bbox 494 2717 2092 2790">
    <p class='ocr_par' dir='ltr' id='par_1_28' title="bbox 494 2717 2092 2790">
     <span class='ocr_line' id='line_1_28' title="bbox 494 2717 2092 2790; baseline -0.001 -12"><span class='ocrx_word' id='word_1_264' title='bbox 494 2722 747 2790; x_wconf 87' lang='lat' dir='ltr'><em>adnectit,</em></span> <span class='ocrx_word' id='word_1_265' title='bbox 802 2720 997 2777; x_wconf 85' lang='lat' dir='ltr'><em>liberat</em></span> <span class='ocrx_word' id='word_1_266' title='bbox 1040 2720 1108 2774; x_wconf 88' lang='lat' dir='ltr'><em>ab</em></span> <span class='ocrx_word' id='word_1_267' title='bbox 1159 2717 1467 2775; x_wconf 84' lang='lat' dir='ltr'><em>inﬁrmitate</em></span> <span class='ocrx_word' id='word_1_268' title='bbox 1508 2719 1721 2777; x_wconf 89' lang='lat' dir='ltr'><em>carnis:</em></span> <span class='ocrx_word' id='word_1_269' title='bbox 1774 2722 1887 2777; x_wconf 75' lang='lat' dir='ltr'><em>Lex</em></span> <span class='ocrx_word' id='word_1_270' title='bbox 1917 2723 2092 2790; x_wconf 87' lang='lat' dir='ltr'><em>enim,</em></span> 
     </span>
    </p>
   </div>
   <div class='ocr_carea' id='block_1_29' title="bbox 493 2807 2096 2884">
    <p class='ocr_par' dir='ltr' id='par_1_29' title="bbox 493 2807 2096 2884">
     <span class='ocr_line' id='line_1_29' title="bbox 493 2807 2096 2884; baseline -0.001 -15"><span class='ocrx_word' id='word_1_271' title='bbox 493 2813 690 2884; x_wconf 89' lang='lat' dir='ltr'><em>inquit,</em></span> <span class='ocrx_word' id='word_1_272' title='bbox 740 2812 979 2883; x_wconf 84' lang='lat' dir='ltr'><em>spiritus</em></span> <span class='ocrx_word' id='word_1_273' title='bbox 1026 2808 1163 2865; x_wconf 70' lang='lat' dir='ltr'><em>vita:</em></span> <span class='ocrx_word' id='word_1_274' title='bbox 1196 2810 1540 2867; x_wconf 87' lang='lat' dir='ltr'><em>manumisit</em></span> <span class='ocrx_word' id='word_1_275' title='bbox 1568 2815 1623 2866; x_wconf 90' lang='lat' dir='ltr'><em>te</em></span> <span class='ocrx_word' id='word_1_276' title='bbox 1655 2828 1692 2866; x_wconf 90' lang='lat' dir='ltr'><em>a</em></span> <span class='ocrx_word' id='word_1_277' title='bbox 1724 2807 1949 2865; x_wconf 76' lang='lat'><strong>1014</strong></span> <span class='ocrx_word' id='word_1_278' title='bbox 1980 2812 2096 2883; x_wconf 91' lang='lat' dir='ltr'><em>lege</em></span> 
     </span>
    </p>
   </div>
   <div class='ocr_carea' id='block_1_30' title="bbox 496 2898 2093 2975">
    <p class='ocr_par' dir='ltr' id='par_1_30' title="bbox 496 2898 2093 2975">
     <span class='ocr_line' id='line_1_30' title="bbox 496 2898 2093 2975; baseline -0.003 -15"><span class='ocrx_word' id='word_1_279' title='bbox 496 2901 896 2975; x_wconf 73' lang='lat' dir='ltr'><em>delinquentire</em></span> <span class='ocrx_word' id='word_1_280' title='bbox 940 2902 996 2954; x_wconf 91' lang='lat' dir='ltr'><em>et</em></span> <span class='ocrx_word' id='word_1_281' title='bbox 1023 2899 1227 2957; x_wconf 86' lang='lat' dir='ltr'><em>mortis</em></span> <span class='ocrx_word' id='word_1_282' title='bbox 1255 2898 1431 2969; x_wconf 82' lang='lat' dir='ltr'><em>(Rom.</em></span> <span class='ocrx_word' id='word_1_283' title='bbox 1471 2913 1598 2965; x_wconf 80' lang='lat' dir='ltr'><em>VIII,</em></span> <span class='ocrx_word' id='word_1_284' title='bbox 1648 2898 1720 2965; x_wconf 96' lang='lat'><em>2).</em></span> <span class='ocrx_word' id='word_1_285' title='bbox 1771 2898 1921 2955; x_wconf 87' lang='lat' dir='ltr'><em>Licet</em></span> <span class='ocrx_word' id='word_1_286' title='bbox 1947 2900 2093 2956; x_wconf 89' lang='lat' dir='ltr'><em>enim</em></span> 
     </span>
    </p>
   </div>
   <div class='ocr_carea' id='block_1_31' title="bbox 495 2985 2094 3060">
    <p class='ocr_par' dir='ltr' id='par_1_31' title="bbox 495 2985 2094 3060">
     <span class='ocr_line' id='line_1_31' title="bbox 495 2985 2094 3060; baseline 0 -13"><span class='ocrx_word' id='word_1_287' title='bbox 495 3005 563 3047; x_wconf 83' lang='lat' dir='ltr'><em>ex</em></span> <span class='ocrx_word' id='word_1_288' title='bbox 599 2997 749 3060; x_wconf 89' lang='lat' dir='ltr'><em>parte</em></span> <span class='ocrx_word' id='word_1_289' title='bbox 775 3004 841 3044; x_wconf 87' lang='lat' dir='ltr'><em>ex</em></span> <span class='ocrx_word' id='word_1_290' title='bbox 867 2985 1139 3043; x_wconf 85' lang='lat' dir='ltr'><em>Judaismo</em></span> <span class='ocrx_word' id='word_1_291' title='bbox 1178 2986 1452 3057; x_wconf 83' lang='lat' dir='ltr'><em>disputare</em></span> <span class='ocrx_word' id='word_1_292' title='bbox 1496 2986 1760 3056; x_wconf 88' lang='lat' dir='ltr'><em>videatur,</em></span> <span class='ocrx_word' id='word_1_293' title='bbox 1788 2987 1883 3045; x_wconf 92' lang='lat' dir='ltr'><em>sed</em></span> <span class='ocrx_word' id='word_1_294' title='bbox 1910 2988 1966 3044; x_wconf 92' lang='lat' dir='ltr'><em>in</em></span> <span class='ocrx_word' id='word_1_295' title='bbox 1994 3004 2094 3047; x_wconf 83' lang='lat' dir='ltr'><em>nos</em></span> 
     </span>
    </p>
   </div>
   <div class='ocr_carea' id='block_1_32' title="bbox 496 3073 2096 3150">
    <p class='ocr_par' dir='ltr' id='par_1_32' title="bbox 496 3073 2096 3150">
     <span class='ocr_line' id='line_1_32' title="bbox 496 3073 2096 3150; baseline 0.001 -18"><span class='ocrx_word' id='word_1_296' title='bbox 496 3076 680 3150; x_wconf 75' lang='lat' dir='ltr'><em>dirigit</em></span> <span class='ocrx_word' id='word_1_297' title='bbox 717 3073 1087 3147; x_wconf 78' lang='lat' dir='ltr'><em>integritatem</em></span> <span class='ocrx_word' id='word_1_298' title='bbox 1134 3081 1188 3132; x_wconf 89' lang='lat' dir='ltr'><em>et</em></span> <span class='ocrx_word' id='word_1_299' title='bbox 1227 3074 1622 3146; x_wconf 87' lang='lat' dir='ltr'><em>plenitudinem</em></span> <span class='ocrx_word' id='word_1_300' title='bbox 1670 3075 2096 3148; x_wconf 85' lang='lat' dir='ltr'><em>disciplinarum,</em></span> 
     </span>
    </p>
   </div>
   <div class='ocr_carea' id='block_1_33' title="bbox 495 3163 2097 3239">
    <p class='ocr_par' dir='ltr' id='par_1_33' title="bbox 495 3163 2097 3239">
     <span class='ocr_line' id='line_1_33' title="bbox 495 3163 2097 3239; baseline 0.001 -15"><span class='ocrx_word' id='word_1_301' title='bbox 495 3173 721 3239; x_wconf 88' lang='lat' dir='ltr'><em>propter</em></span> <span class='ocrx_word' id='word_1_302' title='bbox 766 3180 904 3236; x_wconf 92' lang='lat' dir='ltr'><em>quos</em></span> <span class='ocrx_word' id='word_1_303' title='bbox 951 3163 1264 3221; x_wconf 81' lang='lat' dir='ltr'><em>laborantes</em></span> <span class='ocrx_word' id='word_1_304' title='bbox 1302 3165 1357 3220; x_wconf 90' lang='lat' dir='ltr'><em>in</em></span> <span class='ocrx_word' id='word_1_305' title='bbox 1400 3165 1523 3237; x_wconf 82' lang='lat' dir='ltr'><em>lege</em></span> <span class='ocrx_word' id='word_1_306' title='bbox 1551 3181 1647 3236; x_wconf 90' lang='lat' dir='ltr'><em>per</em></span> <span class='ocrx_word' id='word_1_307' title='bbox 1676 3180 1894 3222; x_wconf 89' lang='lat' dir='ltr'><em>carnem</em></span> <span class='ocrx_word' id='word_1_308' title='bbox 1920 3170 2097 3226; x_wconf 85' lang='lat' dir='ltr'><em>mise-</em></span> 
     </span>
    </p>
   </div>
   <div class='ocr_carea' id='block_1_34' title="bbox 494 3252 2099 3314">
    <p class='ocr_par' dir='ltr' id='par_1_34' title="bbox 494 3252 2099 3314">
     <span class='ocr_line' id='line_1_34' title="bbox 494 3252 2099 3314; baseline 0 -1"><span class='ocrx_word' id='word_1_309' title='bbox 494 3258 581 3314; x_wconf 88' lang='lat' dir='ltr'><em>rit</em></span> <span class='ocrx_word' id='word_1_310' title='bbox 599 3257 744 3313; x_wconf 89' lang='lat' dir='ltr'><em>Deus</em></span> <span class='ocrx_word' id='word_1_311' title='bbox 764 3255 976 3311; x_wconf 87' lang='lat' dir='ltr'><em>Filium</em></span> <span class='ocrx_word' id='word_1_312' title='bbox 994 3268 1158 3311; x_wconf 87' lang='lat' dir='ltr'><em>suum</em></span> <span class='ocrx_word' id='word_1_313' title='bbox 1180 3254 1244 3309; x_wconf 87' lang='lat' dir='ltr'><em>in</em></span> <span class='ocrx_word' id='word_1_314' title='bbox 1265 3252 1706 3310; x_wconf 81' lang='lat' dir='ltr'><em>similitudinem</em></span> <span class='ocrx_word' id='word_1_315' title='bbox 1718 3256 1910 3313; x_wconf 86' lang='lat' dir='ltr'><em>carnis</em></span> <span class='ocrx_word' id='word_1_316' title='bbox 1926 3256 2099 3314; x_wconf 87' lang='lat' dir='ltr'><em>delin-</em></span> 
     </span>
    </p>
   </div>
   <div class='ocr_carea' id='block_1_35' title="bbox 496 3342 2097 3419">
    <p class='ocr_par' dir='ltr' id='par_1_35' title="bbox 496 3342 2097 3419">
     <span class='ocr_line' id='line_1_35' title="bbox 496 3342 2097 3419; baseline -0.001 -15"><span class='ocrx_word' id='word_1_317' title='bbox 496 3346 765 3419; x_wconf 69' lang='lat' dir='ltr'><em>quentiae,</em></span> <span class='ocrx_word' id='word_1_318' title='bbox 794 3351 849 3399; x_wconf 90' lang='lat' dir='ltr'><em>et</em></span> <span class='ocrx_word' id='word_1_319' title='bbox 874 3347 1108 3416; x_wconf 85' lang='lat' dir='ltr'><em>prepter</em></span> <span class='ocrx_word' id='word_1_320' title='bbox 1131 3342 1583 3415; x_wconf 79' lang='lat' dir='ltr'><em>delinquentium</em></span> <span class='ocrx_word' id='word_1_321' title='bbox 1612 3342 1971 3402; x_wconf 83' lang='lat' dir='ltr'><em>damnaverit</em></span> <span class='ocrx_word' id='word_1_322' title='bbox 1999 3344 2097 3402; x_wconf 89' lang='lat' dir='ltr'><em>de-</em></span> 
     </span>
    </p>
   </div>
   <div class='ocr_carea' id='block_1_36' title="bbox 500 3430 2100 3507">
    <p class='ocr_par' dir='ltr' id='par_1_36' title="bbox 500 3430 2100 3507">
     <span class='ocr_line' id='line_1_36' title="bbox 500 3430 2100 3507; baseline -0.004 -15"><span class='ocrx_word' id='word_1_323' title='bbox 500 3435 878 3507; x_wconf 86' lang='lat' dir='ltr'><em>linquentiam</em></span> <span class='ocrx_word' id='word_1_324' title='bbox 906 3432 969 3489; x_wconf 88' lang='lat' dir='ltr'><em>in</em></span> <span class='ocrx_word' id='word_1_325' title='bbox 998 3447 1207 3501; x_wconf 86' lang='lat' dir='ltr'><em>carne;</em></span> <span class='ocrx_word' id='word_1_326' title='bbox 1231 3436 1300 3489; x_wconf 88' lang='lat' dir='ltr'><em>ut</em></span> <span class='ocrx_word' id='word_1_327' title='bbox 1335 3433 1435 3504; x_wconf 88' lang='lat' dir='ltr'><em>jus</em></span> <span class='ocrx_word' id='word_1_328' title='bbox 1486 3432 1641 3504; x_wconf 82' lang='lat' dir='ltr'><em>legis,</em></span> <span class='ocrx_word' id='word_1_329' title='bbox 1672 3430 1865 3503; x_wconf 90' lang='lat' dir='ltr'><em>inquit,</em></span> <span class='ocrx_word' id='word_1_330' title='bbox 1903 3433 2100 3505; x_wconf 80' lang='lat' dir='ltr'><em>imple-</em></span> 
     </span>
    </p>
   </div>
   <div class='ocr_carea' id='block_1_37' title="bbox 497 3520 2100 3596">
    <p class='ocr_par' dir='ltr' id='par_1_37' title="bbox 497 3520 2100 3596">
     <span class='ocr_line' id='line_1_37' title="bbox 497 3520 2100 3596; baseline -0.002 -14"><span class='ocrx_word' id='word_1_331' title='bbox 497 3529 658 3583; x_wconf 87' lang='lat' dir='ltr'><em>retur</em></span> <span class='ocrx_word' id='word_1_332' title='bbox 700 3525 765 3581; x_wconf 89' lang='lat' dir='ltr'><em>in</em></span> <span class='ocrx_word' id='word_1_333' title='bbox 821 3522 997 3590; x_wconf 84' lang='lat' dir='ltr'><em>nobis,</em></span> <span class='ocrx_word' id='word_1_334' title='bbox 1056 3522 1153 3596; x_wconf 85' lang='lat' dir='ltr'><em>qui</em></span> <span class='ocrx_word' id='word_1_335' title='bbox 1200 3537 1317 3580; x_wconf 90' lang='lat' dir='ltr'><em>non</em></span> <span class='ocrx_word' id='word_1_336' title='bbox 1358 3521 1670 3579; x_wconf 88' lang='lat' dir='ltr'><em>secundum</em></span> <span class='ocrx_word' id='word_1_337' title='bbox 1707 3536 1961 3589; x_wconf 87' lang='lat' dir='ltr'><em>carnem,</em></span> <span class='ocrx_word' id='word_1_338' title='bbox 2006 3520 2100 3579; x_wconf 87' lang='lat' dir='ltr'><em>sed</em></span> 
     </span>
    </p>
   </div>
   <div class='ocr_carea' id='block_1_38' title="bbox 497 3609 2099 3682">
    <p class='ocr_par' dir='ltr' id='par_1_38' title="bbox 497 3609 2099 3682">
     <span class='ocr_line' id='line_1_38' title="bbox 497 3609 2099 3682; baseline -0.002 -14"><span class='ocrx_word' id='word_1_339' title='bbox 497 3612 813 3671; x_wconf 88' lang='lat' dir='ltr'><em>secundum</em></span> <span class='ocrx_word' id='word_1_340' title='bbox 832 3611 1101 3682; x_wconf 87' lang='lat' dir='ltr'><em>spiritum</em></span> <span class='ocrx_word' id='word_1_341' title='bbox 1120 3609 1455 3667; x_wconf 87' lang='lat' dir='ltr'><em>incedimus.</em></span> <span class='ocrx_word' id='word_1_342' title='bbox 1485 3610 1588 3677; x_wconf 84' lang='lat' dir='ltr'><em>Qui</em></span> <span class='ocrx_word' id='word_1_343' title='bbox 1611 3612 1767 3667; x_wconf 88' lang='lat' dir='ltr'><em>enim</em></span> <span class='ocrx_word' id='word_1_344' title='bbox 1791 3609 2099 3668; x_wconf 87' lang='lat' dir='ltr'><em>secundum</em></span> 
     </span>
    </p>
   </div>
   <div class='ocr_carea' id='block_1_39' title="bbox 498 3698 2097 3772">
    <p class='ocr_par' dir='ltr' id='par_1_39' title="bbox 498 3698 2097 3772">
     <span class='ocr_line' id='line_1_39' title="bbox 498 3698 2097 3772; baseline -0.002 -15"><span class='ocrx_word' id='word_1_345' title='bbox 498 3715 729 3757; x_wconf 87' lang='lat' dir='ltr'><em>carnem</em></span> <span class='ocrx_word' id='word_1_346' title='bbox 758 3698 1051 3766; x_wconf 89' lang='lat' dir='ltr'><em>incedunt,</em></span> <span class='ocrx_word' id='word_1_347' title='bbox 1082 3713 1148 3755; x_wconf 92' lang='lat' dir='ltr'><em>ea</em></span> <span class='ocrx_word' id='word_1_348' title='bbox 1175 3714 1298 3770; x_wconf 74' lang='lat' dir='ltr'><em>qua:</em></span> <span class='ocrx_word' id='word_1_349' title='bbox 1344 3700 1532 3755; x_wconf 88' lang='lat' dir='ltr'><em>carnis</em></span> <span class='ocrx_word' id='word_1_350' title='bbox 1570 3704 1707 3755; x_wconf 89' lang='lat' dir='ltr'><em>sunt</em></span> <span class='ocrx_word' id='word_1_351' title='bbox 1737 3701 2012 3772; x_wconf 87' lang='lat' dir='ltr'><em>sapiunt;</em></span> <span class='ocrx_word' id='word_1_352' title='bbox 2043 3702 2097 3757; x_wconf 90' lang='lat' dir='ltr'><em>et</em></span> 
     </span>
    </p>
   </div>
   <div class='ocr_carea' id='block_1_40' title="bbox 500 3787 2095 3861">
    <p class='ocr_par' dir='ltr' id='par_1_40' title="bbox 500 3787 2095 3861">
     <span class='ocr_line' id='line_1_40' title="bbox 500 3787 2095 3861; baseline 0.001 -17"><span class='ocrx_word' id='word_1_353' title='bbox 500 3790 599 3860; x_wconf 87' lang='lat' dir='ltr'><em>qui</em></span> <span class='ocrx_word' id='word_1_354' title='bbox 618 3788 926 3845; x_wconf 88' lang='lat' dir='ltr'><em>secundum</em></span> <span class='ocrx_word' id='word_1_355' title='bbox 949 3787 1244 3858; x_wconf 88' lang='lat' dir='ltr'><em>spiritum,</em></span> <span class='ocrx_word' id='word_1_356' title='bbox 1268 3802 1335 3843; x_wconf 92' lang='lat' dir='ltr'><em>ea</em></span> <span class='ocrx_word' id='word_1_357' title='bbox 1355 3804 1481 3859; x_wconf 70' lang='lat' dir='ltr'><em>quae</em></span> <span class='ocrx_word' id='word_1_358' title='bbox 1508 3792 1644 3844; x_wconf 88' lang='lat' dir='ltr'><em>sunt</em></span> <span class='ocrx_word' id='word_1_359' title='bbox 1673 3790 1913 3861; x_wconf 88' lang='lat' dir='ltr'><em>spiritus</em></span> <span class='ocrx_word' id='word_1_360' title='bbox 1934 3788 2095 3857; x_wconf 89' lang='lat' dir='ltr'><em>(Ibid.</em></span> 
     </span>
    </p>
   </div>
   <div class='ocr_carea' id='block_1_41' title="bbox 501 3874 2099 3946">
    <p class='ocr_par' dir='ltr' id='par_1_41' title="bbox 501 3874 2099 3946">
     <span class='ocr_line' id='line_1_41' title="bbox 501 3874 2099 3946; baseline 0.001 -15"><span class='ocrx_word' id='word_1_361' title='bbox 501 3878 666 3946; x_wconf 81' lang='lat'><em>3-5).</em></span> <span class='ocrx_word' id='word_1_362' title='bbox 720 3876 956 3933; x_wconf 86' lang='lat' dir='ltr'><em>Sensum</em></span> <span class='ocrx_word' id='word_1_363' title='bbox 1020 3885 1199 3930; x_wconf 88' lang='lat' dir='ltr'><em>autem</em></span> <span class='ocrx_word' id='word_1_364' title='bbox 1254 3877 1446 3932; x_wconf 88' lang='lat' dir='ltr'><em>carnis</em></span> <span class='ocrx_word' id='word_1_365' title='bbox 1498 3880 1741 3932; x_wconf 87' lang='lat' dir='ltr'><em>mortem</em></span> <span class='ocrx_word' id='word_1_366' title='bbox 1811 3874 2099 3933; x_wconf 84' lang='lat' dir='ltr'><em>afﬁrmavit</em></span> 
     </span>
    </p>
   </div>
   <div class='ocr_carea' id='block_1_42' title="bbox 499 3961 2094 4034">
    <p class='ocr_par' dir='ltr' id='par_1_42' title="bbox 499 3961 2094 4034">
     <span class='ocr_line' id='line_1_42' title="bbox 499 3961 2094 4034; baseline -0.001 -14"><span class='ocrx_word' id='word_1_367' title='bbox 499 3979 621 4020; x_wconf 85' lang='lat' dir='ltr'><em>esse</em></span> <span class='ocrx_word' id='word_1_368' title='bbox 653 3962 816 4033; x_wconf 88' lang='lat' dir='ltr'><em>(Ibid.</em></span> <span class='ocrx_word' id='word_1_369' title='bbox 859 3966 933 4034; x_wconf 88' lang='lat'><em>6).</em></span> <span class='ocrx_word' id='word_1_370' title='bbox 980 3961 1185 4018; x_wconf 91' lang='lat' dir='ltr'><em>Dehinc</em></span> <span class='ocrx_word' id='word_1_371' title='bbox 1231 3970 1285 4017; x_wconf 90' lang='lat' dir='ltr'><em>et</em></span> <span class='ocrx_word' id='word_1_372' title='bbox 1331 3962 1663 4019; x_wconf 88' lang='lat' dir='ltr'><em>inimicitiam</em></span> <span class='ocrx_word' id='word_1_373' title='bbox 1711 3964 1855 4020; x_wconf 90' lang='lat' dir='ltr'><em>etin</em></span> <span class='ocrx_word' id='word_1_374' title='bbox 1900 3965 2094 4032; x_wconf 90' lang='lat' dir='ltr'><em>Deum,</em></span> 
     </span>
    </p>
   </div>
   <div class='ocr_carea' id='block_1_43' title="bbox 498 4050 2096 4124">
    <p class='ocr_par' dir='ltr' id='par_1_43' title="bbox 498 4050 2096 4124">
     <span class='ocr_line' id='line_1_43' title="bbox 498 4050 2096 4124; baseline 0.001 -15"><span class='ocrx_word' id='word_1_375' title='bbox 498 4059 554 4109; x_wconf 90' lang='lat' dir='ltr'><em>et</em></span> <span class='ocrx_word' id='word_1_376' title='bbox 608 4066 704 4109; x_wconf 90' lang='lat' dir='ltr'><em>eos</em></span> <span class='ocrx_word' id='word_1_377' title='bbox 756 4051 848 4124; x_wconf 89' lang='lat' dir='ltr'><em>qui</em></span> <span class='ocrx_word' id='word_1_378' title='bbox 891 4059 1016 4107; x_wconf 89' lang='lat' dir='ltr'><em>sunt</em></span> <span class='ocrx_word' id='word_1_379' title='bbox 1064 4050 1120 4106; x_wconf 90' lang='lat' dir='ltr'><em>in</em></span> <span class='ocrx_word' id='word_1_380' title='bbox 1164 4067 1340 4119; x_wconf 90' lang='lat' dir='ltr'><em>carne,</em></span> <span class='ocrx_word' id='word_1_381' title='bbox 1387 4052 1444 4107; x_wconf 90' lang='lat' dir='ltr'><em>id</em></span> <span class='ocrx_word' id='word_1_382' title='bbox 1494 4061 1577 4108; x_wconf 85' lang='lat' dir='ltr'><em>est</em></span> <span class='ocrx_word' id='word_1_383' title='bbox 1604 4052 1659 4109; x_wconf 90' lang='lat' dir='ltr'><em>in</em></span> <span class='ocrx_word' id='word_1_384' title='bbox 1698 4069 1862 4111; x_wconf 90' lang='lat' dir='ltr'><em>sensu</em></span> <span class='ocrx_word' id='word_1_385' title='bbox 1900 4054 2096 4123; x_wconf 89' lang='lat' dir='ltr'><em>carnis,</em></span> 
     </span>
    </p>
   </div>
   <div class='ocr_carea' id='block_1_44' title="bbox 499 4140 2097 4215">
    <p class='ocr_par' dir='ltr' id='par_1_44' title="bbox 499 4140 2097 4215">
     <span class='ocr_line' id='line_1_44' title="bbox 499 4140 2097 4215; baseline 0 -17"><span class='ocrx_word' id='word_1_386' title='bbox 499 4142 619 4198; x_wconf 91' lang='lat' dir='ltr'><em>Deo</em></span> <span class='ocrx_word' id='word_1_387' title='bbox 650 4141 865 4214; x_wconf 87' lang='lat' dir='ltr'><em>placere</em></span> <span class='ocrx_word' id='word_1_388' title='bbox 893 4156 1001 4197; x_wconf 91' lang='lat' dir='ltr'><em>non</em></span> <span class='ocrx_word' id='word_1_389' title='bbox 1032 4155 1189 4212; x_wconf 89' lang='lat' dir='ltr'><em>posse</em></span> <span class='ocrx_word' id='word_1_390' title='bbox 1220 4140 1379 4212; x_wconf 90' lang='lat' dir='ltr'><em>(Ibid.</em></span> <span class='ocrx_word' id='word_1_391' title='bbox 1407 4143 1489 4215; x_wconf 88' lang='lat'><em>7).</em></span> <span class='ocrx_word' id='word_1_392' title='bbox 1529 4140 1628 4198; x_wconf 87' lang='lat' dir='ltr'><em>Et:</em></span> <span class='ocrx_word' id='word_1_393' title='bbox 1684 4143 1744 4200; x_wconf 91' lang='lat' dir='ltr'><em>Si</em></span> <span class='ocrx_word' id='word_1_394' title='bbox 1788 4142 2097 4201; x_wconf 86' lang='lat' dir='ltr'><em>secundum</em></span> 
     </span>
    </p>
   </div>
   <div class='ocr_carea' id='block_1_45' title="bbox 502 4228 2100 4301">
    <p class='ocr_par' dir='ltr' id='par_1_45' title="bbox 502 4228 2100 4301">
     <span class='ocr_line' id='line_1_45' title="bbox 502 4228 2100 4301; baseline 0.001 -13"><span class='ocrx_word' id='word_1_395' title='bbox 502 4246 735 4289; x_wconf 89' lang='lat' dir='ltr'><em>carnem</em></span> <span class='ocrx_word' id='word_1_396' title='bbox 762 4231 978 4298; x_wconf 88' lang='lat' dir='ltr'><em>vivitis,</em></span> <span class='ocrx_word' id='word_1_397' title='bbox 1020 4228 1211 4301; x_wconf 87' lang='lat' dir='ltr'><em>inquit,</em></span> <span class='ocrx_word' id='word_1_398' title='bbox 1256 4232 1526 4301; x_wconf 88' lang='lat' dir='ltr'><em>futurum</em></span> <span class='ocrx_word' id='word_1_399' title='bbox 1553 4234 1639 4288; x_wconf 89' lang='lat' dir='ltr'><em>est</em></span> <span class='ocrx_word' id='word_1_400' title='bbox 1664 4234 1732 4288; x_wconf 87' lang='lat' dir='ltr'><em>ut</em></span> <span class='ocrx_word' id='word_1_401' title='bbox 1766 4233 2100 4289; x_wconf 76' lang='lat' dir='ltr'><em>moriemini</em></span> 
     </span>
    </p>
   </div>
   <div class='ocr_carea' id='block_1_46' title="bbox 504 4318 2096 4391">
    <p class='ocr_par' dir='ltr' id='par_1_46' title="bbox 504 4318 2096 4391">
     <span class='ocr_line' id='line_1_46' title="bbox 504 4318 2096 4391; baseline -0.001 -14"><span class='ocrx_word' id='word_1_402' title='bbox 504 4319 664 4390; x_wconf 89' lang='lat' dir='ltr'><em>(Ibid.</em></span> <span class='ocrx_word' id='word_1_403' title='bbox 700 4320 811 4389; x_wconf 83' lang='grc'><em>13).</em></span> <span class='ocrx_word' id='word_1_404' title='bbox 856 4318 1001 4389; x_wconf 88' lang='lat' dir='ltr'><em>Quid</em></span> <span class='ocrx_word' id='word_1_405' title='bbox 1047 4328 1229 4375; x_wconf 90' lang='lat' dir='ltr'><em>autem</em></span> <span class='ocrx_word' id='word_1_406' title='bbox 1278 4318 1629 4391; x_wconf 87' lang='lat' dir='ltr'><em>intelligimus</em></span> <span class='ocrx_word' id='word_1_407' title='bbox 1665 4322 1841 4376; x_wconf 89' lang='lat' dir='ltr'><em>carnis</em></span> <span class='ocrx_word' id='word_1_408' title='bbox 1878 4336 2096 4377; x_wconf 89' lang='lat' dir='ltr'><em>sensum</em></span> 
     </span>
    </p>
   </div>
   <div class='ocr_carea' id='block_1_47' title="bbox 500 4408 2092 4482">
    <p class='ocr_par' dir='ltr' id='par_1_47' title="bbox 500 4408 2092 4482">
     <span class='ocr_line' id='line_1_47' title="bbox 500 4408 2092 4482; baseline 0.001 -17"><span class='ocrx_word' id='word_1_409' title='bbox 500 4416 557 4465; x_wconf 89' lang='lat' dir='ltr'><em>et</em></span> <span class='ocrx_word' id='word_1_410' title='bbox 605 4408 785 4465; x_wconf 88' lang='lat' dir='ltr'><em>carnis</em></span> <span class='ocrx_word' id='word_1_411' title='bbox 832 4410 1012 4477; x_wconf 89' lang='lat' dir='ltr'><em>vitam,</em></span> <span class='ocrx_word' id='word_1_412' title='bbox 1072 4408 1177 4465; x_wconf 88' lang='lat' dir='ltr'><em>nisi</em></span> <span class='ocrx_word' id='word_1_413' title='bbox 1226 4410 1589 4482; x_wconf 90' lang='lat' dir='ltr'><em>quodcunque</em></span> <span class='ocrx_word' id='word_1_414' title='bbox 1635 4410 1801 4480; x_wconf 90' lang='lat' dir='ltr'><em>pudet</em></span> <span class='ocrx_word' id='word_1_415' title='bbox 1844 4425 2092 4481; x_wconf 88' lang='lat' dir='ltr'><em>pronun-</em></span> 
     </span>
    </p>
   </div>
   <div class='ocr_carea' id='block_1_48' title="bbox 502 4497 2093 4569">
    <p class='ocr_par' dir='ltr' id='par_1_48' title="bbox 502 4497 2093 4569">
     <span class='ocr_line' id='line_1_48' title="bbox 502 4497 2093 4569; baseline 0.002 -16"><span class='ocrx_word' id='word_1_416' title='bbox 502 4497 680 4554; x_wconf 81' lang='lat' dir='ltr'><em>tiare?</em></span> <span class='ocrx_word' id='word_1_417' title='bbox 716 4507 909 4556; x_wconf 74' lang='lat' dir='ltr'><em>caetera</em></span> <span class='ocrx_word' id='word_1_418' title='bbox 955 4497 1102 4555; x_wconf 88' lang='lat' dir='ltr'><em>enim</em></span> <span class='ocrx_word' id='word_1_419' title='bbox 1139 4498 1314 4554; x_wconf 89' lang='lat' dir='ltr'><em>carnis</em></span> <span class='ocrx_word' id='word_1_420' title='bbox 1341 4506 1395 4553; x_wconf 90' lang='lat' dir='ltr'><em>et</em></span> <span class='ocrx_word' id='word_1_421' title='bbox 1422 4498 1716 4569; x_wconf 82' lang='lat' dir='ltr'><em>Apostolus</em></span> <span class='ocrx_word' id='word_1_422' title='bbox 1742 4498 2093 4557; x_wconf 88' lang='lat' dir='ltr'><em>nominasset.</em></span> 
     </span>
    </p>
   </div>
   <div class='ocr_carea' id='block_1_49' title="bbox 504 4587 2096 4661">
    <p class='ocr_par' dir='ltr' id='par_1_49' title="bbox 504 4587 2096 4661">
     <span class='ocr_line' id='line_1_49' title="bbox 504 4587 2096 4661; baseline 0.003 -20"><span class='ocrx_word' id='word_1_423' title='bbox 504 4587 742 4643; x_wconf 89' lang='lat' dir='ltr'><em>Proinde</em></span> <span class='ocrx_word' id='word_1_424' title='bbox 798 4596 850 4646; x_wconf 89' lang='lat' dir='ltr'><em>et</em></span> <span class='ocrx_word' id='word_1_425' title='bbox 885 4588 1140 4661; x_wconf 89' lang='lat' dir='ltr'><em>Ephesiis</em></span> <span class='ocrx_word' id='word_1_426' title='bbox 1194 4587 1442 4659; x_wconf 88' lang='lat' dir='ltr'><em>pristinia</em></span> <span class='ocrx_word' id='word_1_427' title='bbox 1498 4595 1771 4659; x_wconf 85' lang='lat' dir='ltr'><em>reputans,</em></span> <span class='ocrx_word' id='word_1_428' title='bbox 1821 4589 1889 4644; x_wconf 91' lang='lat' dir='ltr'><em>de</em></span> <span class='ocrx_word' id='word_1_429' title='bbox 1918 4588 2096 4647; x_wconf 88' lang='lat' dir='ltr'><em>futuro</em></span> 
     </span>
    </p>
   </div>
   <div class='ocr_carea' id='block_1_50' title="bbox 505 4679 2097 4751">
    <p class='ocr_par' dir='ltr' id='par_1_50' title="bbox 505 4679 2097 4751">
     <span class='ocr_line' id='line_1_50' title="bbox 505 4679 2097 4751; baseline 0.003 -19"><span class='ocrx_word' id='word_1_430' title='bbox 505 4684 720 4734; x_wconf 88' lang='lat' dir='ltr'><em>monet:</em></span> <span class='ocrx_word' id='word_1_431' title='bbox 754 4679 819 4734; x_wconf 91' lang='lat' dir='ltr'><em>In</em></span> <span class='ocrx_word' id='word_1_432' title='bbox 840 4679 1037 4750; x_wconf 86' lang='lat' dir='ltr'><em>quibus</em></span> <span class='ocrx_word' id='word_1_433' title='bbox 1054 4684 1106 4736; x_wconf 88' lang='lat' dir='ltr'><em>et</em></span> <span class='ocrx_word' id='word_1_434' title='bbox 1120 4694 1220 4735; x_wconf 88' lang='lat' dir='ltr'><em>nos</em></span> <span class='ocrx_word' id='word_1_435' title='bbox 1246 4679 1559 4736; x_wconf 89' lang='lat' dir='ltr'><em>conversati</em></span> <span class='ocrx_word' id='word_1_436' title='bbox 1584 4694 1799 4748; x_wconf 89' lang='lat' dir='ltr'><em>sumus,</em></span> <span class='ocrx_word' id='word_1_437' title='bbox 1817 4680 2097 4751; x_wconf 82' lang='lat' dir='ltr'><em>facientes</em></span> 
     </span>
    </p>
   </div>
   <div class='ocr_carea' id='block_1_51' title="bbox 506 4768 2092 4842">
    <p class='ocr_par' dir='ltr' id='par_1_51' title="bbox 506 4768 2092 4842">
     <span class='ocr_line' id='line_1_51' title="bbox 506 4768 2092 4842; baseline 0.003 -17"><span class='ocrx_word' id='word_1_438' title='bbox 506 4770 990 4842; x_wconf 86' lang='lat' dir='ltr'><em>concupiscentias</em></span> <span class='ocrx_word' id='word_1_439' title='bbox 1019 4774 1076 4827; x_wconf 90' lang='lat' dir='ltr'><em>et</em></span> <span class='ocrx_word' id='word_1_440' title='bbox 1102 4770 1416 4842; x_wconf 83' lang='lat' dir='ltr'><em>voluptates</em></span> <span class='ocrx_word' id='word_1_441' title='bbox 1454 4770 1645 4827; x_wconf 87' lang='lat' dir='ltr'><em>carnis</em></span> <span class='ocrx_word' id='word_1_442' title='bbox 1666 4768 1890 4842; x_wconf 85' lang='lat' dir='ltr'><em>(Ephes.</em></span> <span class='ocrx_word' id='word_1_443' title='bbox 1922 4785 1983 4839; x_wconf 83' lang='grc' dir='ltr'><strong><em>ιι,</em></strong></span> <span class='ocrx_word' id='word_1_444' title='bbox 2017 4771 2092 4841; x_wconf 88' lang='lat'><em>3).</em></span> 
     </span>
    </p>
   </div>
   <div class='ocr_carea' id='block_1_52' title="bbox 505 4848 2094 4932">
    <p class='ocr_par' dir='ltr' id='par_1_52' title="bbox 505 4848 2094 4932">
     <span class='ocr_line' id='line_1_52' title="bbox 505 4848 2094 4932; baseline 0.001 -19"><span class='ocrx_word' id='word_1_445' title='bbox 505 4856 714 4914; x_wconf 88' lang='lat' dir='ltr'><em>Notans</em></span> <span class='ocrx_word' id='word_1_446' title='bbox 775 4848 1008 4929; x_wconf 85' lang='lat' dir='ltr'><em>denique</em></span> <span class='ocrx_word' id='word_1_447' title='bbox 1063 4857 1182 4914; x_wconf 83' lang='lat' dir='ltr'><em>illos</em></span> <span class='ocrx_word' id='word_1_448' title='bbox 1238 4858 1329 4929; x_wconf 87' lang='lat' dir='ltr'><em>qui</em></span> <span class='ocrx_word' id='word_1_449' title='bbox 1388 4874 1446 4914; x_wconf 90' lang='lat' dir='ltr'><em>se</em></span> <span class='ocrx_word' id='word_1_450' title='bbox 1496 4866 1830 4932; x_wconf 88' lang='lat' dir='ltr'><em>negassent,</em></span> <span class='ocrx_word' id='word_1_451' title='bbox 1890 4858 2094 4915; x_wconf 86' lang='lat' dir='ltr'><em>scilicet</em></span> 
     </span>
    </p>
   </div>
   <div class='ocr_carea' id='block_1_53' title="bbox 2202 1294 3791 1367">
    <p class='ocr_par' dir='ltr' id='par_1_53' title="bbox 2202 1294 3791 1367">
     <span class='ocr_line' id='line_1_53' title="bbox 2202 1294 3791 1367; baseline 0.001 -14"><span class='ocrx_word' id='word_1_452' title='bbox 2202 1301 2379 1353; x_wconf 87' lang='lat' dir='ltr'><em>vestro</em></span> <span class='ocrx_word' id='word_1_453' title='bbox 2409 1294 2569 1362; x_wconf 90' lang='lat' dir='ltr'><em>(Ibid.</em></span> <span class='ocrx_word' id='word_1_454' title='bbox 2601 1296 2717 1367; x_wconf 89' lang='lat'><em>29).</em></span> <span class='ocrx_word' id='word_1_455' title='bbox 2766 1295 2939 1352; x_wconf 88' lang='lat' dir='ltr'><em>Item:</em></span> <span class='ocrx_word' id='word_1_456' title='bbox 2999 1296 3317 1355; x_wconf 85' lang='lat' dir='ltr'><em>Fornicatio</em></span> <span class='ocrx_word' id='word_1_457' title='bbox 3364 1300 3563 1354; x_wconf 85' lang='lat' dir='ltr'><em>autem</em></span> <span class='ocrx_word' id='word_1_458' title='bbox 3591 1303 3649 1353; x_wconf 83' lang='lat' dir='ltr'><em>et</em></span> <span class='ocrx_word' id='word_1_459' title='bbox 3679 1299 3791 1355; x_wconf 84' lang='lat' dir='ltr'><em>im-</em></span> 
     </span>
    </p>
   </div>
   <div class='ocr_carea' id='block_1_54' title="bbox 2205 1382 3789 1457">
    <p class='ocr_par' dir='ltr' id='par_1_54' title="bbox 2205 1382 3789 1457">
     <span class='ocr_line' id='line_1_54' title="bbox 2205 1382 3789 1457; baseline 0.001 -16"><span class='ocrx_word' id='word_1_460' title='bbox 2205 1382 2491 1441; x_wconf 88' lang='lat' dir='ltr'><em>munditia</em></span> <span class='ocrx_word' id='word_1_461' title='bbox 2504 1384 2687 1440; x_wconf 89' lang='lat' dir='ltr'><em>omnis</em></span> <span class='ocrx_word' id='word_1_462' title='bbox 2698 1398 2769 1438; x_wconf 90' lang='lat' dir='ltr'><em>ne</em></span> <span class='ocrx_word' id='word_1_463' title='bbox 2779 1384 3105 1440; x_wconf 82' lang='lat' dir='ltr'><em>nominetur</em></span> <span class='ocrx_word' id='word_1_464' title='bbox 3118 1383 3343 1457; x_wconf 88' lang='lat' dir='ltr'><em>quidem</em></span> <span class='ocrx_word' id='word_1_465' title='bbox 3360 1386 3515 1443; x_wconf 87' lang='lat' dir='ltr'><em>inter</em></span> <span class='ocrx_word' id='word_1_466' title='bbox 3529 1384 3789 1457; x_wconf 35' lang='lat' dir='ltr'><em>obsisteret</em></span> 
     </span>
    </p>
   </div>
   <div class='ocr_carea' id='block_1_55' title="bbox 2206 1470 3795 1543">
    <p class='ocr_par' dir='ltr' id='par_1_55' title="bbox 2206 1470 3795 1543">
     <span class='ocr_line' id='line_1_55' title="bbox 2206 1470 3795 1543; baseline 0.004 -19"><span class='ocrx_word' id='word_1_467' title='bbox 2206 1470 2364 1527; x_wconf 86' lang='lat' dir='ltr'><em>decet</em></span> <span class='ocrx_word' id='word_1_468' title='bbox 2392 1475 2613 1528; x_wconf 89' lang='lat' dir='ltr'><em>sanctos</em></span> <span class='ocrx_word' id='word_1_469' title='bbox 2646 1471 2807 1541; x_wconf 90' lang='lat' dir='ltr'><em>(tanto</em></span> <span class='ocrx_word' id='word_1_470' title='bbox 2836 1472 2990 1527; x_wconf 89' lang='lat' dir='ltr'><em>abest</em></span> <span class='ocrx_word' id='word_1_471' title='bbox 3026 1477 3086 1525; x_wconf 93' lang='lat' dir='ltr'><em>ut</em></span> <span class='ocrx_word' id='word_1_472' title='bbox 3118 1474 3446 1543; x_wconf 83' lang='lat' dir='ltr'><em>excusetur),</em></span> <span class='ocrx_word' id='word_1_473' title='bbox 3478 1473 3576 1532; x_wconf 86' lang='lat' dir='ltr'><em>hoc</em></span> <span class='ocrx_word' id='word_1_474' title='bbox 3611 1476 3795 1532; x_wconf 81' lang='lat' dir='ltr'><em>scien-</em></span> 
     </span>
    </p>
   </div>
   <div class='ocr_carea' id='block_1_56' title="bbox 2208 1560 3795 1633">
    <p class='ocr_par' dir='ltr' id='par_1_56' title="bbox 2208 1560 3795 1633">
     <span class='ocr_line' id='line_1_56' title="bbox 2208 1560 3795 1633; baseline 0.001 -16"><span class='ocrx_word' id='word_1_475' title='bbox 2208 1566 2287 1619; x_wconf 88' lang='lat' dir='ltr'><em>tes</em></span> <span class='ocrx_word' id='word_1_476' title='bbox 2317 1560 2460 1633; x_wconf 90' lang='lat' dir='ltr'><em>quod</em></span> <span class='ocrx_word' id='word_1_477' title='bbox 2487 1561 2672 1618; x_wconf 90' lang='lat' dir='ltr'><em>omnis</em></span> <span class='ocrx_word' id='word_1_478' title='bbox 2698 1561 3017 1631; x_wconf 86' lang='lat' dir='ltr'><em>fornicator</em></span> <span class='ocrx_word' id='word_1_479' title='bbox 3044 1566 3151 1617; x_wconf 88' lang='lat' dir='ltr'><em>aut</em></span> <span class='ocrx_word' id='word_1_480' title='bbox 3183 1562 3516 1620; x_wconf 85' lang='lat' dir='ltr'><em>immundus</em></span> <span class='ocrx_word' id='word_1_481' title='bbox 3553 1579 3673 1621; x_wconf 87' lang='lat' dir='ltr'><em>non</em></span> <span class='ocrx_word' id='word_1_482' title='bbox 3698 1564 3795 1619; x_wconf 89' lang='lat' dir='ltr'><em>ha-</em></span> 
     </span>
    </p>
   </div>
   <div class='ocr_carea' id='block_1_57' title="bbox 2204 1649 3798 1722">
    <p class='ocr_par' dir='ltr' id='par_1_57' title="bbox 2204 1649 3798 1722">
     <span class='ocr_line' id='line_1_57' title="bbox 2204 1649 3798 1722; baseline 0.001 -17"><span class='ocrx_word' id='word_1_483' title='bbox 2204 1649 2328 1708; x_wconf 88' lang='lat' dir='ltr'><em>beat</em></span> <span class='ocrx_word' id='word_1_484' title='bbox 2356 1650 2457 1705; x_wconf 88' lang='lat' dir='ltr'><em>Dei</em></span> <span class='ocrx_word' id='word_1_485' title='bbox 2484 1666 2739 1722; x_wconf 86' lang='lat' dir='ltr'><em>regnum.</em></span> <span class='ocrx_word' id='word_1_486' title='bbox 2765 1650 2933 1707; x_wconf 84' lang='lat' dir='ltr'><em>Nemo</em></span> <span class='ocrx_word' id='word_1_487' title='bbox 2952 1664 3045 1706; x_wconf 93' lang='lat' dir='ltr'><em>vos</em></span> <span class='ocrx_word' id='word_1_488' title='bbox 3058 1649 3291 1707; x_wconf 86' lang='lat' dir='ltr'><em>seducat</em></span> <span class='ocrx_word' id='word_1_489' title='bbox 3312 1650 3578 1709; x_wconf 83' lang='lat' dir='ltr'><em>inanibus</em></span> <span class='ocrx_word' id='word_1_490' title='bbox 3602 1652 3798 1710; x_wconf 85' lang='lat' dir='ltr'><em>verbis.</em></span> 
     </span>
    </p>
   </div>
   <div class='ocr_carea' id='block_1_58' title="bbox 2203 1737 3800 1812">
    <p class='ocr_par' dir='ltr' id='par_1_58' title="bbox 2203 1737 3800 1812">
     <span class='ocr_line' id='line_1_58' title="bbox 2203 1737 3800 1812; baseline 0.001 -15"><span class='ocrx_word' id='word_1_491' title='bbox 2203 1742 2438 1812; x_wconf 88' lang='lat' dir='ltr'><em>Pr0pter</em></span> <span class='ocrx_word' id='word_1_492' title='bbox 2468 1737 2567 1796; x_wconf 87' lang='lat' dir='ltr'><em>hoc</em></span> <span class='ocrx_word' id='word_1_493' title='bbox 2597 1738 2752 1796; x_wconf 88' lang='lat' dir='ltr'><em>venit</em></span> <span class='ocrx_word' id='word_1_494' title='bbox 2773 1740 2866 1796; x_wconf 88' lang='lat' dir='ltr'><em>ira</em></span> <span class='ocrx_word' id='word_1_495' title='bbox 2894 1738 2993 1796; x_wconf 89' lang='lat' dir='ltr'><em>Dei</em></span> <span class='ocrx_word' id='word_1_496' title='bbox 3011 1754 3178 1812; x_wconf 89' lang='lat' dir='ltr'><em>super</em></span> <span class='ocrx_word' id='word_1_497' title='bbox 3203 1740 3349 1808; x_wconf 78' lang='lat' dir='ltr'><em>ﬁlios</em></span> <span class='ocrx_word' id='word_1_498' title='bbox 3377 1741 3800 1800; x_wconf 80' lang='lat' dir='ltr'><em>incredulitatis</em></span> 
     </span>
    </p>
   </div>
   <div class='ocr_carea' id='block_1_59' title="bbox 2206 1825 3799 1901">
    <p class='ocr_par' dir='ltr' id='par_1_59' title="bbox 2206 1825 3799 1901">
     <span class='ocr_line' id='line_1_59' title="bbox 2206 1825 3799 1901; baseline 0.001 -18"><span class='ocrx_word' id='word_1_499' title='bbox 2206 1827 2427 1899; x_wconf 86' lang='lat' dir='ltr'><em>(Ephes.</em></span> <span class='ocrx_word' id='word_1_500' title='bbox 2466 1841 2522 1892; x_wconf 77' lang='grc' dir='ltr'><em>ν,</em></span> <span class='ocrx_word' id='word_1_501' title='bbox 2557 1828 2697 1896; x_wconf 83' lang='grc'>3-5).</span> <span class='ocrx_word' id='word_1_502' title='bbox 2736 1825 2871 1894; x_wconf 90' lang='lat' dir='ltr'><em>Quis</em></span> <span class='ocrx_word' id='word_1_503' title='bbox 2917 1826 3125 1884; x_wconf 82' lang='lat' dir='ltr'><em>seducit</em></span> <span class='ocrx_word' id='word_1_504' title='bbox 3169 1826 3418 1884; x_wconf 89' lang='lat' dir='ltr'><em>inanibus</em></span> <span class='ocrx_word' id='word_1_505' title='bbox 3457 1830 3665 1901; x_wconf 83' lang='lat' dir='ltr'><em>verbis,</em></span> <span class='ocrx_word' id='word_1_506' title='bbox 3698 1829 3799 1886; x_wconf 76' lang='lat' dir='ltr'><em>nisi</em></span> 
     </span>
    </p>
   </div>
   <div class='ocr_carea' id='block_1_60' title="bbox 2205 1914 3796 1988">
    <p class='ocr_par' dir='ltr' id='par_1_60' title="bbox 2205 1914 3796 1988">
     <span class='ocr_line' id='line_1_60' title="bbox 2205 1914 3796 1988; baseline 0.002 -18"><span class='ocrx_word' id='word_1_507' title='bbox 2205 1916 2297 1988; x_wconf 91' lang='lat' dir='ltr'><em>qui</em></span> <span class='ocrx_word' id='word_1_508' title='bbox 2328 1915 2678 1971; x_wconf 87' lang='lat' dir='ltr'><em>concinnatur</em></span> <span class='ocrx_word' id='word_1_509' title='bbox 2723 1914 3105 1970; x_wconf 89' lang='lat' dir='ltr'><em>remissibilem</em></span> <span class='ocrx_word' id='word_1_510' title='bbox 3153 1931 3273 1971; x_wconf 90' lang='lat' dir='ltr'><em>esse</em></span> <span class='ocrx_word' id='word_1_511' title='bbox 3309 1919 3647 1976; x_wconf 80' lang='lat' dir='ltr'><em>mcechiam‘?</em></span> <span class='ocrx_word' id='word_1_512' title='bbox 3692 1934 3796 1975; x_wconf 91' lang='lat' dir='ltr'><em>non</em></span> 
     </span>
    </p>
   </div>
   <div class='ocr_carea' id='block_1_61' title="bbox 2206 2002 3794 2075">
    <p class='ocr_par' dir='ltr' id='par_1_61' title="bbox 2206 2002 3794 2075">
     <span class='ocr_line' id='line_1_61' title="bbox 2206 2002 3794 2075; baseline 0.001 -16"><span class='ocrx_word' id='word_1_513' title='bbox 2206 2004 2421 2061; x_wconf 89' lang='lat' dir='ltr'><em>intuens</em></span> <span class='ocrx_word' id='word_1_514' title='bbox 2447 2002 2606 2058; x_wconf 90' lang='lat' dir='ltr'><em>etiam</em></span> <span class='ocrx_word' id='word_1_515' title='bbox 2653 2002 3007 2058; x_wconf 86' lang='lat' dir='ltr'><em>fundamenta</em></span> <span class='ocrx_word' id='word_1_516' title='bbox 3052 2004 3169 2072; x_wconf 88' lang='lat' dir='ltr'><em>ejus</em></span> <span class='ocrx_word' id='word_1_517' title='bbox 3200 2004 3268 2060; x_wconf 90' lang='lat' dir='ltr'><em>ab</em></span> <span class='ocrx_word' id='word_1_518' title='bbox 3296 2006 3560 2074; x_wconf 84' lang='lat' dir='ltr'><em>Apostolo</em></span> <span class='ocrx_word' id='word_1_519' title='bbox 3584 2005 3794 2075; x_wconf 85' lang='lat' dir='ltr'><em>effossa,</em></span> 
     </span>
    </p>
   </div>
   <div class='ocr_carea' id='block_1_62' title="bbox 2208 2092 3797 2167">
    <p class='ocr_par' dir='ltr' id='par_1_62' title="bbox 2208 2092 3797 2167">
     <span class='ocr_line' id='line_1_62' title="bbox 2208 2092 3797 2167; baseline 0 -16"><span class='ocrx_word' id='word_1_520' title='bbox 2208 2109 2334 2152; x_wconf 88' lang='lat' dir='ltr'><em>cum</em></span> <span class='ocrx_word' id='word_1_521' title='bbox 2391 2092 2678 2147; x_wconf 86' lang='lat' dir='ltr'><em>ebrietates</em></span> <span class='ocrx_word' id='word_1_522' title='bbox 2722 2098 2776 2147; x_wconf 89' lang='lat' dir='ltr'><em>et</em></span> <span class='ocrx_word' id='word_1_523' title='bbox 2825 2092 3246 2149; x_wconf 89' lang='lat' dir='ltr'><em>comessationes</em></span> <span class='ocrx_word' id='word_1_524' title='bbox 3291 2098 3609 2167; x_wconf 83' lang='lat' dir='ltr'><em>compescit,</em></span> <span class='ocrx_word' id='word_1_525' title='bbox 3662 2096 3797 2153; x_wconf 87' lang='lat' dir='ltr'><em>sicut</em></span> 
     </span>
    </p>
   </div>
   <div class='ocr_carea' id='block_1_63' title="bbox 2206 2167 3798 2258">
    <p class='ocr_par' dir='ltr' id='par_1_63' title="bbox 2206 2167 3798 2258">
     <span class='ocr_line' id='line_1_63' title="bbox 2206 2167 3798 2258; baseline 0.002 -18"><span class='ocrx_word' id='word_1_526' title='bbox 2206 2191 2261 2240; x_wconf 85' lang='lat' dir='ltr'><em>et</em></span> <span class='ocrx_word' id='word_1_527' title='bbox 2290 2182 2411 2238; x_wconf 87' lang='lat' dir='ltr'><em>hic:</em></span> <span class='ocrx_word' id='word_1_528' title='bbox 2454 2183 2525 2237; x_wconf 88' lang='lat' dir='ltr'><em>Et</em></span> <span class='ocrx_word' id='word_1_529' title='bbox 2552 2183 2730 2239; x_wconf 86' lang='lat' dir='ltr'><em>nolite</em></span> <span class='ocrx_word' id='word_1_530' title='bbox 2748 2181 3026 2239; x_wconf 86' lang='lat' dir='ltr'><em>inebriari</em></span> <span class='ocrx_word' id='word_1_531' title='bbox 3053 2167 3206 2251; x_wconf 70' lang='lat' dir='ltr'><em>vino,</em></span> <span class='ocrx_word' id='word_1_532' title='bbox 3236 2185 3297 2240; x_wconf 84' lang='lat' dir='ltr'><em>in</em></span> <span class='ocrx_word' id='word_1_533' title='bbox 3326 2201 3431 2258; x_wconf 85' lang='lat' dir='ltr'><em>quo</em></span> <span class='ocrx_word' id='word_1_534' title='bbox 3454 2188 3537 2243; x_wconf 88' lang='lat' dir='ltr'><em>est</em></span> <span class='ocrx_word' id='word_1_535' title='bbox 3571 2187 3798 2243; x_wconf 71' lang='lat' dir='ltr'><em>luxuria</em></span> 
     </span>
    </p>
   </div>
   <div class='ocr_carea' id='block_1_64' title="bbox 2206 2271 3797 2347">
    <p class='ocr_par' dir='ltr' id='par_1_64' title="bbox 2206 2271 3797 2347">
     <span class='ocr_line' id='line_1_64' title="bbox 2206 2271 3797 2347; baseline 0.001 -20"><span class='ocrx_word' id='word_1_536' title='bbox 2206 2272 2374 2344; x_wconf 86' lang='lat' dir='ltr'><em>(Ibid.</em></span> <span class='ocrx_word' id='word_1_537' title='bbox 2438 2272 2561 2339; x_wconf 86' lang='grc'><em>18).</em></span> <span class='ocrx_word' id='word_1_538' title='bbox 2639 2271 2982 2327; x_wconf 87' lang='lat' dir='ltr'><em>Demonstrat</em></span> <span class='ocrx_word' id='word_1_539' title='bbox 3043 2280 3099 2328; x_wconf 95' lang='lat' dir='ltr'><em>et</em></span> <span class='ocrx_word' id='word_1_540' title='bbox 3165 2272 3579 2330; x_wconf 86' lang='lat' dir='ltr'><em>Colossensibus</em></span> <span class='ocrx_word' id='word_1_541' title='bbox 3609 2317 3625 2341; x_wconf 89' lang='lat'><em>,</em></span> <span class='ocrx_word' id='word_1_542' title='bbox 3682 2290 3797 2347; x_wconf 74' lang='lat' dir='ltr'><em>qua:</em></span> 
     </span>
    </p>
   </div>
   <div class='ocr_carea' id='block_1_65' title="bbox 2162 2359 3796 2434">
    <p class='ocr_par' dir='ltr' id='par_1_65' title="bbox 2162 2359 3796 2434">
     <span class='ocr_line' id='line_1_65' title="bbox 2162 2359 3796 2434; baseline 0.001 -15"><span class='ocrx_word' id='word_1_543' title='bbox 2162 2396 2165 2399; x_wconf 64' lang='grc'>‹</span> <span class='ocrx_word' id='word_1_544' title='bbox 2204 2359 2455 2419; x_wconf 84' lang='lat' dir='ltr'><em>membra</em></span> <span class='ocrx_word' id='word_1_545' title='bbox 2482 2361 2830 2431; x_wconf 84' lang='lat' dir='ltr'><em>morti/icent</em></span> <span class='ocrx_word' id='word_1_546' title='bbox 2867 2376 3034 2434; x_wconf 87' lang='lat' dir='ltr'><em>super</em></span> <span class='ocrx_word' id='word_1_547' title='bbox 3073 2365 3311 2431; x_wconf 88' lang='lat' dir='ltr'><em>terram,</em></span> <span class='ocrx_word' id='word_1_548' title='bbox 3343 2365 3796 2434; x_wconf 85' lang='lat' dir='ltr'><em>fornicationem,</em></span> 
     </span>
    </p>
   </div>
   <div class='ocr_carea' id='block_1_66' title="bbox 2202 2449 3797 2525">
    <p class='ocr_par' dir='ltr' id='par_1_66' title="bbox 2202 2449 3797 2525">
     <span class='ocr_line' id='line_1_66' title="bbox 2202 2449 3797 2525; baseline 0.001 -17"><span class='ocrx_word' id='word_1_549' title='bbox 2202 2449 2656 2515; x_wconf 88' lang='lat' dir='ltr'><em>immunditiam,</em></span> <span class='ocrx_word' id='word_1_550' title='bbox 2689 2449 2997 2519; x_wconf 84' lang='lat' dir='ltr'><em>libidinem,</em></span> <span class='ocrx_word' id='word_1_551' title='bbox 3026 2454 3538 2525; x_wconf 79' lang='lat' dir='ltr'><em>concupiscentiam</em></span> <span class='ocrx_word' id='word_1_552' title='bbox 3564 2455 3797 2519; x_wconf 88' lang='lat' dir='ltr'><em>malam,</em></span> 
     </span>
    </p>
   </div>
   <div class='ocr_carea' id='block_1_67' title="bbox 2202 2540 3802 2613">
    <p class='ocr_par' dir='ltr' id='par_1_67' title="bbox 2202 2540 3802 2613">
     <span class='ocr_line' id='line_1_67' title="bbox 2202 2540 3802 2613; baseline 0.002 -16"><span class='ocrx_word' id='word_1_553' title='bbox 2202 2545 2260 2597; x_wconf 89' lang='lat' dir='ltr'><em>et</em></span> <span class='ocrx_word' id='word_1_554' title='bbox 2303 2540 2725 2613; x_wconf 88' lang='lat' dir='ltr'><em>turpiloquium</em></span> <span class='ocrx_word' id='word_1_555' title='bbox 2765 2541 2990 2612; x_wconf 86' lang='lat' dir='ltr'><em>(Coloss.</em></span> <span class='ocrx_word' id='word_1_556' title='bbox 3037 2557 3118 2609; x_wconf 84' lang='grc' dir='ltr'><strong><em>ιιι,</em></strong></span> <span class='ocrx_word' id='word_1_557' title='bbox 3165 2544 3243 2611; x_wconf 79' lang='grc' dir='ltr'><em>ὅ).</em></span> <span class='ocrx_word' id='word_1_558' title='bbox 3288 2543 3538 2599; x_wconf 86' lang='lat' dir='ltr'><em>Concede</em></span> <span class='ocrx_word' id='word_1_559' title='bbox 3568 2546 3683 2613; x_wconf 86' lang='lat' dir='ltr'><em>jam</em></span> <span class='ocrx_word' id='word_1_560' title='bbox 3722 2553 3802 2600; x_wconf 88' lang='lat' dir='ltr'><em>tot</em></span> 
     </span>
    </p>
   </div>
   <div class='ocr_carea' id='block_1_68' title="bbox 2202 2629 3799 2703">
    <p class='ocr_par' dir='ltr' id='par_1_68' title="bbox 2202 2629 3799 2703">
     <span class='ocr_line' id='line_1_68' title="bbox 2202 2629 3799 2703; baseline 0.001 -16"><span class='ocrx_word' id='word_1_561' title='bbox 2202 2647 2268 2687; x_wconf 90' lang='lat' dir='ltr'><em>ac</em></span> <span class='ocrx_word' id='word_1_562' title='bbox 2295 2630 2492 2686; x_wconf 83' lang='lat' dir='ltr'><em>talibus</em></span> <span class='ocrx_word' id='word_1_563' title='bbox 2519 2629 2802 2685; x_wconf 88' lang='lat' dir='ltr'><em>sententiis</em></span> <span class='ocrx_word' id='word_1_564' title='bbox 2832 2646 3003 2687; x_wconf 90' lang='lat' dir='ltr'><em>unum</em></span> <span class='ocrx_word' id='word_1_565' title='bbox 3039 2631 3165 2688; x_wconf 87' lang='lat' dir='ltr'><em>illud</em></span> <span class='ocrx_word' id='word_1_566' title='bbox 3212 2631 3361 2702; x_wconf 89' lang='lat' dir='ltr'><em>quod</em></span> <span class='ocrx_word' id='word_1_567' title='bbox 3409 2639 3593 2688; x_wconf 90' lang='lat' dir='ltr'><em>tenes:</em></span> <span class='ocrx_word' id='word_1_568' title='bbox 3622 2648 3799 2703; x_wconf 85' lang='lat' dir='ltr'><em>pauca</em></span> 
     </span>
    </p>
   </div>
   <div class='ocr_carea' id='block_1_69' title="bbox 2202 2718 3795 2786">
    <p class='ocr_par' dir='ltr' id='par_1_69' title="bbox 2202 2718 3795 2786">
     <span class='ocr_line' id='line_1_69' title="bbox 2202 2718 3795 2786; baseline -0.001 -9"><span class='ocrx_word' id='word_1_569' title='bbox 2202 2720 2402 2786; x_wconf 89' lang='lat' dir='ltr'><em>multis,</em></span> <span class='ocrx_word' id='word_1_570' title='bbox 2433 2718 2600 2775; x_wconf 90' lang='lat' dir='ltr'><em>dubia</em></span> <span class='ocrx_word' id='word_1_571' title='bbox 2634 2718 2818 2786; x_wconf 84' lang='lat' dir='ltr'><em>certis,</em></span> <span class='ocrx_word' id='word_1_572' title='bbox 2867 2720 3092 2776; x_wconf 86' lang='lat' dir='ltr'><em>obscura</em></span> <span class='ocrx_word' id='word_1_573' title='bbox 3113 2719 3415 2777; x_wconf 82' lang='lat' dir='ltr'><em>manifestis</em></span> <span class='ocrx_word' id='word_1_574' title='bbox 3459 2720 3795 2777; x_wconf 85' lang='lat' dir='ltr'><em>adumbran-</em></span> 
     </span>
    </p>
   </div>
   <div class='ocr_carea' id='block_1_70' title="bbox 2201 2806 3800 2881">
    <p class='ocr_par' dir='ltr' id='par_1_70' title="bbox 2201 2806 3800 2881">
     <span class='ocr_line' id='line_1_70' title="bbox 2201 2806 3800 2881; baseline 0.001 -16"><span class='ocrx_word' id='word_1_575' title='bbox 2201 2825 2289 2878; x_wconf 78' lang='grc' dir='ltr'><strong><em>ιιιι·</em></strong></span> <span class='ocrx_word' id='word_1_576' title='bbox 2341 2806 2479 2879; x_wconf 83' lang='grc'>(91).</span> <span class='ocrx_word' id='word_1_577' title='bbox 2528 2807 2753 2864; x_wconf 87' lang='lat' dir='ltr'><em>Etiamsi</em></span> <span class='ocrx_word' id='word_1_578' title='bbox 2805 2824 2903 2879; x_wconf 90' lang='lat' dir='ltr'><em>pro</em></span> <span class='ocrx_word' id='word_1_579' title='bbox 2959 2816 3107 2867; x_wconf 91' lang='lat' dir='ltr'><em>certo</em></span> <span class='ocrx_word' id='word_1_580' title='bbox 3161 2808 3459 2881; x_wconf 83' lang='lat' dir='ltr'><em>Apostolus</em></span> <span class='ocrx_word' id='word_1_581' title='bbox 3513 2809 3800 2868; x_wconf 85' lang='lat' dir='ltr'><em>Corinthio</em></span> 
     </span>
    </p>
   </div>
   <div class='ocr_carea' id='block_1_71' title="bbox 2201 2895 3801 2970">
    <p class='ocr_par' dir='ltr' id='par_1_71' title="bbox 2201 2895 3801 2970">
     <span class='ocr_line' id='line_1_71' title="bbox 2201 2895 3801 2970; baseline 0.004 -21"><span class='ocrx_word' id='word_1_582' title='bbox 2201 2895 2280 2951; x_wconf 87' lang='lat' dir='ltr'><em>illi</em></span> <span class='ocrx_word' id='word_1_583' title='bbox 2309 2895 2722 2953; x_wconf 87' lang='lat' dir='ltr'><em>fornicationem</em></span> <span class='ocrx_word' id='word_1_584' title='bbox 2767 2895 3043 2966; x_wconf 86' lang='lat' dir='ltr'><em>donasset,</em></span> <span class='ocrx_word' id='word_1_585' title='bbox 3092 2904 3235 2956; x_wconf 84' lang='lat' dir='ltr'><em>esset</em></span> <span class='ocrx_word' id='word_1_586' title='bbox 3279 2898 3427 2955; x_wconf 86' lang='lat' dir='ltr'><em>aliud</em></span> <span class='ocrx_word' id='word_1_587' title='bbox 3454 2898 3599 2970; x_wconf 87' lang='lat' dir='ltr'><em>quod</em></span> <span class='ocrx_word' id='word_1_588' title='bbox 3634 2899 3801 2956; x_wconf 88' lang='lat' dir='ltr'><em>semel</em></span> 
     </span>
    </p>
   </div>
   <div class='ocr_carea' id='block_1_72' title="bbox 2200 2984 3799 3063">
    <p class='ocr_par' dir='ltr' id='par_1_72' title="bbox 2200 2984 3799 3063">
     <span class='ocr_line' id='line_1_72' title="bbox 2200 2984 3799 3063; baseline 0.003 -21"><span class='ocrx_word' id='word_1_589' title='bbox 2200 2991 2386 3042; x_wconf 89' lang='lat' dir='ltr'><em>contra</em></span> <span class='ocrx_word' id='word_1_590' title='bbox 2422 2984 2720 3042; x_wconf 86' lang='lat' dir='ltr'><em>institutum</em></span> <span class='ocrx_word' id='word_1_591' title='bbox 2765 3002 2928 3045; x_wconf 89' lang='lat' dir='ltr'><em>suum</em></span> <span class='ocrx_word' id='word_1_592' title='bbox 2975 3002 3076 3061; x_wconf 88' lang='lat' dir='ltr'><em>pro</em></span> <span class='ocrx_word' id='word_1_593' title='bbox 3117 2988 3328 3045; x_wconf 89' lang='lat' dir='ltr'><em>ratione</em></span> <span class='ocrx_word' id='word_1_594' title='bbox 3371 2988 3637 3063; x_wconf 85' lang='lat' dir='ltr'><em>temporis</em></span> <span class='ocrx_word' id='word_1_595' title='bbox 3680 2991 3799 3062; x_wconf 81' lang='lat'><em>(92)</em></span> 
     </span>
    </p>
   </div>
   <div class='ocr_carea' id='block_1_73' title="bbox 2126 3071 3803 3155">
    <p class='ocr_par' dir='ltr' id='par_1_73' title="bbox 2126 3071 3803 3155">
     <span class='ocr_line' id='line_1_73' title="bbox 2126 3071 3803 3155; baseline 0.002 -22"><span class='ocrx_word' id='word_1_596' title='bbox 2126 3075 2171 3155; x_wconf 75' lang='grc' dir='ltr'><strong>ο</strong></span> <span class='ocrx_word' id='word_1_597' title='bbox 2207 3071 2431 3133; x_wconf 81' lang='lat'><strong>1015</strong></span> <span class='ocrx_word' id='word_1_598' title='bbox 2476 3074 2693 3133; x_wconf 85' lang='lat' dir='ltr'><em>faceret.</em></span> <span class='ocrx_word' id='word_1_599' title='bbox 2743 3077 3094 3135; x_wconf 88' lang='lat' dir='ltr'><em>Circumcidit</em></span> <span class='ocrx_word' id='word_1_600' title='bbox 3138 3077 3485 3138; x_wconf 88' lang='lat' dir='ltr'><em>Timotheum</em></span> <span class='ocrx_word' id='word_1_601' title='bbox 3520 3078 3716 3148; x_wconf 87' lang='lat' dir='ltr'><em>solum,</em></span> <span class='ocrx_word' id='word_1_602' title='bbox 3746 3088 3803 3138; x_wconf 90' lang='lat' dir='ltr'><em>et</em></span> 
     </span>
    </p>
   </div>
   <div class='ocr_carea' id='block_1_74' title="bbox 2207 3164 3145 3225">
    <p class='ocr_par' dir='ltr' id='par_1_74' title="bbox 2207 3164 3145 3225">
     <span class='ocr_line' id='line_1_74' title="bbox 2207 3164 3145 3225; baseline 0.004 -5"><span class='ocrx_word' id='word_1_603' title='bbox 2207 3171 2386 3221; x_wconf 87' lang='lat' dir='ltr'><em>tamen</em></span> <span class='ocrx_word' id='word_1_604' title='bbox 2412 3164 2633 3222; x_wconf 87' lang='lat' dir='ltr'><em>abstulit</em></span> <span class='ocrx_word' id='word_1_605' title='bbox 2655 3165 3145 3225; x_wconf 82' lang='lat' dir='ltr'><em>circumcisionem.</em></span> 
     </span>
    </p>
   </div>
   <div class='ocr_carea' id='block_1_75' title="bbox 2772 3297 3236 3357">
    <p class='ocr_par' dir='ltr' id='par_1_75' title="bbox 2772 3297 3236 3357">
     <span class='ocr_line' id='line_1_75' title="bbox 2772 3297 3236 3357; baseline 0.009 -4"><span class='ocrx_word' id='word_1_606' title='bbox 2772 3297 3002 3355; x_wconf 90' lang='lat' dir='ltr'><em>CAPUT</em></span> <span class='ocrx_word' id='word_1_607' title='bbox 3034 3298 3236 3357; x_wconf 83' lang='lat' dir='ltr'><em>XVIII.</em></span> 
     </span>
    </p>
   </div>
   <div class='ocr_carea' id='block_1_76' title="bbox 2275 3431 3801 3506">
    <p class='ocr_par' dir='ltr' id='par_1_76' title="bbox 2275 3431 3801 3506">
     <span class='ocr_line' id='line_1_76' title="bbox 2275 3431 3801 3506; baseline 0.004 -19"><span class='ocrx_word' id='word_1_608' title='bbox 2275 3431 2382 3488; x_wconf 90' lang='lat' dir='ltr'><em>Sed</em></span> <span class='ocrx_word' id='word_1_609' title='bbox 2432 3432 2570 3506; x_wconf 68' lang='lat' dir='ltr'><em>haec,</em></span> <span class='ocrx_word' id='word_1_610' title='bbox 2612 3431 2801 3504; x_wconf 89' lang='lat' dir='ltr'><em>inquit,</em></span> <span class='ocrx_word' id='word_1_611' title='bbox 2859 3432 2928 3489; x_wconf 89' lang='lat' dir='ltr'><em>ad</em></span> <span class='ocrx_word' id='word_1_612' title='bbox 2986 3432 3417 3492; x_wconf 87' lang='lat' dir='ltr'><em>interdictionem</em></span> <span class='ocrx_word' id='word_1_613' title='bbox 3458 3434 3801 3506; x_wconf 85' lang='lat' dir='ltr'><em>pertinebunt</em></span> 
     </span>
    </p>
   </div>
   <div class='ocr_carea' id='block_1_77' title="bbox 2204 3520 3800 3596">
    <p class='ocr_par' dir='ltr' id='par_1_77' title="bbox 2204 3520 3800 3596">
     <span class='ocr_line' id='line_1_77' title="bbox 2204 3520 3800 3596; baseline 0.001 -21"><span class='ocrx_word' id='word_1_614' title='bbox 2204 3521 2384 3577; x_wconf 89' lang='lat' dir='ltr'><em>omnis</em></span> <span class='ocrx_word' id='word_1_615' title='bbox 2432 3520 2782 3594; x_wconf 74' lang='lat' dir='ltr'><em>impudicitiae</em></span> <span class='ocrx_word' id='word_1_616' title='bbox 2837 3528 2892 3578; x_wconf 92' lang='lat' dir='ltr'><em>et</em></span> <span class='ocrx_word' id='word_1_617' title='bbox 2944 3520 3305 3581; x_wconf 90' lang='lat' dir='ltr'><em>addictionem</em></span> <span class='ocrx_word' id='word_1_618' title='bbox 3360 3524 3538 3579; x_wconf 86' lang='lat' dir='ltr'><em>omnis</em></span> <span class='ocrx_word' id='word_1_619' title='bbox 3586 3524 3800 3596; x_wconf 85' lang='lat' dir='ltr'><em>pudici-</em></span> 
     </span>
    </p>
   </div>
   <div class='ocr_carea' id='block_1_78' title="bbox 2206 3608 3799 3685">
    <p class='ocr_par' dir='ltr' id='par_1_78' title="bbox 2206 3608 3799 3685">
     <span class='ocr_line' id='line_1_78' title="bbox 2206 3608 3799 3685; baseline 0.003 -23"><span class='ocrx_word' id='word_1_620' title='bbox 2206 3608 2295 3663; x_wconf 67' lang='lat' dir='ltr'><em>tia:</em></span> <span class='ocrx_word' id='word_1_621' title='bbox 2325 3610 2458 3680; x_wconf 87' lang='lat'><em>(93),</em></span> <span class='ocrx_word' id='word_1_622' title='bbox 2496 3608 2648 3668; x_wconf 88' lang='lat' dir='ltr'><em>salvo</em></span> <span class='ocrx_word' id='word_1_623' title='bbox 2696 3617 2877 3665; x_wconf 88' lang='lat' dir='ltr'><em>tamen</em></span> <span class='ocrx_word' id='word_1_624' title='bbox 2924 3610 3043 3667; x_wconf 93' lang='lat' dir='ltr'><em>loco</em></span> <span class='ocrx_word' id='word_1_625' title='bbox 3086 3612 3281 3684; x_wconf 55' lang='lat' dir='ltr'><em>venia},</em></span> <span class='ocrx_word' id='word_1_626' title='bbox 3326 3628 3449 3685; x_wconf 72' lang='lat' dir='ltr'><em>quae</em></span> <span class='ocrx_word' id='word_1_627' title='bbox 3487 3627 3591 3670; x_wconf 91' lang='lat' dir='ltr'><em>non</em></span> <span class='ocrx_word' id='word_1_628' title='bbox 3622 3613 3799 3668; x_wconf 86' lang='lat' dir='ltr'><em>statim</em></span> 
     </span>
    </p>
   </div>
   <div class='ocr_carea' id='block_1_79' title="bbox 2203 3697 3801 3772">
    <p class='ocr_par' dir='ltr' id='par_1_79' title="bbox 2203 3697 3801 3772">
     <span class='ocr_line' id='line_1_79' title="bbox 2203 3697 3801 3772; baseline 0.003 -21"><span class='ocrx_word' id='word_1_629' title='bbox 2203 3697 2535 3769; x_wconf 88' lang='lat' dir='ltr'><em>denegatur,</em></span> <span class='ocrx_word' id='word_1_630' title='bbox 2593 3698 2639 3752; x_wconf 91' lang='lat' dir='ltr'><em>si</em></span> <span class='ocrx_word' id='word_1_631' title='bbox 2694 3697 2887 3754; x_wconf 91' lang='lat' dir='ltr'><em>delicta</em></span> <span class='ocrx_word' id='word_1_632' title='bbox 2939 3698 3260 3754; x_wconf 88' lang='lat' dir='ltr'><em>damnantur</em></span> <span class='ocrx_word' id='word_1_633' title='bbox 3291 3743 3306 3770; x_wconf 93' lang='lat'><em>,</em></span> <span class='ocrx_word' id='word_1_634' title='bbox 3362 3699 3579 3772; x_wconf 91' lang='lat' dir='ltr'><em>quando</em></span> <span class='ocrx_word' id='word_1_635' title='bbox 3628 3698 3801 3755; x_wconf 68' lang='lat' dir='ltr'><em>veniae</em></span> 
     </span>
    </p>
   </div>
   <div class='ocr_carea' id='block_1_80' title="bbox 2207 3784 3797 3861">
    <p class='ocr_par' dir='ltr' id='par_1_80' title="bbox 2207 3784 3797 3861">
     <span class='ocr_line' id='line_1_80' title="bbox 2207 3784 3797 3861; baseline 0 -17"><span class='ocrx_word' id='word_1_636' title='bbox 2207 3797 2421 3856; x_wconf 89' lang='lat' dir='ltr'><em>tempus</em></span> <span class='ocrx_word' id='word_1_637' title='bbox 2468 3800 2591 3841; x_wconf 90' lang='lat' dir='ltr'><em>cum</em></span> <span class='ocrx_word' id='word_1_638' title='bbox 2638 3784 2984 3842; x_wconf 91' lang='lat' dir='ltr'><em>damnatione</em></span> <span class='ocrx_word' id='word_1_639' title='bbox 3030 3795 3315 3844; x_wconf 85' lang='lat' dir='ltr'><em>concurrat</em></span> <span class='ocrx_word' id='word_1_640' title='bbox 3359 3804 3519 3861; x_wconf 91' lang='lat' dir='ltr'><em>quam</em></span> <span class='ocrx_word' id='word_1_641' title='bbox 3542 3788 3797 3846; x_wconf 80' lang='lat' dir='ltr'><em>excludit.</em></span> 
     </span>
    </p>
   </div>
   <div class='ocr_carea' id='block_1_81' title="bbox 2207 3874 3800 3949">
    <p class='ocr_par' dir='ltr' id='par_1_81' title="bbox 2207 3874 3800 3949">
     <span class='ocr_line' id='line_1_81' title="bbox 2207 3874 3800 3949; baseline 0.001 -16"><span class='ocrx_word' id='word_1_642' title='bbox 2207 3874 2542 3945; x_wconf 89' lang='lat' dir='ltr'><em>Sequebatur</em></span> <span class='ocrx_word' id='word_1_643' title='bbox 2584 3881 2638 3930; x_wconf 89' lang='lat' dir='ltr'><em>et</em></span> <span class='ocrx_word' id='word_1_644' title='bbox 2683 3874 2786 3932; x_wconf 89' lang='lat' dir='ltr'><em>hoc</em></span> <span class='ocrx_word' id='word_1_645' title='bbox 2831 3876 3119 3948; x_wconf 84' lang='lat' dir='ltr'><em>Psychicos</em></span> <span class='ocrx_word' id='word_1_646' title='bbox 3173 3892 3386 3949; x_wconf 88' lang='lat' dir='ltr'><em>sapere,</em></span> <span class='ocrx_word' id='word_1_647' title='bbox 3437 3886 3487 3934; x_wconf 89' lang='lat' dir='ltr'><em>et</em></span> <span class='ocrx_word' id='word_1_648' title='bbox 3536 3877 3658 3935; x_wconf 89' lang='lat' dir='ltr'><em>ideo</em></span> <span class='ocrx_word' id='word_1_649' title='bbox 3706 3894 3800 3935; x_wconf 78' lang='lat' dir='ltr'><em>re-</em></span> 
     </span>
    </p>
   </div>
   <div class='ocr_carea' id='block_1_82' title="bbox 2204 3961 3799 4037">
    <p class='ocr_par' dir='ltr' id='par_1_82' title="bbox 2204 3961 3799 4037">
     <span class='ocr_line' id='line_1_82' title="bbox 2204 3961 3799 4037; baseline 0 -16"><span class='ocrx_word' id='word_1_650' title='bbox 2204 3964 2538 4021; x_wconf 88' lang='lat' dir='ltr'><em>servavimus</em></span> <span class='ocrx_word' id='word_1_651' title='bbox 2591 3961 2718 4019; x_wconf 89' lang='lat' dir='ltr'><em>huic</em></span> <span class='ocrx_word' id='word_1_652' title='bbox 2768 3963 2908 4035; x_wconf 92' lang='lat' dir='ltr'><em>loco,</em></span> <span class='ocrx_word' id='word_1_653' title='bbox 2960 3980 3085 4036; x_wconf 61' lang='lat' dir='ltr'><em>quas</em></span> <span class='ocrx_word' id='word_1_654' title='bbox 3130 3973 3315 4037; x_wconf 90' lang='lat' dir='ltr'><em>aperte</em></span> <span class='ocrx_word' id='word_1_655' title='bbox 3368 3965 3437 4021; x_wconf 90' lang='lat' dir='ltr'><em>ad</em></span> <span class='ocrx_word' id='word_1_656' title='bbox 3489 3967 3799 4023; x_wconf 78' lang='lat' dir='ltr'><em>comuni-</em></span> 
     </span>
    </p>
   </div>
   <div class='ocr_carea' id='block_1_83' title="bbox 2204 4050 3799 4126">
    <p class='ocr_par' dir='ltr' id='par_1_83' title="bbox 2204 4050 3799 4126">
     <span class='ocr_line' id='line_1_83' title="bbox 2204 4050 3799 4126; baseline 0 -15"><span class='ocrx_word' id='word_1_657' title='bbox 2204 4053 2470 4111; x_wconf 85' lang='lat' dir='ltr'><em>cationem</em></span> <span class='ocrx_word' id='word_1_658' title='bbox 2500 4050 2913 4109; x_wconf 87' lang='lat' dir='ltr'><em>ecclesiasticam</em></span> <span class='ocrx_word' id='word_1_659' title='bbox 2959 4052 3140 4109; x_wconf 86' lang='lat' dir='ltr'><em>causis</em></span> <span class='ocrx_word' id='word_1_660' title='bbox 3186 4054 3455 4124; x_wconf 88' lang='lat' dir='ltr'><em>ejusmodi</em></span> <span class='ocrx_word' id='word_1_661' title='bbox 3495 4054 3799 4126; x_wconf 76' lang='lat' dir='ltr'><em>negandum</em></span> 
     </span>
    </p>
   </div>
   <div class='ocr_carea' id='block_1_84' title="bbox 2204 4141 3801 4215">
    <p class='ocr_par' dir='ltr' id='par_1_84' title="bbox 2204 4141 3801 4215">
     <span class='ocr_line' id='line_1_84' title="bbox 2204 4141 3801 4215; baseline 0.001 -14"><span class='ocrx_word' id='word_1_662' title='bbox 2204 4145 2363 4201; x_wconf 86' lang='lat' dir='ltr'><em>etiam</em></span> <span class='ocrx_word' id='word_1_663' title='bbox 2391 4141 2686 4215; x_wconf 88' lang='lat' dir='ltr'><em>antiquitus</em></span> <span class='ocrx_word' id='word_1_664' title='bbox 2726 4157 2887 4199; x_wconf 83' lang='lat' dir='ltr'><em>causa</em></span> <span class='ocrx_word' id='word_1_665' title='bbox 2933 4151 3078 4200; x_wconf 87' lang='lat' dir='ltr'><em>sunt.</em></span> <span class='ocrx_word' id='word_1_666' title='bbox 3127 4145 3267 4200; x_wconf 89' lang='lat' dir='ltr'><em>Nam</em></span> <span class='ocrx_word' id='word_1_667' title='bbox 3301 4151 3354 4201; x_wconf 91' lang='lat' dir='ltr'><em>et</em></span> <span class='ocrx_word' id='word_1_668' title='bbox 3392 4145 3448 4201; x_wconf 91' lang='lat' dir='ltr'><em>in</em></span> <span class='ocrx_word' id='word_1_669' title='bbox 3492 4144 3801 4203; x_wconf 86' lang='lat' dir='ltr'><em>Proverbiis</em></span> 
     </span>
    </p>
   </div>
   <div class='ocr_carea' id='block_1_85' title="bbox 2207 4231 3801 4305">
    <p class='ocr_par' dir='ltr' id='par_1_85' title="bbox 2207 4231 3801 4305">
     <span class='ocr_line' id='line_1_85' title="bbox 2207 4231 3801 4305; baseline 0.003 -16"><span class='ocrx_word' id='word_1_670' title='bbox 2207 4231 2497 4301; x_wconf 89' lang='lat' dir='ltr'><em>Salomon,</em></span> <span class='ocrx_word' id='word_1_671' title='bbox 2543 4246 2666 4305; x_wconf 66' lang='lat' dir='ltr'><em>quae</em></span> <span class='ocrx_word' id='word_1_672' title='bbox 2718 4234 3030 4291; x_wconf 76' lang='lat' dir='ltr'><em>Paraemias</em></span> <span class='ocrx_word' id='word_1_673' title='bbox 3083 4233 3336 4302; x_wconf 88' lang='lat' dir='ltr'><em>dicimus,</em></span> <span class='ocrx_word' id='word_1_674' title='bbox 3384 4235 3689 4305; x_wconf 83' lang='lat' dir='ltr'><em>specialiter</em></span> <span class='ocrx_word' id='word_1_675' title='bbox 3730 4235 3801 4294; x_wconf 88' lang='lat' dir='ltr'><em>de</em></span> 
     </span>
    </p>
   </div>
   <div class='ocr_carea' id='block_1_86' title="bbox 2206 4322 3798 4397">
    <p class='ocr_par' dir='ltr' id='par_1_86' title="bbox 2206 4322 3798 4397">
     <span class='ocr_line' id='line_1_86' title="bbox 2206 4322 3798 4397; baseline 0.003 -20"><span class='ocrx_word' id='word_1_676' title='bbox 2206 4324 2419 4379; x_wconf 85' lang='lat' dir='ltr'><em>moecho</em></span> <span class='ocrx_word' id='word_1_677' title='bbox 2448 4337 2718 4393; x_wconf 89' lang='lat' dir='ltr'><em>nusquam</em></span> <span class='ocrx_word' id='word_1_678' title='bbox 2764 4322 3049 4393; x_wconf 85' lang='lat' dir='ltr'><em>expiabili:</em></span> <span class='ocrx_word' id='word_1_679' title='bbox 3082 4322 3322 4382; x_wconf 74' lang='lat' dir='ltr'><em>chhus</em></span> <span class='ocrx_word' id='word_1_680' title='bbox 3356 4328 3569 4391; x_wconf 89' lang='lat' dir='ltr'><em>autem,</em></span> <span class='ocrx_word' id='word_1_681' title='bbox 3603 4325 3798 4397; x_wconf 82' lang='lat' dir='ltr'><em>inquit,</em></span> 
     </span>
    </p>
   </div>
   <div class='ocr_carea' id='block_1_87' title="bbox 2204 4410 3803 4486">
    <p class='ocr_par' dir='ltr' id='par_1_87' title="bbox 2204 4410 3803 4486">
     <span class='ocr_line' id='line_1_87' title="bbox 2204 4410 3803 4486; baseline 0.001 -14"><span class='ocrx_word' id='word_1_682' title='bbox 2204 4430 2304 4486; x_wconf 83' lang='lat' dir='ltr'><em>per</em></span> <span class='ocrx_word' id='word_1_683' title='bbox 2313 4410 2688 4485; x_wconf 82' lang='lat' dir='ltr'><em>indigentiam</em></span> <span class='ocrx_word' id='word_1_684' title='bbox 2699 4427 2966 4470; x_wconf 86' lang='lat' dir='ltr'><em>sensuum</em></span> <span class='ocrx_word' id='word_1_685' title='bbox 2971 4412 3354 4486; x_wconf 85' lang='lat' dir='ltr'><em>perditionem</em></span> <span class='ocrx_word' id='word_1_686' title='bbox 3363 4415 3575 4472; x_wconf 77' lang='lat' dir='ltr'><em>anima:</em></span> <span class='ocrx_word' id='word_1_687' title='bbox 3586 4431 3707 4474; x_wconf 65' lang='lat' dir='ltr'><em>suae</em></span> <span class='ocrx_word' id='word_1_688' title='bbox 3716 4432 3803 4473; x_wconf 85' lang='lat' dir='ltr'><em>ac-</em></span> 
     </span>
    </p>
   </div>
   <div class='ocr_carea' id='block_1_88' title="bbox 2205 4501 3805 4578">
    <p class='ocr_par' dir='ltr' id='par_1_88' title="bbox 2205 4501 3805 4578">
     <span class='ocr_line' id='line_1_88' title="bbox 2205 4501 3805 4578; baseline 0.001 -19"><span class='ocrx_word' id='word_1_689' title='bbox 2205 4503 2401 4576; x_wconf 88' lang='lat' dir='ltr'><em>quirit,</em></span> <span class='ocrx_word' id='word_1_690' title='bbox 2433 4501 2644 4561; x_wconf 85' lang='lat' dir='ltr'><em>dolores</em></span> <span class='ocrx_word' id='word_1_691' title='bbox 2670 4506 2727 4558; x_wconf 89' lang='lat' dir='ltr'><em>et</em></span> <span class='ocrx_word' id='word_1_692' title='bbox 2756 4502 3231 4562; x_wconf 88' lang='lat' dir='ltr'><em>dehonestationes</em></span> <span class='ocrx_word' id='word_1_693' title='bbox 3264 4504 3533 4562; x_wconf 86' lang='lat' dir='ltr'><em>sustinet.</em></span> <span class='ocrx_word' id='word_1_694' title='bbox 3564 4506 3805 4578; x_wconf 82' lang='lat' dir='ltr'><em>Ignomi-</em></span> 
     </span>
    </p>
   </div>
   <div class='ocr_carea' id='block_1_89' title="bbox 2204 4590 3806 4663">
    <p class='ocr_par' dir='ltr' id='par_1_89' title="bbox 2204 4590 3806 4663">
     <span class='ocr_line' id='line_1_89' title="bbox 2204 4590 3806 4663; baseline 0.004 -17"><span class='ocrx_word' id='word_1_695' title='bbox 2204 4592 2305 4648; x_wconf 87' lang='lat' dir='ltr'><em>nia</em></span> <span class='ocrx_word' id='word_1_696' title='bbox 2325 4594 2518 4648; x_wconf 85' lang='lat' dir='ltr'><em>autem</em></span> <span class='ocrx_word' id='word_1_697' title='bbox 2537 4592 2657 4663; x_wconf 86' lang='lat' dir='ltr'><em>ejus</em></span> <span class='ocrx_word' id='word_1_698' title='bbox 2677 4608 2791 4649; x_wconf 85' lang='lat' dir='ltr'><em>non</em></span> <span class='ocrx_word' id='word_1_699' title='bbox 2812 4590 3124 4649; x_wconf 87' lang='lat' dir='ltr'><em>abolebitur</em></span> <span class='ocrx_word' id='word_1_700' title='bbox 3137 4594 3201 4649; x_wconf 89' lang='lat' dir='ltr'><em>in</em></span> <span class='ocrx_word' id='word_1_701' title='bbox 3223 4609 3427 4650; x_wconf 66' lang='lat' dir='ltr'><em>aevum.</em></span> <span class='ocrx_word' id='word_1_702' title='bbox 3446 4594 3625 4651; x_wconf 88' lang='lat' dir='ltr'><em>Plena</em></span> <span class='ocrx_word' id='word_1_703' title='bbox 3645 4596 3806 4652; x_wconf 80' lang='lat' dir='ltr'><em>enim</em></span> 
     </span>
    </p>
   </div>
   <div class='ocr_carea' id='block_1_90' title="bbox 2204 4680 3804 4755">
    <p class='ocr_par' dir='ltr' id='par_1_90' title="bbox 2204 4680 3804 4755">
     <span class='ocr_line' id='line_1_90' title="bbox 2204 4680 3804 4755; baseline 0.001 -16"><span class='ocrx_word' id='word_1_704' title='bbox 2204 4682 2314 4739; x_wconf 75' lang='lat' dir='ltr'><em>zeli</em></span> <span class='ocrx_word' id='word_1_705' title='bbox 2356 4680 2669 4753; x_wconf 85' lang='lat' dir='ltr'><em>indignatio</em></span> <span class='ocrx_word' id='word_1_706' title='bbox 2697 4681 2817 4738; x_wconf 89' lang='lat' dir='ltr'><em>viro</em></span> <span class='ocrx_word' id='word_1_707' title='bbox 2832 4697 2949 4737; x_wconf 88' lang='lat' dir='ltr'><em>non</em></span> <span class='ocrx_word' id='word_1_708' title='bbox 2965 4687 3169 4754; x_wconf 87' lang='lat' dir='ltr'><em>parcet</em></span> <span class='ocrx_word' id='word_1_709' title='bbox 3186 4682 3251 4739; x_wconf 87' lang='lat' dir='ltr'><em>in</em></span> <span class='ocrx_word' id='word_1_710' title='bbox 3270 4682 3360 4740; x_wconf 86' lang='lat' dir='ltr'><em>die</em></span> <span class='ocrx_word' id='word_1_711' title='bbox 3377 4682 3589 4755; x_wconf 84' lang='lat' dir='ltr'><em>judicii</em></span> <span class='ocrx_word' id='word_1_712' title='bbox 3609 4686 3804 4755; x_wconf 85' lang='lat' dir='ltr'><em>(Prov.</em></span> 
     </span>
    </p>
   </div>
   <div class='ocr_carea' id='block_1_91' title="bbox 2207 4769 3800 4844">
    <p class='ocr_par' dir='ltr' id='par_1_91' title="bbox 2207 4769 3800 4844">
     <span class='ocr_line' id='line_1_91' title="bbox 2207 4769 3800 4844; baseline 0.003 -18"><span class='ocrx_word' id='word_1_713' title='bbox 2207 4785 2286 4839; x_wconf 76' lang='lat' dir='ltr'><em>v1,</em></span> <span class='ocrx_word' id='word_1_714' title='bbox 2339 4771 2561 4841; x_wconf 86' lang='lat'><em>32-36).</em></span> <span class='ocrx_word' id='word_1_715' title='bbox 2626 4769 2739 4824; x_wconf 84' lang='lat' dir='ltr'><em>Hoc</em></span> <span class='ocrx_word' id='word_1_716' title='bbox 2759 4770 2807 4826; x_wconf 89' lang='lat' dir='ltr'><em>si</em></span> <span class='ocrx_word' id='word_1_717' title='bbox 2854 4770 2923 4826; x_wconf 90' lang='lat' dir='ltr'><em>de</em></span> <span class='ocrx_word' id='word_1_718' title='bbox 2970 4772 3183 4828; x_wconf 90' lang='lat' dir='ltr'><em>ethnico</em></span> <span class='ocrx_word' id='word_1_719' title='bbox 3238 4772 3513 4843; x_wconf 87' lang='lat' dir='ltr'><em>putaveris</em></span> <span class='ocrx_word' id='word_1_720' title='bbox 3564 4774 3800 4844; x_wconf 86' lang='lat' dir='ltr'><em>dictum,</em></span> 
     </span>
    </p>
   </div>
   <div class='ocr_carea' id='block_1_92' title="bbox 2202 4858 3803 4935">
    <p class='ocr_par' dir='ltr' id='par_1_92' title="bbox 2202 4858 3803 4935">
     <span class='ocr_line' id='line_1_92' title="bbox 2202 4858 3803 4935; baseline 0.002 -20"><span class='ocrx_word' id='word_1_721' title='bbox 2202 4866 2349 4915; x_wconf 90' lang='lat' dir='ltr'><em>certe</em></span> <span class='ocrx_word' id='word_1_722' title='bbox 2378 4858 2446 4919; x_wconf 86' lang='lat' dir='ltr'><em>de</em></span> <span class='ocrx_word' id='word_1_723' title='bbox 2488 4858 2736 4915; x_wconf 84' lang='lat' dir='ltr'><em>ﬁdelibus</em></span> <span class='ocrx_word' id='word_1_724' title='bbox 2772 4859 2881 4931; x_wconf 86' lang='lat' dir='ltr'><em>jam</em></span> <span class='ocrx_word' id='word_1_725' title='bbox 2925 4860 3124 4917; x_wconf 87' lang='lat' dir='ltr'><em>audisti</em></span> <span class='ocrx_word' id='word_1_726' title='bbox 3156 4877 3254 4933; x_wconf 90' lang='lat' dir='ltr'><em>per</em></span> <span class='ocrx_word' id='word_1_727' title='bbox 3300 4878 3511 4919; x_wconf 90' lang='lat' dir='ltr'><em>cassum</em></span> <span class='ocrx_word' id='word_1_728' title='bbox 3552 4863 3602 4902; x_wconf 79' lang='lat'><em>75</em></span> <span class='ocrx_word' id='word_1_729' title='bbox 3639 4864 3803 4935; x_wconf 66' lang='lat'><em>(96):</em></span> 
     </span>
    </p>
   </div>
   <div class='ocr_carea' id='block_1_93' title="bbox 578 4959 2095 5115">
    <p class='ocr_par' dir='ltr' id='par_1_93' title="bbox 578 4959 2095 5115">
     <span class='ocr_line' id='line_1_93' title="bbox 578 4959 2095 5115; baseline 0.008 -28"><span class='ocrx_word' id='word_1_730' title='bbox 578 5033 873 5115; x_wconf 76' lang='lat' dir='ltr'><em>73_Consati</em></span> <span class='ocrx_word' id='word_1_731' title='bbox 895 5036 1075 5095; x_wconf 85' lang='lat' dir='ltr'><em>Rhen.</em></span> <span class='ocrx_word' id='word_1_732' title='bbox 1110 5036 1329 5096; x_wconf 89' lang='lat' dir='ltr'><em>Oberth.</em></span> <span class='ocrx_word' id='word_1_733' title='bbox 1363 5040 1521 5111; x_wconf 85' lang='lat' dir='ltr'><em>Leop.</em></span> <span class='ocrx_word' id='word_1_734' title='bbox 1557 5038 1605 5077; x_wconf 67' lang='grc'>⁷4</span> <span class='ocrx_word' id='word_1_735' title='bbox 1633 5036 1762 5094; x_wconf 88' lang='lat' dir='ltr'><em>Post</em></span> <span class='ocrx_word' id='word_1_736' title='bbox 1816 4959 2061 5098; x_wconf 47' lang='grc' dir='ltr'><em>αιέδῗῃῗ</em></span> <span class='ocrx_word' id='word_1_737' title='bbox 2093 5080 2095 5095; x_wconf 66' lang='grc' dir='ltr'><em>ι</em></span> 
     </span>
    </p>
   </div>
   <div class='ocr_carea' id='block_1_94' title="bbox 2204 4959 3805 5115">
    <p class='ocr_par' dir='ltr' id='par_1_94' title="bbox 2204 4971 3805 5115">
     <span class='ocr_line' id='line_1_94' title="bbox 2204 4971 3805 5115; baseline 0.001 -17"><span class='ocrx_word' id='word_1_738' title='bbox 2204 4971 2473 5099; x_wconf 34' lang='grc' dir='ltr'><em>ᾖιρξἒθὲὲιι</em></span> <span class='ocrx_word' id='word_1_739' title='bbox 2527 5039 2719 5097; x_wconf 88' lang='lat' dir='ltr'><em>Isaiam</em></span> <span class='ocrx_word' id='word_1_740' title='bbox 2759 5042 2879 5097; x_wconf 89' lang='lat' dir='ltr'><em>Lat.</em></span> <span class='ocrx_word' id='word_1_741' title='bbox 2940 5042 3099 5115; x_wconf 88' lang='lat' dir='ltr'><em>Leop.</em></span> <span class='ocrx_word' id='word_1_742' title='bbox 3151 5058 3249 5115; x_wconf 87' lang='lat' dir='ltr'><em>per</em></span> <span class='ocrx_word' id='word_1_743' title='bbox 3276 5056 3517 5099; x_wconf 87' lang='lat' dir='ltr'><em>caussam</em></span> <span class='ocrx_word' id='word_1_744' title='bbox 3578 5042 3805 5104; x_wconf 83' lang='lat' dir='ltr'><em>Oberth.</em></span> 
     </span>
    </p>
   </div>
   <div class='ocr_carea' id='block_1_95' title="bbox 510 5104 679 5163">
    <p class='ocr_par' dir='ltr' id='par_1_95' title="bbox 510 5104 679 5163">
     <span class='ocr_line' id='line_1_95' title="bbox 510 5104 679 5163; baseline -0.012 -1"><span class='ocrx_word' id='word_1_745' title='bbox 510 5104 679 5163; x_wconf 88' lang='lat' dir='ltr'><em>Semt.</em></span> 
     </span>
    </p>
   </div>
   <div class='ocr_carea' id='block_1_96' title="bbox 1904 5184 2403 5249">
    <p class='ocr_par' dir='ltr' id='par_1_96' title="bbox 1904 5184 2403 5249">
     <span class='ocr_line' id='line_1_96' title="bbox 1904 5184 2403 5249; baseline -0.002 -2"><span class='ocrx_word' id='word_1_746' title='bbox 1904 5184 2403 5249; x_wconf 80' lang='lat' dir='ltr'><em>Commentarius.</em></span> 
     </span>
    </p>
   </div>
   <div class='ocr_carea' id='block_1_97' title="bbox 576 5285 2098 5361">
    <p class='ocr_par' dir='ltr' id='par_1_97' title="bbox 576 5285 2098 5361">
     <span class='ocr_line' id='line_1_97' title="bbox 576 5285 2098 5361; baseline 0.003 -19"><span class='ocrx_word' id='word_1_747' title='bbox 576 5285 903 5361; x_wconf 82' lang='lat' dir='ltr'><em>(9i)_Pauca</em></span> <span class='ocrx_word' id='word_1_748' title='bbox 928 5287 1151 5361; x_wconf 88' lang='lat' dir='ltr'><em>multis,</em></span> <span class='ocrx_word' id='word_1_749' title='bbox 1176 5285 1350 5361; x_wconf 80' lang='lat' dir='ltr'><em>dubia</em></span> <span class='ocrx_word' id='word_1_750' title='bbox 1377 5288 1568 5355; x_wconf 86' lang='lat' dir='ltr'><em>certis,</em></span> <span class='ocrx_word' id='word_1_751' title='bbox 1600 5285 1832 5361; x_wconf 88' lang='lat' dir='ltr'><em>obscura</em></span> <span class='ocrx_word' id='word_1_752' title='bbox 1853 5291 2098 5361; x_wconf 87' lang='lat' dir='ltr'><em>manife-</em></span> 
     </span>
    </p>
   </div>
   <div class='ocr_carea' id='block_1_98' title="bbox 502 5358 2091 5432">
    <p class='ocr_par' dir='ltr' id='par_1_98' title="bbox 502 5358 2091 5432">
     <span class='ocr_line' id='line_1_98' title="bbox 502 5358 2091 5432; baseline 0 -16"><span class='ocrx_word' id='word_1_753' title='bbox 502 5359 607 5416; x_wconf 86' lang='lat' dir='ltr'><em>stis</em></span> <span class='ocrx_word' id='word_1_754' title='bbox 636 5358 1068 5432; x_wconf 81' lang='lat' dir='ltr'><em>adumbrantur.</em></span> <span class='ocrx_word' id='word_1_755' title='bbox 1119 5358 1481 5432; x_wconf 65' lang='lat' dir='ltr'><em>Offuscantur,</em></span> <span class='ocrx_word' id='word_1_756' title='bbox 1513 5360 1865 5432; x_wconf 85' lang='lat' dir='ltr'><em>occultantur,</em></span> <span class='ocrx_word' id='word_1_757' title='bbox 1897 5368 1953 5413; x_wconf 90' lang='lat' dir='ltr'><em>ut</em></span> <span class='ocrx_word' id='word_1_758' title='bbox 1980 5358 2091 5432; x_wconf 81' lang='lat' dir='ltr'><em>jam</em></span> 
     </span>
    </p>
   </div>
   <div class='ocr_carea' id='block_1_99' title="bbox 501 5428 2097 5502">
    <p class='ocr_par' dir='ltr' id='par_1_99' title="bbox 501 5428 2097 5502">
     <span class='ocr_line' id='line_1_99' title="bbox 501 5428 2097 5502; baseline 0.003 -17"><span class='ocrx_word' id='word_1_759' title='bbox 501 5444 675 5502; x_wconf 79' lang='lat' dir='ltr'><em>pauca</em></span> <span class='ocrx_word' id='word_1_760' title='bbox 730 5447 841 5502; x_wconf 69' lang='lat' dir='ltr'><em>prm</em></span> <span class='ocrx_word' id='word_1_761' title='bbox 899 5429 1101 5495; x_wconf 86' lang='lat' dir='ltr'><em>multis,</em></span> <span class='ocrx_word' id='word_1_762' title='bbox 1149 5428 1317 5483; x_wconf 88' lang='lat' dir='ltr'><em>dubia</em></span> <span class='ocrx_word' id='word_1_763' title='bbox 1361 5446 1471 5500; x_wconf 69' lang='lat' dir='ltr'><em>pra:</em></span> <span class='ocrx_word' id='word_1_764' title='bbox 1518 5432 1698 5499; x_wconf 89' lang='lat' dir='ltr'><em>certis,</em></span> <span class='ocrx_word' id='word_1_765' title='bbox 1731 5431 1957 5487; x_wconf 87' lang='lat' dir='ltr'><em>obscura</em></span> <span class='ocrx_word' id='word_1_766' title='bbox 1982 5428 2097 5502; x_wconf 58' lang='lat' dir='ltr'><em>pra}</em></span> 
     </span>
    </p>
   </div>
   <div class='ocr_carea' id='block_1_100' title="bbox 503 5500 1668 5571">
    <p class='ocr_par' dir='ltr' id='par_1_100' title="bbox 503 5500 1668 5571">
     <span class='ocr_line' id='line_1_100' title="bbox 503 5500 1668 5571; baseline 0.003 -17"><span class='ocrx_word' id='word_1_767' title='bbox 503 5500 796 5556; x_wconf 79' lang='lat' dir='ltr'><em>manifestis</em></span> <span class='ocrx_word' id='word_1_768' title='bbox 824 5501 1044 5556; x_wconf 88' lang='lat' dir='ltr'><em>minime</em></span> <span class='ocrx_word' id='word_1_769' title='bbox 1074 5510 1439 5571; x_wconf 87' lang='lat' dir='ltr'><em>compareant.</em></span> <span class='ocrx_word' id='word_1_770' title='bbox 1469 5502 1546 5557; x_wconf 82' lang='lat' dir='ltr'><em>LE</em></span> <span class='ocrx_word' id='word_1_771' title='bbox 1568 5502 1668 5557; x_wconf 82' lang='lat' dir='ltr'><em>Pn.</em></span> 
     </span>
    </p>
   </div>
   <div class='ocr_carea' id='block_1_101' title="bbox 574 5573 2089 5644">
    <p class='ocr_par' dir='ltr' id='par_1_101' title="bbox 574 5573 2089 5644">
     <span class='ocr_line' id='line_1_101' title="bbox 574 5573 2089 5644; baseline 0.001 -16"><span class='ocrx_word' id='word_1_772' title='bbox 574 5574 686 5644; x_wconf 83' lang='lat'><em>(92)</em></span> <span class='ocrx_word' id='word_1_773' title='bbox 708 5575 815 5629; x_wconf 89' lang='lat' dir='ltr'><em>Pro</em></span> <span class='ocrx_word' id='word_1_774' title='bbox 844 5575 1063 5644; x_wconf 82' lang='lat' dir='ltr'><em>ratione</em></span> <span class='ocrx_word' id='word_1_775' title='bbox 1085 5576 1365 5644; x_wconf 84' lang='lat' dir='ltr'><em>temporis,</em></span> <span class='ocrx_word' id='word_1_776' title='bbox 1406 5580 1508 5629; x_wconf 89' lang='lat' dir='ltr'><em>etc.</em></span> <span class='ocrx_word' id='word_1_777' title='bbox 1541 5575 1825 5644; x_wconf 89' lang='lat' dir='ltr'><em>Perperam</em></span> <span class='ocrx_word' id='word_1_778' title='bbox 1857 5573 2089 5631; x_wconf 82' lang='lat' dir='ltr'><em>afﬁrmat</em></span> 
     </span>
    </p>
   </div>
   <div class='ocr_carea' id='block_1_102' title="bbox 500 5643 2087 5721">
    <p class='ocr_par' dir='ltr' id='par_1_102' title="bbox 500 5643 2087 5721">
     <span class='ocr_line' id='line_1_102' title="bbox 500 5643 2087 5721; baseline 0.004 -25"><span class='ocrx_word' id='word_1_779' title='bbox 500 5643 709 5699; x_wconf 87' lang='lat' dir='ltr'><em>veniam</em></span> <span class='ocrx_word' id='word_1_780' title='bbox 742 5643 1017 5701; x_wconf 89' lang='lat' dir='ltr'><em>Corinthio</em></span> <span class='ocrx_word' id='word_1_781' title='bbox 1063 5643 1392 5715; x_wconf 83' lang='lat' dir='ltr'><em>concessam,</em></span> <span class='ocrx_word' id='word_1_782' title='bbox 1429 5644 1474 5701; x_wconf 91' lang='lat' dir='ltr'><em>si</em></span> <span class='ocrx_word' id='word_1_783' title='bbox 1515 5643 1859 5703; x_wconf 90' lang='lat' dir='ltr'><em>admittamus</em></span> <span class='ocrx_word' id='word_1_784' title='bbox 1905 5648 1961 5704; x_wconf 91' lang='lat' dir='ltr'><em>id</em></span> <span class='ocrx_word' id='word_1_785' title='bbox 1990 5662 2087 5721; x_wconf 93' lang='lat' dir='ltr'><em>pro</em></span> 
     </span>
    </p>
   </div>
   <div class='ocr_carea' id='block_1_103' title="bbox 2204 5287 3806 5360">
    <p class='ocr_par' dir='ltr' id='par_1_103' title="bbox 2204 5287 3806 5360">
     <span class='ocr_line' id='line_1_103' title="bbox 2204 5287 3806 5360; baseline 0.002 -15"><span class='ocrx_word' id='word_1_786' title='bbox 2204 5288 2409 5345; x_wconf 89' lang='lat' dir='ltr'><em>ratione</em></span> <span class='ocrx_word' id='word_1_787' title='bbox 2456 5287 2715 5360; x_wconf 89' lang='lat' dir='ltr'><em>temporis</em></span> <span class='ocrx_word' id='word_1_788' title='bbox 2755 5289 2973 5357; x_wconf 83' lang='lat' dir='ltr'><em>factum,</em></span> <span class='ocrx_word' id='word_1_789' title='bbox 3022 5291 3163 5349; x_wconf 89' lang='lat' dir='ltr'><em>sicut</em></span> <span class='ocrx_word' id='word_1_790' title='bbox 3206 5289 3671 5349; x_wconf 90' lang='lat' dir='ltr'><em>circumcisionem</em></span> <span class='ocrx_word' id='word_1_791' title='bbox 3704 5292 3806 5350; x_wconf 86' lang='lat' dir='ltr'><em>Ti-</em></span> 
     </span>
    </p>
   </div>
   <div class='ocr_carea' id='block_1_104' title="bbox 2203 5359 3803 5428">
    <p class='ocr_par' dir='ltr' id='par_1_104' title="bbox 2203 5359 3803 5428">
     <span class='ocr_line' id='line_1_104' title="bbox 2203 5359 3803 5428; baseline 0.002 -11"><span class='ocrx_word' id='word_1_792' title='bbox 2203 5362 2437 5428; x_wconf 85' lang='lat' dir='ltr'><em>mothei;</em></span> <span class='ocrx_word' id='word_1_793' title='bbox 2471 5359 2605 5416; x_wconf 88' lang='lat' dir='ltr'><em>nihil</em></span> <span class='ocrx_word' id='word_1_794' title='bbox 2636 5361 2778 5416; x_wconf 90' lang='lat' dir='ltr'><em>enim</em></span> <span class='ocrx_word' id='word_1_795' title='bbox 2807 5363 3007 5418; x_wconf 86' lang='lat' dir='ltr'><em>habent</em></span> <span class='ocrx_word' id='word_1_796' title='bbox 3054 5366 3192 5419; x_wconf 88' lang='lat' dir='ltr'><em>inter</em></span> <span class='ocrx_word' id='word_1_797' title='bbox 3220 5380 3275 5419; x_wconf 88' lang='lat' dir='ltr'><em>se</em></span> <span class='ocrx_word' id='word_1_798' title='bbox 3313 5379 3619 5420; x_wconf 90' lang='lat' dir='ltr'><em>commune.</em></span> <span class='ocrx_word' id='word_1_799' title='bbox 3652 5364 3803 5420; x_wconf 70' lang='lat' dir='ltr'><em>Pu.</em></span> 
     </span>
    </p>
   </div>
   <div class='ocr_carea' id='block_1_105' title="bbox 2277 5433 3815 5509">
    <p class='ocr_par' dir='ltr' id='par_1_105' title="bbox 2277 5433 3815 5509">
     <span class='ocr_line' id='line_1_105' title="bbox 2277 5433 3815 5509; baseline 0.003 -22"><span class='ocrx_word' id='word_1_800' title='bbox 2277 5435 2390 5504; x_wconf 81' lang='lat'><em>(93)</em></span> <span class='ocrx_word' id='word_1_801' title='bbox 2417 5436 2488 5489; x_wconf 87' lang='lat' dir='ltr'><em>Et</em></span> <span class='ocrx_word' id='word_1_802' title='bbox 2507 5433 2877 5509; x_wconf 77' lang='lat' dir='ltr'><em>addictionem</em></span> <span class='ocrx_word' id='word_1_803' title='bbox 2898 5437 3079 5509; x_wconf 81' lang='lat' dir='ltr'><em>omnis</em></span> <span class='ocrx_word' id='word_1_804' title='bbox 3096 5436 3411 5509; x_wconf 72' lang='lat' dir='ltr'><em>pudicitiaz.</em></span> <span class='ocrx_word' id='word_1_805' title='bbox 3426 5436 3645 5509; x_wconf 82' lang='lat' dir='ltr'><em>Addicit</em></span> <span class='ocrx_word' id='word_1_806' title='bbox 3660 5452 3815 5507; x_wconf 69' lang='lat' dir='ltr'><em>pra:-</em></span> 
     </span>
    </p>
   </div>
   <div class='ocr_carea' id='block_1_106' title="bbox 2208 5504 3641 5578">
    <p class='ocr_par' dir='ltr' id='par_1_106' title="bbox 2208 5504 3641 5578">
     <span class='ocr_line' id='line_1_106' title="bbox 2208 5504 3641 5578; baseline 0.001 -18"><span class='ocrx_word' id='word_1_807' title='bbox 2208 5512 2314 5571; x_wconf 90' lang='lat' dir='ltr'><em>tor,</em></span> <span class='ocrx_word' id='word_1_808' title='bbox 2340 5521 2472 5578; x_wconf 7' lang='lat' dir='ltr'><em>(cum</em></span> <span class='ocrx_word' id='word_1_809' title='bbox 2499 5504 2626 5575; x_wconf 88' lang='lat' dir='ltr'><em>quid</em></span> <span class='ocrx_word' id='word_1_810' title='bbox 2656 5508 2935 5578; x_wconf 91' lang='lat' dir='ltr'><em>proprium</em></span> <span class='ocrx_word' id='word_1_811' title='bbox 2972 5504 3127 5562; x_wconf 76' lang='lat' dir='ltr'><em>alicui</em></span> <span class='ocrx_word' id='word_1_812' title='bbox 3157 5522 3279 5562; x_wconf 89' lang='lat' dir='ltr'><em>esse</em></span> <span class='ocrx_word' id='word_1_813' title='bbox 3305 5509 3479 5577; x_wconf 87' lang='lat' dir='ltr'><em>jubet.</em></span> <span class='ocrx_word' id='word_1_814' title='bbox 3514 5508 3641 5562; x_wconf 79' lang='lat' dir='ltr'><em>RIG.</em></span> 
     </span>
    </p>
   </div>
   <div class='ocr_carea' id='block_1_107' title="bbox 2291 5576 3807 5652">
    <p class='ocr_par' dir='ltr' id='par_1_107' title="bbox 2291 5576 3807 5652">
     <span class='ocr_line' id='line_1_107' title="bbox 2291 5576 3807 5652; baseline 0.003 -20"><span class='ocrx_word' id='word_1_815' title='bbox 2291 5576 2386 5652; x_wconf 57' lang='lat'><em>9(1)</em></span> <span class='ocrx_word' id='word_1_816' title='bbox 2413 5578 2519 5633; x_wconf 90' lang='lat' dir='ltr'><em>Per</em></span> <span class='ocrx_word' id='word_1_817' title='bbox 2533 5576 2787 5652; x_wconf 72' lang='lat' dir='ltr'><em>cassum.</em></span> <span class='ocrx_word' id='word_1_818' title='bbox 2811 5578 3072 5652; x_wconf 79' lang='lat' dir='ltr'><em>Latinius,</em></span> <span class='ocrx_word' id='word_1_819' title='bbox 3101 5595 3203 5651; x_wconf 88' lang='lat' dir='ltr'><em>per</em></span> <span class='ocrx_word' id='word_1_820' title='bbox 3231 5580 3457 5647; x_wconf 83' lang='lat' dir='ltr'><em>Isaiam,</em></span> <span class='ocrx_word' id='word_1_821' title='bbox 3477 5579 3636 5636; x_wconf 87' lang='lat' dir='ltr'><em>valde</em></span> <span class='ocrx_word' id='word_1_822' title='bbox 3656 5594 3807 5652; x_wconf 79' lang='lat' dir='ltr'><em>pro-</em></span> 
     </span>
    </p>
   </div>
   <div class='ocr_carea' id='block_1_108' title="bbox 2196 5647 3813 5726">
    <p class='ocr_par' dir='ltr' id='par_1_108' title="bbox 2196 5647 3813 5726">
     <span class='ocr_line' id='line_1_108' title="bbox 2196 5647 3813 5726; baseline 0.004 -24"><span class='ocrx_word' id='word_1_823' title='bbox 2196 5647 2374 5705; x_wconf 83' lang='lat' dir='ltr'><em>habili</em></span> <span class='ocrx_word' id='word_1_824' title='bbox 2419 5647 2754 5721; x_wconf 88' lang='lat' dir='ltr'><em>conjectura,</em></span> <span class='ocrx_word' id='word_1_825' title='bbox 2803 5648 2908 5706; x_wconf 88' lang='lat' dir='ltr'><em>nisi</em></span> <span class='ocrx_word' id='word_1_826' title='bbox 2930 5647 3117 5723; x_wconf 51' lang='lat' dir='ltr'><em>illud,&#39;</em></span> <span class='ocrx_word' id='word_1_827' title='bbox 3131 5667 3235 5724; x_wconf 88' lang='lat' dir='ltr'><em>per</em></span> <span class='ocrx_word' id='word_1_828' title='bbox 3271 5666 3515 5726; x_wconf 79' lang='lat' dir='ltr'><em>cassum,</em></span> <span class='ocrx_word' id='word_1_829' title='bbox 3546 5647 3813 5711; x_wconf 62' lang='lat' dir='ltr'><em>veterum</em></span> 
     </span>
    </p>
   </div>
  </div>
