4058 6172
241 390 379 452 1069

1532 388 1726 450 LIBER
1756 388 1840 449 DE
1885 387 2234 450 PUDiCITIA.

3402 396 3538 456 1070

236 516 798 576 Exceditedemedio
819 516 1832 590 eorum,etseparamini,etimmun-
1862 528 1909 608 Α
1943 515 2144 587 probro
2202 513 2455 585 vilitatis,
2509 525 2567 573 ut
2624 517 2935 573 emundata.
2994 515 3136 587 Quid
3191 520 3242 558 80
3279 519 3326 575 si
3364 529 3416 577 et
3454 523 3541 578 hic

233 607 371 664 dum
420 623 494 664 ne
540 609 844 680 tetigeritis
889 610 968 680 (ΙΙ
1013 609 1133 665 Cor.
1168 621 1245 672 γι,
1281 607 1390 677 17).
1422 605 1603 660 Habes
1651 604 1831 660 statim

235 697 290 751 in
322 695 549 751 Psalmis
585 697 812 754 beatum
841 699 1031 753 virum
1070 699 1166 770 qui
1203 712 1317 752 non
1363 695 1569 752 abierit
1599 696 1662 749 in
1691 709 1832 750 con-

235 785 370 842 cilio
397 785 724 857 impiorum,
747 789 804 842 et
832 786 894 839 in
924 787 1017 841 via
1038 789 1411 857 peccatorum
1437 799 1554 839 non
1584 783 1831 849 steterit,

234 876 295 930 et
324 874 387 928 in
415 872 689 929 cathedra
715 874 1065 946 pestilentia:
1092 890 1211 930 non
1240 873 1448 931 sederit
1477 871 1653 942 (Psal.
1687 887 1727 940 ι,
1758 871 1833 940 1).

235 961 408 1031 Cujus
433 969 488 1017 et
518 969 704 1032 postea
735 977 838 1020 vox
869 980 882 1020 :
917 963 1037 1019 Non
1062 963 1184 1019 sedi
1210 979 1345 1019 cum
1375 977 1638 1018 consessu
1668 960 1836 1018 vani-

239 1051 402 1114 tatis,
425 1055 480 1104 et
510 1066 643 1106 cum
669 1051 864 1122 inique
893 1051 1191 1120 agentibus
1212 1067 1326 1107 non
1356 1051 1600 1106 introibo
1617 1048 1741 1120 [hoc
1769 1049 1840 1104 de

237 1139 467 1195 ecclesia
520 1139 659 1193 male
714 1139 987 1210 agentium
1032 1139 1170 1211 (96)]
1205 1143 1264 1195 et
1317 1156 1447 1195 cum
1502 1138 1696 1210 impiis
1726 1155 1839 1197 non

238 1227 461 1294 sedebo;
479 1234 533 1282 et
557 1243 572 1281 :
602 1226 813 1283 Lavabo
843 1243 978 1283 cum
1005 1226 1404 1284 innocentibus
1433 1241 1638 1283 manus
1660 1243 1837 1291 meas,

239 1320 299 1374 et
315 1316 502 1373 altare
525 1319 690 1373 tuum
701 1316 1081 1380 circumdabo,
1095 1317 1328 1374 Domine
1339 1315 1515 1386 (Psal.
1533 1329 1675 1385 xxx,
1691 1316 1744 1383 4,
1760 1317 1837 1385 5),

241 1413 305 1462 ut
331 1405 481 1461 solus
502 1405 682 1476 plures
712 1402 761 1440 ⁷⁸
791 1404 924 1474 (96),
950 1404 1206 1475 quoniam
1235 1403 1476 1475 quidem,
1495 1419 1623 1460 cum
1647 1407 1840 1458 sancto

240 1497 476 1552 sanctus
494 1495 627 1560 eris,
651 1498 706 1551 et
735 1509 868 1550 cum
895 1495 1070 1552 electo
1098 1494 1304 1551 electus
1333 1495 1465 1561 eris,
1488 1499 1540 1547 et
1564 1508 1693 1548 cum
1719 1507 1843 1564 per-

237 1601 399 1642 verso
422 1599 719 1656 perversus
746 1585 858 1642 eris
890 1585 1064 1654 (Psal.
1096 1597 1239 1650 xvn,
1269 1582 1383 1654 26).
1413 1581 1481 1637 Et
1507 1579 1638 1635 alibi
1673 1597 1686 1637 :
1719 1582 1843 1638 Pec-

240 1673 428 1730 catori
455 1677 650 1730 autem
689 1673 827 1728 dicit
865 1673 1136 1730 Dominus
1167 1691 1185 1727 :
1221 1673 1288 1730 Ut
1335 1669 1468 1742 quid
1498 1672 1562 1726 tu
1605 1669 1842 1742 exponis

229 1762 388 1833 justi
387 1761 679 1831 ficationes
694 1776 868 1825 meas,
887 1764 943 1818 et
961 1761 1203 1818 assumis
1217 1761 1632 1816 testamentum
1651 1773 1846 1814 meum

235 1866 346 1921 per
373 1864 430 1906 os
462 1851 676 1904 tuum?
705 1849 765 1905 Si
805 1847 1027 1904 videbas
1055 1849 1265 1918 furem,
1297 1846 1559 1904 currebas
1599 1862 1728 1902 cum
1756 1861 1838 1913 eo,
1878 1811 1922 1888 Β

239 1940 303 1992 et
333 1951 465 1993 cum
511 1935 790 1992 adulteris
832 1937 1153 2007 portionem
1193 1939 1353 1992 tuam
1388 1933 1630 2006 ponebas
1662 1934 1839 2003 (Psal.

241 2037 404 2092 xmx,
437 2026 504 2078 16
535 2025 701 2094 seq.).
729 2023 867 2080 Hinc
896 2023 1062 2096 igitur
1091 2022 1419 2080 informatus
1446 2030 1501 2078 et
1525 2021 1844 2093 Apostolus,

249 2113 484 2184 Scripsi,
517 2110 713 2183 inquit,
744 2111 892 2170 vobis
936 2114 1002 2168 in
1031 2114 1304 2185 Epistola,
1338 2128 1453 2170 non
1500 2111 1849 2170 commisceri

244 2199 718 2272 fornicatoribus,
763 2217 883 2260 non
936 2203 1142 2274 utique
1189 2201 1631 2272 fornicatoribus
1677 2201 1848 2272 hujus

245 2289 468 2358 mundi,
489 2296 543 2344 et
562 2287 767 2360 reliqua
791 2307 804 2343 :
844 2290 1146 2359 Craterum,
1170 2292 1459 2362 oportebat
1482 2305 1574 2346 vos
1601 2289 1760 2344 exire
1780 2289 1849 2346 de

245 2377 482 2436 mundo:
493 2393 648 2434 nunc
657 2380 855 2434 autem
865 2377 1046 2434 scribo
1056 2378 1280 2445 vobis,si
1288 2379 1386 2451 qui
1395 2379 1582 2449 frater
1592 2377 1850 2434 nomina-

249 2473 351 2526 tur
365 2469 429 2525 in
451 2467 599 2524 vobis
627 2467 960 2538 fornicator,
981 2470 1084 2522 aut
1098 2466 1403 2524 idololatra
1435 2463 1663 2522 1016
1691 2462 1848 2536 (quid

247 2557 394 2613 enim
424 2563 533 2610 tam
559 2555 918 2624 conjunctum
933 2553 1010 2625 τ),
1041 2559 1146 2612 aut
1180 2555 1486 2626 fraudator
1515 2553 1666 2628 (quid
1697 2554 1845 2610 enim

250 2654 360 2703 tam
391 2643 752 2716 propinquum
771 2644 845 2714 ?),
868 2652 922 2700 et
937 2652 1151 2710 caetera,
1173 2660 1306 2700 cum
1338 2644 1547 2700 talibus
1566 2659 1638 2701 ne
1659 2643 1848 2701 cibum

249 2733 476 2807 quidem
511 2747 757 2805 sumere,
787 2733 990 2788 nedum
1033 2732 1457 2789 Eucharistiam.
1493 2732 1768 2790 Modicum
1797 2733 1846 2771 ’Π

249 2822 466 2880 scilicet
516 2823 867 2893 fermentum
912 2823 1093 2882 totam
1139 2820 1344 2892 desipit
1394 2821 1849 2891 conspersionem

254 2910 311 2982 (Ι
354 2911 476 2970 Cor.
517 2927 570 2979 v,
611 2915 643 2968 9
681 2911 844 2981 seq.).
884 2909 1020 2964 Item
1063 2909 1132 2963 ad
1180 2909 1528 2966 Timotheum
1577 2928 1591 2966 :
1641 2908 1852 2967 Manus

250 3001 478 3058 nemini
514 3001 626 3060 cito
670 3000 958 3074 imponas,
987 3014 1165 3072 neque
1201 2999 1581 3058 communices
1627 2997 1853 3056 delictis

1942 603 2271 675 respondere
2315 604 2592 675 concipias
2641 605 2808 660 adimi
2862 605 3088 676 quidem
3142 609 3536 676 peccatoribus,

1941 693 2028 749 vel
2075 692 2311 748 maxime
2345 709 2508 748 carne
2553 695 2803 764 pollutis,
2835 696 3412 764 communicationem,
3444 699 3541 754 sed

1943 781 2010 836 ad
2063 796 2302 850 praesens
2354 780 2786 850 restituendam,
2828 782 3030 838 scilicet
3085 798 3150 838 ex
3211 785 3542 855 poenitentia:

1945 869 2172 937 ambitu,
2205 869 2506 926 secundum
2553 870 2699 924 illam
2747 871 3092 927 clementiam
3125 873 3222 927 Dei
3267 890 3371 944 qua
3420 892 3542 930 ma-

1946 956 2060 1014 vult
2089 957 2382 1027 peccatoris
2429 958 2798 1028 paenitentiam
2847 976 3010 1031 quam
3055 971 3283 1018 mortem
3312 964 3538 1034 (Ezech.

1947 1063 2150 1117 XXXIII,
2187 1048 2322 1120 lt)?
2349 1048 2455 1103 hoc
2493 1047 2641 1103 enim
2681 1047 3093 1106 fundamentum
3132 1052 3405 1122 Opinionis
3442 1070 3542 1112 ve-

1949 1145 2075 1192 strae
2119 1153 2503 1209 usquequaque
2549 1137 2870 1207 pulsandum
2919 1149 3020 1195 est.
3053 1141 3298 1198 Dicimus
3340 1143 3540 1214 itaque,

1950 1225 2252 1281 clementiae
2281 1224 2478 1280 divinae
2507 1225 2555 1280 si
2583 1225 2656 1282 ita
2691 1241 2812 1282 esse
2843 1228 3194 1299 competisset
3221 1229 3265 1268 81
3309 1231 3543 1288 demon-

1950 1315 2265 1371 strationem
2293 1313 2376 1370 sui
2394 1315 2558 1370 etiam
2578 1324 2703 1386 post
2730 1314 2894 1372 ﬁdem
2923 1318 3113 1389 lapsis,
3140 1323 3208 1375 ita
3228 1320 3278 1358 82
3308 1321 3544 1390 Aposto-

1947 1403 2450 1460 lusdiceret:Nolite
2459 1405 2883 1461 communicare
2893 1406 3145 1476 operibus
3160 1408 3541 1473 tenebrarum,

1948 1490 2052 1546 nisi
2083 1491 2454 1560 paenitentiam
2483 1491 2720 1562 egerint;
2744 1502 2795 1548 et
2823 1511 2835 1550 :
2862 1495 3002 1549 Cum
3035 1494 3244 1550 talibus
3261 1511 3334 1551 ne
3359 1497 3548 1553 cibum

1949 1580 2174 1654 quidem
2219 1595 2460 1646 sumere,
2512 1581 2614 1636 nisi
2663 1589 3015 1652 posteaquam
3063 1583 3269 1655 caligas
3319 1583 3546 1640 fratrum

1950 1669 2242 1726 volutando
2270 1669 2619 1737 deterserint;
2653 1680 2708 1725 et
2751 1687 2765 1724 :
2801 1672 2907 1738 Qui
2946 1674 3220 1743 templum
3249 1674 3348 1730 Dei
3376 1674 3547 1730 vitia-

1951 1759 2116 1827 verit,
2148 1757 2372 1813 vitiabit
2400 1758 2573 1812 illum
2599 1757 2769 1824 Deus,
2802 1758 2908 1813 nisi
2935 1758 3178 1813 omnium
3208 1759 3452 1816 focorum
3480 1761 3550 1817 ci-

1953 1861 2114 1903 neres
2143 1845 2197 1901 in
2225 1844 2464 1901 Ecclesia
2501 1846 2570 1901 de
2606 1844 2782 1917 capite
2813 1861 2915 1900 suo
2954 1846 3252 1902 excusserit
3288 1865 3300 1904 ε
3332 1849 3546 1905 debue-

1950 1943 2034 1991 rat
2079 1935 2220 1990 enim
2274 1950 2394 2005 quae
2449 1934 2796 1992 damnaverat
2853 1934 3079 2005 proinde
3134 1935 3546 2005 determinasse,

1953 2022 2208 2098 quoniam
2235 2023 2286 2062 ⁸³
2314 2039 2484 2096 usque
2523 2024 2573 2062 ⁸4
2602 2032 2654 2081 et
2700 2025 2801 2079 sub
2850 2025 3162 2081 conditione
3211 2025 3549 2092 damnasset,

1953 2113 2001 2169 si
2049 2111 2331 2185 temporali
2359 2120 2415 2168 et
2459 2113 2829 2181 conditionali,
2860 2123 2914 2170 et
2950 2129 3054 2169 non
3087 2122 3353 2184 perpetua
3384 2130 3550 2171 seve-

1955 2201 2111 2259 ritate
2156 2201 2480 2259 damnasset.
2525 2203 2712 2268 Porro,
2743 2217 2866 2259 cum
2908 2201 2964 2258 in
3011 2201 3263 2259 omnibus
3300 2202 3554 2274 Epistolis

1953 2296 2008 2344 et
2044 2295 2169 2359 post
2212 2287 2375 2344 ﬁdem
2419 2289 2580 2345 talem
2627 2290 2909 2360 prohibeat
2957 2289 3183 2346 1017
3237 2291 3469 2363 admitti,
3499 2300 3556 2350 et

1951 2375 2250 2432 admissum
2282 2393 2312 2432 a
2340 2378 2822 2436 communicatione
2850 2379 3120 2447 detrudat,
3155 2380 3271 2436 sine
3287 2395 3398 2453 spe
3427 2397 3557 2438 con-

1955 2463 2176 2522 ditionis
2204 2465 2366 2522 ullius
2395 2473 2486 2521 aut
2508 2469 2792 2539 temporis,
2825 2476 3023 2524 nostrae
3067 2470 3242 2541 magis
3269 2471 3556 2528 sententiis

1952 2552 2154 2611 assistit
2181 2570 2302 2610 eam
2319 2555 2693 2628 paenitentiam
2723 2559 3016 2614 ostendens
3047 2558 3340 2617 Dominum
3371 2561 3554 2628 malle,

1953 2657 2074 2713 quae
2111 2651 2234 2699 ante
2261 2642 2448 2712 ﬁdem,
2480 2661 2601 2717 quae
2639 2652 2757 2700 ante
2786 2646 3061 2716 baptisma
3091 2654 3262 2702 morte
3290 2659 3554 2718 peccato-

1955 2731 2030 2786 ris
2058 2731 2234 2801 potior
2269 2732 2551 2803 habeatur,
2581 2733 2749 2787 semel
2787 2732 3030 2788 diluendi
3063 2749 3156 2803 per
3195 2734 3393 2791 Christi
3424 2753 3555 2807 gra-

1957 2819 2106 2889 tiam,
2129 2820 2295 2876 semel
2327 2836 2422 2892 pro
2454 2821 2687 2892 peccatis
2735 2823 2940 2878 nostris
2968 2831 3144 2878 morte
3191 2821 3382 2879 functi.
3411 2826 3553 2880 Nam

1955 2910 2062 2966 hoc
2093 2910 2250 2966 etiam
2296 2910 2352 2966 in
2388 2926 2487 2966 sua
2527 2925 2762 2982 persona
2807 2911 3105 2982 Apostolus
3153 2913 3356 2972 statuit.
3389 2913 3558 2969 Afﬁr-

1957 3013 2118 3054 mans
2143 2999 2286 3054 enim
2324 2999 2600 3056 Christum
2629 2999 2696 3055 ad
2723 3001 2828 3056 hoc
2866 3001 3100 3066 venisse,
3134 3004 3201 3058 ut
3235 3007 3553 3074 peccatores

250 3090 466 3147 alienis
513 3089 566 3159 (ι
616 3091 749 3147 Tim.
783 3107 836 3156 v,
870 3089 984 3160 22).
1027 3089 1162 3144 Item
1203 3089 1272 3144 ad
1319 3088 1584 3160 Ephesios
1616 3105 1629 3142 :
1672 3089 1855 3145 Nolite
1887 3095 1930 3176 ο
1961 3088 2142 3146 salvos
2164 3091 2402 3160 faceret,
2427 3104 2674 3160 quorum
2689 3089 2915 3160 primus
2934 3091 3052 3161 ipse
3079 3091 3300 3160 fuisset,
3321 3091 3450 3162 quid
3466 3093 3556 3148 ad-

249 3193 384 3250 ergo
406 3179 716 3252 participes
741 3193 860 3235 esse
885 3193 1113 3246 eorum;
1143 3180 1339 3249 fuistis
1361 3179 1514 3234 enim
1542 3176 1854 3249 aliquando

253 3266 505 3325 tenebrae
531 3265 750 3339 (Ephes.
774 3283 830 3335 v,
861 3268 917 3335 7,
941 3265 1020 3338 8).
1049 3265 1117 3321 Et
1144 3266 1325 3323 adhuc
1352 3264 1592 3337 pressius
1623 3285 1637 3326 :
1671 3267 1857 3324 Nolite

250 3357 610 3414 communica
617 3372 680 3414 re
689 3356 944 3428 operibus
953 3355 1331 3426 infructuosis
1343 3354 1727 3421 tenebrarum,
1741 3355 1856 3412 imo

249 3449 314 3505 et
341 3445 619 3505 revincite
643 3459 710 3502 ea
736 3463 756 3500 :
785 3462 912 3518 qua:
937 3445 1094 3501 enim
1117 3445 1183 3501 in
1213 3445 1438 3502 occulto
1466 3445 1534 3500 ab
1569 3445 1650 3504 eis
1678 3447 1852 3517 fiunt,

252 3538 428 3606 turpe
473 3535 559 3591 est
595 3533 808 3591 edicere
852 3532 1012 3604 (Ibid.
1059 3533 1171 3603 11).
1223 3530 1363 3600 Quid
1422 3530 1636 3604 turpius
1677 3531 1856 3603 impu-

251 3621 458 3680 dicitiis
475 3620 504 3676 7
531 3621 589 3678 Si
636 3631 818 3679 autem
846 3629 901 3678 et
935 3621 1006 3678 ab
1031 3620 1207 3678 otiose
1253 3620 1532 3677 incedente
1563 3620 1728 3677 fratre
1756 3620 1857 3676 de-

255 3711 469 3768 nuntiat
499 3709 723 3768 subduci
742 3708 1314 3768 Thessalonicensibus
1345 3709 1429 3779 (ΙΙ
1459 3708 1638 3766 Thess.
1673 3724 1756 3775 ιιι,
1775 3709 1856 3779 6),

256 3807 468 3872 quanto
505 3799 680 3872 magis
711 3806 766 3856 et
810 3814 846 3854 a
883 3797 1210 3856 fornicatore
1231 3798 1260 3853 ?
1287 3799 1417 3856 Haec
1452 3797 1597 3854 enim
1643 3797 1860 3854 consul-

257 3897 376 3945 tata
429 3889 479 3928 ’³⁸
532 3896 660 3945 sunt
711 3887 911 3943 Christi
964 3887 1261 3945 Ecolesiam
1315 3886 1612 3959 diligentis,
1655 3887 1750 3958 qui
1804 3904 1860 3945 se

248 3993 363 4054 pro
373 3992 437 4035 ea
451 3976 692 4034 tradidit
704 3978 798 4033 uti
813 3992 939 4033 eam
949 3977 1285 4047 sanctiﬁcet,
1303 3975 1619 4032 e-mundans
1635 3976 1860 4035 lavacro

253 4085 427 4142 aqua:
451 4069 513 4125 in
541 4067 722 4133 verbo,
753 4069 821 4124 ut
843 4070 1016 4126 sistat
1046 4068 1153 4125 sibi
1197 4066 1505 4126 Ecclesium
1533 4065 1857 4136 gloriosam,

259 4175 382 4219 non
412 4157 708 4216 habentem
735 4157 1024 4214 maculam
1052 4160 1156 4215 aut
1183 4172 1406 4229 rugam,
1425 4153 1611 4226 utique
1639 4161 1762 4226 post
1791 4154 1864 4210 la-

257 4263 512 4315 vacrum,
543 4247 638 4306 sed
687 4249 764 4306 sit
799 4250 1000 4304 sancta
1045 4251 1101 4305 et
1133 4247 1259 4305 sine
1306 4242 1592 4317 opprobrio
1639 4242 1859 4315 (Ephes.

258 4357 320 4410 ν,
352 4338 566 4410 25-27),
589 4337 782 4394 exinde
810 4335 1013 4394 scilicet
1038 4335 1154 4392 sine
1181 4349 1323 4410 ruga
1340 4331 1617 4391 vetustatis
1646 4331 1696 4372 ’⁷9
1722 4333 1858 4404 (9’7),

1959 3176 2120 3246 jicit?
2149 3179 2220 3233 Et
2250 3177 2702 3235 misericordiam
2739 3193 2864 3234 sum
2903 3182 3256 3247 consecutus,
3288 3183 3558 3254 quoniam

1959 3265 2231 3337 ignorans
2258 3265 2370 3337 feci
2406 3266 2814 3325 incredulitate
2841 3266 2896 3338 (Ι
2939 3269 3076 3324 Tim.
3107 3283 3147 3337 ι,
3180 3271 3296 3340 16).
3326 3270 3406 3324 Ita
3437 3271 3559 3326 cle-

1961 3354 2161 3410 mentia
2214 3353 2307 3410 illa
2352 3353 2492 3422 Dei,
2525 3354 2777 3411 meientis
2823 3355 3199 3426 paenitentiam
3263 3359 3562 3428 peccatoris

1962 3457 2128 3515 quam
2151 3453 2397 3510 mortem,
2430 3444 2499 3498 ad
2525 3443 2843 3515 ignorantes
2872 3444 3049 3500 adhuc
3073 3452 3125 3500 et
3171 3445 3347 3501 adhuc
3377 3446 3562 3502 incre-

1963 3532 2124 3590 dulos
2166 3539 2410 3604 spectat,
2450 3547 2680 3604 quorum
2726 3549 2888 3590 causa
2939 3531 3343 3591 liberandorum
3391 3550 3563 3592 vene-

1965 3621 2036 3678 rit
2068 3620 2338 3687 Christus,
2381 3636 2490 3677 non
2537 3622 2628 3694 qui
2672 3623 2780 3693 jam
2829 3623 3002 3678 Deum
3051 3622 3251 3690 norint,
3282 3630 3339 3680 et
3383 3639 3563 3680 sacra-

1966 3719 2202 3766 mentum
2231 3709 2520 3766 didicerint
2548 3709 2696 3766 ﬁdci.
2720 3710 2878 3781 Quod
2909 3711 2957 3767 si
2984 3710 3271 3769 clementia
3297 3713 3396 3769 Dei
3417 3713 3568 3787 igno-

1965 3798 2208 3855 rantibus
2257 3799 2431 3855 adhuc
2485 3806 2538 3854 et
2593 3799 2902 3856 inﬁdelibus
2948 3802 3242 3873 competit,
3292 3800 3478 3874 utique
3512 3808 3568 3858 et

1966 3889 2283 3958 paenitentia
2311 3890 2379 3944 ad
2417 3905 2477 3946 se
2504 3889 2842 3947 clementiam
2883 3890 3101 3959 invitat,
3136 3892 3284 3950 salva
3321 3891 3411 3948 illa
3447 3907 3570 3963 pm-

1967 3975 2205 4033 nitentiaa
2233 3978 2412 4049 specie
2442 3985 2566 4050 post
2608 3977 2788 4046 fidem,
2821 3995 2943 4050 quae
2990 3985 3088 4037 aut
3132 3979 3427 4038 levioribus
3464 3979 3569 4038 de-

1966 4063 2105 4119 lictis
2132 4065 2343 4122 veniam
2370 4067 2438 4121 ab
2468 4067 2728 4138 episcOpo
2770 4068 3030 4140 consequi
3067 4070 3282 4140 poterit,
3314 4077 3406 4127 aut
3441 4084 3566 4126 ma-

1967 4152 2180 4222 joribus
2209 4159 2260 4208 et
2290 4153 2754 4210 irremissibilibus
2782 4172 2813 4211 a
2841 4156 2958 4212 Deo
2985 4157 3122 4214 solo.

2567 4243 2790 4299 CAPUT
2819 4245 2976 4303 XIX.

2041 4331 2150 4387 Sed
2206 4345 2437 4403 quonam
2501 4345 2676 4401 usque
2731 4331 2800 4386 de
2857 4331 3065 4399 Paulo,
3120 4333 3341 4406 quando
3403 4333 3571 4390 etiam

257 4402 326 4486 ut
359 4402 688 4502 virgo,sine
728 4426 939 4483 macula
980 4402 1366 4490 fornicationis,
1395 4429 1458 4479 ut
1494 4436 1712 4495 sponsa,
1743 4402 1862 4478 sine
1895 4402 1940 4482 D
1971 4402 2240 4480 Joannes,
2271 4421 2453 4477 nescio
2508 4419 2637 4492 quid
2703 4419 2936 4479 diversa:
3002 4402 3156 4494 parti
3206 4422 3573 4497 supplaudere

1631 4572 1850 4636 Variae

340 4657 395 4697 ἰο
425 4657 491 4713 Et
522 4655 726 4714 similes
771 4657 960 4768 plures
1011 4656 1141 4715 Jun.
1197 4653 1606 4738 scilicetvoces
1663 4656 1822 4726 Leop.

340 4729 491 4768 πως-Η.
550 4731 683 4768 Imm
749 4730 770 4768 Ἰ
829 4728 1092 4768 Vanitatis:
1148 4731 1244 4768 In}
1313 4735 1552 4768 var-italia
1608 4729 1756 4768 Frmn
1817 4726 1850 4762 8i

1957 4591 2374 4710 ῃὲιῗὲιῗέιίεῑίειιιι
2432 4651 2699 4708 medicam
2756 4647 2958 4706 scilicet
3001 4653 3173 4709 Fran.
3223 4652 3274 4692 ’⁷⁸
3311 4653 3572 4711 Consulta

1957 4726 2060 4768 nan
2113 4726 2233 4768 Van-
2284 4725 2455 4768 81gb!
2503 4724 2768 4768 emendat
2823 4724 2944 4768 Lat-
2993 4723 3045 4768 Si
3104 4727 3172 4768 ita
3226 4725 3570 4768 rnmnntisapt

280 4729 514 4789 Oberth.
543 4731 706 4804 LeOp.
749 4726 798 4768 7°
829 4728 1106 4804 Vanitatis
1141 4726 1554 4804 Lat.__veritatis
1602 4729 1776 4804 Eram.
1817 4726 1869 4764 ⁸ο

1903 4725 2062 4795 Quod
2113 4726 2234 4782 Ven.
2284 4725 2332 4761 δι
2365 4725 2455 4781 Sic
2503 4724 2768 4796 emendat
2817 4724 2959 4796 Lat.
2993 4723 3048 4779 Si
3103 4727 3176 4782 ita
3226 4725 3570 4796 competisset

276 4804 406 4860 dari
446 4795 834 4874 restitutionem
893 4801 1006 4857 suis
1037 4801 1219 4857 etiam.
1249 4800 1300 4838 8³
1319 4800 1427 4855 Aut
1454 4800 1576 4857 Lat.
1607 4796 2200 4935 33CQuonamt0berth.
2227 4796 2397 4852 Seml.
2428 4798 2587 4868 Leop.
2619 4795 2667 4833 δ”
2697 4795 2880 4866 Usque
2909 4795 3062 4854 abest
3087 4813 3119 4852 a
3159 4797 3283 4854 Ven.

1709 4890 1949 4935 ommen
1977 4889 2158 4933 anus.

1709 4889 2158 4935 ommentanus.

265 5033 668 5106 exemplarium
715 5034 1031 5094 auctoritate
1058 5034 1422 5102 confirmetur,
1449 5041 1510 5092 ut
1551 5033 1617 5090 sit
1652 5035 1708 5090 in
1737 5049 1867 5090 cas-

267 5128 414 5177 sum,
449 5109 667 5166 frustra.
693 5109 819 5165 RIG.

348 5176 470 5252 (95)
491 5183 600 5237 Hoc
623 5180 686 5238 de
708 5181 944 5238 ecclesia
970 5179 1120 5236 male
1142 5179 1453 5250 agentium.
1473 5176 1649 5252 Citata
1675 5177 1874 5252 Psalmi

269 5249 690 5324 verba'torquet
721 5254 775 5307 in
821 5253 1112 5323 Psychicos
1141 5249 1296 5306 suos.
1332 5249 1662 5324 Atque_hoc
1695 5249 1876 5304 colore

273 5341 435 5382 suam
465 5325 532 5378 ab
564 5320 811 5378 Ecclesia
839 5320 1206 5379 secessionem
1237 5324 1500 5392 praetexit.
1522 5320 1645 5392 R16.

351 5397 474 5468 (96)
519 5398 580 5454 Ut
602 5395 763 5473 solus
788 5397 1008 5468 plures.
1037 5389 1253 5473 Iterum
1276 5391 1592 5473 perstringit
1634 5389 1879 5473 Catholi-

1979 5032 2058 5090 cis
2088 5040 2142 5088 et
2191 5031 2315 5086 licet
2338 5029 2556 5104 solum,
2590 5029 2964 5104 nihilominus,
2996 5046 3146 5104 atque
3183 5046 3247 5087 ac
3289 5029 3333 5086 si
3369 5031 3568 5102 plures,

1980 5108 2146 5161 altare
2195 5101 2938 5174 Dominicircumdatur‘um.
2973 5105 3037 5157 Et
3062 5101 3160 5158 'sic
3199 5104 3340 5174 apud
3372 5101 3568 5160 Theo-

1981 5176 2217 5234 doritum
2266 5173 2514 5231 Liberius
2559 5175 2741 5245 Episc.
2785 5175 2940 5245 Rom.
2980 5173 3326 5245 altercatiune
3373 5177 3569 5232 adver-

1985 5265 2078 5321 sus
2109 5245 2478 5321 Constantium
2508 5239 2644 5321 (lges.
2683 5261 2694 5300 :
2727 5247 2798 5321 ρύ
2827 5244 2908 5298 διὰ
2935 5246 2988 5300 τὸ
3027 5239 3151 5301 εἶναι
3178 5267 3235 5321 με
3267 5251 3418 5318 μόνον
3437 5247 3465 5299 ὁ
3484 5255 3570 5316 τῆς

1985 5318 2185 5381 πίστεως
2232 5316 2518 5370 ἐλαττοῦται
2551 5317 2721 5389 λόγος.
2748 5319 2875 5374 RIG.

2060 5391 2333 5464 (97)Sine
2391 5405 2528 5464 ruga
2586 5392 2908 5446 vetustatis.
2941 5389 3263 5464 Hoc_etiam
3319 5389 3579 5464 adversus

275 5458 415 5539 cos;
452 5458 504 5521 et
542 5458 805 5539 schisma'
827 5483 986 5522 suum
1017 5458 1547 5539 consolatur,_qu_asi'
1577 5463 1695 5539 ipse
1735 5465 1884 5539 solus
1989 5458 2312 5539 Catliolicos,
2347 5461 2435 5533 qui
2461 5458 2552 5539 'd_e
2601 5477 2699 5516 sua
2727 5470 2990 5539 vetustate
3029 5461 3290 5539 adversus
3338 5458 3578 5515 Montani

279 5532 595 5611 innocentia
658 5553 760 5595 sua
813 5539 1020 5611 cinctus
1081 5537 1250 5611 instar
1319 5532 1554 5611 plurium
1583 5532 1708 5611 ;sit_
1740 5534 1884 5611 apud
1991 5536 2279 5611 novitatem
2322 5532 2664 5611 pugnabant,
2696 5542 2757 5611 ut
2811 5532 3214 5611 observavimus
3270 5546 3450 5611 supra,
3485 5545 3582 5611 eos

280 5612 486 5668 Deum.
519 5609 642 5680 Quo
686 5626 848 5667 sensu
883 5610 1020 5668 dixit
1057 5610 1188 5666 alias
1231 5604 1341 5666 non
1369 5607 1556 5680 semel,
1583 5604 1886 5664 Ecclesium
1996 5607 2160 5680 igitur
2186 5604 2480 5676 Septimius
2507 5605 2761 5680 agnoscit
2785 5607 2992 5674 priores
3019 5615 3072 5661 et
3108 5604 3456 5671 vetustiores,
3486 5604 3584 5660 sed

279 5699 407 5742 esse
435 5681 495 5739 in
524 5677 634 5739 uno
659 5690 712 5740 et
755 5681 958 5755 altero;
991 5682 1070 5739 sic
1100 5682 1281 5755 itaque
1310 5695 1392 5750 se,
1424 5679 1550 5738 licet
1596 5695 1723 5738 cum
1751 5693 1888 5750 pau-
1995 5677 2173 5750 arguit
2211 5692 2374 5750 rugas
2402 5677 2703 5734 vetustatis.
2734 5677 2860 5733 Bia.
