4062 6178
296 383 432 447 1073

292 509 601 568 munditia?
629 510 739 569 Aut
767 513 813 570 si
842 513 913 569 ita
940 518 1044 584 est,
1080 527 1211 586 ergo
1241 522 1295 571 et
1325 513 1396 571 ab
1426 513 1743 572 idololatria.
1776 514 1889 572 Sed

293 599 442 657 aliud
462 600 514 656 in
537 616 702 658 sensu
734 609 836 659 est.
859 602 996 659 Ecce
1016 602 1159 658 enim
1181 611 1236 660 et
1265 621 1494 660 rursus:
1519 605 1579 662 Si
1606 605 1881 670 dicamus,

297 689 391 756 ait,
415 706 519 748 nos
537 707 652 748 non
671 691 984 766 deliquisse,
1003 693 1330 750 mendacem
1350 696 1600 766 facimus
1618 695 1810 766 illum,
1831 697 1889 750 et

299 793 483 836 sermo
511 781 635 852 ejus
660 795 771 837 non
801 785 884 838 est
911 781 974 835 in
1000 781 1156 838 nobis
1184 781 1344 852 (Ibid.
1375 782 1490 853 t0).
1524 783 1601 837 Eo
1619 783 1880 854 amplius:

299 868 509 935 Filioli,
539 868 656 925 haec
681 869 885 941 scripsi
910 869 1077 935 vobis,
1109 886 1180 926 ne
1200 871 1578 943 delinquatis;
1603 875 1660 927 et
1687 873 1736 928 si
1754 871 1891 928 deli-

298 957 554 1027 queritis,
587 957 917 1015 advocatum
948 956 1210 1015 habemus
1258 960 1410 1031 apud
1436 961 1618 1016 Deum
1656 961 1890 1016 Patrem

297 1044 482 1100 Jesum
514 1043 804 1102 Christum
820 1047 1075 1118 justum,
1100 1051 1154 1104 et
1174 1048 1294 1119 ipse
1307 1049 1558 1120 placatio
1580 1053 1662 1106 est
1681 1065 1784 1120 pro
1803 1047 1890 1106 de-

301 1132 455 1188 lictis
499 1135 706 1190 nostris
755 1136 809 1206 (I
850 1137 1012 1195 Joan.
1060 1151 1123 1208 ii,
1168 1140 1219 1206 1,
1269 1139 1346 1208 2).
1397 1138 1707 1193 Secundum
1754 1139 1886 1204 haec,

292 1220 492 1292 inquis,
522 1230 575 1278 et
601 1223 918 1296 delinquere
949 1241 1047 1282 nos
1076 1235 1129 1282 et
1158 1225 1374 1282 veniam
1420 1227 1622 1282 habere
1665 1233 1890 1282 consta-

289 1306 390 1364 bit.
420 1308 562 1378 Quid
603 1325 736 1384 ergo
782 1311 894 1379 ﬁet,
926 1327 1049 1368 cum
1099 1314 1399 1384 procedens
1443 1313 1588 1370 aliud
1631 1313 1892 1370 invenio?

287 1405 457 1468 negat
489 1397 638 1454 enim
670 1415 771 1456 nos
799 1400 1022 1456 omnino
1053 1401 1388 1472 delinquere,
1422 1412 1478 1458 et
1508 1402 1559 1456 in
1589 1403 1691 1458 hoc
1721 1401 1890 1473 pluri-

286 1501 436 1540 mum
494 1495 714 1554 tractat,
770 1499 829 1545 ut
882 1490 1014 1545 nihil
1069 1490 1174 1546 tale
1228 1491 1521 1557 concedat,
1580 1505 1891 1562 praponens

285 1573 454 1629 semel
493 1591 526 1629 a
569 1576 782 1633 Christo
818 1577 1009 1636 delicta
1047 1578 1237 1646 deleta,
1269 1595 1378 1635 non
1418 1578 1664 1634 habitura
1703 1585 1890 1648 postea

284 1662 500 1719 veniam
551 1682 564 1719 :
614 1665 672 1720 in
717 1680 826 1739 quo
871 1666 923 1706 9°
965 1683 1065 1724 nos
1109 1685 1305 1725 sensus
1345 1671 1412 1726 ad
1457 1667 1883 1724 admonitionem

283 1750 614 1808 castimoniae
672 1755 978 1814 demandat.
1043 1757 1253 1825 Omnis,
1312 1755 1506 1827 inquit,
1563 1758 1664 1829 qui
1719 1755 1881 1813 habet

1591 386 1789 450 LIBER
1815 386 1900 449 DE
1946 387 2299 451 PUDICITIA.

3455 379 3593 454 1074

1992 516 2320 589 quotidianae
2347 510 2695 581 incursionis,
2729 510 2929 586 quibus
2955 522 3144 569 omnes
3172 507 3342 568 simus
3370 507 3590 582 objecti.

1995 608 2091 664 Cui
2139 607 2277 662 enim
2328 620 2437 661 non
2483 604 2699 671 accidit,
2742 612 2832 660 aut
2877 603 3039 660 irasci
3087 600 3305 674 inique,
3356 609 3410 657 et
3456 601 3594 656 ultra

1994 696 2125 752 solis
2159 710 2438 760 occasum;
2466 701 2559 751 aut
2600 703 2654 749 et
2693 709 2911 748 manum
2953 691 3264 756 immittere,
3297 698 3391 747 aut
3435 689 3591 744 facile

1997 784 2336 846 maledicere.
2369 789 2462 839 aut
2500 792 2700 838 temere
2743 780 2951 852 jurare,
2981 788 3073 835 aut
3111 777 3272 834 ﬁdem
3313 779 3455 850 pacti
3482 779 3584 832 de-

1998 881 2232 938 struere;
2266 880 2358 928 aut
2383 869 2712 929 verecundia
2753 876 2844 925 aut
2885 869 3202 926 necessitate
3239 867 3504 924 mentiri?
3534 867 3589 923 in

1999 963 2252 1034 negotiis,
2277 962 2330 1017 in
2369 959 2579 1023 ofﬁciis,
2613 960 2668 1014 in
2702 968 2909 1032 quaestu
2938 958 3040 1030 (5),
3072 957 3131 1013 in
3162 957 3328 1026 victu,
3358 955 3414 1010 in
3439 955 3582 1020 visu,

1997 1046 2053 1102 in
2098 1049 2284 1104 auditu
2329 1056 2524 1120 quanta
2581 1055 2862 1117 tentamur,
2916 1056 2975 1103 ut
3021 1046 3069 1102 si
3117 1045 3264 1102 nulla
3312 1044 3383 1100 sit
3428 1045 3594 1102 venia.

1995 1134 2239 1206 istorum,
2279 1135 2478 1192 nemini
2526 1135 2672 1190 salus
2716 1133 3012 1204 competatl
3067 1135 3268 1190 Horum
3310 1148 3443 1208 ergo
3489 1134 3593 1190 erit

1999 1223 2152 1280 vcnia
2185 1240 2286 1296 per
2319 1235 2656 1281 exoratorem
2691 1223 2861 1278 Patris
2897 1223 3197 1283 Christum.
3240 1223 3378 1280 Sunt
3415 1231 3589 1278 autem

2000 1321 2054 1368 et
2091 1313 2356 1369 contraria
2395 1313 2531 1382 istis,
2571 1322 2632 1368 ut
2669 1312 2913 1386 graviora
2953 1320 3008 1370 et
3045 1311 3295 1380 exitiosa,
3333 1329 3456 1386 quae
3494 1328 3591 1369 ve-

1999 1401 2150 1457 niam
2197 1418 2304 1459 non
2350 1403 2583 1472 capiant,
2626 1399 2996 1468 homicidium,
3048 1400 3370 1467 idololatria,
3422 1400 3589 1465 fraus,

1998 1491 2231 1562 negatio,
2272 1491 2627 1562 blasphemia,
2666 1489 2854 1562 utique
2892 1497 2946 1545 ct
2990 1489 3219 1545 moechis
3257 1497 3312 1544 et
3349 1488 3589 1545 fornica-

1999 1579 2093 1646 tio,
2126 1580 2249 1636 etsi
2281 1595 2389 1652 qua
2430 1580 2537 1634 alia
2573 1577 2789 1634 violatio
2827 1577 3010 1647 templi
3048 1576 3166 1656 Dei.
3207 1576 3410 1632 Horum
3453 1577 3596 1633 ultra

2001 1676 2255 1726 exorator
2281 1683 2392 1724 non
2442 1667 2545 1724 erit
2590 1666 2836 1723 Christus
2863 1665 2990 1738 (6):
3033 1667 3149 1722 haec
3194 1680 3302 1720 non
3347 1663 3594 1720 admittet

1990 1759 2207 1814 omnino
2261 1757 2354 1831 qui
2400 1769 2557 1812 natus
2603 1772 2671 1811 ex
2717 1757 2830 1811 Deo
2885 1754 3066 1823 fuerit,
3099 1770 3208 1809 non
3239 1753 3455 1808 futurus
3494 1753 3592 1810 Dei

283 1841 476 1907 istam,
517 1843 800 1910 castiﬁcat
847 1847 1236 1917 semetipsum,
1275 1825 1408 1917 quia
1455 1825 1513 1901 et
1550 1825 1650 1901 ille
1697 1849 1884 1901 castus
1915 1825 1958 1902 Β
1988 1841 2155 1916 ﬁlius,
2175 1843 2222 1899 si
2250 1825 2552 1900 admiserit.
2582 1843 2658 1898 Ita
2679 1841 2871 1897 Joanni
2893 1841 3026 1896 ratio
3054 1839 3319 1898 constabit
3347 1839 3587 1896 diversi-

285 1929 392 1983 est.
433 1927 624 1986 Omnis
653 1932 749 2002 qui
773 1933 917 2001 facit
937 1933 1232 1998 delictum,
1251 1938 1308 1989 et
1331 1934 1699 2007 iniquitatem
1722 1932 1885 2001 facit,

264 2091 268 2094 ⁵
285 2019 342 2072 et
363 2015 637 2073 delictum
655 2022 738 2075 est
755 2019 1052 2090 iniquitas.
1073 2023 1140 2076 Et
1157 2021 1314 2077 scitis
1330 2021 1474 2092 quod
1494 2022 1594 2076 ille
1607 2021 1886 2090 manifes-

288 2107 443 2159 tatus
469 2105 567 2172 sit,
614 2110 681 2162 ut
721 2111 950 2178 auferat
987 2109 1226 2178 delicta;
1261 2110 1444 2181 utique
1487 2111 1747 2166 hactenus
1785 2109 1886 2165 ad-

285 2193 586 2262 mittenda;
609 2196 873 2266 siquidem
908 2199 1225 2269 subjungit:
1260 2201 1454 2256 Omnis
1483 2201 1580 2272 qui
1605 2202 1804 2256 manet
1821 2200 1885 2256 in

283 2281 407 2348 illo,
420 2299 534 2339 non
555 2285 874 2358 delinquit:
895 2289 1079 2342 omnis
1100 2288 1196 2360 qui
1206 2287 1504 2359 delinquit,
1521 2303 1702 2360 neque
1718 2289 1881 2356 vidit,

280 2385 459 2442 neque
479 2375 734 2443 cognovit
751 2391 898 2430 eum.
916 2375 1128 2439 Filioli,
1145 2391 1306 2432 nemo
1320 2391 1411 2433 vos
1424 2376 1656 2432 seducat
1669 2396 1687 2431 :
1699 2377 1884 2432 omnis

281 2460 376 2530 qui
392 2461 535 2529 facit
544 2463 868 2532 justitiam,
873 2464 1072 2534 justus
1094 2468 1196 2530 est,
1218 2465 1367 2520 sicut
1388 2469 1444 2521 et
1467 2465 1566 2521 ille
1571 2466 1764 2536 justus
1775 2469 1879 2522 est.

287 2548 394 2615 Qui
418 2550 564 2618 facit
593 2549 883 2615 delictum,
904 2568 984 2607 ex
1010 2550 1231 2607 diabolo
1261 2555 1360 2617 est,
1382 2554 1650 2624 quoniam
1681 2554 1879 2610 diaba-

283 2635 372 2690 lus
387 2653 420 2690 a
432 2638 740 2706 primordio
761 2639 1066 2710 delinquit.
1093 2641 1157 2695 In
1174 2638 1273 2697 hoc
1296 2642 1448 2698 enim
1470 2643 1881 2713 manifestatus

280 2727 365 2778 est
393 2725 550 2793 ﬁlius
569 2727 688 2792 Dei,
710 2731 778 2781 ut
806 2729 988 2785 solvat
1017 2745 1189 2800 opera
1212 2729 1436 2786 diaboli.
1460 2729 1598 2783 Nam
1622 2737 1676 2784 et
1695 2730 1877 2795 solvit,

279 2811 523 2868 liberans
555 2813 832 2869 hominem
873 2831 971 2886 per
1021 2816 1314 2883 lavacrum,
1349 2815 1550 2871 donato
1589 2816 1876 2889 chirogra-

281 2902 391 2972 pho
423 2902 630 2958 mortis.
657 2903 723 2956 Et
751 2902 874 2957 ideo
905 2905 1088 2959 omnis
1118 2906 1215 2976 qui
1234 2919 1306 2960 ea:
1327 2907 1433 2962 Deo
1464 2906 1744 2973 nascitur,
1763 2922 1880 2963 non

280 2991 422 3058 facit
443 2989 732 3058 delictum,
758 2993 890 3062 quia
909 3006 1104 3047 semen
1124 2994 1223 3047 Dei
1241 2997 1434 3048 manet
1452 2993 1517 3047 in
1537 2993 1666 3060 illo;
1689 2999 1740 3050 et
1759 3009 1875 3049 non

1997 1932 2144 1997 tatis,
2166 1931 2567 1988 distinctionem
2587 1930 2906 1988 delictorum
2923 1929 3234 2000 disponenti
3255 1929 3326 1994 91,
3353 1943 3474 1984 cum
3491 1928 3593 1984 de-

1993 2020 2236 2092 linquere
2263 2021 2404 2076 ﬁlios
2423 2021 2521 2076 Dei
2555 2035 2697 2076 nunc
2726 2019 2938 2087 adnuit,
2970 2034 3114 2074 nunc
3144 2017 3348 2074 abnuit.
3381 2017 3592 2088 Prospi-

1991 2109 2166 2166 ciebat
2190 2108 2332 2166 enim
2361 2108 2654 2165 clausulam
2686 2108 2988 2163 litterarum
3007 2121 3256 2174 suarum,
3279 2113 3333 2160 et
3355 2103 3430 2160 illi
3453 2121 3592 2175 pras-

1991 2199 2230 2256 struebat
2269 2200 2370 2254 hos
2407 2213 2621 2263 sensus,
2654 2196 2898 2252 dicturus
2937 2196 2992 2250 in
3039 2195 3145 2249 ﬁne
3189 2193 3531 2249 manifestius
3571 2211 3587 2252 :

1992 2290 2052 2346 Si
2063 2290 2188 2361 quis
2199 2290 2304 2345 scit
2313 2290 2561 2359 fratrem
2570 2303 2741 2343 suum
2751 2285 3077 2356 delinquere
3095 2284 3372 2340 delictum
3392 2300 3507 2340 non
3518 2284 3591 2340 ad

1988 2383 2248 2449 mortem,
2272 2375 2602 2450 postulabit,
2625 2380 2681 2431 et
2703 2374 2858 2431 dabit
2888 2375 2940 2428 ei
2969 2375 3149 2430 vitam
3180 2375 3471 2440 Dominus,
3495 2374 3592 2446 qui

1988 2465 2200 2522 nonad
2227 2470 2466 2522 mortem
2511 2464 2812 2536 delinquit.
2868 2464 2966 2519 Est
3015 2463 3171 2518 enim
3219 2461 3490 2519 delictum
3517 2461 3592 2517 ad

1987 2554 2268 2613 mortem?
2286 2571 2403 2612 non
2430 2553 2494 2610 de
2526 2569 2586 2609 eo
2619 2552 2738 2610 dico
2769 2554 2837 2607 ut
2859 2553 2984 2622 quis
3002 2551 3327 2623 postulet(l
3345 2551 3505 2609 Joan.
3534 2567 3587 2619 v,

1991 2645 2106 2714 16).
2162 2641 2475 2697 Meminerat
2521 2648 2576 2696 et
2633 2639 2750 2710 ipse
2792 2639 3123 2694 Hieremiam
3179 2637 3511 2710 prohibitum
3557 2653 3590 2691 a

1985 2732 2100 2788 Deo
2151 2731 2430 2802 deprecari
2489 2743 2587 2798 pro
2654 2727 2858 2799 populo
2928 2725 3173 2781 mortalia
3239 2725 3586 2797 delinquente

1989 2821 2216 2890 (Jerem.
2247 2835 2350 2883 vn,
2386 2819 2480 2880 16',
2514 2830 2594 2883 χι,
2619 2817 2719 2885 ili;
2754 2829 2869 2878 xxv,
2902 2815 3012 2882 ll).
3051 2813 3244 2870 Omnis
3282 2813 3580 2883 injustitia

1987 2908 2260 2966 delictum
2285 2909 2390 2970 est,
2415 2909 2471 2960 et
2491 2908 2574 2962 est
2593 2903 2863 2959 delictum
2883 2901 2954 2958 ad
2973 2903 3235 2957 mortem.
3254 2901 3469 2956 Scimus
3486 2917 3588 2956 au-

1986 2999 2100 3050 tem
2126 2995 2270 3067 quod
2284 2995 2469 3051 omnis
2497 2993 2592 3064 qui
2619 3007 2691 3046 ex
2712 2993 2816 3046 Deo
2835 2993 3010 3046 natus
3036 2991 3136 3060 sit,
3160 3005 3278 3044 non
3306 2989 3585 3062 delinquit

276 3081 461 3148 potest
481 3077 831 3150 delinquere,
849 3080 984 3151 quia
1005 3097 1076 3136 ex
1098 3083 1205 3136 Deo
1225 3085 1396 3137 natus
1419 3087 1519 3138 est.
1552 3084 1617 3138 In
1646 3082 1746 3140 hoc
1768 3099 1884 3140 ma-
1913 3104 1956 3182 ε
1986 3085 2037 3152 (I
2069 3085 2232 3141 Joan.
2270 3099 2322 3150 v,
2361 3084 2448 3148 t7,
2485 3083 2600 3148 i8);
2630 3078 2839 3134 scilicet
2869 3077 3125 3134 delictum
3161 3078 3303 3148 quod
3333 3077 3403 3132 ad
3432 3093 3584 3133 mor-

279 3166 479 3236 nifesti
495 3171 635 3222 sunt
652 3167 764 3234 ﬁlii
783 3169 879 3225 Dei
899 3173 953 3224 et
973 3169 1084 3238 ﬁlii
1104 3168 1310 3227 diaboli
1326 3169 1382 3238 (Ι
1397 3171 1558 3226 Joan.
1582 3185 1663 3237 ιιι,
1691 3173 1744 3239 3,
1769 3172 1879 3240 10).

281 3252 345 3308 In
381 3268 509 3324 quo,
545 3254 651 3309 nisi
697 3254 773 3309 illi
821 3270 930 3311 non
973 3256 1360 3329 delinquendo,
1392 3272 1458 3313 ex
1505 3273 1614 3330 quo
1653 3258 1722 3314 de
1758 3259 1874 3314 Deo

281 3339 507 3398 I020
541 3342 650 3398 nati
691 3352 847 3410 sunt;
882 3344 970 3399 isti
1010 3343 1393 3416 delinquendo,
1427 3345 1554 3418 quia
1584 3345 1650 3402 de
1677 3347 1870 3402 diabo-

282 3429 335 3485 lo
379 3437 537 3496 sunt;
588 3431 810 3502 perinde
865 3441 1029 3504 atque
1079 3433 1123 3489 si
1165 3449 1441 3504 nunquam
1491 3433 1598 3489 sint
1644 3451 1710 3491 ex
1759 3436 1871 3492 Deo

278 3519 433 3574 nati?
462 3517 619 3587 Quod
649 3519 695 3575 si
735 3520 866 3577 dicit
899 3539 911 3575 :
961 3522 1075 3589 Qui
1118 3538 1236 3580 non
1279 3526 1364 3580 est
1401 3523 1616 3594 justus,
1648 3541 1721 3581 ex
1764 3527 1872 3582 Deo

277 3624 397 3664 non
426 3611 531 3674 est,
565 3607 658 3678 qui
703 3625 810 3665 non
852 3609 1105 3681 pudicus,
1136 3613 1413 3682 quomodo
1443 3627 1632 3667 rursus
1657 3628 1724 3668 cx
1756 3613 1872 3671 Deo

277 3696 391 3761 ﬁet,
423 3695 516 3767 qui
548 3697 660 3766 jam
706 3713 826 3754 esse
872 3697 1074 3754 desiit?
1103 3698 1263 3755 Juxta
1301 3709 1382 3755 est
1429 3699 1597 3771 igitur
1626 3711 1686 3757 ut
1714 3701 1869 3757 exci-

277 3784 426 3840 disse
454 3785 559 3842 sibi
588 3786 832 3844 dicamus
865 3787 1128 3845 Joannem
1155 3787 1210 3843 in
1245 3787 1420 3859 prima
1467 3790 1690 3861 quidem
1726 3791 1867 3862 Epi-

277 3874 419 3930 stola
465 3874 526 3945 (1,
559 3875 614 3944 8)
665 3885 950 3947 negantem
991 3891 1092 3931 nos
1139 3875 1258 3932 sine
1294 3876 1492 3933 delicto
1539 3894 1679 3947 esse,
1725 3896 1870 3935 nunc

275 3977 408 4018 vero
462 3962 893 4032 pnescribentem
959 3977 1068 4018 non
1115 3962 1430 4034 delinquere
1487 3967 1708 4021 omnino
1751 3985 1765 4022 :
1815 3974 1870 4022 et

272 4051 382 4105 illic
421 4051 641 4122 quidem
687 4049 836 4105 aliud
877 4050 944 4104 de
983 4050 1141 4106 venia
1179 4051 1562 4120 blandientem,
1606 4054 1696 4108 hic
1735 4071 1868 4111 vero

271 4137 510 4193 districts
539 4145 831 4208 negantem
868 4137 1008 4194 ﬁlios
1037 4138 1139 4193 Dei
1179 4138 1487 4210 quicunque
1524 4140 1862 4211 deliquerint.

271 4224 380 4277 Sed
419 4224 582 4279 absit!
628 4225 762 4279 Nam
814 4241 913 4282 nec
960 4226 1062 4295 ipsi
1115 4225 1413 4282 excidimus
1441 4242 1472 4280 a
1500 4243 1609 4297 qua
1637 4229 1868 4301 digressi

269 4323 462 4366 Sumus
505 4311 852 4368 distinctione
893 4314 1237 4370 delictorum.
1288 4315 1354 4368 Et
1400 4315 1487 4369 hic
1534 4315 1675 4370 enim
1718 4315 1866 4371 illam

1994 3180 2100 3226 tem
2149 3178 2250 3226 est.
2295 3171 2378 3225 Ita
2419 3168 2553 3223 nihil
2599 3169 2712 3236 jam
2761 3175 3028 3238 superest,
3076 3182 3235 3237 quam
3282 3177 3374 3221 aut
3421 3182 3585 3237 neges

1989 3257 2276 3315 moechiam
2321 3265 2375 3314 et
2421 3254 2830 3312 fornicationem
2884 3254 3136 3310 mortalia
3191 3269 3315 3310 esse
3365 3253 3581 3325 delicta,

1982 3354 2075 3402 aut
2103 3344 2492 3401 irrcmissibilia
2521 3341 2759 3413 fatearis,
2797 3356 2896 3414 pro
2925 3342 3125 3415 quibus
3153 3357 3256 3398 nec
3286 3345 3431 3400 orari
3461 3358 3584 3413 per-

1981 3434 2228 3494 mittitur.

2577 3563 2804 3622 CAPUT
2840 3563 2972 3621 XX.

2047 3698 2345 3772 Disciplina
2370 3699 2542 3773 igitur
2570 3699 2944 3773 apostolorum
2983 3697 3205 3771 proprie
3242 3697 3462 3772 quidem
3490 3700 3580 3756 in-

1977 3790 2134 3846 struit
2170 3805 2234 3846 ac
2271 3789 2588 3845 determinat
2634 3787 3000 3861 principaliter
3043 3786 3349 3844 sanctitatis
3390 3789 3572 3845 omnis

1977 3895 2110 3953 erga
2144 3877 2403 3948 templum
2438 3877 2533 3934 Dei
2571 3877 2890 3943 antistitem,
2924 3884 2978 3932 et
3019 3875 3222 3949 ubique
3264 3878 3333 3933 de
3380 3877 3567 3934 Eccle-

1977 3968 2058 4023 sia
2110 3967 2471 4024 eradicantcm
2528 3981 2689 4022 omne
2762 3963 3104 4038 sacrilegium
3162 3964 3437 4037 pudicitiae
3491 3967 3573 4036 93,

1978 4056 2091 4110 sine
2134 4053 2356 4110 I02!
2413 4054 2520 4109 ulla
2560 4053 2916 4110 restitutionis
2963 4053 3260 4110 mentione.
3313 4053 3446 4111 Volo
3492 4064 3578 4111 ta-

1977 4159 2100 4198 men
2137 4159 2203 4198 ex
2240 4143 2598 4198 redundantia
2623 4144 2673 4182 93
2709 4143 2938 4212 alicujus
2976 4142 3138 4197 etiam
3179 4143 3392 4198 comitis
3429 4159 3576 4213 apo-

1975 4231 2234 4286 stolorum
2298 4230 2374 4300 t7)
2433 4228 2797 4283 testimonium
2865 4229 3254 4296 superducere,
3316 4227 3576 4282 idoneum

1978 4315 2331 4373 conﬁrmandi
2361 4315 2427 4368 de
2461 4317 2708 4385 proximo
2732 4317 2856 4384 jure
2896 4315 3240 4386 disciplinam
3281 4313 3576 4386 magistro-

268 4400 507 4456 .loannes
550 4401 961 4472 commendavit,
1011 4402 1158 4475 quod
1202 4402 1309 4457 sint
1365 4401 1613 4475 quaedam
1669 4403 1864 4459 delicta
1897 4386 1942 4462 Β
1975 4421 2116 4460 rum.
2155 4405 2344 4460 Exstat
2381 4402 2525 4458 enim
2565 4413 2620 4458 et
2661 4403 2921 4458 Barnabze
2963 4403 3150 4458 titulus
3188 4403 3254 4456 ad
3295 4402 3574 4468 Hebraeos,

1650 4527 1843 4591 Variae
1895 4532 2207 4593 lectiones.

341 4629 393 4667 9°
421 4628 557 4698 Quae
587 4632 759 4688 Seml.
797 4632 1016 4689 Oberth.
1048 4632 1095 4671 91
1126 4632 1413 4690 Joannis...
1449 4631 1789 4704 disponentis
1835 4637 2034 4696 Wouw.
2065 4635 2180 4695 cod.
2220 4636 2270 4677 92
2301 4633 2661 4707 Impudicitite
2688 4636 2809 4690 Lat.
2839 4633 2890 4672 93
2921 4631 3268 4690 Redundanti
3301 4637 3425 4691 Lat.

1669 4733 2167 4799 Commentarius.

342 4861 512 4937 (5,)JIn
542 4863 803 4932 negoti-is,
827 4864 890 4917 in
918 4865 1143 4937 ofﬁciis,
1169 4868 1230 4921 in
1257 4868 1501 4937 quwstu.
1533 4864 1667 4921 Hinc
1700 4865 1866 4936 igitur

270 4934 618 5004 manifestum
648 4945 732 4986 est
759 4937 926 4988 etiam
966 4935 1173 4998 priscos
1209 4934 1336 4990 illos
1375 4934 1742 5004 Christianas,
1764 4939 1867 4992 bo-

267 5005 450 5084 mines
480 5002 664 5128 ftgsse,
696 5018 892 5073 nempe
923 5006 1330 5063 humanioribus
1355 5006 1474 5062 istis
1503 5002 1738 5077 peccatis
1771 5009 1870 5065 ob-

267 5090 486 5128 DOXIOS.
566 5089 638 5128 ιο.

267 5090 368 5130 [1οΧ
379 5090 486 5130 108.
516 5089 638 5128 lilG.

337 5146 428 5217 (6)
456 5147 670 5217 [lorum
695 5146 855 5201 ultra
883 5149 1150 5202 exorator
1179 5161 1292 5202 non
1322 5149 1435 5203 erit
1469 5147 1742 5206 Christus.
1764 5150 1871 5204 Hu-

266 5215 612 5289 manioriuit
639 5217 926 5289 Augustini
959 5217 1244 5289 sententia,
1278 5217 1374 5272 lib.
1405 5218 1472 5275 de
1503 5217 1633 5277 Fide
1661 5225 1719 5275 et
1749 5235 1872 5289 ope-

266 5237 482 5271 mamor
511 5237 612 5271 ιιιιι
639 5237 926 5289 augusunl
959 5237 1244 5282 SCﬂleﬂlla,
1278 5237 1374 5272 llD.
1405 5237 1472 5275 ae
1503 5237 1633 5277 riae
1661 5237 1719 5275 εἰ
1749 5237 1780 5276 0
1822 5237 1869 5275 ϐ·

265 5288 447 5343 ribus.
488 5288 624 5342 Nam
665 5295 720 5343 et
759 5288 842 5342 his
882 5287 1247 5360 penitentiam
1287 5302 1395 5342 non
1434 5298 1600 5360 negat
1633 5304 1644 5343 :
1691 5313 1712 5340 α
1766 5237 1869 5358 ἅιιὶ

269 5366 452 5432 autem
503 5360 826 5432 Opinantur,
889 5359 1090 5431 inquit,
1151 5369 1204 5414 ct
1260 5368 1454 5432 caetera
1512 5359 1870 5432 eleemosynis

272 5427 433 5483 facile
481 5427 837 5497 compensari,
888 5427 990 5484 tria
1039 5439 1213 5485 tamen
1263 5429 1538 5486 mortifera
1591 5446 1714 5488 esse
1754 5427 1870 5489 non

275 5499 522 5572 dubitent
575 5501 1145 5564 excommunicatione,
1184 5502 1375 5572 donec
1403 5501 1723 5572 poenitentia
1761 5505 1869 5558 hu-

275 5570 489 5697 millime
536 5581 777 5698 segetum
821 5573 1233 5645 impudicitiam,
1277 5570 1654 5643 idololatriam,
1685 5575 1867 5630 homi-

277 5657 324 5697 ci
369 5657 500 5698 tum.
536 5662 560 5693 »
659 5658 716 5698 c.

277 5657 500 5698 ciuium.
536 5662 560 5693 υ
590 5657 716 5700 IUG.

2044 4868 2123 4938 (7)
2145 4868 2400 4940 Alicujus
2423 4871 2597 4924 etiam
2617 4867 2841 4925 comitis
2859 4864 3257 4940 apostolorum.
3281 4863 3572 4940 QuasiPe-

1978 4935 2178 4996 trus'et
2208 4935 2406 4995 Paulus
2443 4943 2580 4995 adeo
2622 4955 2733 5009 pra:
2771 4935 2981 4993 caeteris
3010 4935 3206 5009 fuerint
3233 4935 3575 5009 apostoli,ut

1975 5010 2156 5066 caeteri
2187 5013 2426 5080 ipsorum
2455 5007 2682 5066 comites
2710 5025 2773 5063 ac
2813 5007 3064 5079 discipuli
3101 5016 3438 5063 censeantur.
3482 5008 3576 5064 Sic

1976 5091 2153 5136 autem
2187 5093 2240 5137 et
2269 5082 2537 5137 Barnabas
2576 5083 2690 5152 ipse
2734 5080 3037 5152 apostolus,
3074 5094 3106 5132 a
3134 5080 3407 5136 Clemente
3444 5080 3575 5135 Ale-

1977 5152 2260 5218 xandrino,
2304 5152 2400 5206 lib.
2443 5167 2481 5207 ιι
2525 5148 3164 5222 διῑοοπιηέρφειοιίοιιε,
3209 5160 3571 5222 nuncupatur,

1975 5224 2056 5295 τεαὶ
2089 5223 2317 5295 συνεργὸς
2346 5230 2430 5295 τοῦ
2490 5225 2702 5276 Παὺλου.
2763 5220 2848 5277 Ει’
2881 5221 2976 5295 lib_.
3055 5238 3109 5288 ν,
3157 5220 3447 5295 συρκηρύξας
3501 5230 3575 5294 τῷ

1987 5293 2293 5366 Ἂποστόλῳ.
2327 5294 2432 5349 Sed
2457 5306 2510 5349 et
2539 5295 2917 5366 Hieronymus,
2949 5293 3004 5348 in
3035 5293 3449 5366 Epistolam_a_d
3474 5293 3575 5348 Ga-

1981 5365 2149 5432 latas,
2184 5361 2298 5420 lia'ec
2327 5367 2491 5421 verba
2521 5382 2535 5419 :
2570 5361 2784 5420 Paulus
2813 5361 3125 5436 apostolus,
3161 5381 3274 5436 non
3306 5363 3373 5417 ab
3401 5361 3574 5436 homi-

1977 5437 2163 5501 nibus,
2197 5452 2372 5506 neque
2397 5454 2498 5509 per
2527 5434 3082 5509 hominem,__oblique
3112 5435 3166 5489 in
3198 5434 3410 5509 Petrum
3439 5441 3490 5486 ct
3517 5434 3574 5487 in

1977 5517 2208 5583 etagros
2245 5503 2586 5583 dicta'videri
2621 5522 2776 5583 posse
2803 5505 2895 5583 ait,
2922 5503 3068 5577 quod
3105 5519 3222 5583 n_on_
3251 5503 3318 5583 ab
3349 5513 3571 5583 aposto-

1973 5577 2045 5634 lis
2067 5577 2233 5634 Paulo
2262 5579 2334 5635 sit
2360 5573 3013 5648 traditum'Evangeliuin,
3054 5575 3149 5630 sed
3177 5575 3244 5648 a_b
3269 5573 3390 5643 ipso
3443 5573 3574 5630 Jesu

1978 5649 2214 5717 Christo,
2244 5649 2339 5722 qui
2368 5658 2422 5706 et
2450 5650 2572 5707 illos
2597 5645 2873 5721 apostolos
2899 5647 3152 5720 elegerat.
3195 5645 3319 5704 lito.
