  <div class='ocr_page' id='page_1' title='image "/cluster/home/n/w/nwhite01/storage/ocr_20150623/2/hvd.32044096580329/543.png"; bbox 0 0 4062 6178; ppageno 0'>
   <div class='ocr_carea' id='block_1_1' title="bbox 490 372 3792 448">
    <p class='ocr_par' dir='ltr' id='par_1_1' title="bbox 490 372 3792 448">
     <span class='ocr_line' id='line_1_1' title="bbox 490 372 3792 448; baseline -0.001 -14"><span class='ocrx_word' id='word_1_1' title='bbox 490 373 629 435; x_wconf 88' lang='grc'>1075</span> <span class='ocrx_word' id='word_1_2' title='bbox 1282 376 1722 439; x_wconf 81' lang='lat' dir='ltr'>TEllTULLIANI</span> <span class='ocrx_word' id='word_1_3' title='bbox 1777 377 2046 441; x_wconf 76' lang='lat' dir='ltr'>OPERUM</span> <span class='ocrx_word' id='word_1_4' title='bbox 2073 378 2242 440; x_wconf 81' lang='lat' dir='ltr'>PARS</span> <span class='ocrx_word' id='word_1_5' title='bbox 2284 377 2348 439; x_wconf 88' lang='lat' dir='ltr'>II.</span> <span class='ocrx_word' id='word_1_6' title='bbox 2383 409 2454 421; x_wconf 89' lang='lat'><strong><em>—</em></strong></span> <span class='ocrx_word' id='word_1_7' title='bbox 2482 376 2709 439; x_wconf 86' lang='lat' dir='ltr'>SERIES</span> <span class='ocrx_word' id='word_1_8' title='bbox 2751 375 2817 448; x_wconf 90' lang='lat' dir='ltr'>II,</span> <span class='ocrx_word' id='word_1_9' title='bbox 2849 374 3167 436; x_wconf 82' lang='lat' dir='ltr'>MORALIA.</span> <span class='ocrx_word' id='word_1_10' title='bbox 3655 372 3792 437; x_wconf 83' lang='grc'>10⁸76</span> 
     </span>
    </p>
   </div>
   <div class='ocr_carea' id='block_1_2' title="bbox 484 498 3791 616">
    <p class='ocr_par' dir='ltr' id='par_1_2' title="bbox 484 498 3791 616">
     <span class='ocr_line' id='line_1_2' title="bbox 484 498 3791 616; baseline -0.001 -60"><span class='ocrx_word' id='word_1_11' title='bbox 484 499 618 556; x_wconf 89' lang='lat' dir='ltr'>adeo</span> <span class='ocrx_word' id='word_1_12' title='bbox 677 498 806 556; x_wconf 83' lang='lat' dir='ltr'>satis</span> <span class='ocrx_word' id='word_1_13' title='bbox 871 500 1206 559; x_wconf 88' lang='lat' dir='ltr'>auctoritatis</span> <span class='ocrx_word' id='word_1_14' title='bbox 1258 503 1374 561; x_wconf 91' lang='lat' dir='ltr'>viro</span> <span class='ocrx_word' id='word_1_15' title='bbox 1427 505 1498 571; x_wconf 62' lang='lat'>9&quot;,</span> <span class='ocrx_word' id='word_1_16' title='bbox 1556 512 1616 561; x_wconf 89' lang='lat' dir='ltr'>ut</span> <span class='ocrx_word' id='word_1_17' title='bbox 1670 521 1830 577; x_wconf 86' lang='lat' dir='ltr'>quem</span> <span class='ocrx_word' id='word_1_18' title='bbox 1877 504 2078 560; x_wconf 82' lang='lat' dir='ltr'>Paulus</span> <span class='ocrx_word' id='word_1_19' title='bbox 2109 537 2156 616; x_wconf 67' lang='grc' dir='ltr'>Α</span> <span class='ocrx_word' id='word_1_20' title='bbox 2188 504 2243 559; x_wconf 89' lang='lat' dir='ltr'>in</span> <span class='ocrx_word' id='word_1_21' title='bbox 2289 519 2453 561; x_wconf 89' lang='lat' dir='ltr'>carne</span> <span class='ocrx_word' id='word_1_22' title='bbox 2499 505 2618 573; x_wconf 88' lang='lat' dir='ltr'>ejus</span> <span class='ocrx_word' id='word_1_23' title='bbox 2667 503 2816 576; x_wconf 86' lang='lat' dir='ltr'>quod</span> <span class='ocrx_word' id='word_1_24' title='bbox 2861 513 3164 560; x_wconf 90' lang='lat' dir='ltr'>emortuum</span> <span class='ocrx_word' id='word_1_25' title='bbox 3213 499 3412 558; x_wconf 89' lang='lat' dir='ltr'>delicto</span> <span class='ocrx_word' id='word_1_26' title='bbox 3461 500 3791 569; x_wconf 84' lang='lat' dir='ltr'>habebatur,</span> 
     </span>
     <span class='ocr_line' id='line_1_3' title="bbox 484 590 3763 616; baseline 0 0"><span class='ocrx_word' id='word_1_27' title='bbox 484 591 628 616; x_wconf 65' lang='grc' dir='ltr'>ἔη-Αλ</span> <span class='ocrx_word' id='word_1_28' title='bbox 660 605 719 616; x_wconf 64' lang='grc' dir='ltr'><strong>..Α</strong></span> <span class='ocrx_word' id='word_1_29' title='bbox 754 591 1082 616; x_wconf 64' lang='grc' dir='ltr'>ΑΑ-,.ιζι---μῖι</span> <span class='ocrx_word' id='word_1_30' title='bbox 1114 592 1163 616; x_wconf 75' lang='lat'>1..</span> <span class='ocrx_word' id='word_1_31' title='bbox 1196 593 1526 616; x_wconf 59' lang='lat' dir='ltr'>-L-.:_....A:..</span> <span class='ocrx_word' id='word_1_32' title='bbox 1569 603 1750 616; x_wconf 66' lang='lat'>._..-_-</span> <span class='ocrx_word' id='word_1_33' title='bbox 1792 613 1802 616; x_wconf 87' lang='lat'>_</span> <span class='ocrx_word' id='word_1_34' title='bbox 1857 597 1949 616; x_wconf 52' lang='lat' dir='ltr'>tua</span> <span class='ocrx_word' id='word_1_35' title='bbox 1990 611 2070 616; x_wconf 44' lang='lat' dir='ltr'>A-‘</span> <span class='ocrx_word' id='word_1_36' title='bbox 2185 593 2514 616; x_wconf 71' lang='lat' dir='ltr'>......--...l.._..</span> <span class='ocrx_word' id='word_1_37' title='bbox 2568 591 2794 616; x_wconf 70' lang='lat' dir='ltr'>:--.I:...._:</span> <span class='ocrx_word' id='word_1_38' title='bbox 2867 607 2967 616; x_wconf 58' lang='grc' dir='ltr'><strong>..-Α</strong></span> <span class='ocrx_word' id='word_1_39' title='bbox 3014 591 3211 616; x_wconf 75' lang='lat'>-_...:-_2</span> <span class='ocrx_word' id='word_1_40' title='bbox 3264 593 3366 616; x_wconf 73' lang='lat'>2-...</span> <span class='ocrx_word' id='word_1_41' title='bbox 3416 607 3441 616; x_wconf 74' lang='grc'>-</span> <span class='ocrx_word' id='word_1_42' title='bbox 3484 590 3763 616; x_wconf 60' lang='grc' dir='ltr'>---η-,ΙΑιΑ</span> 
     </span>
    </p>
   </div>
   <div class='ocr_carea' id='block_1_3' title="bbox 480 590 3785 667">
    <p class='ocr_par' dir='ltr' id='par_1_3' title="bbox 480 590 3785 667">
     <span class='ocr_line' id='line_1_4' title="bbox 480 590 3785 667; baseline 0 -23"><span class='ocrx_word' id='word_1_43' title='bbox 480 591 632 660; x_wconf 87' lang='lat' dir='ltr'>juxta</span> <span class='ocrx_word' id='word_1_44' title='bbox 660 605 721 645; x_wconf 90' lang='lat' dir='ltr'>se</span> <span class='ocrx_word' id='word_1_45' title='bbox 749 591 1085 648; x_wconf 84' lang='lat' dir='ltr'>constituerit</span> <span class='ocrx_word' id='word_1_46' title='bbox 1113 592 1166 648; x_wconf 91' lang='lat' dir='ltr'>in</span> <span class='ocrx_word' id='word_1_47' title='bbox 1194 593 1530 650; x_wconf 76' lang='lat' dir='ltr'>abstinentiae</span> <span class='ocrx_word' id='word_1_48' title='bbox 1569 603 1756 651; x_wconf 91' lang='lat' dir='ltr'>tenore</span> <span class='ocrx_word' id='word_1_49' title='bbox 1791 613 1802 651; x_wconf 95' lang='lat'>:</span> <span class='ocrx_word' id='word_1_50' title='bbox 1837 597 1949 652; x_wconf 86' lang='lat' dir='ltr'>Aut</span> <span class='ocrx_word' id='word_1_51' title='bbox 1979 611 2074 667; x_wconf 89' lang='lat' dir='ltr'>ego</span> <span class='ocrx_word' id='word_1_52' title='bbox 2109 590 2156 616; x_wconf 82' lang='lat'><strong>&quot;</strong></span> <span class='ocrx_word' id='word_1_53' title='bbox 2179 593 2518 664; x_wconf 74' lang='lat' dir='ltr'>immundum</span> <span class='ocrx_word' id='word_1_54' title='bbox 2562 591 2818 663; x_wconf 89' lang='lat' dir='ltr'>judicari,</span> <span class='ocrx_word' id='word_1_55' title='bbox 2867 607 2969 649; x_wconf 89' lang='lat' dir='ltr'>nec</span> <span class='ocrx_word' id='word_1_56' title='bbox 3011 591 3214 662; x_wconf 80' lang='lat' dir='ltr'>expiari</span> <span class='ocrx_word' id='word_1_57' title='bbox 3259 593 3369 662; x_wconf 88' lang='lat' dir='ltr'>jam</span> <span class='ocrx_word' id='word_1_58' title='bbox 3414 607 3447 647; x_wconf 89' lang='lat' dir='ltr'>a</span> <span class='ocrx_word' id='word_1_59' title='bbox 3483 590 3785 648; x_wconf 72' lang='lat' dir='ltr'>sacerdote.</span> 
     </span>
    </p>
   </div>
   <div class='ocr_carea' id='block_1_4' title="bbox 485 682 2076 758">
    <p class='ocr_par' dir='ltr' id='par_1_4' title="bbox 485 682 2076 758">
     <span class='ocr_line' id='line_1_5' title="bbox 485 682 2076 758; baseline 0.004 -21"><span class='ocrx_word' id='word_1_60' title='bbox 485 682 640 737; x_wconf 89' lang='lat' dir='ltr'>solus</span> <span class='ocrx_word' id='word_1_61' title='bbox 669 687 725 739; x_wconf 90' lang='lat' dir='ltr'>et</span> <span class='ocrx_word' id='word_1_62' title='bbox 753 685 1035 740; x_wconf 83' lang='lat' dir='ltr'>Barnabas</span> <span class='ocrx_word' id='word_1_63' title='bbox 1062 699 1178 740; x_wconf 90' lang='lat' dir='ltr'>non</span> <span class='ocrx_word' id='word_1_64' title='bbox 1207 683 1473 741; x_wconf 79' lang='lat' dir='ltr'>habemus</span> <span class='ocrx_word' id='word_1_65' title='bbox 1496 685 1594 741; x_wconf 89' lang='lat' dir='ltr'>hoc</span> <span class='ocrx_word' id='word_1_66' title='bbox 1615 685 1664 724; x_wconf 82' lang='lat'>95</span> <span class='ocrx_word' id='word_1_67' title='bbox 1684 685 1958 758; x_wconf 89' lang='lat' dir='ltr'>operandi</span> <span class='ocrx_word' id='word_1_68' title='bbox 1982 702 2076 758; x_wconf 88' lang='lat' dir='ltr'>po-</span> 
     </span>
    </p>
   </div>
   <div class='ocr_carea' id='block_1_5' title="bbox 491 771 2084 846">
    <p class='ocr_par' dir='ltr' id='par_1_5' title="bbox 491 771 2084 846">
     <span class='ocr_line' id='line_1_6' title="bbox 491 771 2084 846; baseline 0.002 -21"><span class='ocrx_word' id='word_1_69' title='bbox 491 774 752 828; x_wconf 89' lang='lat' dir='ltr'>testatem</span> <span class='ocrx_word' id='word_1_70' title='bbox 791 771 845 840; x_wconf 90' lang='lat' dir='ltr'>(l</span> <span class='ocrx_word' id='word_1_71' title='bbox 887 773 1009 829; x_wconf 87' lang='lat' dir='ltr'>Cor.</span> <span class='ocrx_word' id='word_1_72' title='bbox 1052 788 1135 838; x_wconf 80' lang='lat' dir='ltr'>ix,</span> <span class='ocrx_word' id='word_1_73' title='bbox 1169 773 1265 844; x_wconf 84' lang='lat'>6)?</span> <span class='ocrx_word' id='word_1_74' title='bbox 1304 774 1371 828; x_wconf 91' lang='lat' dir='ltr'>Et</span> <span class='ocrx_word' id='word_1_75' title='bbox 1411 774 1594 846; x_wconf 90' lang='lat' dir='ltr'>utique</span> <span class='ocrx_word' id='word_1_76' title='bbox 1634 775 1906 844; x_wconf 89' lang='lat' dir='ltr'>receptior</span> <span class='ocrx_word' id='word_1_77' title='bbox 1941 773 2084 846; x_wconf 89' lang='lat' dir='ltr'>apud</span> 
     </span>
    </p>
   </div>
   <div class='ocr_carea' id='block_1_6' title="bbox 485 861 2085 936">
    <p class='ocr_par' dir='ltr' id='par_1_6' title="bbox 485 861 2085 936">
     <span class='ocr_line' id='line_1_7' title="bbox 485 861 2085 936; baseline 0.002 -19"><span class='ocrx_word' id='word_1_78' title='bbox 485 861 756 917; x_wconf 86' lang='lat' dir='ltr'>Ecclesias</span> <span class='ocrx_word' id='word_1_79' title='bbox 784 861 1026 934; x_wconf 88' lang='lat' dir='ltr'>Epistola</span> <span class='ocrx_word' id='word_1_80' title='bbox 1061 863 1319 919; x_wconf 78' lang='lat' dir='ltr'>Barnabas</span> <span class='ocrx_word' id='word_1_81' title='bbox 1361 862 1440 936; x_wconf 91' lang='lat'>(8)</span> <span class='ocrx_word' id='word_1_82' title='bbox 1470 863 1561 920; x_wconf 93' lang='lat' dir='ltr'>illo</span> <span class='ocrx_word' id='word_1_83' title='bbox 1620 867 1930 936; x_wconf 88' lang='lat' dir='ltr'>apocrypho</span> <span class='ocrx_word' id='word_1_84' title='bbox 1973 865 2085 920; x_wconf 90' lang='lat' dir='ltr'>Pa-</span> 
     </span>
    </p>
   </div>
   <div class='ocr_carea' id='block_1_7' title="bbox 488 951 2084 1026">
    <p class='ocr_par' dir='ltr' id='par_1_7' title="bbox 488 951 2084 1026">
     <span class='ocr_line' id='line_1_8' title="bbox 488 951 2084 1026; baseline 0.003 -21"><span class='ocrx_word' id='word_1_85' title='bbox 488 959 636 1006; x_wconf 90' lang='lat' dir='ltr'>store</span> <span class='ocrx_word' id='word_1_86' title='bbox 693 951 1031 1008; x_wconf 75' lang='lat' dir='ltr'>moechorum</span> <span class='ocrx_word' id='word_1_87' title='bbox 1089 952 1190 1024; x_wconf 91' lang='lat'>(9).</span> <span class='ocrx_word' id='word_1_88' title='bbox 1249 953 1474 1008; x_wconf 83' lang='lat' dir='ltr'>Monens</span> <span class='ocrx_word' id='word_1_89' title='bbox 1531 953 1710 1026; x_wconf 87' lang='lat' dir='ltr'>itaque</span> <span class='ocrx_word' id='word_1_90' title='bbox 1763 954 2084 1026; x_wconf 87' lang='lat' dir='ltr'>discipulos,</span> 
     </span>
    </p>
   </div>
   <div class='ocr_carea' id='block_1_8' title="bbox 491 1039 2090 1119">
    <p class='ocr_par' dir='ltr' id='par_1_8' title="bbox 491 1039 2090 1119">
     <span class='ocr_line' id='line_1_9' title="bbox 491 1039 2090 1119; baseline 0.002 -24"><span class='ocrx_word' id='word_1_91' title='bbox 491 1039 710 1095; x_wconf 83' lang='lat' dir='ltr'>omissis</span> <span class='ocrx_word' id='word_1_92' title='bbox 774 1041 1022 1095; x_wconf 88' lang='lat' dir='ltr'>omnibus</span> <span class='ocrx_word' id='word_1_93' title='bbox 1086 1041 1277 1110; x_wconf 86' lang='lat' dir='ltr'>initiis,</span> <span class='ocrx_word' id='word_1_94' title='bbox 1333 1042 1397 1095; x_wconf 92' lang='lat' dir='ltr'>ad</span> <span class='ocrx_word' id='word_1_95' title='bbox 1462 1043 1845 1114; x_wconf 81' lang='lat' dir='ltr'>perfectionem</span> <span class='ocrx_word' id='word_1_96' title='bbox 1911 1043 2090 1119; x_wconf 81' lang='lat' dir='ltr'>magis</span> 
     </span>
    </p>
   </div>
   <div class='ocr_carea' id='block_1_9' title="bbox 491 1129 2089 1205">
    <p class='ocr_par' dir='ltr' id='par_1_9' title="bbox 491 1129 2089 1205">
     <span class='ocr_line' id='line_1_10' title="bbox 491 1129 2089 1205; baseline 0.001 -20"><span class='ocrx_word' id='word_1_97' title='bbox 491 1129 736 1194; x_wconf 86' lang='lat' dir='ltr'>tendere,</span> <span class='ocrx_word' id='word_1_98' title='bbox 777 1144 881 1185; x_wconf 90' lang='lat' dir='ltr'>nec</span> <span class='ocrx_word' id='word_1_99' title='bbox 928 1145 1117 1186; x_wconf 83' lang='lat' dir='ltr'>rursus</span> <span class='ocrx_word' id='word_1_100' title='bbox 1165 1129 1513 1187; x_wconf 86' lang='lat' dir='ltr'>fundamenta</span> <span class='ocrx_word' id='word_1_101' title='bbox 1546 1132 1875 1205; x_wconf 72' lang='lat' dir='ltr'>poenitentia:</span> <span class='ocrx_word' id='word_1_102' title='bbox 1911 1133 2089 1202; x_wconf 83' lang='lat' dir='ltr'>jacere</span> 
     </span>
    </p>
   </div>
   <div class='ocr_carea' id='block_1_10' title="bbox 491 1219 2086 1295">
    <p class='ocr_par' dir='ltr' id='par_1_10' title="bbox 491 1219 2086 1295">
     <span class='ocr_line' id='line_1_11' title="bbox 491 1219 2086 1295; baseline 0.003 -22"><span class='ocrx_word' id='word_1_103' title='bbox 491 1219 560 1274; x_wconf 86' lang='lat' dir='ltr'>ab</span> <span class='ocrx_word' id='word_1_104' title='bbox 572 1219 833 1290; x_wconf 84' lang='lat' dir='ltr'>operibus</span> <span class='ocrx_word' id='word_1_105' title='bbox 853 1228 1188 1277; x_wconf 88' lang='lat' dir='ltr'>mortuorum</span> <span class='ocrx_word' id='word_1_106' title='bbox 1207 1237 1220 1278; x_wconf 93' lang='lat'>:</span> <span class='ocrx_word' id='word_1_107' title='bbox 1238 1223 1580 1294; x_wconf 75' lang='lat' dir='ltr'>[inpossibile</span> <span class='ocrx_word' id='word_1_108' title='bbox 1601 1229 1684 1280; x_wconf 90' lang='lat' dir='ltr'>est</span> <span class='ocrx_word' id='word_1_109' title='bbox 1701 1225 1874 1289; x_wconf 89' lang='lat' dir='ltr'>enim,</span> <span class='ocrx_word' id='word_1_110' title='bbox 1890 1223 2086 1295; x_wconf 87' lang='lat' dir='ltr'>inquit,</span> 
     </span>
    </p>
   </div>
   <div class='ocr_carea' id='block_1_11' title="bbox 491 1310 2092 1386">
    <p class='ocr_par' dir='ltr' id='par_1_11' title="bbox 491 1310 2092 1386">
     <span class='ocr_line' id='line_1_12' title="bbox 491 1310 2092 1386; baseline 0.003 -21"><span class='ocrx_word' id='word_1_111' title='bbox 491 1323 585 1365; x_wconf 90' lang='lat' dir='ltr'>eos</span> <span class='ocrx_word' id='word_1_112' title='bbox 604 1311 704 1381; x_wconf 97' lang='lat' dir='ltr'>qui</span> <span class='ocrx_word' id='word_1_113' title='bbox 717 1312 887 1368; x_wconf 94' lang='lat' dir='ltr'>semel</span> <span class='ocrx_word' id='word_1_114' title='bbox 903 1310 1228 1367; x_wconf 88' lang='lat' dir='ltr'>illuminati</span> <span class='ocrx_word' id='word_1_115' title='bbox 1246 1316 1405 1379; x_wconf 90' lang='lat' dir='ltr'>sunt,</span> <span class='ocrx_word' id='word_1_116' title='bbox 1429 1318 1482 1370; x_wconf 90' lang='lat' dir='ltr'>et</span> <span class='ocrx_word' id='word_1_117' title='bbox 1503 1314 1712 1370; x_wconf 80' lang='lat' dir='ltr'>donum</span> <span class='ocrx_word' id='word_1_118' title='bbox 1729 1313 1947 1372; x_wconf 72' lang='lat' dir='ltr'>cwleste</span> <span class='ocrx_word' id='word_1_119' title='bbox 1965 1330 2092 1386; x_wconf 80' lang='lat' dir='ltr'>gus-</span> 
     </span>
    </p>
   </div>
   <div class='ocr_carea' id='block_1_12' title="bbox 494 1401 2093 1475">
    <p class='ocr_par' dir='ltr' id='par_1_12' title="bbox 494 1401 2093 1475">
     <span class='ocr_line' id='line_1_13' title="bbox 494 1401 2093 1475; baseline 0.002 -21"><span class='ocrx_word' id='word_1_120' title='bbox 494 1401 788 1464; x_wconf 87' lang='lat' dir='ltr'>taverunt,</span> <span class='ocrx_word' id='word_1_121' title='bbox 811 1405 863 1457; x_wconf 89' lang='lat' dir='ltr'>et</span> <span class='ocrx_word' id='word_1_122' title='bbox 881 1402 1384 1474; x_wconf 86' lang='lat' dir='ltr'>participaverunt</span> <span class='ocrx_word' id='word_1_123' title='bbox 1414 1403 1699 1475; x_wconf 78' lang='lat' dir='ltr'>Spiritum</span> <span class='ocrx_word' id='word_1_124' title='bbox 1728 1407 2016 1468; x_wconf 85' lang='lat' dir='ltr'>sanctum,</span> <span class='ocrx_word' id='word_1_125' title='bbox 2037 1407 2093 1458; x_wconf 88' lang='lat' dir='ltr'>et</span> 
     </span>
    </p>
   </div>
   <div class='ocr_carea' id='block_1_13' title="bbox 490 1486 2098 1562">
    <p class='ocr_par' dir='ltr' id='par_1_13' title="bbox 490 1486 2098 1562">
     <span class='ocr_line' id='line_1_14' title="bbox 490 1486 2098 1562; baseline 0.004 -20"><span class='ocrx_word' id='word_1_126' title='bbox 490 1486 721 1543; x_wconf 84' lang='lat' dir='ltr'>verbum</span> <span class='ocrx_word' id='word_1_127' title='bbox 748 1490 848 1544; x_wconf 89' lang='lat' dir='ltr'>Dei</span> <span class='ocrx_word' id='word_1_128' title='bbox 876 1490 1040 1547; x_wconf 81' lang='lat' dir='ltr'>dulce</span> <span class='ocrx_word' id='word_1_129' title='bbox 1068 1493 1464 1561; x_wconf 86' lang='lat' dir='ltr'>gustaverunt,</span> <span class='ocrx_word' id='word_1_130' title='bbox 1499 1491 1796 1551; x_wconf 87' lang='lat' dir='ltr'>occidente</span> <span class='ocrx_word' id='word_1_131' title='bbox 1829 1493 1957 1562; x_wconf 87' lang='lat' dir='ltr'>jam</span> <span class='ocrx_word' id='word_1_132' title='bbox 1985 1507 2098 1548; x_wconf 70' lang='lat' dir='ltr'>sevo</span> 
     </span>
    </p>
   </div>
   <div class='ocr_carea' id='block_1_14' title="bbox 492 1577 2094 1654">
    <p class='ocr_par' dir='ltr' id='par_1_14' title="bbox 492 1577 2094 1654">
     <span class='ocr_line' id='line_1_15' title="bbox 492 1577 2094 1654; baseline 0.002 -24"><span class='ocrx_word' id='word_1_133' title='bbox 492 1591 622 1631; x_wconf 89' lang='lat' dir='ltr'>cum</span> <span class='ocrx_word' id='word_1_134' title='bbox 653 1577 990 1646; x_wconf 71' lang='lat' dir='ltr'>exciderint,</span> <span class='ocrx_word' id='word_1_135' title='bbox 1019 1594 1216 1635; x_wconf 79' lang='lat' dir='ltr'>rursus</span> <span class='ocrx_word' id='word_1_136' title='bbox 1248 1583 1496 1638; x_wconf 89' lang='lat' dir='ltr'>revocari</span> <span class='ocrx_word' id='word_1_137' title='bbox 1521 1582 1570 1621; x_wconf 76' lang='lat'>96</span> <span class='ocrx_word' id='word_1_138' title='bbox 1589 1584 1653 1638; x_wconf 90' lang='lat' dir='ltr'>in</span> <span class='ocrx_word' id='word_1_139' title='bbox 1680 1583 2094 1654; x_wconf 76' lang='lat' dir='ltr'>paenitentiam,</span> 
     </span>
    </p>
   </div>
   <div class='ocr_carea' id='block_1_15' title="bbox 493 1665 2101 1740">
    <p class='ocr_par' dir='ltr' id='par_1_15' title="bbox 493 1665 2101 1740">
     <span class='ocr_line' id='line_1_16' title="bbox 493 1665 2101 1740; baseline 0.005 -21"><span class='ocrx_word' id='word_1_140' title='bbox 493 1665 790 1738; x_wconf 81' lang='lat' dir='ltr'>reﬁgentes</span> <span class='ocrx_word' id='word_1_141' title='bbox 819 1670 974 1724; x_wconf 84' lang='lat' dir='ltr'>cruci</span> <span class='ocrx_word' id='word_1_142' title='bbox 999 1671 1063 1724; x_wconf 88' lang='lat' dir='ltr'>in</span> <span class='ocrx_word' id='word_1_143' title='bbox 1089 1671 1413 1740; x_wconf 88' lang='lat' dir='ltr'>semetipsos</span> <span class='ocrx_word' id='word_1_144' title='bbox 1445 1671 1656 1726; x_wconf 86' lang='lat' dir='ltr'>Filium</span> <span class='ocrx_word' id='word_1_145' title='bbox 1676 1672 1777 1729; x_wconf 85' lang='lat' dir='ltr'>Dei</span> <span class='ocrx_word' id='word_1_146' title='bbox 1795 1675 1854 1727; x_wconf 89' lang='lat' dir='ltr'>et</span> <span class='ocrx_word' id='word_1_147' title='bbox 1878 1670 2101 1729; x_wconf 85' lang='lat' dir='ltr'>dedeco-</span> 
     </span>
    </p>
   </div>
   <div class='ocr_carea' id='block_1_16' title="bbox 493 1757 2088 1832">
    <p class='ocr_par' dir='ltr' id='par_1_16' title="bbox 493 1757 2088 1832">
     <span class='ocr_line' id='line_1_17' title="bbox 493 1757 2088 1832; baseline 0.004 -24"><span class='ocrx_word' id='word_1_148' title='bbox 493 1761 709 1812; x_wconf 86' lang='lat' dir='ltr'>rantes.</span> <span class='ocrx_word' id='word_1_149' title='bbox 742 1758 904 1813; x_wconf 80' lang='lat' dir='ltr'>Terra</span> <span class='ocrx_word' id='word_1_150' title='bbox 922 1759 1073 1811; x_wconf 86' lang='lat' dir='ltr'>enim</span> <span class='ocrx_word' id='word_1_151' title='bbox 1095 1774 1220 1828; x_wconf 66' lang='lat' dir='ltr'>quae</span> <span class='ocrx_word' id='word_1_152' title='bbox 1241 1757 1377 1813; x_wconf 81' lang='lat' dir='ltr'>bibit</span> <span class='ocrx_word' id='word_1_153' title='bbox 1398 1761 1606 1832; x_wconf 65' lang='lat' dir='ltr'>saepius</span> <span class='ocrx_word' id='word_1_154' title='bbox 1625 1759 2006 1817; x_wconf 82' lang='lat' dir='ltr'>devenientem</span> <span class='ocrx_word' id='word_1_155' title='bbox 2023 1760 2088 1814; x_wconf 87' lang='lat' dir='ltr'>in</span> 
     </span>
    </p>
   </div>
   <div class='ocr_carea' id='block_1_17' title="bbox 494 1819 2164 1922">
    <p class='ocr_par' dir='ltr' id='par_1_17' title="bbox 494 1819 2164 1922">
     <span class='ocr_line' id='line_1_18' title="bbox 494 1819 2164 1922; baseline 0.004 -23"><span class='ocrx_word' id='word_1_156' title='bbox 494 1859 555 1901; x_wconf 93' lang='lat' dir='ltr'>se</span> <span class='ocrx_word' id='word_1_157' title='bbox 583 1843 893 1908; x_wconf 89' lang='lat' dir='ltr'>humorem,</span> <span class='ocrx_word' id='word_1_158' title='bbox 926 1849 983 1900; x_wconf 90' lang='lat' dir='ltr'>et</span> <span class='ocrx_word' id='word_1_159' title='bbox 1009 1819 1235 1916; x_wconf 75' lang='lat' dir='ltr'>peperit</span> <span class='ocrx_word' id='word_1_160' title='bbox 1263 1819 1490 1903; x_wconf 71' lang='lat' dir='ltr'>herbam</span> <span class='ocrx_word' id='word_1_161' title='bbox 1517 1852 1712 1920; x_wconf 87' lang='lat' dir='ltr'><strong><em>aptam</em></strong></span> <span class='ocrx_word' id='word_1_162' title='bbox 1743 1849 1831 1904; x_wconf 89' lang='lat' dir='ltr'>his</span> <span class='ocrx_word' id='word_1_163' title='bbox 1857 1852 2087 1922; x_wconf 81' lang='lat' dir='ltr'>prapter</span> <span class='ocrx_word' id='word_1_164' title='bbox 2120 1819 2164 1897; x_wconf 77' lang='grc' dir='ltr'><strong><em>Β</em></strong></span> 
     </span>
    </p>
   </div>
   <div class='ocr_carea' id='block_1_18' title="bbox 495 1933 2092 2013">
    <p class='ocr_par' dir='ltr' id='par_1_18' title="bbox 495 1933 2092 2013">
     <span class='ocr_line' id='line_1_19' title="bbox 495 1933 2092 2013; baseline 0.006 -24"><span class='ocrx_word' id='word_1_165' title='bbox 495 1948 631 2005; x_wconf 84' lang='lat' dir='ltr'>quos</span> <span class='ocrx_word' id='word_1_166' title='bbox 650 1938 702 1990; x_wconf 92' lang='lat' dir='ltr'>et</span> <span class='ocrx_word' id='word_1_167' title='bbox 718 1933 949 2001; x_wconf 81' lang='lat' dir='ltr'>colitur,</span> <span class='ocrx_word' id='word_1_168' title='bbox 967 1934 1410 1992; x_wconf 88' lang='lat' dir='ltr'>benedictionem</span> <span class='ocrx_word' id='word_1_169' title='bbox 1429 1939 1530 1995; x_wconf 89' lang='lat' dir='ltr'>Dei</span> <span class='ocrx_word' id='word_1_170' title='bbox 1549 1941 1914 2012; x_wconf 81' lang='lat' dir='ltr'>consequitur</span> <span class='ocrx_word' id='word_1_171' title='bbox 1927 1956 2092 2013; x_wconf 88' lang='lat' dir='ltr'>:pro-</span> 
     </span>
    </p>
   </div>
   <div class='ocr_carea' id='block_1_19' title="bbox 494 2024 2091 2103">
    <p class='ocr_par' dir='ltr' id='par_1_19' title="bbox 494 2024 2091 2103">
     <span class='ocr_line' id='line_1_20' title="bbox 494 2024 2091 2103; baseline 0.004 -25"><span class='ocrx_word' id='word_1_172' title='bbox 494 2025 683 2092; x_wconf 85' lang='lat' dir='ltr'>ferens</span> <span class='ocrx_word' id='word_1_173' title='bbox 702 2027 900 2078; x_wconf 87' lang='lat' dir='ltr'>autem</span> <span class='ocrx_word' id='word_1_174' title='bbox 927 2024 1141 2095; x_wconf 87' lang='lat' dir='ltr'>spinas,</span> <span class='ocrx_word' id='word_1_175' title='bbox 1156 2026 1388 2097; x_wconf 81' lang='lat' dir='ltr'>reprobo</span> <span class='ocrx_word' id='word_1_176' title='bbox 1413 2031 1469 2083; x_wconf 89' lang='lat' dir='ltr'>et</span> <span class='ocrx_word' id='word_1_177' title='bbox 1489 2028 2091 2103; x_wconf 74' lang='lat' dir='ltr'>maledictioniproxi—</span> 
     </span>
    </p>
   </div>
   <div class='ocr_carea' id='block_1_20' title="bbox 495 2111 2096 2189">
    <p class='ocr_par' dir='ltr' id='par_1_20' title="bbox 495 2111 2096 2189">
     <span class='ocr_line' id='line_1_21' title="bbox 495 2111 2096 2189; baseline 0.005 -23"><span class='ocrx_word' id='word_1_178' title='bbox 495 2123 609 2172; x_wconf 86' lang='lat' dir='ltr'>ma,</span> <span class='ocrx_word' id='word_1_179' title='bbox 634 2111 798 2182; x_wconf 81' lang='lat' dir='ltr'>cujus</span> <span class='ocrx_word' id='word_1_180' title='bbox 821 2113 952 2182; x_wconf 84' lang='lat' dir='ltr'>ﬁnis</span> <span class='ocrx_word' id='word_1_181' title='bbox 982 2115 1043 2168; x_wconf 89' lang='lat' dir='ltr'>in</span> <span class='ocrx_word' id='word_1_182' title='bbox 1069 2114 1429 2170; x_wconf 66' lang='lat' dir='ltr'>eae-ustionem</span> <span class='ocrx_word' id='word_1_183' title='bbox 1457 2115 1639 2185; x_wconf 86' lang='lat' dir='ltr'>(Hebr.</span> <span class='ocrx_word' id='word_1_184' title='bbox 1672 2132 1752 2182; x_wconf 77' lang='lat' dir='ltr'>vr,</span> <span class='ocrx_word' id='word_1_185' title='bbox 1787 2119 1839 2186; x_wconf 80' lang='grc'>4,</span> <span class='ocrx_word' id='word_1_186' title='bbox 1871 2117 1948 2189; x_wconf 90' lang='grc'>8).</span> <span class='ocrx_word' id='word_1_187' title='bbox 1979 2118 2096 2174; x_wconf 88' lang='lat' dir='ltr'>Hoc</span> 
     </span>
    </p>
   </div>
   <div class='ocr_carea' id='block_1_21' title="bbox 498 2197 2094 2276">
    <p class='ocr_par' dir='ltr' id='par_1_21' title="bbox 498 2197 2094 2276">
     <span class='ocr_line' id='line_1_22' title="bbox 498 2197 2094 2276; baseline 0.008 -25"><span class='ocrx_word' id='word_1_188' title='bbox 498 2197 593 2270; x_wconf 88' lang='lat' dir='ltr'>qui</span> <span class='ocrx_word' id='word_1_189' title='bbox 616 2199 683 2253; x_wconf 85' lang='lat' dir='ltr'>ab</span> <span class='ocrx_word' id='word_1_190' title='bbox 703 2201 962 2269; x_wconf 81' lang='lat' dir='ltr'>apostolis</span> <span class='ocrx_word' id='word_1_191' title='bbox 980 2201 1174 2256; x_wconf 86' lang='lat' dir='ltr'>didicit</span> <span class='ocrx_word' id='word_1_192' title='bbox 1203 2211 1255 2258; x_wconf 91' lang='lat' dir='ltr'>et</span> <span class='ocrx_word' id='word_1_193' title='bbox 1283 2217 1407 2257; x_wconf 91' lang='lat' dir='ltr'>cum</span> <span class='ocrx_word' id='word_1_194' title='bbox 1435 2204 1698 2274; x_wconf 88' lang='lat' dir='ltr'>apostolis</span> <span class='ocrx_word' id='word_1_195' title='bbox 1725 2205 1928 2276; x_wconf 91' lang='lat' dir='ltr'>docuit,</span> <span class='ocrx_word' id='word_1_196' title='bbox 1950 2222 2094 2263; x_wconf 92' lang='lat' dir='ltr'>nun-</span> 
     </span>
    </p>
   </div>
   <div class='ocr_carea' id='block_1_22' title="bbox 496 2289 2099 2365">
    <p class='ocr_par' dir='ltr' id='par_1_22' title="bbox 496 2289 2099 2365">
     <span class='ocr_line' id='line_1_23' title="bbox 496 2289 2099 2365; baseline 0.005 -24"><span class='ocrx_word' id='word_1_197' title='bbox 496 2302 661 2358; x_wconf 88' lang='lat' dir='ltr'>quam</span> <span class='ocrx_word' id='word_1_198' title='bbox 693 2290 908 2345; x_wconf 69' lang='lat' dir='ltr'>maacho</span> <span class='ocrx_word' id='word_1_199' title='bbox 938 2297 992 2345; x_wconf 90' lang='lat' dir='ltr'>et</span> <span class='ocrx_word' id='word_1_200' title='bbox 1020 2289 1335 2346; x_wconf 85' lang='lat' dir='ltr'>fornicatori</span> <span class='ocrx_word' id='word_1_201' title='bbox 1361 2291 1474 2363; x_wconf 89' lang='grc'>(10)</span> <span class='ocrx_word' id='word_1_202' title='bbox 1505 2293 1801 2349; x_wconf 88' lang='lat' dir='ltr'>secundam</span> <span class='ocrx_word' id='word_1_203' title='bbox 1827 2295 2099 2365; x_wconf 87' lang='lat' dir='ltr'>poeniten-</span> 
     </span>
    </p>
   </div>
   <div class='ocr_carea' id='block_1_23' title="bbox 498 2375 2097 2454">
    <p class='ocr_par' dir='ltr' id='par_1_23' title="bbox 498 2375 2097 2454">
     <span class='ocr_line' id='line_1_24' title="bbox 498 2375 2097 2454; baseline 0.005 -24"><span class='ocrx_word' id='word_1_204' title='bbox 498 2375 625 2430; x_wconf 89' lang='lat' dir='ltr'>tiam</span> <span class='ocrx_word' id='word_1_205' title='bbox 674 2380 996 2447; x_wconf 86' lang='lat' dir='ltr'>promissam</span> <span class='ocrx_word' id='word_1_206' title='bbox 1042 2380 1112 2433; x_wconf 88' lang='lat' dir='ltr'>ab</span> <span class='ocrx_word' id='word_1_207' title='bbox 1161 2379 1420 2449; x_wconf 88' lang='lat' dir='ltr'>apostolis</span> <span class='ocrx_word' id='word_1_208' title='bbox 1468 2389 1649 2449; x_wconf 90' lang='lat' dir='ltr'>norat;</span> <span class='ocrx_word' id='word_1_209' title='bbox 1701 2383 1905 2454; x_wconf 81' lang='lat' dir='ltr'>Optime</span> <span class='ocrx_word' id='word_1_210' title='bbox 1951 2383 2097 2439; x_wconf 91' lang='lat' dir='ltr'>enim</span> 
     </span>
    </p>
   </div>
   <div class='ocr_carea' id='block_1_24' title="bbox 497 2465 2100 2542">
    <p class='ocr_par' dir='ltr' id='par_1_24' title="bbox 497 2465 2100 2542">
     <span class='ocr_line' id='line_1_25' title="bbox 497 2465 2100 2542; baseline 0.004 -21"><span class='ocrx_word' id='word_1_211' title='bbox 497 2465 677 2538; x_wconf 83' lang='lat' dir='ltr'>legem</span> <span class='ocrx_word' id='word_1_212' title='bbox 725 2466 1198 2538; x_wconf 83' lang='lat' dir='ltr'>interpretabatur,</span> <span class='ocrx_word' id='word_1_213' title='bbox 1235 2475 1290 2522; x_wconf 90' lang='lat' dir='ltr'>et</span> <span class='ocrx_word' id='word_1_214' title='bbox 1316 2467 1521 2540; x_wconf 82' lang='lat' dir='ltr'>ﬁguras</span> <span class='ocrx_word' id='word_1_215' title='bbox 1569 2472 1686 2540; x_wconf 88' lang='lat' dir='ltr'>ejus</span> <span class='ocrx_word' id='word_1_216' title='bbox 1730 2473 1840 2540; x_wconf 89' lang='lat' dir='ltr'>jam</span> <span class='ocrx_word' id='word_1_217' title='bbox 1883 2473 1938 2526; x_wconf 90' lang='lat' dir='ltr'>in</span> <span class='ocrx_word' id='word_1_218' title='bbox 1977 2472 2100 2542; x_wconf 89' lang='lat' dir='ltr'>ipsa</span> 
     </span>
    </p>
   </div>
   <div class='ocr_carea' id='block_1_25' title="bbox 498 2556 2100 2632">
    <p class='ocr_par' dir='ltr' id='par_1_25' title="bbox 498 2556 2100 2632">
     <span class='ocr_line' id='line_1_26' title="bbox 498 2556 2100 2632; baseline 0.004 -21"><span class='ocrx_word' id='word_1_219' title='bbox 498 2556 725 2612; x_wconf 79' lang='lat' dir='ltr'>veritate</span> <span class='ocrx_word' id='word_1_220' title='bbox 764 2557 1032 2612; x_wconf 82' lang='lat' dir='ltr'>servabat.</span> <span class='ocrx_word' id='word_1_221' title='bbox 1078 2557 1164 2611; x_wconf 91' lang='lat' dir='ltr'>Ad</span> <span class='ocrx_word' id='word_1_222' title='bbox 1211 2557 1348 2614; x_wconf 89' lang='lat' dir='ltr'>hanc</span> <span class='ocrx_word' id='word_1_223' title='bbox 1389 2558 1625 2632; x_wconf 90' lang='lat' dir='ltr'>denique</span> <span class='ocrx_word' id='word_1_224' title='bbox 1662 2559 1896 2632; x_wconf 89' lang='lat' dir='ltr'>speciem</span> <span class='ocrx_word' id='word_1_225' title='bbox 1935 2560 2100 2618; x_wconf 87' lang='lat' dir='ltr'>disci-</span> 
     </span>
    </p>
   </div>
   <div class='ocr_carea' id='block_1_26' title="bbox 498 2644 2102 2716">
    <p class='ocr_par' dir='ltr' id='par_1_26' title="bbox 498 2644 2102 2716">
     <span class='ocr_line' id='line_1_27' title="bbox 498 2644 2102 2716; baseline 0.006 -18"><span class='ocrx_word' id='word_1_226' title='bbox 498 2644 664 2715; x_wconf 71' lang='lat' dir='ltr'>plinae</span> <span class='ocrx_word' id='word_1_227' title='bbox 701 2647 767 2702; x_wconf 89' lang='lat' dir='ltr'>de</span> <span class='ocrx_word' id='word_1_228' title='bbox 802 2645 1018 2716; x_wconf 87' lang='lat' dir='ltr'>leproso</span> <span class='ocrx_word' id='word_1_229' title='bbox 1066 2652 1280 2702; x_wconf 90' lang='lat' dir='ltr'>cautum</span> <span class='ocrx_word' id='word_1_230' title='bbox 1322 2645 1423 2703; x_wconf 84' lang='lat' dir='ltr'>fuit</span> <span class='ocrx_word' id='word_1_231' title='bbox 1462 2665 1477 2702; x_wconf 91' lang='lat'>:</span> <span class='ocrx_word' id='word_1_232' title='bbox 1519 2649 1579 2705; x_wconf 89' lang='lat' dir='ltr'>Si</span> <span class='ocrx_word' id='word_1_233' title='bbox 1617 2654 1812 2706; x_wconf 88' lang='lat' dir='ltr'>autem</span> <span class='ocrx_word' id='word_1_234' title='bbox 1853 2653 2102 2710; x_wconf 85' lang='lat' dir='ltr'>varietas</span> 
     </span>
    </p>
   </div>
   <div class='ocr_carea' id='block_1_27' title="bbox 502 2736 2101 2816">
    <p class='ocr_par' dir='ltr' id='par_1_27' title="bbox 502 2736 2101 2816">
     <span class='ocr_line' id='line_1_28' title="bbox 502 2736 2101 2816; baseline 0.005 -27"><span class='ocrx_word' id='word_1_235' title='bbox 502 2736 828 2805; x_wconf 86' lang='lat' dir='ltr'>efﬂoruerit</span> <span class='ocrx_word' id='word_1_236' title='bbox 848 2738 910 2793; x_wconf 92' lang='lat' dir='ltr'>in</span> <span class='ocrx_word' id='word_1_237' title='bbox 928 2739 1142 2802; x_wconf 86' lang='lat' dir='ltr'>cutem,</span> <span class='ocrx_word' id='word_1_238' title='bbox 1157 2740 1212 2792; x_wconf 91' lang='lat' dir='ltr'>et</span> <span class='ocrx_word' id='word_1_239' title='bbox 1235 2739 1414 2794; x_wconf 84' lang='lat' dir='ltr'>lotam</span> <span class='ocrx_word' id='word_1_240' title='bbox 1433 2740 1620 2796; x_wconf 88' lang='lat' dir='ltr'>cutem</span> <span class='ocrx_word' id='word_1_241' title='bbox 1643 2741 1850 2797; x_wconf 74' lang='lat' dir='ltr'>texerit</span> <span class='ocrx_word' id='word_1_242' title='bbox 1869 2743 2101 2816; x_wconf 86' lang='lat' dir='ltr'>acapite</span> 
     </span>
    </p>
   </div>
   <div class='ocr_carea' id='block_1_28' title="bbox 503 2826 2103 2900">
    <p class='ocr_par' dir='ltr' id='par_1_28' title="bbox 503 2826 2103 2900">
     <span class='ocr_line' id='line_1_29' title="bbox 503 2826 2103 2900; baseline 0.006 -21"><span class='ocrx_word' id='word_1_243' title='bbox 503 2840 573 2880; x_wconf 87' lang='lat' dir='ltr'>us</span> <span class='ocrx_word' id='word_1_244' title='bbox 583 2841 690 2897; x_wconf 85' lang='lat' dir='ltr'>que</span> <span class='ocrx_word' id='word_1_245' title='bbox 723 2826 796 2883; x_wconf 89' lang='lat' dir='ltr'>ad</span> <span class='ocrx_word' id='word_1_246' title='bbox 825 2826 990 2900; x_wconf 85' lang='lat' dir='ltr'>pedes</span> <span class='ocrx_word' id='word_1_247' title='bbox 1008 2843 1111 2899; x_wconf 80' lang='lat' dir='ltr'>per</span> <span class='ocrx_word' id='word_1_248' title='bbox 1131 2842 1352 2883; x_wconf 90' lang='lat' dir='ltr'>omnem</span> <span class='ocrx_word' id='word_1_249' title='bbox 1374 2833 1750 2900; x_wconf 87' lang='lat' dir='ltr'>conspectum,</span> <span class='ocrx_word' id='word_1_250' title='bbox 1772 2833 1830 2886; x_wconf 87' lang='lat' dir='ltr'>et</span> <span class='ocrx_word' id='word_1_251' title='bbox 1847 2831 2103 2888; x_wconf 82' lang='lat' dir='ltr'>sacerdos</span> 
     </span>
    </p>
   </div>
   <div class='ocr_carea' id='block_1_29' title="bbox 503 2914 2103 2988">
    <p class='ocr_par' dir='ltr' id='par_1_29' title="bbox 503 2914 2103 2988">
     <span class='ocr_line' id='line_1_30' title="bbox 503 2914 2103 2988; baseline 0.006 -22"><span class='ocrx_word' id='word_1_252' title='bbox 503 2929 633 2967; x_wconf 88' lang='lat' dir='ltr'>cum</span> <span class='ocrx_word' id='word_1_253' title='bbox 661 2915 889 2977; x_wconf 86' lang='lat' dir='ltr'>viderit,</span> <span class='ocrx_word' id='word_1_254' title='bbox 913 2914 1244 2970; x_wconf 90' lang='lat' dir='ltr'>emundabit</span> <span class='ocrx_word' id='word_1_255' title='bbox 1269 2931 1416 2985; x_wconf 87' lang='lat' dir='ltr'>eum,</span> <span class='ocrx_word' id='word_1_256' title='bbox 1437 2919 1703 2988; x_wconf 89' lang='lat' dir='ltr'>quoniam</span> <span class='ocrx_word' id='word_1_257' title='bbox 1731 2920 2012 2975; x_wconf 87' lang='lat' dir='ltr'>convertit</span> <span class='ocrx_word' id='word_1_258' title='bbox 2038 2920 2103 2976; x_wconf 90' lang='lat' dir='ltr'>in</span> 
     </span>
    </p>
   </div>
   <div class='ocr_carea' id='block_1_30' title="bbox 503 3001 2104 3080">
    <p class='ocr_par' dir='ltr' id='par_1_30' title="bbox 503 3001 2104 3080">
     <span class='ocr_line' id='line_1_31' title="bbox 503 3001 2104 3080; baseline 0.005 -25"><span class='ocrx_word' id='word_1_259' title='bbox 503 3001 717 3072; x_wconf 85' lang='lat' dir='ltr'>album,</span> <span class='ocrx_word' id='word_1_260' title='bbox 731 3003 980 3058; x_wconf 87' lang='lat' dir='ltr'>mund-us</span> <span class='ocrx_word' id='word_1_261' title='bbox 994 3009 1092 3059; x_wconf 90' lang='lat' dir='ltr'>est.</span> <span class='ocrx_word' id='word_1_262' title='bbox 1115 3004 1232 3072; x_wconf 84' lang='lat' dir='ltr'>Qua</span> <span class='ocrx_word' id='word_1_263' title='bbox 1258 3019 1385 3061; x_wconf 87' lang='lat' dir='ltr'>vero</span> <span class='ocrx_word' id='word_1_264' title='bbox 1398 3005 1489 3062; x_wconf 90' lang='lat' dir='ltr'>die</span> <span class='ocrx_word' id='word_1_265' title='bbox 1505 3006 1656 3062; x_wconf 88' lang='lat' dir='ltr'>vis-us</span> <span class='ocrx_word' id='word_1_266' title='bbox 1676 3009 1854 3079; x_wconf 86' lang='lat' dir='ltr'>fuerit</span> <span class='ocrx_word' id='word_1_267' title='bbox 1871 3009 1935 3064; x_wconf 88' lang='lat' dir='ltr'>in</span> <span class='ocrx_word' id='word_1_268' title='bbox 1957 3009 2104 3080; x_wconf 79' lang='lat' dir='ltr'>eius-</span> 
     </span>
    </p>
   </div>
   <div class='ocr_carea' id='block_1_31' title="bbox 2191 678 3790 750">
    <p class='ocr_par' dir='ltr' id='par_1_31' title="bbox 2191 678 3790 750">
     <span class='ocr_line' id='line_1_32' title="bbox 2191 678 3790 750; baseline -0.001 -15"><span class='ocrx_word' id='word_1_269' title='bbox 2191 681 2269 736; x_wconf 88' lang='lat' dir='ltr'>Ita</span> <span class='ocrx_word' id='word_1_270' title='bbox 2316 679 2548 738; x_wconf 86' lang='lat' dir='ltr'>moechia</span> <span class='ocrx_word' id='word_1_271' title='bbox 2593 679 2660 735; x_wconf 92' lang='lat' dir='ltr'>de</span> <span class='ocrx_word' id='word_1_272' title='bbox 2701 679 2928 750; x_wconf 87' lang='lat' dir='ltr'>pristino</span> <span class='ocrx_word' id='word_1_273' title='bbox 2984 679 3216 737; x_wconf 89' lang='lat' dir='ltr'>recidiva</span> <span class='ocrx_word' id='word_1_274' title='bbox 3260 687 3316 735; x_wconf 90' lang='lat' dir='ltr'>et</span> <span class='ocrx_word' id='word_1_275' title='bbox 3350 679 3612 736; x_wconf 85' lang='lat' dir='ltr'>unitatem</span> <span class='ocrx_word' id='word_1_276' title='bbox 3666 678 3790 736; x_wconf 91' lang='lat' dir='ltr'>novi</span> 
     </span>
    </p>
   </div>
   <div class='ocr_carea' id='block_1_32' title="bbox 2193 769 3789 841">
    <p class='ocr_par' dir='ltr' id='par_1_32' title="bbox 2193 769 3789 841">
     <span class='ocr_line' id='line_1_33' title="bbox 2193 769 3789 841; baseline -0.003 -14"><span class='ocrx_word' id='word_1_277' title='bbox 2193 770 2408 835; x_wconf 89' lang='lat' dir='ltr'>coloris,</span> <span class='ocrx_word' id='word_1_278' title='bbox 2457 786 2488 824; x_wconf 91' lang='lat' dir='ltr'>a</span> <span class='ocrx_word' id='word_1_279' title='bbox 2545 784 2654 841; x_wconf 91' lang='lat' dir='ltr'>quo</span> <span class='ocrx_word' id='word_1_280' title='bbox 2709 769 2884 826; x_wconf 82' lang='lat' dir='ltr'>fuerat</span> <span class='ocrx_word' id='word_1_281' title='bbox 2928 770 3164 836; x_wconf 84' lang='lat' dir='ltr'>exclusa,</span> <span class='ocrx_word' id='word_1_282' title='bbox 3215 771 3636 840; x_wconf 85' lang='lat' dir='ltr'>commaculans,</span> <span class='ocrx_word' id='word_1_283' title='bbox 3679 769 3789 824; x_wconf 88' lang='lat' dir='ltr'>im-</span> 
     </span>
    </p>
   </div>
   <div class='ocr_carea' id='block_1_33' title="bbox 2193 857 3790 933">
    <p class='ocr_par' dir='ltr' id='par_1_33' title="bbox 2193 857 3790 933">
     <span class='ocr_line' id='line_1_34' title="bbox 2193 857 3790 933; baseline -0.001 -18"><span class='ocrx_word' id='word_1_284' title='bbox 2193 858 2504 917; x_wconf 88' lang='lat' dir='ltr'>mundabile</span> <span class='ocrx_word' id='word_1_285' title='bbox 2532 865 2615 915; x_wconf 88' lang='lat' dir='ltr'>est</span> <span class='ocrx_word' id='word_1_286' title='bbox 2641 857 2851 918; x_wconf 89' lang='lat' dir='ltr'>vitium.</span> <span class='ocrx_word' id='word_1_287' title='bbox 2883 859 3019 915; x_wconf 85' lang='lat' dir='ltr'>Item</span> <span class='ocrx_word' id='word_1_288' title='bbox 3061 865 3130 914; x_wconf 85' lang='lat' dir='ltr'>de</span> <span class='ocrx_word' id='word_1_289' title='bbox 3159 859 3322 916; x_wconf 91' lang='lat' dir='ltr'>domo</span> <span class='ocrx_word' id='word_1_290' title='bbox 3355 877 3368 917; x_wconf 92' lang='lat'>:</span> <span class='ocrx_word' id='word_1_291' title='bbox 3403 860 3462 916; x_wconf 88' lang='lat' dir='ltr'>Si</span> <span class='ocrx_word' id='word_1_292' title='bbox 3490 876 3618 933; x_wconf 77' lang='lat' dir='ltr'>quce</span> <span class='ocrx_word' id='word_1_293' title='bbox 3656 876 3790 914; x_wconf 78' lang='lat' dir='ltr'>ma-</span> 
     </span>
    </p>
   </div>
   <div class='ocr_carea' id='block_1_34' title="bbox 2195 949 3787 1023">
    <p class='ocr_par' dir='ltr' id='par_1_34' title="bbox 2195 949 3787 1023">
     <span class='ocr_line' id='line_1_35' title="bbox 2195 949 3787 1023; baseline -0.001 -17"><span class='ocrx_word' id='word_1_294' title='bbox 2195 953 2342 1008; x_wconf 70' lang='lat' dir='ltr'>culle</span> <span class='ocrx_word' id='word_1_295' title='bbox 2365 956 2420 1008; x_wconf 91' lang='lat' dir='ltr'>et</span> <span class='ocrx_word' id='word_1_296' title='bbox 2448 951 2688 1008; x_wconf 87' lang='lat' dir='ltr'>cavosita</span> <span class='ocrx_word' id='word_1_297' title='bbox 2696 956 2776 1009; x_wconf 90' lang='lat' dir='ltr'>tes</span> <span class='ocrx_word' id='word_1_298' title='bbox 2795 950 3082 1008; x_wconf 78' lang='lat' dir='ltr'>annuntio</span> <span class='ocrx_word' id='word_1_299' title='bbox 3090 955 3163 1007; x_wconf 76' lang='lat' dir='ltr'>tce</span> <span class='ocrx_word' id='word_1_300' title='bbox 3180 952 3246 1006; x_wconf 87' lang='lat' dir='ltr'>in</span> <span class='ocrx_word' id='word_1_301' title='bbox 3263 949 3579 1023; x_wconf 82' lang='lat' dir='ltr'>parietibus</span> <span class='ocrx_word' id='word_1_302' title='bbox 3598 965 3787 1006; x_wconf 89' lang='lat' dir='ltr'>sacer-</span> 
     </span>
    </p>
   </div>
   <div class='ocr_carea' id='block_1_35' title="bbox 2196 1040 3785 1114">
    <p class='ocr_par' dir='ltr' id='par_1_35' title="bbox 2196 1040 3785 1114">
     <span class='ocr_line' id='line_1_36' title="bbox 2196 1040 3785 1114; baseline -0.001 -18"><span class='ocrx_word' id='word_1_303' title='bbox 2196 1041 2311 1099; x_wconf 85' lang='lat' dir='ltr'>doti</span> <span class='ocrx_word' id='word_1_304' title='bbox 2331 1043 2601 1112; x_wconf 84' lang='lat' dir='ltr'>fuissent,</span> <span class='ocrx_word' id='word_1_305' title='bbox 2619 1043 2959 1114; x_wconf 86' lang='lat' dir='ltr'>priusquam</span> <span class='ocrx_word' id='word_1_306' title='bbox 2985 1042 3258 1098; x_wconf 85' lang='lat' dir='ltr'>introiret</span> <span class='ocrx_word' id='word_1_307' title='bbox 3275 1040 3346 1097; x_wconf 92' lang='lat' dir='ltr'>ad</span> <span class='ocrx_word' id='word_1_308' title='bbox 3374 1040 3785 1113; x_wconf 84' lang='lat' dir='ltr'>inspiciendam</span> 
     </span>
    </p>
   </div>
   <div class='ocr_carea' id='block_1_36' title="bbox 2195 1129 3788 1202">
    <p class='ocr_par' dir='ltr' id='par_1_36' title="bbox 2195 1129 3788 1202">
     <span class='ocr_line' id='line_1_37' title="bbox 2195 1129 3788 1202; baseline -0.001 -15"><span class='ocrx_word' id='word_1_309' title='bbox 2195 1147 2339 1200; x_wconf 91' lang='lat' dir='ltr'>eam,</span> <span class='ocrx_word' id='word_1_310' title='bbox 2349 1130 2510 1201; x_wconf 86' lang='lat' dir='ltr'>jubet</span> <span class='ocrx_word' id='word_1_311' title='bbox 2530 1133 2750 1202; x_wconf 85' lang='lat' dir='ltr'>auferri</span> <span class='ocrx_word' id='word_1_312' title='bbox 2769 1130 2836 1188; x_wconf 87' lang='lat' dir='ltr'>de</span> <span class='ocrx_word' id='word_1_313' title='bbox 2852 1131 3011 1188; x_wconf 89' lang='lat' dir='ltr'>domo</span> <span class='ocrx_word' id='word_1_314' title='bbox 3025 1131 3238 1197; x_wconf 86' lang='lat' dir='ltr'>omnia,</span> <span class='ocrx_word' id='word_1_315' title='bbox 3251 1132 3336 1186; x_wconf 89' lang='lat' dir='ltr'>ita</span> <span class='ocrx_word' id='word_1_316' title='bbox 3353 1129 3654 1187; x_wconf 84' lang='lat' dir='ltr'>immunda</span> <span class='ocrx_word' id='word_1_317' title='bbox 3670 1146 3788 1190; x_wconf 85' lang='lat' dir='ltr'>non</span> 
     </span>
    </p>
   </div>
   <div class='ocr_carea' id='block_1_37' title="bbox 2197 1220 3784 1294">
    <p class='ocr_par' dir='ltr' id='par_1_37' title="bbox 2197 1220 3784 1294">
     <span class='ocr_line' id='line_1_38' title="bbox 2197 1220 3784 1294; baseline 0 -19"><span class='ocrx_word' id='word_1_318' title='bbox 2197 1222 2403 1291; x_wconf 88' lang='lat' dir='ltr'>futura</span> <span class='ocrx_word' id='word_1_319' title='bbox 2423 1237 2545 1294; x_wconf 69' lang='lat' dir='ltr'>quae</span> <span class='ocrx_word' id='word_1_320' title='bbox 2565 1220 2978 1279; x_wconf 83' lang='lat' dir='ltr'>domusessent.</span> <span class='ocrx_word' id='word_1_321' title='bbox 2995 1222 3202 1278; x_wconf 87' lang='lat' dir='ltr'>Dehinc</span> <span class='ocrx_word' id='word_1_322' title='bbox 3217 1223 3594 1292; x_wconf 85' lang='lat' dir='ltr'>introgressus</span> <span class='ocrx_word' id='word_1_323' title='bbox 3604 1235 3784 1276; x_wconf 86' lang='lat' dir='ltr'>sacer-</span> 
     </span>
    </p>
   </div>
   <div class='ocr_carea' id='block_1_38' title="bbox 2200 1308 3783 1380">
    <p class='ocr_par' dir='ltr' id='par_1_38' title="bbox 2200 1308 3783 1380">
     <span class='ocr_line' id='line_1_39' title="bbox 2200 1308 3783 1380; baseline 0 -16"><span class='ocrx_word' id='word_1_324' title='bbox 2200 1309 2316 1380; x_wconf 89' lang='lat' dir='ltr'>dos,</span> <span class='ocrx_word' id='word_1_325' title='bbox 2345 1310 2397 1365; x_wconf 90' lang='lat' dir='ltr'>si</span> <span class='ocrx_word' id='word_1_326' title='bbox 2424 1311 2732 1367; x_wconf 85' lang='lat' dir='ltr'>invenisset</span> <span class='ocrx_word' id='word_1_327' title='bbox 2759 1313 3091 1368; x_wconf 87' lang='lat' dir='ltr'>cavositates</span> <span class='ocrx_word' id='word_1_328' title='bbox 3117 1309 3486 1367; x_wconf 82' lang='lat' dir='ltr'>viridicantes</span> <span class='ocrx_word' id='word_1_329' title='bbox 3510 1311 3599 1366; x_wconf 86' lang='lat' dir='ltr'>vel</span> <span class='ocrx_word' id='word_1_330' title='bbox 3626 1308 3783 1364; x_wconf 86' lang='lat' dir='ltr'>rube-</span> 
     </span>
    </p>
   </div>
   <div class='ocr_carea' id='block_1_39' title="bbox 2200 1400 3782 1472">
    <p class='ocr_par' dir='ltr' id='par_1_39' title="bbox 2200 1400 3782 1472">
     <span class='ocr_line' id='line_1_40' title="bbox 2200 1400 3782 1472; baseline -0.001 -18"><span class='ocrx_word' id='word_1_331' title='bbox 2200 1405 2427 1468; x_wconf 85' lang='lat' dir='ltr'>scentes,</span> <span class='ocrx_word' id='word_1_332' title='bbox 2452 1403 2509 1455; x_wconf 89' lang='lat' dir='ltr'>et</span> <span class='ocrx_word' id='word_1_333' title='bbox 2527 1400 2855 1472; x_wconf 85' lang='lat' dir='ltr'>adspeetum</span> <span class='ocrx_word' id='word_1_334' title='bbox 2883 1414 3086 1456; x_wconf 89' lang='lat' dir='ltr'>earum</span> <span class='ocrx_word' id='word_1_335' title='bbox 3115 1400 3480 1458; x_wconf 82' lang='lat' dir='ltr'>humiliorem</span> <span class='ocrx_word' id='word_1_336' title='bbox 3507 1400 3654 1454; x_wconf 88' lang='lat' dir='ltr'>citra</span> <span class='ocrx_word' id='word_1_337' title='bbox 3677 1413 3782 1470; x_wconf 88' lang='lat' dir='ltr'>pa-</span> 
     </span>
    </p>
   </div>
   <div class='ocr_carea' id='block_1_40' title="bbox 2203 1489 3785 1560">
    <p class='ocr_par' dir='ltr' id='par_1_40' title="bbox 2203 1489 3785 1560">
     <span class='ocr_line' id='line_1_41' title="bbox 2203 1489 3785 1560; baseline -0.001 -16"><span class='ocrx_word' id='word_1_338' title='bbox 2203 1489 2476 1545; x_wconf 88' lang='lat' dir='ltr'>rietinam</span> <span class='ocrx_word' id='word_1_339' title='bbox 2502 1492 2778 1559; x_wconf 89' lang='lat' dir='ltr'>formam;</span> <span class='ocrx_word' id='word_1_340' title='bbox 2809 1489 2988 1545; x_wconf 73' lang='lat' dir='ltr'>exiret</span> <span class='ocrx_word' id='word_1_341' title='bbox 3014 1489 3087 1544; x_wconf 90' lang='lat' dir='ltr'>ad</span> <span class='ocrx_word' id='word_1_342' title='bbox 3104 1490 3354 1560; x_wconf 87' lang='lat' dir='ltr'>januam</span> <span class='ocrx_word' id='word_1_343' title='bbox 3387 1493 3445 1545; x_wconf 88' lang='lat' dir='ltr'>et</span> <span class='ocrx_word' id='word_1_344' title='bbox 3473 1493 3785 1546; x_wconf 80' lang='lat' dir='ltr'>secerneret</span> 
     </span>
    </p>
   </div>
   <div class='ocr_carea' id='block_1_41' title="bbox 2205 1575 3790 1650">
    <p class='ocr_par' dir='ltr' id='par_1_41' title="bbox 2205 1575 3790 1650">
     <span class='ocr_line' id='line_1_42' title="bbox 2205 1575 3790 1650; baseline -0.001 -16"><span class='ocrx_word' id='word_1_345' title='bbox 2205 1575 2430 1634; x_wconf 82' lang='lat' dir='ltr'>domum</span> <span class='ocrx_word' id='word_1_346' title='bbox 2467 1576 2631 1633; x_wconf 87' lang='lat' dir='ltr'>illam</span> <span class='ocrx_word' id='word_1_347' title='bbox 2668 1581 2880 1650; x_wconf 84' lang='lat' dir='ltr'>septem</span> <span class='ocrx_word' id='word_1_348' title='bbox 2917 1577 3126 1634; x_wconf 87' lang='lat' dir='ltr'>diebus.</span> <span class='ocrx_word' id='word_1_349' title='bbox 3169 1578 3397 1644; x_wconf 87' lang='lat' dir='ltr'>Dehine,</span> <span class='ocrx_word' id='word_1_350' title='bbox 3429 1579 3520 1636; x_wconf 89' lang='lat' dir='ltr'>die</span> <span class='ocrx_word' id='word_1_351' title='bbox 3548 1580 3790 1649; x_wconf 85' lang='lat' dir='ltr'>septima</span> 
     </span>
    </p>
   </div>
   <div class='ocr_carea' id='block_1_42' title="bbox 2205 1667 3790 1740">
    <p class='ocr_par' dir='ltr' id='par_1_42' title="bbox 2205 1667 3790 1740">
     <span class='ocr_line' id='line_1_43' title="bbox 2205 1667 3790 1740; baseline 0 -18"><span class='ocrx_word' id='word_1_352' title='bbox 2205 1681 2506 1738; x_wconf 85' lang='lat' dir='ltr'>regressus,</span> <span class='ocrx_word' id='word_1_353' title='bbox 2521 1668 2570 1722; x_wconf 88' lang='lat' dir='ltr'>si</span> <span class='ocrx_word' id='word_1_354' title='bbox 2588 1667 3084 1725; x_wconf 85' lang='lat' dir='ltr'>animadvertisset</span> <span class='ocrx_word' id='word_1_355' title='bbox 3101 1667 3384 1739; x_wconf 86' lang='lat' dir='ltr'>diffusum</span> <span class='ocrx_word' id='word_1_356' title='bbox 3402 1669 3465 1723; x_wconf 84' lang='lat' dir='ltr'>in</span> <span class='ocrx_word' id='word_1_357' title='bbox 3477 1667 3790 1740; x_wconf 83' lang='lat' dir='ltr'>parietibus</span> 
     </span>
    </p>
   </div>
   <div class='ocr_carea' id='block_1_43' title="bbox 2206 1755 3789 1830">
    <p class='ocr_par' dir='ltr' id='par_1_43' title="bbox 2206 1755 3789 1830">
     <span class='ocr_line' id='line_1_44' title="bbox 2206 1755 3789 1830; baseline 0.001 -22"><span class='ocrx_word' id='word_1_358' title='bbox 2206 1759 2421 1811; x_wconf 87' lang='lat' dir='ltr'>tactum</span> <span class='ocrx_word' id='word_1_359' title='bbox 2441 1757 2630 1822; x_wconf 90' lang='lat' dir='ltr'>illum,</span> <span class='ocrx_word' id='word_1_360' title='bbox 2652 1759 2964 1830; x_wconf 86' lang='lat' dir='ltr'>imperaret</span> <span class='ocrx_word' id='word_1_361' title='bbox 2982 1758 3212 1814; x_wconf 74' lang='lat' dir='ltr'>extrahi</span> <span class='ocrx_word' id='word_1_362' title='bbox 3229 1774 3318 1815; x_wconf 91' lang='lat' dir='ltr'>eos</span> <span class='ocrx_word' id='word_1_363' title='bbox 3338 1757 3549 1830; x_wconf 83' lang='lat' dir='ltr'>lapides</span> <span class='ocrx_word' id='word_1_364' title='bbox 3572 1760 3636 1813; x_wconf 85' lang='lat' dir='ltr'>in</span> <span class='ocrx_word' id='word_1_365' title='bbox 3657 1755 3789 1828; x_wconf 88' lang='lat' dir='ltr'>qui-</span> 
     </span>
    </p>
   </div>
   <div class='ocr_carea' id='block_1_44' title="bbox 2195 1843 3789 1918">
    <p class='ocr_par' dir='ltr' id='par_1_44' title="bbox 2195 1843 3789 1918">
     <span class='ocr_line' id='line_1_45' title="bbox 2195 1843 3789 1918; baseline 0.001 -20"><span class='ocrx_word' id='word_1_366' title='bbox 2195 1843 2296 1900; x_wconf 88' lang='lat' dir='ltr'>bus</span> <span class='ocrx_word' id='word_1_367' title='bbox 2321 1847 2476 1918; x_wconf 90' lang='lat' dir='ltr'>lepra</span> <span class='ocrx_word' id='word_1_368' title='bbox 2497 1846 2724 1916; x_wconf 81' lang='lat' dir='ltr'>fuisset,</span> <span class='ocrx_word' id='word_1_369' title='bbox 2748 1850 2805 1902; x_wconf 90' lang='lat' dir='ltr'>et</span> <span class='ocrx_word' id='word_1_370' title='bbox 2820 1846 2992 1918; x_wconf 86' lang='lat' dir='ltr'>abjici</span> <span class='ocrx_word' id='word_1_371' title='bbox 3021 1849 3190 1902; x_wconf 71' lang='lat' dir='ltr'>extra</span> <span class='ocrx_word' id='word_1_372' title='bbox 3211 1848 3499 1904; x_wconf 86' lang='lat' dir='ltr'>civitatem</span> <span class='ocrx_word' id='word_1_373' title='bbox 3519 1848 3582 1904; x_wconf 87' lang='lat' dir='ltr'>in</span> <span class='ocrx_word' id='word_1_374' title='bbox 3605 1849 3789 1904; x_wconf 87' lang='lat' dir='ltr'>locum</span> 
     </span>
    </p>
   </div>
   <div class='ocr_carea' id='block_1_45' title="bbox 2200 1935 3782 2008">
    <p class='ocr_par' dir='ltr' id='par_1_45' title="bbox 2200 1935 3782 2008">
     <span class='ocr_line' id='line_1_46' title="bbox 2200 1935 3782 2008; baseline 0.003 -20"><span class='ocrx_word' id='word_1_375' title='bbox 2200 1935 2586 2002; x_wconf 88' lang='lat' dir='ltr'>immundum,</span> <span class='ocrx_word' id='word_1_376' title='bbox 2607 1940 2663 1991; x_wconf 90' lang='lat' dir='ltr'>et</span> <span class='ocrx_word' id='word_1_377' title='bbox 2682 1936 2835 1991; x_wconf 87' lang='lat' dir='ltr'>sumi</span> <span class='ocrx_word' id='word_1_378' title='bbox 2859 1936 3002 1992; x_wconf 91' lang='lat' dir='ltr'>alios</span> <span class='ocrx_word' id='word_1_379' title='bbox 3024 1935 3236 2008; x_wconf 87' lang='lat' dir='ltr'>lapides</span> <span class='ocrx_word' id='word_1_380' title='bbox 3256 1937 3460 2008; x_wconf 89' lang='lat' dir='ltr'>politos</span> <span class='ocrx_word' id='word_1_381' title='bbox 3487 1939 3543 1992; x_wconf 89' lang='lat' dir='ltr'>et</span> <span class='ocrx_word' id='word_1_382' title='bbox 3563 1937 3782 2000; x_wconf 86' lang='lat' dir='ltr'>solidos,</span> 
     </span>
    </p>
   </div>
   <div class='ocr_carea' id='block_1_46' title="bbox 2203 2024 3790 2096">
    <p class='ocr_par' dir='ltr' id='par_1_46' title="bbox 2203 2024 3790 2096">
     <span class='ocr_line' id='line_1_47' title="bbox 2203 2024 3790 2096; baseline 0 -17"><span class='ocrx_word' id='word_1_383' title='bbox 2203 2027 2261 2080; x_wconf 91' lang='lat' dir='ltr'>et</span> <span class='ocrx_word' id='word_1_384' title='bbox 2299 2025 2495 2096; x_wconf 88' lang='lat' dir='ltr'>reponi</span> <span class='ocrx_word' id='word_1_385' title='bbox 2529 2025 2643 2081; x_wconf 88' lang='lat' dir='ltr'>loco</span> <span class='ocrx_word' id='word_1_386' title='bbox 2680 2024 3079 2096; x_wconf 87' lang='lat' dir='ltr'>pristinorum,</span> <span class='ocrx_word' id='word_1_387' title='bbox 3111 2027 3168 2082; x_wconf 89' lang='lat' dir='ltr'>et</span> <span class='ocrx_word' id='word_1_388' title='bbox 3198 2027 3430 2096; x_wconf 87' lang='lat' dir='ltr'>pulvere</span> <span class='ocrx_word' id='word_1_389' title='bbox 3465 2025 3580 2082; x_wconf 87' lang='lat' dir='ltr'>alio</span> <span class='ocrx_word' id='word_1_390' title='bbox 3615 2025 3790 2082; x_wconf 76' lang='lat' dir='ltr'>inlini</span> 
     </span>
    </p>
   </div>
   <div class='ocr_carea' id='block_1_47' title="bbox 2203 2112 3789 2184">
    <p class='ocr_par' dir='ltr' id='par_1_47' title="bbox 2203 2112 3789 2184">
     <span class='ocr_line' id='line_1_48' title="bbox 2203 2112 3789 2184; baseline -0.002 -14"><span class='ocrx_word' id='word_1_391' title='bbox 2203 2114 2430 2172; x_wconf 86' lang='lat' dir='ltr'>domum</span> <span class='ocrx_word' id='word_1_392' title='bbox 2458 2115 2649 2184; x_wconf 79' lang='lat' dir='ltr'>(Leuit.</span> <span class='ocrx_word' id='word_1_393' title='bbox 2681 2127 2803 2183; x_wconf 69' lang='lat' dir='ltr'>xxv,</span> <span class='ocrx_word' id='word_1_394' title='bbox 2834 2112 3053 2182; x_wconf 72' lang='grc'>34-42).</span> <span class='ocrx_word' id='word_1_395' title='bbox 3083 2112 3311 2183; x_wconf 84' lang='lat' dir='ltr'>Oportet</span> <span class='ocrx_word' id='word_1_396' title='bbox 3340 2113 3486 2168; x_wconf 87' lang='lat' dir='ltr'>enim</span> <span class='ocrx_word' id='word_1_397' title='bbox 3515 2129 3638 2170; x_wconf 89' lang='lat' dir='ltr'>cum</span> <span class='ocrx_word' id='word_1_398' title='bbox 3669 2129 3789 2184; x_wconf 88' lang='lat' dir='ltr'>per-</span> 
     </span>
    </p>
   </div>
   <div class='ocr_carea' id='block_1_48' title="bbox 2203 2202 3789 2267">
    <p class='ocr_par' dir='ltr' id='par_1_48' title="bbox 2203 2202 3789 2267">
     <span class='ocr_line' id='line_1_49' title="bbox 2203 2202 3789 2267; baseline -0.001 -9"><span class='ocrx_word' id='word_1_399' title='bbox 2203 2203 2422 2258; x_wconf 89' lang='lat' dir='ltr'>venitur</span> <span class='ocrx_word' id='word_1_400' title='bbox 2459 2205 2526 2258; x_wconf 90' lang='lat' dir='ltr'>ad</span> <span class='ocrx_word' id='word_1_401' title='bbox 2565 2217 2832 2258; x_wconf 87' lang='lat' dir='ltr'>summum</span> <span class='ocrx_word' id='word_1_402' title='bbox 2889 2202 3227 2258; x_wconf 87' lang='lat' dir='ltr'>sacerdotem</span> <span class='ocrx_word' id='word_1_403' title='bbox 3285 2203 3458 2257; x_wconf 88' lang='lat' dir='ltr'>Patris</span> <span class='ocrx_word' id='word_1_404' title='bbox 3498 2202 3789 2267; x_wconf 82' lang='lat' dir='ltr'>Christum,</span> 
     </span>
    </p>
   </div>
   <div class='ocr_carea' id='block_1_49' title="bbox 2206 2290 3796 2362">
    <p class='ocr_par' dir='ltr' id='par_1_49' title="bbox 2206 2290 3796 2362">
     <span class='ocr_line' id='line_1_50' title="bbox 2206 2290 3796 2362; baseline -0.001 -15"><span class='ocrx_word' id='word_1_405' title='bbox 2206 2291 2272 2347; x_wconf 93' lang='lat' dir='ltr'>de</span> <span class='ocrx_word' id='word_1_406' title='bbox 2318 2293 2479 2347; x_wconf 92' lang='lat' dir='ltr'>domo</span> <span class='ocrx_word' id='word_1_407' title='bbox 2534 2291 2768 2347; x_wconf 87' lang='lat' dir='ltr'>hominis</span> <span class='ocrx_word' id='word_1_408' title='bbox 2821 2290 2992 2346; x_wconf 91' lang='lat' dir='ltr'>nostri</span> <span class='ocrx_word' id='word_1_409' title='bbox 3042 2290 3098 2344; x_wconf 92' lang='lat' dir='ltr'>in</span> <span class='ocrx_word' id='word_1_410' title='bbox 3145 2299 3388 2362; x_wconf 87' lang='lat' dir='ltr'>tempore</span> <span class='ocrx_word' id='word_1_411' title='bbox 3441 2291 3796 2348; x_wconf 85' lang='lat' dir='ltr'>hebdomadis</span> 
     </span>
    </p>
   </div>
   <div class='ocr_carea' id='block_1_50' title="bbox 2205 2378 3794 2453">
    <p class='ocr_par' dir='ltr' id='par_1_50' title="bbox 2205 2378 3794 2453">
     <span class='ocr_line' id='line_1_51' title="bbox 2205 2378 3794 2453; baseline -0.001 -18"><span class='ocrx_word' id='word_1_412' title='bbox 2205 2379 2404 2435; x_wconf 86' lang='lat' dir='ltr'>auferri</span> <span class='ocrx_word' id='word_1_413' title='bbox 2432 2380 2609 2436; x_wconf 88' lang='lat' dir='ltr'>omnia</span> <span class='ocrx_word' id='word_1_414' title='bbox 2648 2378 3024 2450; x_wconf 85' lang='lat' dir='ltr'>impedimenta</span> <span class='ocrx_word' id='word_1_415' title='bbox 3062 2379 3234 2451; x_wconf 84' lang='lat' dir='ltr'>prius,</span> <span class='ocrx_word' id='word_1_416' title='bbox 3261 2387 3322 2435; x_wconf 90' lang='lat' dir='ltr'>ut</span> <span class='ocrx_word' id='word_1_417' title='bbox 3352 2380 3550 2435; x_wconf 90' lang='lat' dir='ltr'>munda</span> <span class='ocrx_word' id='word_1_418' title='bbox 3579 2382 3646 2436; x_wconf 87' lang='lat' dir='ltr'>sit</span> <span class='ocrx_word' id='word_1_419' title='bbox 3675 2396 3794 2453; x_wconf 73' lang='lat' dir='ltr'>quae</span> 
     </span>
    </p>
   </div>
   <div class='ocr_carea' id='block_1_51' title="bbox 2207 2467 3797 2533">
    <p class='ocr_par' dir='ltr' id='par_1_51' title="bbox 2207 2467 3797 2533">
     <span class='ocr_line' id='line_1_52' title="bbox 2207 2467 3797 2533; baseline 0.001 -9"><span class='ocrx_word' id='word_1_420' title='bbox 2207 2476 2451 2525; x_wconf 88' lang='lat' dir='ltr'>remanet</span> <span class='ocrx_word' id='word_1_421' title='bbox 2478 2469 2693 2533; x_wconf 91' lang='lat' dir='ltr'>domus,</span> <span class='ocrx_word' id='word_1_422' title='bbox 2715 2483 2838 2525; x_wconf 88' lang='lat' dir='ltr'>caro</span> <span class='ocrx_word' id='word_1_423' title='bbox 2867 2475 2921 2523; x_wconf 88' lang='lat' dir='ltr'>et</span> <span class='ocrx_word' id='word_1_424' title='bbox 2947 2467 3152 2533; x_wconf 87' lang='lat' dir='ltr'>anima;</span> <span class='ocrx_word' id='word_1_425' title='bbox 3184 2477 3238 2524; x_wconf 87' lang='lat' dir='ltr'>et</span> <span class='ocrx_word' id='word_1_426' title='bbox 3267 2469 3362 2524; x_wconf 89' lang='lat' dir='ltr'>ubi</span> <span class='ocrx_word' id='word_1_427' title='bbox 3389 2469 3653 2525; x_wconf 87' lang='lat' dir='ltr'>introierit</span> <span class='ocrx_word' id='word_1_428' title='bbox 3679 2485 3797 2525; x_wconf 89' lang='lat' dir='ltr'>eam</span> 
     </span>
    </p>
   </div>
   <div class='ocr_carea' id='block_1_52' title="bbox 2209 2556 3797 2628">
    <p class='ocr_par' dir='ltr' id='par_1_52' title="bbox 2209 2556 3797 2628">
     <span class='ocr_line' id='line_1_53' title="bbox 2209 2556 3797 2628; baseline 0 -16"><span class='ocrx_word' id='word_1_429' title='bbox 2209 2573 2386 2615; x_wconf 90' lang='lat' dir='ltr'>sermo</span> <span class='ocrx_word' id='word_1_430' title='bbox 2426 2557 2545 2624; x_wconf 85' lang='lat' dir='ltr'>Dei,</span> <span class='ocrx_word' id='word_1_431' title='bbox 2577 2565 2630 2613; x_wconf 93' lang='lat' dir='ltr'>et</span> <span class='ocrx_word' id='word_1_432' title='bbox 2671 2557 2927 2615; x_wconf 86' lang='lat' dir='ltr'>invenerit</span> <span class='ocrx_word' id='word_1_433' title='bbox 2976 2556 3210 2613; x_wconf 86' lang='lat' dir='ltr'>maculas</span> <span class='ocrx_word' id='word_1_434' title='bbox 3251 2557 3463 2613; x_wconf 89' lang='lat' dir='ltr'>ruboris</span> <span class='ocrx_word' id='word_1_435' title='bbox 3492 2565 3546 2612; x_wconf 92' lang='lat' dir='ltr'>et</span> <span class='ocrx_word' id='word_1_436' title='bbox 3575 2558 3797 2628; x_wconf 76' lang='lat' dir='ltr'>viroris,</span> 
     </span>
    </p>
   </div>
   <div class='ocr_carea' id='block_1_53' title="bbox 2208 2644 3794 2716">
    <p class='ocr_par' dir='ltr' id='par_1_53' title="bbox 2208 2644 3794 2716">
     <span class='ocr_line' id='line_1_54' title="bbox 2208 2644 3794 2716; baseline -0.001 -12"><span class='ocrx_word' id='word_1_437' title='bbox 2208 2646 2414 2704; x_wconf 81' lang='lat' dir='ltr'>extrahi</span> <span class='ocrx_word' id='word_1_438' title='bbox 2456 2647 2654 2716; x_wconf 80' lang='lat' dir='ltr'>statim,</span> <span class='ocrx_word' id='word_1_439' title='bbox 2686 2655 2738 2701; x_wconf 90' lang='lat' dir='ltr'>et</span> <span class='ocrx_word' id='word_1_440' title='bbox 2778 2645 2938 2716; x_wconf 88' lang='lat' dir='ltr'>abjici</span> <span class='ocrx_word' id='word_1_441' title='bbox 2985 2644 3131 2702; x_wconf 84' lang='lat' dir='ltr'>foras</span> <span class='ocrx_word' id='word_1_442' title='bbox 3165 2661 3350 2701; x_wconf 88' lang='lat' dir='ltr'>sensus</span> <span class='ocrx_word' id='word_1_443' title='bbox 3389 2645 3698 2701; x_wconf 80' lang='lat' dir='ltr'>mortiferas</span> <span class='ocrx_word' id='word_1_444' title='bbox 3739 2653 3794 2702; x_wconf 90' lang='lat' dir='ltr'>et</span> 
     </span>
    </p>
   </div>
   <div class='ocr_carea' id='block_1_54' title="bbox 2210 2732 3788 2806">
    <p class='ocr_par' dir='ltr' id='par_1_54' title="bbox 2210 2732 3788 2806">
     <span class='ocr_line' id='line_1_55' title="bbox 2210 2732 3788 2806; baseline -0.003 -14"><span class='ocrx_word' id='word_1_445' title='bbox 2210 2746 2493 2803; x_wconf 88' lang='lat' dir='ltr'>cruentos;</span> <span class='ocrx_word' id='word_1_446' title='bbox 2526 2751 2650 2789; x_wconf 90' lang='lat' dir='ltr'>nam</span> <span class='ocrx_word' id='word_1_447' title='bbox 2678 2743 2731 2790; x_wconf 90' lang='lat' dir='ltr'>et</span> <span class='ocrx_word' id='word_1_448' title='bbox 2765 2734 3117 2806; x_wconf 77' lang='lat' dir='ltr'>Apocalypsis</span> <span class='ocrx_word' id='word_1_449' title='bbox 3151 2732 3307 2790; x_wconf 81' lang='lat' dir='ltr'>viridi</span> <span class='ocrx_word' id='word_1_450' title='bbox 3351 2747 3491 2805; x_wconf 90' lang='lat' dir='ltr'>equo</span> <span class='ocrx_word' id='word_1_451' title='bbox 3531 2740 3788 2804; x_wconf 76' lang='lat' dir='ltr'>mortem,</span> 
     </span>
    </p>
   </div>
   <div class='ocr_carea' id='block_1_55' title="bbox 2210 2821 3792 2894">
    <p class='ocr_par' dir='ltr' id='par_1_55' title="bbox 2210 2821 3792 2894">
     <span class='ocr_line' id='line_1_56' title="bbox 2210 2821 3792 2894; baseline -0.003 -12"><span class='ocrx_word' id='word_1_452' title='bbox 2210 2841 2400 2883; x_wconf 88' lang='lat' dir='ltr'>russeo</span> <span class='ocrx_word' id='word_1_453' title='bbox 2449 2832 2626 2879; x_wconf 88' lang='lat' dir='ltr'>autem</span> <span class='ocrx_word' id='word_1_454' title='bbox 2674 2822 3035 2894; x_wconf 78' lang='lat' dir='ltr'>praeliatorem</span> <span class='ocrx_word' id='word_1_455' title='bbox 3083 2821 3335 2893; x_wconf 87' lang='lat' dir='ltr'>imposuit</span> <span class='ocrx_word' id='word_1_456' title='bbox 3381 2823 3571 2894; x_wconf 82' lang='lat' dir='ltr'>(Apoc.</span> <span class='ocrx_word' id='word_1_457' title='bbox 3612 2837 3695 2890; x_wconf 80' lang='lat' dir='ltr'>vr,</span> <span class='ocrx_word' id='word_1_458' title='bbox 3732 2824 3792 2886; x_wconf 69' lang='grc'>6,</span> 
     </span>
    </p>
   </div>
   <div class='ocr_carea' id='block_1_56' title="bbox 2212 2910 3799 2986">
    <p class='ocr_par' dir='ltr' id='par_1_56' title="bbox 2212 2910 3799 2986">
     <span class='ocr_line' id='line_1_57' title="bbox 2212 2910 3799 2986; baseline -0.003 -16"><span class='ocrx_word' id='word_1_459' title='bbox 2212 2915 2297 2986; x_wconf 84' lang='grc'>8);</span> <span class='ocrx_word' id='word_1_460' title='bbox 2330 2928 2534 2984; x_wconf 87' lang='lat' dir='ltr'>proque</span> <span class='ocrx_word' id='word_1_461' title='bbox 2579 2911 2686 2967; x_wconf 86' lang='lat' dir='ltr'>illis</span> <span class='ocrx_word' id='word_1_462' title='bbox 2729 2912 2930 2983; x_wconf 90' lang='lat' dir='ltr'>politos</span> <span class='ocrx_word' id='word_1_463' title='bbox 2959 2911 3094 2966; x_wconf 90' lang='lat' dir='ltr'>etin</span> <span class='ocrx_word' id='word_1_464' title='bbox 3133 2910 3502 2984; x_wconf 78' lang='lat' dir='ltr'>compaginem</span> <span class='ocrx_word' id='word_1_465' title='bbox 3547 2919 3703 2980; x_wconf 87' lang='lat' dir='ltr'>aptos</span> <span class='ocrx_word' id='word_1_466' title='bbox 3743 2919 3799 2965; x_wconf 90' lang='lat' dir='ltr'>et</span> 
     </span>
    </p>
   </div>
   <div class='ocr_carea' id='block_1_57' title="bbox 2211 2997 3791 3072">
    <p class='ocr_par' dir='ltr' id='par_1_57' title="bbox 2211 2997 3791 3072">
     <span class='ocr_line' id='line_1_58' title="bbox 2211 2997 3791 3072; baseline -0.003 -14"><span class='ocrx_word' id='word_1_467' title='bbox 2211 3002 2397 3058; x_wconf 88' lang='lat' dir='ltr'>ﬁrmos</span> <span class='ocrx_word' id='word_1_468' title='bbox 2425 3000 2686 3057; x_wconf 89' lang='lat' dir='ltr'>substruit</span> <span class='ocrx_word' id='word_1_469' title='bbox 2717 2999 2944 3071; x_wconf 87' lang='lat' dir='ltr'>lapides,</span> <span class='ocrx_word' id='word_1_470' title='bbox 2966 3000 3158 3072; x_wconf 90' lang='lat' dir='ltr'>quales</span> <span class='ocrx_word' id='word_1_471' title='bbox 3179 2999 3235 3054; x_wconf 93' lang='lat' dir='ltr'>in</span> <span class='ocrx_word' id='word_1_472' title='bbox 3258 2998 3490 3055; x_wconf 68' lang='lat' dir='ltr'>Abrahae</span> <span class='ocrx_word' id='word_1_473' title='bbox 3511 2997 3647 3055; x_wconf 75' lang='lat' dir='ltr'>fiunt</span> <span class='ocrx_word' id='word_1_474' title='bbox 3666 2998 3791 3070; x_wconf 84' lang='grc'><strong>(11),</strong></span> 
     </span>
    </p>
   </div>
   <div class='ocr_carea' id='block_1_58' title="bbox 504 3087 3795 3184">
    <p class='ocr_par' dir='ltr' id='par_1_58' title="bbox 504 3087 3795 3184">
     <span class='ocr_line' id='line_1_59' title="bbox 504 3087 3795 3184; baseline 0.001 -40"><span class='ocrx_word' id='word_1_475' title='bbox 504 3089 658 3145; x_wconf 87' lang='lat' dir='ltr'>modi</span> <span class='ocrx_word' id='word_1_476' title='bbox 675 3092 827 3147; x_wconf 88' lang='lat' dir='ltr'>color</span> <span class='ocrx_word' id='word_1_477' title='bbox 845 3092 1023 3153; x_wconf 89' lang='lat' dir='ltr'>vivus.</span> <span class='ocrx_word' id='word_1_478' title='bbox 1048 3092 1387 3164; x_wconf 87' lang='lat' dir='ltr'>inquinatus</span> <span class='ocrx_word' id='word_1_479' title='bbox 1410 3098 1494 3148; x_wconf 88' lang='lat' dir='ltr'>est</span> <span class='ocrx_word' id='word_1_480' title='bbox 1513 3094 1708 3163; x_wconf 80' lang='lat' dir='ltr'>(Leuit.</span> <span class='ocrx_word' id='word_1_481' title='bbox 1731 3109 1852 3159; x_wconf 83' lang='lat' dir='ltr'>xm,</span> <span class='ocrx_word' id='word_1_482' title='bbox 1876 3095 2094 3167; x_wconf 82' lang='grc'><strong>12,13).</strong></span> <span class='ocrx_word' id='word_1_483' title='bbox 2129 3105 2173 3184; x_wconf 73' lang='lat' dir='ltr'><strong>c</strong></span> <span class='ocrx_word' id='word_1_484' title='bbox 2201 3101 2260 3149; x_wconf 91' lang='lat' dir='ltr'>ut</span> <span class='ocrx_word' id='word_1_485' title='bbox 2280 3092 2352 3148; x_wconf 89' lang='lat' dir='ltr'>ita</span> <span class='ocrx_word' id='word_1_486' title='bbox 2371 3093 2532 3147; x_wconf 87' lang='lat' dir='ltr'>homo</span> <span class='ocrx_word' id='word_1_487' title='bbox 2552 3089 2751 3145; x_wconf 89' lang='lat' dir='ltr'>habilis</span> <span class='ocrx_word' id='word_1_488' title='bbox 2779 3091 2894 3145; x_wconf 87' lang='lat' dir='ltr'>Deo</span> <span class='ocrx_word' id='word_1_489' title='bbox 2915 3087 3002 3144; x_wconf 89' lang='lat' dir='ltr'>sit.</span> <span class='ocrx_word' id='word_1_490' title='bbox 3031 3089 3184 3159; x_wconf 82' lang='lat' dir='ltr'>Quod</span> <span class='ocrx_word' id='word_1_491' title='bbox 3202 3091 3253 3146; x_wconf 87' lang='lat' dir='ltr'>si</span> <span class='ocrx_word' id='word_1_492' title='bbox 3248 3093 3396 3184; x_wconf 56' lang='lat' dir='ltr'>post</span> <span class='ocrx_word' id='word_1_493' title='bbox 3414 3092 3795 3161; x_wconf 85' lang='lat' dir='ltr'>recuperatio-</span> 
     </span>
    </p>
   </div>
   <div class='ocr_carea' id='block_1_59' title="bbox 505 3177 2100 3254">
    <p class='ocr_par' dir='ltr' id='par_1_59' title="bbox 505 3177 2100 3254">
     <span class='ocr_line' id='line_1_60' title="bbox 505 3177 2100 3254; baseline 0.004 -22"><span class='ocrx_word' id='word_1_494' title='bbox 505 3177 836 3235; x_wconf 89' lang='lat' dir='ltr'>Conversum</span> <span class='ocrx_word' id='word_1_495' title='bbox 864 3181 1007 3235; x_wconf 91' lang='lat' dir='ltr'>enim</span> <span class='ocrx_word' id='word_1_496' title='bbox 1035 3179 1314 3236; x_wconf 89' lang='lat' dir='ltr'>hominem</span> <span class='ocrx_word' id='word_1_497' title='bbox 1349 3179 1574 3238; x_wconf 67' lang='lat' dir='ltr'>I022</span> <span class='ocrx_word' id='word_1_498' title='bbox 1605 3183 1672 3238; x_wconf 91' lang='lat' dir='ltr'>de</span> <span class='ocrx_word' id='word_1_499' title='bbox 1700 3183 1950 3254; x_wconf 90' lang='lat' dir='ltr'>pristimo</span> <span class='ocrx_word' id='word_1_500' title='bbox 1979 3199 2100 3239; x_wconf 87' lang='lat' dir='ltr'>car-</span> 
     </span>
    </p>
   </div>
   <div class='ocr_carea' id='block_1_60' title="bbox 506 3267 2100 3342">
    <p class='ocr_par' dir='ltr' id='par_1_60' title="bbox 506 3267 2100 3342">
     <span class='ocr_line' id='line_1_61' title="bbox 506 3267 2100 3342; baseline 0.003 -20"><span class='ocrx_word' id='word_1_501' title='bbox 506 3267 594 3322; x_wconf 90' lang='lat' dir='ltr'>nis</span> <span class='ocrx_word' id='word_1_502' title='bbox 619 3268 806 3325; x_wconf 88' lang='lat' dir='ltr'>habitu</span> <span class='ocrx_word' id='word_1_503' title='bbox 837 3269 893 3324; x_wconf 90' lang='lat' dir='ltr'>in</span> <span class='ocrx_word' id='word_1_504' title='bbox 921 3269 1214 3326; x_wconf 87' lang='lat' dir='ltr'>candorem</span> <span class='ocrx_word' id='word_1_505' title='bbox 1243 3269 1388 3336; x_wconf 80' lang='lat' dir='ltr'>fidei,</span> <span class='ocrx_word' id='word_1_506' title='bbox 1419 3287 1542 3342; x_wconf 72' lang='lat' dir='ltr'>quae</span> <span class='ocrx_word' id='word_1_507' title='bbox 1571 3271 1762 3329; x_wconf 88' lang='lat' dir='ltr'>vitium</span> <span class='ocrx_word' id='word_1_508' title='bbox 1801 3279 1856 3326; x_wconf 90' lang='lat' dir='ltr'>et</span> <span class='ocrx_word' id='word_1_509' title='bbox 1889 3272 2100 3329; x_wconf 87' lang='lat' dir='ltr'>macula</span> 
     </span>
    </p>
   </div>
   <div class='ocr_carea' id='block_1_61' title="bbox 508 3359 2102 3426">
    <p class='ocr_par' dir='ltr' id='par_1_61' title="bbox 508 3359 2102 3426">
     <span class='ocr_line' id='line_1_62' title="bbox 508 3359 2102 3426; baseline 0.001 -12"><span class='ocrx_word' id='word_1_510' title='bbox 508 3359 805 3416; x_wconf 81' lang='lat' dir='ltr'>aestimatur</span> <span class='ocrx_word' id='word_1_511' title='bbox 851 3360 906 3415; x_wconf 92' lang='lat' dir='ltr'>in</span> <span class='ocrx_word' id='word_1_512' title='bbox 954 3359 1169 3426; x_wconf 70' lang='lat' dir='ltr'>saeculo,</span> <span class='ocrx_word' id='word_1_513' title='bbox 1217 3366 1270 3415; x_wconf 92' lang='lat' dir='ltr'>et</span> <span class='ocrx_word' id='word_1_514' title='bbox 1315 3366 1487 3414; x_wconf 89' lang='lat' dir='ltr'>totum</span> <span class='ocrx_word' id='word_1_515' title='bbox 1535 3367 1790 3416; x_wconf 86' lang='lat' dir='ltr'>novatum</span> <span class='ocrx_word' id='word_1_516' title='bbox 1837 3361 2102 3417; x_wconf 89' lang='lat' dir='ltr'>mundum</span> 
     </span>
    </p>
   </div>
   <div class='ocr_carea' id='block_1_62' title="bbox 508 3447 2100 3522">
    <p class='ocr_par' dir='ltr' id='par_1_62' title="bbox 508 3447 2100 3522">
     <span class='ocr_line' id='line_1_63' title="bbox 508 3447 2100 3522; baseline 0.001 -17"><span class='ocrx_word' id='word_1_517' title='bbox 508 3447 679 3505; x_wconf 89' lang='lat' dir='ltr'>voluit</span> <span class='ocrx_word' id='word_1_518' title='bbox 729 3448 976 3522; x_wconf 84' lang='lat' dir='ltr'>intelligi,</span> <span class='ocrx_word' id='word_1_519' title='bbox 1021 3448 1112 3520; x_wconf 90' lang='lat' dir='ltr'>qui</span> <span class='ocrx_word' id='word_1_520' title='bbox 1168 3449 1282 3517; x_wconf 90' lang='lat' dir='ltr'>jam</span> <span class='ocrx_word' id='word_1_521' title='bbox 1341 3463 1456 3505; x_wconf 91' lang='lat' dir='ltr'>non</span> <span class='ocrx_word' id='word_1_522' title='bbox 1493 3448 1562 3504; x_wconf 87' lang='lat' dir='ltr'>sit</span> <span class='ocrx_word' id='word_1_523' title='bbox 1612 3449 1814 3521; x_wconf 88' lang='lat' dir='ltr'>varius,</span> <span class='ocrx_word' id='word_1_524' title='bbox 1861 3464 1972 3504; x_wconf 89' lang='lat' dir='ltr'>non</span> <span class='ocrx_word' id='word_1_525' title='bbox 2029 3450 2100 3506; x_wconf 84' lang='lat' dir='ltr'>sit</span> 
     </span>
    </p>
   </div>
   <div class='ocr_carea' id='block_1_63' title="bbox 509 3537 2095 3610">
    <p class='ocr_par' dir='ltr' id='par_1_63' title="bbox 509 3537 2095 3610">
     <span class='ocr_line' id='line_1_64' title="bbox 509 3537 2095 3610; baseline 0.001 -18"><span class='ocrx_word' id='word_1_526' title='bbox 509 3537 579 3592; x_wconf 93' lang='lat' dir='ltr'>de</span> <span class='ocrx_word' id='word_1_527' title='bbox 609 3537 840 3610; x_wconf 87' lang='lat' dir='ltr'>pristino</span> <span class='ocrx_word' id='word_1_528' title='bbox 870 3546 923 3596; x_wconf 92' lang='lat' dir='ltr'>et</span> <span class='ocrx_word' id='word_1_529' title='bbox 966 3553 1108 3595; x_wconf 88' lang='lat' dir='ltr'>novo</span> <span class='ocrx_word' id='word_1_530' title='bbox 1137 3553 1414 3610; x_wconf 89' lang='lat' dir='ltr'>aspersus.</span> <span class='ocrx_word' id='word_1_531' title='bbox 1443 3537 1500 3594; x_wconf 93' lang='lat' dir='ltr'>Si</span> <span class='ocrx_word' id='word_1_532' title='bbox 1527 3553 1653 3594; x_wconf 89' lang='lat' dir='ltr'>vero</span> <span class='ocrx_word' id='word_1_533' title='bbox 1682 3545 1808 3609; x_wconf 89' lang='lat' dir='ltr'>post</span> <span class='ocrx_word' id='word_1_534' title='bbox 1843 3537 2095 3594; x_wconf 88' lang='lat' dir='ltr'>abolitio-</span> 
     </span>
    </p>
   </div>
   <div class='ocr_carea' id='block_1_64' title="bbox 509 3625 2092 3697">
    <p class='ocr_par' dir='ltr' id='par_1_64' title="bbox 509 3625 2092 3697">
     <span class='ocr_line' id='line_1_65' title="bbox 509 3625 2092 3697; baseline 0.001 -17"><span class='ocrx_word' id='word_1_535' title='bbox 509 3640 636 3682; x_wconf 90' lang='lat' dir='ltr'>nem</span> <span class='ocrx_word' id='word_1_536' title='bbox 663 3625 718 3680; x_wconf 93' lang='lat' dir='ltr'>in</span> <span class='ocrx_word' id='word_1_537' title='bbox 753 3633 1076 3684; x_wconf 87' lang='lat' dir='ltr'>vetustatem</span> <span class='ocrx_word' id='word_1_538' title='bbox 1115 3625 1319 3697; x_wconf 86' lang='lat' dir='ltr'>aliquid</span> <span class='ocrx_word' id='word_1_539' title='bbox 1347 3641 1412 3680; x_wconf 82' lang='lat' dir='ltr'>ex</span> <span class='ocrx_word' id='word_1_540' title='bbox 1440 3625 1533 3681; x_wconf 85' lang='lat' dir='ltr'>illa</span> <span class='ocrx_word' id='word_1_541' title='bbox 1571 3625 1846 3689; x_wconf 84' lang='lat' dir='ltr'>revixerit.</span> <span class='ocrx_word' id='word_1_542' title='bbox 1877 3643 2092 3683; x_wconf 89' lang='lat' dir='ltr'>rursum</span> 
     </span>
    </p>
   </div>
   <div class='ocr_carea' id='block_1_65' title="bbox 2208 3174 3797 3252">
    <p class='ocr_par' dir='ltr' id='par_1_65' title="bbox 2208 3174 3797 3252">
     <span class='ocr_line' id='line_1_66' title="bbox 2208 3174 3797 3252; baseline -0.001 -15"><span class='ocrx_word' id='word_1_543' title='bbox 2208 3199 2338 3238; x_wconf 89' lang='lat' dir='ltr'>nem</span> <span class='ocrx_word' id='word_1_544' title='bbox 2359 3187 2415 3237; x_wconf 88' lang='lat' dir='ltr'>et</span> <span class='ocrx_word' id='word_1_545' title='bbox 2436 3181 2904 3252; x_wconf 79' lang='lat' dir='ltr'>reformationem</span> <span class='ocrx_word' id='word_1_546' title='bbox 2938 3181 2985 3248; x_wconf 86' lang='grc'>(1</span> <span class='ocrx_word' id='word_1_547' title='bbox 3001 3181 3052 3246; x_wconf 83' lang='grc'><strong>2)</strong></span> <span class='ocrx_word' id='word_1_548' title='bbox 3077 3174 3301 3235; x_wconf 69' lang='lat'>1023</span> <span class='ocrx_word' id='word_1_549' title='bbox 3320 3196 3517 3236; x_wconf 83' lang='lat' dir='ltr'>rursus</span> <span class='ocrx_word' id='word_1_550' title='bbox 3539 3178 3797 3235; x_wconf 87' lang='lat' dir='ltr'>sacerdos</span> 
     </span>
    </p>
   </div>
   <div class='ocr_carea' id='block_1_66' title="bbox 2208 3267 3798 3340">
    <p class='ocr_par' dir='ltr' id='par_1_66' title="bbox 2208 3267 3798 3340">
     <span class='ocr_line' id='line_1_67' title="bbox 2208 3267 3798 3340; baseline -0.003 -13"><span class='ocrx_word' id='word_1_551' title='bbox 2208 3270 2682 3327; x_wconf 86' lang='lat' dir='ltr'>animadverterit</span> <span class='ocrx_word' id='word_1_552' title='bbox 2701 3271 2766 3325; x_wconf 88' lang='lat' dir='ltr'>in</span> <span class='ocrx_word' id='word_1_553' title='bbox 2779 3285 2839 3326; x_wconf 85' lang='lat' dir='ltr'>ea</span> <span class='ocrx_word' id='word_1_554' title='bbox 2847 3268 2971 3326; x_wconf 89' lang='lat' dir='ltr'>dem</span> <span class='ocrx_word' id='word_1_555' title='bbox 2981 3267 3139 3324; x_wconf 87' lang='lat' dir='ltr'>domo</span> <span class='ocrx_word' id='word_1_556' title='bbox 3150 3267 3218 3324; x_wconf 89' lang='lat' dir='ltr'>de</span> <span class='ocrx_word' id='word_1_557' title='bbox 3232 3269 3503 3340; x_wconf 82' lang='lat' dir='ltr'>pristinis</span> <span class='ocrx_word' id='word_1_558' title='bbox 3517 3269 3731 3325; x_wconf 85' lang='lat' dir='ltr'>caussis</span> <span class='ocrx_word' id='word_1_559' title='bbox 3751 3268 3798 3306; x_wconf 81' lang='lat'>9&quot;</span> 
     </span>
    </p>
   </div>
   <div class='ocr_carea' id='block_1_67' title="bbox 2209 3357 3800 3433">
    <p class='ocr_par' dir='ltr' id='par_1_67' title="bbox 2209 3357 3800 3433">
     <span class='ocr_line' id='line_1_68' title="bbox 2209 3357 3800 3433; baseline -0.003 -18"><span class='ocrx_word' id='word_1_560' title='bbox 2209 3359 2425 3433; x_wconf 85' lang='lat' dir='ltr'>aliquid</span> <span class='ocrx_word' id='word_1_561' title='bbox 2436 3363 2492 3416; x_wconf 91' lang='lat' dir='ltr'>et</span> <span class='ocrx_word' id='word_1_562' title='bbox 2504 3359 2746 3416; x_wconf 86' lang='lat' dir='ltr'>maculis</span> <span class='ocrx_word' id='word_1_563' title='bbox 2765 3359 2880 3427; x_wconf 86' lang='grc'>(13)</span> <span class='ocrx_word' id='word_1_564' title='bbox 2891 3398 2904 3424; x_wconf 85' lang='grc'><em>,</em></span> <span class='ocrx_word' id='word_1_565' title='bbox 2922 3357 3282 3414; x_wconf 83' lang='lat' dir='ltr'>immundam</span> <span class='ocrx_word' id='word_1_566' title='bbox 3303 3373 3429 3414; x_wconf 88' lang='lat' dir='ltr'>eam</span> <span class='ocrx_word' id='word_1_567' title='bbox 3445 3357 3800 3429; x_wconf 86' lang='lat' dir='ltr'>pronuntia-</span> 
     </span>
    </p>
   </div>
   <div class='ocr_carea' id='block_1_68' title="bbox 2207 3445 3800 3521">
    <p class='ocr_par' dir='ltr' id='par_1_68' title="bbox 2207 3445 3800 3521">
     <span class='ocr_line' id='line_1_69' title="bbox 2207 3445 3800 3521; baseline -0.001 -17"><span class='ocrx_word' id='word_1_568' title='bbox 2207 3450 2308 3513; x_wconf 83' lang='lat' dir='ltr'>vit,</span> <span class='ocrx_word' id='word_1_569' title='bbox 2335 3453 2392 3504; x_wconf 88' lang='lat' dir='ltr'>et</span> <span class='ocrx_word' id='word_1_570' title='bbox 2401 3449 2580 3520; x_wconf 85' lang='lat' dir='ltr'>jussit</span> <span class='ocrx_word' id='word_1_571' title='bbox 2589 3447 2790 3521; x_wconf 88' lang='lat' dir='ltr'>deponi</span> <span class='ocrx_word' id='word_1_572' title='bbox 2801 3449 3069 3504; x_wconf 86' lang='lat' dir='ltr'>materias</span> <span class='ocrx_word' id='word_1_573' title='bbox 3082 3445 3293 3518; x_wconf 85' lang='lat' dir='ltr'>lapides</span> <span class='ocrx_word' id='word_1_574' title='bbox 3307 3451 3364 3502; x_wconf 87' lang='lat' dir='ltr'>et</span> <span class='ocrx_word' id='word_1_575' title='bbox 3373 3462 3599 3504; x_wconf 89' lang='lat' dir='ltr'>omnem</span> <span class='ocrx_word' id='word_1_576' title='bbox 3610 3449 3800 3503; x_wconf 88' lang='lat' dir='ltr'>struc-</span> 
     </span>
    </p>
   </div>
   <div class='ocr_carea' id='block_1_69' title="bbox 2207 3533 3795 3608">
    <p class='ocr_par' dir='ltr' id='par_1_69' title="bbox 2207 3533 3795 3608">
     <span class='ocr_line' id='line_1_70' title="bbox 2207 3533 3795 3608; baseline -0.004 -15"><span class='ocrx_word' id='word_1_577' title='bbox 2207 3541 2402 3593; x_wconf 87' lang='lat' dir='ltr'>turam</span> <span class='ocrx_word' id='word_1_578' title='bbox 2416 3539 2556 3608; x_wconf 87' lang='lat' dir='ltr'>cjus,</span> <span class='ocrx_word' id='word_1_579' title='bbox 2573 3540 2630 3593; x_wconf 92' lang='lat' dir='ltr'>et</span> <span class='ocrx_word' id='word_1_580' title='bbox 2641 3536 2810 3607; x_wconf 88' lang='lat' dir='ltr'>abjici</span> <span class='ocrx_word' id='word_1_581' title='bbox 2820 3538 2882 3592; x_wconf 88' lang='lat' dir='ltr'>in</span> <span class='ocrx_word' id='word_1_582' title='bbox 2895 3536 3078 3593; x_wconf 90' lang='lat' dir='ltr'>locum</span> <span class='ocrx_word' id='word_1_583' title='bbox 3089 3535 3452 3592; x_wconf 87' lang='lat' dir='ltr'>immundum</span> <span class='ocrx_word' id='word_1_584' title='bbox 3464 3533 3666 3603; x_wconf 81' lang='lat' dir='ltr'>(Leuit.</span> <span class='ocrx_word' id='word_1_585' title='bbox 3680 3549 3795 3602; x_wconf 78' lang='lat' dir='ltr'>xiv,</span> 
     </span>
    </p>
   </div>
   <div class='ocr_carea' id='block_1_70' title="bbox 2204 3616 3805 3696">
    <p class='ocr_par' dir='ltr' id='par_1_70' title="bbox 2204 3616 3805 3696">
     <span class='ocr_line' id='line_1_71' title="bbox 2204 3616 3805 3696; baseline -0.003 -14"><span class='ocrx_word' id='word_1_586' title='bbox 2204 3627 2410 3693; x_wconf 67' lang='grc'><strong>4345).</strong></span> <span class='ocrx_word' id='word_1_587' title='bbox 2445 3625 2546 3680; x_wconf 85' lang='lat' dir='ltr'>Hic</span> <span class='ocrx_word' id='word_1_588' title='bbox 2577 3626 2680 3680; x_wconf 85' lang='lat' dir='ltr'>erit</span> <span class='ocrx_word' id='word_1_589' title='bbox 2726 3624 2890 3680; x_wconf 91' lang='lat' dir='ltr'>homo</span> <span class='ocrx_word' id='word_1_590' title='bbox 2931 3637 3058 3680; x_wconf 86' lang='lat' dir='ltr'>caro</span> <span class='ocrx_word' id='word_1_591' title='bbox 3104 3631 3268 3696; x_wconf 85' lang='lat' dir='ltr'>atque</span> <span class='ocrx_word' id='word_1_592' title='bbox 3316 3623 3514 3689; x_wconf 88' lang='lat' dir='ltr'>anima,</span> <span class='ocrx_word' id='word_1_593' title='bbox 3543 3624 3635 3696; x_wconf 88' lang='lat' dir='ltr'>qui</span> <span class='ocrx_word' id='word_1_594' title='bbox 3674 3616 3805 3694; x_wconf 57' lang='lat' dir='ltr'>pos‘</span> 
     </span>
    </p>
   </div>
   <div class='ocr_carea' id='block_1_71' title="bbox 591 3723 2098 3862">
    <p class='ocr_par' dir='ltr' id='par_1_71' title="bbox 591 3723 2098 3860">
     <span class='ocr_line' id='line_1_72' title="bbox 591 3723 2098 3860; baseline 0.001 -3"><span class='ocrx_word' id='word_1_595' title='bbox 591 3803 643 3842; x_wconf 64' lang='lat'><strong>9&quot;</strong></span> <span class='ocrx_word' id='word_1_596' title='bbox 670 3800 992 3858; x_wconf 84' lang='lat' dir='ltr'>Auctoritati</span> <span class='ocrx_word' id='word_1_597' title='bbox 1020 3801 1118 3860; x_wconf 89' lang='lat' dir='ltr'>viri</span> <span class='ocrx_word' id='word_1_598' title='bbox 1149 3806 1320 3860; x_wconf 87' lang='lat' dir='ltr'>Fran.</span> <span class='ocrx_word' id='word_1_599' title='bbox 1349 3803 1399 3843; x_wconf 83' lang='lat'><strong>95</strong></span> <span class='ocrx_word' id='word_1_600' title='bbox 1427 3802 1542 3858; x_wconf 83' lang='lat' dir='ltr'>Hoc</span> <span class='ocrx_word' id='word_1_601' title='bbox 1577 3801 1729 3859; x_wconf 90' lang='lat' dir='ltr'>abest</span> <span class='ocrx_word' id='word_1_602' title='bbox 1758 3723 2098 3859; x_wconf 38' lang='lat' dir='ltr'>Parygnltiir</span> 
     </span>
    </p>
   </div>
   <div class='ocr_carea' id='block_1_72' title="bbox 2208 3723 2836 3862">
    <p class='ocr_par' dir='ltr' id='par_1_72' title="bbox 2208 3727 2836 3862">
     <span class='ocr_line' id='line_1_73' title="bbox 2209 3727 2417 3786; baseline -0.01 0"><span class='ocrx_word' id='word_1_603' title='bbox 2209 3727 2417 3786; x_wconf 87' lang='lat' dir='ltr'>tiones.</span> 
     </span>
     <span class='ocr_line' id='line_1_74' title="bbox 2208 3800 2836 3862; baseline -0.002 -3"><span class='ocrx_word' id='word_1_604' title='bbox 2208 3804 2268 3859; x_wconf 82' lang='lat' dir='ltr'>tri</span> <span class='ocrx_word' id='word_1_605' title='bbox 2297 3807 2415 3862; x_wconf 91' lang='lat' dir='ltr'>Lat.</span> <span class='ocrx_word' id='word_1_606' title='bbox 2437 3801 2487 3842; x_wconf 78' lang='lat'>9&quot;</span> <span class='ocrx_word' id='word_1_607' title='bbox 2530 3800 2685 3859; x_wconf 87' lang='lat' dir='ltr'>Cavis</span> <span class='ocrx_word' id='word_1_608' title='bbox 2713 3803 2836 3860; x_wconf 87' lang='lat' dir='ltr'>Lat.</span> 
     </span>
    </p>
   </div>
   <div class='ocr_carea' id='block_1_73' title="bbox 1913 3895 2410 3966">
    <p class='ocr_par' dir='ltr' id='par_1_73' title="bbox 1913 3895 2410 3966">
     <span class='ocr_line' id='line_1_75' title="bbox 1913 3895 2410 3966; baseline 0.006 -4"><span class='ocrx_word' id='word_1_609' title='bbox 1913 3895 2410 3966; x_wconf 87' lang='lat' dir='ltr'>Commentarius.</span> 
     </span>
    </p>
   </div>
   <div class='ocr_carea' id='block_1_74' title="bbox 584 4003 2104 4080">
    <p class='ocr_par' dir='ltr' id='par_1_74' title="bbox 584 4003 2104 4080">
     <span class='ocr_line' id='line_1_76' title="bbox 584 4003 2104 4080; baseline 0.005 -22"><span class='ocrx_word' id='word_1_610' title='bbox 584 4003 657 4076; x_wconf 90' lang='lat'>(8)</span> <span class='ocrx_word' id='word_1_611' title='bbox 690 4008 759 4080; x_wconf 69' lang='lat' dir='ltr'>Et</span> <span class='ocrx_word' id='word_1_612' title='bbox 807 4006 1000 4080; x_wconf 76' lang='lat' dir='ltr'>utique</span> <span class='ocrx_word' id='word_1_613' title='bbox 1029 4007 1526 4080; x_wconf 9' lang='lat' dir='ltr'>Ieceptiorqapudﬁ</span> <span class='ocrx_word' id='word_1_614' title='bbox 1551 4006 1821 4080; x_wconf 79' lang='lat' dir='ltr'>Ecclesias</span> <span class='ocrx_word' id='word_1_615' title='bbox 1851 4009 2104 4080; x_wconf 69' lang='lat' dir='ltr'>Epistola</span> 
     </span>
    </p>
   </div>
   <div class='ocr_carea' id='block_1_75' title="bbox 514 4076 2106 4147">
    <p class='ocr_par' dir='ltr' id='par_1_75' title="bbox 514 4076 2106 4147">
     <span class='ocr_line' id='line_1_77' title="bbox 514 4076 2106 4147; baseline 0.002 -15"><span class='ocrx_word' id='word_1_616' title='bbox 514 4076 807 4134; x_wconf 78' lang='lat' dir='ltr'>Barnabce.</span> <span class='ocrx_word' id='word_1_617' title='bbox 857 4076 983 4133; x_wconf 63' lang='lat' dir='ltr'>Haec</span> <span class='ocrx_word' id='word_1_618' title='bbox 1028 4076 1343 4133; x_wconf 80' lang='lat' dir='ltr'>Tertulliani</span> <span class='ocrx_word' id='word_1_619' title='bbox 1383 4076 1450 4132; x_wconf 87' lang='lat' dir='ltr'>de</span> <span class='ocrx_word' id='word_1_620' title='bbox 1487 4077 1724 4147; x_wconf 88' lang='lat' dir='ltr'>Epistola</span> <span class='ocrx_word' id='word_1_621' title='bbox 1751 4077 1822 4135; x_wconf 87' lang='lat' dir='ltr'>ad</span> <span class='ocrx_word' id='word_1_622' title='bbox 1850 4076 2106 4135; x_wconf 78' lang='lat' dir='ltr'>Hebraeos</span> 
     </span>
    </p>
   </div>
   <div class='ocr_carea' id='block_1_76' title="bbox 515 4149 2104 4222">
    <p class='ocr_par' dir='ltr' id='par_1_76' title="bbox 515 4149 2104 4222">
     <span class='ocr_line' id='line_1_78' title="bbox 515 4149 2104 4222; baseline 0.003 -19"><span class='ocrx_word' id='word_1_623' title='bbox 515 4149 782 4222; x_wconf 82' lang='lat' dir='ltr'>sententia</span> <span class='ocrx_word' id='word_1_624' title='bbox 805 4150 1039 4222; x_wconf 80' lang='lat' dir='ltr'>refertur</span> <span class='ocrx_word' id='word_1_625' title='bbox 1057 4150 1124 4204; x_wconf 90' lang='lat' dir='ltr'>ab</span> <span class='ocrx_word' id='word_1_626' title='bbox 1143 4149 1496 4222; x_wconf 82' lang='lat' dir='ltr'>Hieronymo,</span> <span class='ocrx_word' id='word_1_627' title='bbox 1527 4150 1707 4222; x_wconf 83' lang='lat' dir='ltr'>Catal.</span> <span class='ocrx_word' id='word_1_628' title='bbox 1725 4150 1932 4222; x_wconf 89' lang='lat' dir='ltr'>Script.</span> <span class='ocrx_word' id='word_1_629' title='bbox 1957 4152 2104 4209; x_wconf 89' lang='lat' dir='ltr'>Eccl.</span> 
     </span>
    </p>
   </div>
   <div class='ocr_carea' id='block_1_77' title="bbox 513 4220 2097 4292">
    <p class='ocr_par' dir='ltr' id='par_1_77' title="bbox 513 4220 2097 4292">
     <span class='ocr_line' id='line_1_79' title="bbox 513 4220 2097 4292; baseline 0.002 -18"><span class='ocrx_word' id='word_1_630' title='bbox 513 4220 568 4275; x_wconf 91' lang='lat' dir='ltr'>in</span> <span class='ocrx_word' id='word_1_631' title='bbox 598 4221 782 4292; x_wconf 87' lang='lat' dir='ltr'>Paulo.</span> <span class='ocrx_word' id='word_1_632' title='bbox 812 4221 936 4292; x_wconf 87' lang='lat' dir='ltr'>Ipse</span> <span class='ocrx_word' id='word_1_633' title='bbox 971 4228 1149 4276; x_wconf 90' lang='lat' dir='ltr'>autem</span> <span class='ocrx_word' id='word_1_634' title='bbox 1198 4220 1555 4292; x_wconf 79' lang='lat' dir='ltr'>Hieronymus</span> <span class='ocrx_word' id='word_1_635' title='bbox 1581 4221 1638 4274; x_wconf 91' lang='lat' dir='ltr'>in</span> <span class='ocrx_word' id='word_1_636' title='bbox 1667 4220 1924 4290; x_wconf 85' lang='lat' dir='ltr'>Barnaba,</span> <span class='ocrx_word' id='word_1_637' title='bbox 1956 4223 2097 4277; x_wconf 90' lang='lat' dir='ltr'>scri-</span> 
     </span>
    </p>
   </div>
   <div class='ocr_carea' id='block_1_78' title="bbox 512 4291 2101 4364">
    <p class='ocr_par' dir='ltr' id='par_1_78' title="bbox 512 4291 2101 4364">
     <span class='ocr_line' id='line_1_80' title="bbox 512 4291 2101 4364; baseline 0 -18"><span class='ocrx_word' id='word_1_638' title='bbox 512 4299 658 4364; x_wconf 84' lang='lat' dir='ltr'>ptam</span> <span class='ocrx_word' id='word_1_639' title='bbox 696 4291 864 4348; x_wconf 83' lang='lat' dir='ltr'>fuisse</span> <span class='ocrx_word' id='word_1_640' title='bbox 895 4291 967 4364; x_wconf 86' lang='lat' dir='ltr'>ait</span> <span class='ocrx_word' id='word_1_641' title='bbox 995 4308 1027 4347; x_wconf 90' lang='lat' dir='ltr'>a</span> <span class='ocrx_word' id='word_1_642' title='bbox 1066 4293 1312 4364; x_wconf 87' lang='lat' dir='ltr'>Barnaba</span> <span class='ocrx_word' id='word_1_643' title='bbox 1350 4291 1653 4364; x_wconf 81' lang='lat' dir='ltr'>Epistolam</span> <span class='ocrx_word' id='word_1_644' title='bbox 1685 4309 1804 4364; x_wconf 68' lang='lat' dir='ltr'>quia</span> <span class='ocrx_word' id='word_1_645' title='bbox 1833 4293 1899 4348; x_wconf 92' lang='lat' dir='ltr'>ad</span> <span class='ocrx_word' id='word_1_646' title='bbox 1930 4292 2101 4348; x_wconf 62' lang='lat' dir='ltr'>aedifi-</span> 
     </span>
    </p>
   </div>
   <div class='ocr_carea' id='block_1_79' title="bbox 513 4363 2103 4435">
    <p class='ocr_par' dir='ltr' id='par_1_79' title="bbox 513 4363 2103 4435">
     <span class='ocr_line' id='line_1_81' title="bbox 513 4363 2103 4435; baseline 0.001 -18"><span class='ocrx_word' id='word_1_647' title='bbox 513 4363 781 4418; x_wconf 74' lang='lat' dir='ltr'>cationem</span> <span class='ocrx_word' id='word_1_648' title='bbox 807 4363 1064 4435; x_wconf 78' lang='lat' dir='ltr'>Ecclesiae</span> <span class='ocrx_word' id='word_1_649' title='bbox 1090 4363 1396 4434; x_wconf 88' lang='lat' dir='ltr'>pertineret,</span> <span class='ocrx_word' id='word_1_650' title='bbox 1429 4379 1613 4419; x_wconf 87' lang='lat' dir='ltr'>verum</span> <span class='ocrx_word' id='word_1_651' title='bbox 1643 4363 1780 4418; x_wconf 83' lang='lat' dir='ltr'>inter</span> <span class='ocrx_word' id='word_1_652' title='bbox 1809 4365 2103 4435; x_wconf 87' lang='lat' dir='ltr'>scripturas</span> 
     </span>
    </p>
   </div>
   <div class='ocr_carea' id='block_1_80' title="bbox 2212 4005 3803 4082">
    <p class='ocr_par' dir='ltr' id='par_1_80' title="bbox 2212 4005 3803 4082">
     <span class='ocr_line' id='line_1_82' title="bbox 2212 4005 3803 4082; baseline -0.001 -19"><span class='ocrx_word' id='word_1_653' title='bbox 2212 4007 2769 4082; x_wconf 80' lang='lat' dir='ltr'>iterationebaptismi</span> <span class='ocrx_word' id='word_1_654' title='bbox 2798 4007 3121 4082; x_wconf 81' lang='lat' dir='ltr'>intelligunt,</span> <span class='ocrx_word' id='word_1_655' title='bbox 3151 4015 3206 4064; x_wconf 88' lang='lat' dir='ltr'>et</span> <span class='ocrx_word' id='word_1_656' title='bbox 3234 4007 3547 4082; x_wconf 85' lang='lat' dir='ltr'>nominatim</span> <span class='ocrx_word' id='word_1_657' title='bbox 3574 4005 3634 4061; x_wconf 85' lang='grc' dir='ltr'><strong>Β.</strong></span> <span class='ocrx_word' id='word_1_658' title='bbox 3667 4006 3803 4062; x_wconf 80' lang='grc' dir='ltr'>Αω-</span> 
     </span>
    </p>
   </div>
   <div class='ocr_carea' id='block_1_81' title="bbox 2212 4079 3800 4150">
    <p class='ocr_par' dir='ltr' id='par_1_81' title="bbox 2212 4079 3800 4150">
     <span class='ocr_line' id='line_1_83' title="bbox 2212 4079 3800 4150; baseline -0.002 -16"><span class='ocrx_word' id='word_1_659' title='bbox 2212 4080 2444 4146; x_wconf 88' lang='lat' dir='ltr'>brosius,</span> <span class='ocrx_word' id='word_1_660' title='bbox 2479 4079 2687 4138; x_wconf 52' lang='lat' dir='ltr'>libfde</span> <span class='ocrx_word' id='word_1_661' title='bbox 2722 4081 2949 4147; x_wconf 78' lang='lat' dir='ltr'>Pcenit.,</span> <span class='ocrx_word' id='word_1_662' title='bbox 2978 4079 3100 4150; x_wconf 80' lang='lat' dir='ltr'>cap.</span> <span class='ocrx_word' id='word_1_663' title='bbox 3156 4083 3210 4147; x_wconf 81' lang='lat'>2,</span> <span class='ocrx_word' id='word_1_664' title='bbox 3243 4088 3294 4135; x_wconf 92' lang='lat' dir='ltr'>et</span> <span class='ocrx_word' id='word_1_665' title='bbox 3332 4080 3388 4135; x_wconf 91' lang='lat' dir='ltr'>in</span> <span class='ocrx_word' id='word_1_666' title='bbox 3429 4086 3800 4150; x_wconf 81' lang='lat' dir='ltr'>comment...;</span> 
     </span>
    </p>
   </div>
   <div class='ocr_carea' id='block_1_82' title="bbox 2216 4149 3802 4223">
    <p class='ocr_par' dir='ltr' id='par_1_82' title="bbox 2216 4149 3802 4223">
     <span class='ocr_line' id='line_1_84' title="bbox 2216 4149 3802 4223; baseline -0.002 -16"><span class='ocrx_word' id='word_1_667' title='bbox 2216 4151 2554 4221; x_wconf 87' lang='lat' dir='ltr'>Epiphanius</span> <span class='ocrx_word' id='word_1_668' title='bbox 2581 4151 2802 4223; x_wconf 61' lang='lat' dir='ltr'>(hieres.</span> <span class='ocrx_word' id='word_1_669' title='bbox 2835 4153 2946 4222; x_wconf 80' lang='lat'>59).</span> <span class='ocrx_word' id='word_1_670' title='bbox 2980 4149 3101 4220; x_wconf 85' lang='lat' dir='ltr'>Quo</span> <span class='ocrx_word' id='word_1_671' title='bbox 3130 4151 3294 4207; x_wconf 86' lang='lat' dir='ltr'>etiam</span> <span class='ocrx_word' id='word_1_672' title='bbox 3314 4149 3802 4223; x_wconf 56' lang='grc' dir='ltr'>ιιοοθάίιϐιιτςξοεέ</span> 
     </span>
    </p>
   </div>
   <div class='ocr_carea' id='block_1_83' title="bbox 2205 4221 3801 4291">
    <p class='ocr_par' dir='ltr' id='par_1_83' title="bbox 2205 4221 3801 4291">
     <span class='ocr_line' id='line_1_85' title="bbox 2205 4221 3801 4291; baseline -0.001 -13"><span class='ocrx_word' id='word_1_673' title='bbox 2205 4229 2406 4290; x_wconf 87' lang='lat' dir='ltr'>tomus,</span> <span class='ocrx_word' id='word_1_674' title='bbox 2438 4238 2559 4277; x_wconf 92' lang='lat' dir='ltr'>cum</span> <span class='ocrx_word' id='word_1_675' title='bbox 2593 4221 2722 4278; x_wconf 85' lang='lat' dir='ltr'>aliis</span> <span class='ocrx_word' id='word_1_676' title='bbox 2757 4221 2962 4279; x_wconf 65' lang='lat' dir='ltr'>Graecis</span> <span class='ocrx_word' id='word_1_677' title='bbox 2998 4223 3117 4291; x_wconf 90' lang='lat' dir='ltr'>ejus</span> <span class='ocrx_word' id='word_1_678' title='bbox 3157 4222 3394 4287; x_wconf 83' lang='lat' dir='ltr'>asseclis,</span> <span class='ocrx_word' id='word_1_679' title='bbox 3425 4223 3555 4277; x_wconf 89' lang='lat' dir='ltr'>dum</span> <span class='ocrx_word' id='word_1_680' title='bbox 3603 4221 3801 4277; x_wconf 88' lang='lat' dir='ltr'>eodem</span> 
     </span>
    </p>
   </div>
   <div class='ocr_carea' id='block_1_84' title="bbox 2208 4293 3803 4366">
    <p class='ocr_par' dir='ltr' id='par_1_84' title="bbox 2208 4293 3803 4366">
     <span class='ocr_line' id='line_1_86' title="bbox 2208 4293 3803 4366; baseline -0.001 -18"><span class='ocrx_word' id='word_1_681' title='bbox 2208 4293 2371 4349; x_wconf 89' lang='lat' dir='ltr'>modo</span> <span class='ocrx_word' id='word_1_682' title='bbox 2400 4294 2782 4362; x_wconf 86' lang='lat' dir='ltr'>interpretatur</span> <span class='ocrx_word' id='word_1_683' title='bbox 2808 4294 2938 4348; x_wconf 90' lang='lat' dir='ltr'>illud</span> <span class='ocrx_word' id='word_1_684' title='bbox 2966 4293 3132 4349; x_wconf 85' lang='lat' dir='ltr'>Hebr.</span> <span class='ocrx_word' id='word_1_685' title='bbox 3160 4310 3201 4350; x_wconf 85' lang='lat' dir='ltr'><strong>x</strong></span> <span class='ocrx_word' id='word_1_686' title='bbox 3222 4311 3234 4350; x_wconf 90' lang='lat'>:</span> <span class='ocrx_word' id='word_1_687' title='bbox 3257 4296 3557 4366; x_wconf 83' lang='lat' dir='ltr'>Postquam</span> <span class='ocrx_word' id='word_1_688' title='bbox 3574 4294 3803 4365; x_wconf 82' lang='lat' dir='ltr'>accepi-</span> 
     </span>
    </p>
   </div>
   <div class='ocr_carea' id='block_1_85' title="bbox 2207 4363 3802 4446">
    <p class='ocr_par' dir='ltr' id='par_1_85' title="bbox 2207 4363 3802 4446">
     <span class='ocr_line' id='line_1_87' title="bbox 2207 4363 3802 4446; baseline 0 -26"><span class='ocrx_word' id='word_1_689' title='bbox 2207 4381 2336 4420; x_wconf 87' lang='lat' dir='ltr'>mus</span> <span class='ocrx_word' id='word_1_690' title='bbox 2350 4365 2613 4446; x_wconf 67' lang='lat' dir='ltr'>veritatis</span> <span class='ocrx_word' id='word_1_691' title='bbox 2628 4366 2995 4446; x_wconf 77' lang='lat' dir='ltr'>agn-itionem,</span> <span class='ocrx_word' id='word_1_692' title='bbox 3009 4382 3125 4422; x_wconf 88' lang='lat' dir='ltr'>non</span> <span class='ocrx_word' id='word_1_693' title='bbox 3141 4363 3492 4446; x_wconf 63' lang='lat' dir='ltr'>relinquitur</span> <span class='ocrx_word' id='word_1_694' title='bbox 3505 4363 3688 4446; x_wconf 78' lang='lat' dir='ltr'>hostia</span> <span class='ocrx_word' id='word_1_695' title='bbox 3699 4363 3802 4436; x_wconf 78' lang='lat' dir='ltr'>pro</span> 
     </span>
    </p>
   </div>
   <div class='ocr_carea' id='block_1_86' title="bbox 514 4434 3801 4531">
    <p class='ocr_par' dir='ltr' id='par_1_86' title="bbox 514 4434 3801 4531">
     <span class='ocr_line' id='line_1_88' title="bbox 514 4434 3801 4531; baseline 0 -44"><span class='ocrx_word' id='word_1_696' title='bbox 514 4435 852 4531; x_wconf 56' lang='lat' dir='ltr'>apocrvphaf</span> <span class='ocrx_word' id='word_1_697' title='bbox 880 4434 1280 4531; x_wconf 42' lang='lat' dir='ltr'>relnatathaa-c</span> <span class='ocrx_word' id='word_1_698' title='bbox 1307 4435 1375 4490; x_wconf 91' lang='lat' dir='ltr'>ab</span> <span class='ocrx_word' id='word_1_699' title='bbox 1408 4435 1641 4531; x_wconf 70' lang='lat' dir='ltr'>Eusebio</span> <span class='ocrx_word' id='word_1_700' title='bbox 1663 4449 1886 4531; x_wconf 44' lang='grc' dir='ltr'>διουριιὲ</span> <span class='ocrx_word' id='word_1_701' title='bbox 1917 4450 2103 4531; x_wconf 51' lang='grc' dir='ltr'>τεοῗιι·</span> <span class='ocrx_word' id='word_1_702' title='bbox 2135 4454 2180 4531; x_wconf 79' lang='lat' dir='ltr'><strong>D</strong></span> <span class='ocrx_word' id='word_1_703' title='bbox 2206 4438 2526 4531; x_wconf 58' lang='lat' dir='ltr'>pecpatis...</span> <span class='ocrx_word' id='word_1_704' title='bbox 2558 4435 2624 4491; x_wconf 85' lang='lat' dir='ltr'>Et</span> <span class='ocrx_word' id='word_1_705' title='bbox 2652 4434 2798 4520; x_wconf 74' lang='lat' dir='ltr'>certe</span> <span class='ocrx_word' id='word_1_706' title='bbox 2826 4452 2926 4531; x_wconf 68' lang='lat' dir='ltr'>pra</span> <span class='ocrx_word' id='word_1_707' title='bbox 2949 4437 3048 4531; x_wconf 58' lang='lat' dir='ltr'>hac</span> <span class='ocrx_word' id='word_1_708' title='bbox 3083 4434 3349 4531; x_wconf 61' lang='lat' dir='ltr'>sentantia</span> <span class='ocrx_word' id='word_1_709' title='bbox 3386 4435 3590 4531; x_wconf 50' lang='lat' dir='ltr'>iaciunt</span> <span class='ocrx_word' id='word_1_710' title='bbox 3629 4434 3801 4504; x_wconf 73' lang='lat' dir='ltr'>phra-</span> 
     </span>
    </p>
   </div>
   <div class='ocr_carea' id='block_1_87' title="bbox 512 4505 2103 4575">
    <p class='ocr_par' dir='ltr' id='par_1_87' title="bbox 512 4505 2103 4575">
     <span class='ocr_line' id='line_1_89' title="bbox 512 4505 2103 4575; baseline 0.003 -18"><span class='ocrx_word' id='word_1_711' title='bbox 512 4511 660 4558; x_wconf 90' lang='lat' dir='ltr'>setur</span> <span class='ocrx_word' id='word_1_712' title='bbox 687 4505 731 4556; x_wconf 74' lang='grc' dir='ltr'><strong>έν</strong></span> <span class='ocrx_word' id='word_1_713' title='bbox 763 4508 857 4564; x_wconf 82' lang='grc' dir='ltr'>τοῖς</span> <span class='ocrx_word' id='word_1_714' title='bbox 893 4508 1068 4567; x_wconf 76' lang='grc' dir='ltr'>νόθοις.</span> <span class='ocrx_word' id='word_1_715' title='bbox 1105 4506 1176 4560; x_wconf 91' lang='lat' dir='ltr'>Et</span> <span class='ocrx_word' id='word_1_716' title='bbox 1218 4513 1396 4560; x_wconf 86' lang='lat' dir='ltr'>tamen</span> <span class='ocrx_word' id='word_1_717' title='bbox 1437 4521 1538 4575; x_wconf 91' lang='lat' dir='ltr'>pro</span> <span class='ocrx_word' id='word_1_718' title='bbox 1575 4505 1810 4575; x_wconf 82' lang='lat' dir='ltr'>legitima</span> <span class='ocrx_word' id='word_1_719' title='bbox 1849 4506 2103 4562; x_wconf 70' lang='lat' dir='ltr'>Barnabas</span> 
     </span>
    </p>
   </div>
   <div class='ocr_carea' id='block_1_88' title="bbox 511 4575 2104 4656">
    <p class='ocr_par' dir='ltr' id='par_1_88' title="bbox 511 4575 2104 4656">
     <span class='ocr_line' id='line_1_90' title="bbox 511 4575 2104 4656; baseline 0.001 -26"><span class='ocrx_word' id='word_1_720' title='bbox 511 4575 703 4656; x_wconf 78' lang='lat' dir='ltr'>citatur</span> <span class='ocrx_word' id='word_1_721' title='bbox 758 4591 811 4656; x_wconf 43' lang='lat' dir='ltr'>aA</span> <span class='ocrx_word' id='word_1_722' title='bbox 843 4577 1119 4656; x_wconf 63' lang='lat' dir='ltr'>Qlemente</span> <span class='ocrx_word' id='word_1_723' title='bbox 1174 4577 1352 4656; x_wconf 35' lang='lat' dir='ltr'>{ile-xw</span> <span class='ocrx_word' id='word_1_724' title='bbox 1409 4576 1584 4656; x_wconf 56' lang='lat' dir='ltr'>etab</span> <span class='ocrx_word' id='word_1_725' title='bbox 1641 4575 1876 4656; x_wconf 60' lang='lat' dir='ltr'>Ogigene</span> <span class='ocrx_word' id='word_1_726' title='bbox 1933 4576 2028 4631; x_wconf 89' lang='lat' dir='ltr'>lib.</span> <span class='ocrx_word' id='word_1_727' title='bbox 2083 4593 2104 4632; x_wconf 83' lang='lat'><strong>1</strong></span> 
     </span>
    </p>
   </div>
   <div class='ocr_carea' id='block_1_89' title="bbox 512 4646 2105 4717">
    <p class='ocr_par' dir='ltr' id='par_1_89' title="bbox 512 4646 2105 4717">
     <span class='ocr_line' id='line_1_91' title="bbox 512 4646 2105 4717; baseline 0.002 -16"><span class='ocrx_word' id='word_1_728' title='bbox 512 4649 714 4702; x_wconf 88' lang='lat' dir='ltr'>contra</span> <span class='ocrx_word' id='word_1_729' title='bbox 773 4647 1030 4717; x_wconf 84' lang='lat' dir='ltr'>Celsum,</span> <span class='ocrx_word' id='word_1_730' title='bbox 1087 4648 1351 4703; x_wconf 88' lang='lat' dir='ltr'>catholica</span> <span class='ocrx_word' id='word_1_731' title='bbox 1404 4646 1618 4702; x_wconf 89' lang='lat' dir='ltr'>dicitur.</span> <span class='ocrx_word' id='word_1_732' title='bbox 1688 4646 1934 4702; x_wconf 87' lang='lat' dir='ltr'>Vidimus</span> <span class='ocrx_word' id='word_1_733' title='bbox 1987 4663 2105 4704; x_wconf 90' lang='lat' dir='ltr'>eam</span> 
     </span>
    </p>
   </div>
   <div class='ocr_carea' id='block_1_90' title="bbox 510 4717 2103 4792">
    <p class='ocr_par' dir='ltr' id='par_1_90' title="bbox 510 4717 2103 4792">
     <span class='ocr_line' id='line_1_92' title="bbox 510 4717 2103 4792; baseline 0.004 -22"><span class='ocrx_word' id='word_1_734' title='bbox 510 4717 849 4792; x_wconf 69' lang='lat' dir='ltr'>(_3_raace,iere</span> <span class='ocrx_word' id='word_1_735' title='bbox 881 4720 1169 4792; x_wconf 77' lang='lat' dir='ltr'>integram,</span> <span class='ocrx_word' id='word_1_736' title='bbox 1189 4733 1360 4788; x_wconf 88' lang='lat' dir='ltr'>penes</span> <span class='ocrx_word' id='word_1_737' title='bbox 1387 4717 1756 4792; x_wconf 79' lang='lat' dir='ltr'>doctissimum</span> <span class='ocrx_word' id='word_1_738' title='bbox 1786 4719 1957 4792; x_wconf 87' lang='lat' dir='ltr'>virum</span> <span class='ocrx_word' id='word_1_739' title='bbox 1989 4719 2103 4776; x_wconf 88' lang='lat' dir='ltr'>Jac.</span> 
     </span>
    </p>
   </div>
   <div class='ocr_carea' id='block_1_91' title="bbox 511 4787 2102 4859">
    <p class='ocr_par' dir='ltr' id='par_1_91' title="bbox 511 4787 2102 4859">
     <span class='ocr_line' id='line_1_93' title="bbox 511 4787 2102 4859; baseline 0.001 -17"><span class='ocrx_word' id='word_1_740' title='bbox 511 4787 874 4852; x_wconf 88' lang='lat' dir='ltr'>Sirmondum,</span> <span class='ocrx_word' id='word_1_741' title='bbox 906 4787 1027 4846; x_wconf 76' lang='lat' dir='ltr'>cum</span> <span class='ocrx_word' id='word_1_742' title='bbox 1060 4787 1247 4845; x_wconf 80' lang='lat' dir='ltr'>Latina</span> <span class='ocrx_word' id='word_1_743' title='bbox 1286 4803 1502 4859; x_wconf 88' lang='lat' dir='ltr'>quoque</span> <span class='ocrx_word' id='word_1_744' title='bbox 1531 4788 1974 4858; x_wconf 84' lang='lat' dir='ltr'>interpretatione</span> <span class='ocrx_word' id='word_1_745' title='bbox 2003 4806 2102 4844; x_wconf 86' lang='lat' dir='ltr'>an-</span> 
     </span>
    </p>
   </div>
   <div class='ocr_carea' id='block_1_92' title="bbox 512 4859 2100 4940">
    <p class='ocr_par' dir='ltr' id='par_1_92' title="bbox 512 4859 2100 4940">
     <span class='ocr_line' id='line_1_94' title="bbox 512 4859 2100 4940; baseline 0.002 -28"><span class='ocrx_word' id='word_1_746' title='bbox 512 4859 678 4940; x_wconf 74' lang='lat' dir='ltr'>tiqua.</span> <span class='ocrx_word' id='word_1_747' title='bbox 704 4861 1071 4940; x_wconf 30' lang='grc' dir='ltr'>ὲΤοιθλειιιῐςξιη</span> <span class='ocrx_word' id='word_1_748' title='bbox 1107 4867 1316 4915; x_wconf 87' lang='lat' dir='ltr'>constat</span> <span class='ocrx_word' id='word_1_749' title='bbox 1372 4859 1700 4940; x_wconf 73' lang='lat' dir='ltr'>argumentis</span> <span class='ocrx_word' id='word_1_750' title='bbox 1741 4859 1930 4940; x_wconf 73' lang='lat' dir='ltr'>iisdem</span> <span class='ocrx_word' id='word_1_751' title='bbox 1954 4861 2100 4940; x_wconf 84' lang='lat' dir='ltr'>_qui-</span> 
     </span>
    </p>
   </div>
   <div class='ocr_carea' id='block_1_93' title="bbox 511 4930 2100 5002">
    <p class='ocr_par' dir='ltr' id='par_1_93' title="bbox 511 4930 2100 5002">
     <span class='ocr_line' id='line_1_95' title="bbox 511 4930 2100 5002; baseline 0.002 -17"><span class='ocrx_word' id='word_1_752' title='bbox 511 4931 614 4986; x_wconf 90' lang='lat' dir='ltr'>bus</span> <span class='ocrx_word' id='word_1_753' title='bbox 641 4931 809 4986; x_wconf 87' lang='lat' dir='ltr'>utitur</span> <span class='ocrx_word' id='word_1_754' title='bbox 852 4930 1141 5002; x_wconf 89' lang='lat' dir='ltr'>Septimius</span> <span class='ocrx_word' id='word_1_755' title='bbox 1188 4940 1371 4985; x_wconf 88' lang='lat' dir='ltr'>noster</span> <span class='ocrx_word' id='word_1_756' title='bbox 1419 4930 1516 5002; x_wconf 88' lang='lat' dir='ltr'>lib.</span> <span class='ocrx_word' id='word_1_757' title='bbox 1561 4931 1824 4988; x_wconf 81' lang='lat' dir='ltr'>adversus</span> <span class='ocrx_word' id='word_1_758' title='bbox 1861 4930 2100 5000; x_wconf 79' lang='lat' dir='ltr'>Judceos,</span> 
     </span>
    </p>
   </div>
   <div class='ocr_carea' id='block_1_94' title="bbox 509 5001 2104 5060">
    <p class='ocr_par' dir='ltr' id='par_1_94' title="bbox 509 5001 2104 5060">
     <span class='ocr_line' id='line_1_96' title="bbox 509 5001 2104 5060; baseline 0.002 -5"><span class='ocrx_word' id='word_1_759' title='bbox 509 5009 563 5055; x_wconf 91' lang='lat' dir='ltr'>et</span> <span class='ocrx_word' id='word_1_760' title='bbox 589 5002 684 5058; x_wconf 90' lang='lat' dir='ltr'>lib.</span> <span class='ocrx_word' id='word_1_761' title='bbox 713 5001 976 5058; x_wconf 85' lang='lat' dir='ltr'>adversus</span> <span class='ocrx_word' id='word_1_762' title='bbox 1009 5003 1339 5060; x_wconf 82' lang='lat' dir='ltr'>Marcionem</span> <span class='ocrx_word' id='word_1_763' title='bbox 1366 5001 1544 5057; x_wconf 89' lang='lat' dir='ltr'>tertio.</span> <span class='ocrx_word' id='word_1_764' title='bbox 1575 5003 1698 5057; x_wconf 77' lang='lat' dir='ltr'>Rm.</span> <span class='ocrx_word' id='word_1_765' title='bbox 1733 5031 1798 5044; x_wconf 91' lang='lat'>—</span> <span class='ocrx_word' id='word_1_766' title='bbox 1829 5003 1980 5059; x_wconf 84' lang='lat' dir='ltr'>Hanc</span> <span class='ocrx_word' id='word_1_767' title='bbox 2007 5019 2104 5058; x_wconf 88' lang='lat' dir='ltr'>au-</span> 
     </span>
    </p>
   </div>
   <div class='ocr_carea' id='block_1_95' title="bbox 512 5072 2101 5146">
    <p class='ocr_par' dir='ltr' id='par_1_95' title="bbox 512 5072 2101 5146">
     <span class='ocr_line' id='line_1_97' title="bbox 512 5072 2101 5146; baseline 0.003 -21"><span class='ocrx_word' id='word_1_768' title='bbox 512 5081 623 5125; x_wconf 90' lang='lat' dir='ltr'>tem</span> <span class='ocrx_word' id='word_1_769' title='bbox 649 5074 931 5146; x_wconf 79' lang='lat' dir='ltr'>epistolam</span> <span class='ocrx_word' id='word_1_770' title='bbox 959 5073 1242 5146; x_wconf 79' lang='lat' dir='ltr'>detexerat</span> <span class='ocrx_word' id='word_1_771' title='bbox 1259 5081 1446 5146; x_wconf 82' lang='lat' dir='ltr'>noster</span> <span class='ocrx_word' id='word_1_772' title='bbox 1471 5072 1631 5146; x_wconf 75' lang='lat' dir='ltr'>Hugo</span> <span class='ocrx_word' id='word_1_773' title='bbox 1661 5074 1945 5146; x_wconf 88' lang='lat' dir='ltr'>Menardus</span> <span class='ocrx_word' id='word_1_774' title='bbox 1962 5074 2101 5129; x_wconf 90' lang='lat' dir='ltr'>inter</span> 
     </span>
    </p>
   </div>
   <div class='ocr_carea' id='block_1_96' title="bbox 510 5143 2099 5217">
    <p class='ocr_par' dir='ltr' id='par_1_96' title="bbox 510 5143 2099 5217">
     <span class='ocr_line' id='line_1_98' title="bbox 510 5143 2099 5217; baseline 0.003 -21"><span class='ocrx_word' id='word_1_775' title='bbox 510 5158 643 5217; x_wconf 73' lang='lat' dir='ltr'>rnss.</span> <span class='ocrx_word' id='word_1_776' title='bbox 685 5144 899 5217; x_wconf 77' lang='lat' dir='ltr'>codices</span> <span class='ocrx_word' id='word_1_777' title='bbox 939 5145 1248 5202; x_wconf 87' lang='lat' dir='ltr'>monasterii</span> <span class='ocrx_word' id='word_1_778' title='bbox 1291 5143 1652 5212; x_wconf 73' lang='lat' dir='ltr'>Corbeiensts,</span> <span class='ocrx_word' id='word_1_779' title='bbox 1684 5145 1994 5217; x_wconf 90' lang='lat' dir='ltr'>primusque</span> <span class='ocrx_word' id='word_1_780' title='bbox 2032 5145 2099 5200; x_wconf 92' lang='lat' dir='ltr'>il-</span> 
     </span>
    </p>
   </div>
   <div class='ocr_carea' id='block_1_97' title="bbox 509 5213 1352 5285">
    <p class='ocr_par' dir='ltr' id='par_1_97' title="bbox 509 5213 1352 5285">
     <span class='ocr_line' id='line_1_99' title="bbox 509 5213 1352 5285; baseline 0.004 -19"><span class='ocrx_word' id='word_1_781' title='bbox 509 5213 614 5268; x_wconf 90' lang='lat' dir='ltr'>lam</span> <span class='ocrx_word' id='word_1_782' title='bbox 645 5214 844 5284; x_wconf 91' lang='lat' dir='ltr'>publici</span> <span class='ocrx_word' id='word_1_783' title='bbox 867 5217 1006 5285; x_wconf 89' lang='lat' dir='ltr'>juris</span> <span class='ocrx_word' id='word_1_784' title='bbox 1037 5217 1182 5274; x_wconf 89' lang='lat' dir='ltr'>fecit.</span> <span class='ocrx_word' id='word_1_785' title='bbox 1215 5218 1352 5272; x_wconf 87' lang='lat' dir='ltr'>Enn.</span> 
     </span>
    </p>
   </div>
   <div class='ocr_carea' id='block_1_98' title="bbox 579 5286 2100 5363">
    <p class='ocr_par' dir='ltr' id='par_1_98' title="bbox 579 5286 2100 5363">
     <span class='ocr_line' id='line_1_100' title="bbox 579 5286 2100 5363; baseline 0.001 -22"><span class='ocrx_word' id='word_1_786' title='bbox 579 5287 678 5363; x_wconf 35' lang='lat'>(9)“</span> <span class='ocrx_word' id='word_1_787' title='bbox 699 5289 804 5363; x_wconf 78' lang='lat' dir='ltr'>Illo</span> <span class='ocrx_word' id='word_1_788' title='bbox 836 5289 1152 5363; x_wconf 81' lang='lat' dir='ltr'>apocrypha</span> <span class='ocrx_word' id='word_1_789' title='bbox 1184 5290 1416 5363; x_wconf 68' lang='lat' dir='ltr'>Pastore</span> <span class='ocrx_word' id='word_1_790' title='bbox 1453 5286 1814 5363; x_wconf 65' lang='lat' dir='ltr'>mafchorum.</span> <span class='ocrx_word' id='word_1_791' title='bbox 1861 5286 2100 5343; x_wconf 63' lang='lat' dir='ltr'>Moschos</span> 
     </span>
    </p>
   </div>
   <div class='ocr_carea' id='block_1_99' title="bbox 505 5359 2096 5483">
    <p class='ocr_par' dir='ltr' id='par_1_99' title="bbox 505 5359 2096 5483">
     <span class='ocr_line' id='line_1_101' title="bbox 505 5359 2096 5483; baseline 0 -69"><span class='ocrx_word' id='word_1_792' title='bbox 505 5359 740 5483; x_wconf 53' lang='lat' dir='ltr'>appellat</span> <span class='ocrx_word' id='word_1_793' title='bbox 775 5359 1086 5430; x_wconf 81' lang='lat' dir='ltr'>Psychicos,</span> <span class='ocrx_word' id='word_1_794' title='bbox 1117 5359 1210 5432; x_wconf 91' lang='lat' dir='ltr'>qui</span> <span class='ocrx_word' id='word_1_795' title='bbox 1238 5359 1490 5416; x_wconf 84' lang='lat' dir='ltr'>Pastoris</span> <span class='ocrx_word' id='word_1_796' title='bbox 1529 5359 1724 5413; x_wconf 87' lang='lat' dir='ltr'>librum</span> <span class='ocrx_word' id='word_1_797' title='bbox 1764 5367 2096 5428; x_wconf 89' lang='lat' dir='ltr'>receperant,</span> 
     </span>
     <span class='ocr_line' id='line_1_102' title="bbox 545 5446 923 5483; baseline 0 0"><span class='ocrx_word' id='word_1_798' title='bbox 545 5446 575 5483; x_wconf 89' lang='lat' dir='ltr'>e</span> <span class='ocrx_word' id='word_1_799' title='bbox 602 5447 713 5483; x_wconf 79' lang='grc'>(1110</span> <span class='ocrx_word' id='word_1_800' title='bbox 743 5448 923 5483; x_wconf 70' lang='grc' dir='ltr'>ΒΠΟῙἭ.</span> 
     </span>
    </p>
   </div>
   <div class='ocr_carea' id='block_1_100' title="bbox 545 5446 923 5502">
    <p class='ocr_par' dir='ltr' id='par_1_100' title="bbox 545 5446 923 5502">
     <span class='ocr_line' id='line_1_103' title="bbox 545 5446 923 5502; baseline 0.003 -17"><span class='ocrx_word' id='word_1_801' title='bbox 545 5446 713 5502; x_wconf 85' lang='lat' dir='ltr'>equo</span> <span class='ocrx_word' id='word_1_802' title='bbox 743 5448 923 5502; x_wconf 78' lang='lat' dir='ltr'>supra.</span> 
     </span>
    </p>
   </div>
   <div class='ocr_carea' id='block_1_101' title="bbox 2211 4507 3803 4579">
    <p class='ocr_par' dir='ltr' id='par_1_101' title="bbox 2211 4507 3803 4579">
     <span class='ocr_line' id='line_1_104' title="bbox 2211 4507 3803 4579; baseline 0 -17"><span class='ocrx_word' id='word_1_803' title='bbox 2211 4507 2296 4562; x_wconf 76' lang='lat' dir='ltr'>Ses</span> <span class='ocrx_word' id='word_1_804' title='bbox 2311 4507 2528 4578; x_wconf 58' lang='lat' dir='ltr'>Latina,</span> <span class='ocrx_word' id='word_1_805' title='bbox 2538 4524 2626 4579; x_wconf 88' lang='lat' dir='ltr'>eos</span> <span class='ocrx_word' id='word_1_806' title='bbox 2647 4510 2742 4579; x_wconf 89' lang='lat' dir='ltr'>qui</span> <span class='ocrx_word' id='word_1_807' title='bbox 2757 4509 2926 4565; x_wconf 88' lang='lat' dir='ltr'>semel</span> <span class='ocrx_word' id='word_1_808' title='bbox 2943 4507 3265 4565; x_wconf 87' lang='lat' dir='ltr'>illuminati</span> <span class='ocrx_word' id='word_1_809' title='bbox 3280 4511 3414 4565; x_wconf 87' lang='lat' dir='ltr'>sunt</span> <span class='ocrx_word' id='word_1_810' title='bbox 3437 4521 3632 4579; x_wconf 84' lang='lat' dir='ltr'>rursus</span> <span class='ocrx_word' id='word_1_811' title='bbox 3643 4522 3803 4579; x_wconf 73' lang='lat' dir='ltr'>reno-</span> 
     </span>
    </p>
   </div>
   <div class='ocr_carea' id='block_1_102' title="bbox 2212 4577 3799 4649">
    <p class='ocr_par' dir='ltr' id='par_1_102' title="bbox 2212 4577 3799 4649">
     <span class='ocr_line' id='line_1_105' title="bbox 2212 4577 3799 4649; baseline -0.006 -15"><span class='ocrx_word' id='word_1_812' title='bbox 2212 4579 2366 4646; x_wconf 85' lang='lat' dir='ltr'>vari;</span> <span class='ocrx_word' id='word_1_813' title='bbox 2421 4586 2476 4634; x_wconf 87' lang='lat' dir='ltr'>et</span> <span class='ocrx_word' id='word_1_814' title='bbox 2517 4577 2736 4634; x_wconf 73' lang='lat' dir='ltr'>Graeca:</span> <span class='ocrx_word' id='word_1_815' title='bbox 2797 4594 2962 4635; x_wconf 88' lang='lat' dir='ltr'>voces</span> <span class='ocrx_word' id='word_1_816' title='bbox 2987 4619 3000 4644; x_wconf 94' lang='lat'>,</span> <span class='ocrx_word' id='word_1_817' title='bbox 3069 4581 3393 4649; x_wconf 80' lang='grc' dir='ltr'>φωτισθέντας</span> <span class='ocrx_word' id='word_1_818' title='bbox 3454 4577 3799 4647; x_wconf 71' lang='grc' dir='ltr'>ἀνακαινίζειν,</span> 
     </span>
    </p>
   </div>
   <div class='ocr_carea' id='block_1_103' title="bbox 2213 4649 3783 4791">
    <p class='ocr_par' dir='ltr' id='par_1_103' title="bbox 2213 4649 3783 4791">
     <span class='ocr_line' id='line_1_106' title="bbox 2213 4649 3684 4721; baseline -0.002 -17"><span class='ocrx_word' id='word_1_819' title='bbox 2213 4664 2347 4721; x_wconf 89' lang='lat' dir='ltr'>quas</span> <span class='ocrx_word' id='word_1_820' title='bbox 2374 4665 2636 4719; x_wconf 89' lang='lat' dir='ltr'>usurpare</span> <span class='ocrx_word' id='word_1_821' title='bbox 2665 4650 2840 4705; x_wconf 89' lang='lat' dir='ltr'>solent</span> <span class='ocrx_word' id='word_1_822' title='bbox 2869 4658 3082 4705; x_wconf 88' lang='lat' dir='ltr'>veteres</span> <span class='ocrx_word' id='word_1_823' title='bbox 3111 4650 3180 4704; x_wconf 92' lang='lat' dir='ltr'>de</span> <span class='ocrx_word' id='word_1_824' title='bbox 3213 4649 3507 4719; x_wconf 87' lang='lat' dir='ltr'>baptizatis.</span> <span class='ocrx_word' id='word_1_825' title='bbox 3539 4649 3684 4703; x_wconf 69' lang='lat' dir='ltr'>Pu.</span> 
     </span>
     <span class='ocr_line' id='line_1_107' title="bbox 2288 4718 3783 4791; baseline -0.001 -18"><span class='ocrx_word' id='word_1_826' title='bbox 2288 4721 2404 4791; x_wconf 88' lang='grc'><strong>(11)</strong></span> <span class='ocrx_word' id='word_1_827' title='bbox 2426 4722 2622 4789; x_wconf 85' lang='lat' dir='ltr'>Quales</span> <span class='ocrx_word' id='word_1_828' title='bbox 2641 4722 2703 4777; x_wconf 87' lang='lat' dir='ltr'>in</span> <span class='ocrx_word' id='word_1_829' title='bbox 2724 4720 2957 4776; x_wconf 64' lang='lat' dir='ltr'>Abrahae</span> <span class='ocrx_word' id='word_1_830' title='bbox 2975 4721 3148 4791; x_wconf 79' lang='lat' dir='ltr'>ﬁunt.</span> <span class='ocrx_word' id='word_1_831' title='bbox 3168 4723 3276 4775; x_wconf 85' lang='lat' dir='ltr'>Aut</span> <span class='ocrx_word' id='word_1_832' title='bbox 3294 4728 3474 4775; x_wconf 89' lang='lat' dir='ltr'>mente</span> <span class='ocrx_word' id='word_1_833' title='bbox 3494 4718 3783 4791; x_wconf 88' lang='lat' dir='ltr'>concipien</span> 
     </span>
    </p>
   </div>
   <div class='ocr_carea' id='block_1_104' title="bbox 2211 4790 3806 4862">
    <p class='ocr_par' dir='ltr' id='par_1_104' title="bbox 2211 4790 3806 4862">
     <span class='ocr_line' id='line_1_108' title="bbox 2211 4790 3806 4862; baseline 0.001 -17"><span class='ocrx_word' id='word_1_834' title='bbox 2211 4790 2486 4862; x_wconf 28' lang='lat' dir='ltr'>dum,’aut</span> <span class='ocrx_word' id='word_1_835' title='bbox 2512 4791 2886 4862; x_wconf 79' lang='lat' dir='ltr'>supplendum</span> <span class='ocrx_word' id='word_1_836' title='bbox 2929 4790 3191 4860; x_wconf 86' lang='lat' dir='ltr'>scriptura</span> <span class='ocrx_word' id='word_1_837' title='bbox 3231 4791 3546 4848; x_wconf 89' lang='lat' dir='ltr'>vocabulum</span> <span class='ocrx_word' id='word_1_838' title='bbox 3589 4790 3737 4861; x_wconf 80' lang='lat' dir='ltr'>ﬁlios</span> <span class='ocrx_word' id='word_1_839' title='bbox 3786 4811 3806 4846; x_wconf 92' lang='lat'><strong><em>:</em></strong></span> 
     </span>
    </p>
   </div>
   <div class='ocr_carea' id='block_1_105' title="bbox 2211 4860 3805 4934">
    <p class='ocr_par' dir='ltr' id='par_1_105' title="bbox 2211 4860 3805 4934">
     <span class='ocr_line' id='line_1_109' title="bbox 2211 4860 3805 4934; baseline 0.001 -18"><span class='ocrx_word' id='word_1_840' title='bbox 2211 4861 2400 4916; x_wconf 89' lang='lat' dir='ltr'>alludit</span> <span class='ocrx_word' id='word_1_841' title='bbox 2437 4860 2690 4934; x_wconf 32' lang='lat' dir='ltr'>enim—ad</span> <span class='ocrx_word' id='word_1_842' title='bbox 2726 4861 2858 4918; x_wconf 90' lang='lat' dir='ltr'>illud</span> <span class='ocrx_word' id='word_1_843' title='bbox 2891 4878 2904 4916; x_wconf 94' lang='lat'>:</span> <span class='ocrx_word' id='word_1_844' title='bbox 2942 4862 3106 4934; x_wconf 88' lang='lat' dir='ltr'>Posse</span> <span class='ocrx_word' id='word_1_845' title='bbox 3133 4865 3307 4919; x_wconf 88' lang='lat' dir='ltr'>Deum</span> <span class='ocrx_word' id='word_1_846' title='bbox 3335 4863 3401 4919; x_wconf 89' lang='lat' dir='ltr'>de</span> <span class='ocrx_word' id='word_1_847' title='bbox 3441 4862 3642 4934; x_wconf 81' lang='lat' dir='ltr'>lapidis</span> <span class='ocrx_word' id='word_1_848' title='bbox 3670 4863 3805 4917; x_wconf 83' lang='lat' dir='ltr'>istis</span> 
     </span>
    </p>
   </div>
   <div class='ocr_carea' id='block_1_106' title="bbox 2211 4933 3526 5006">
    <p class='ocr_par' dir='ltr' id='par_1_106' title="bbox 2211 4933 3526 5006">
     <span class='ocr_line' id='line_1_110' title="bbox 2211 4933 3526 5006; baseline 0.001 -18"><span class='ocrx_word' id='word_1_849' title='bbox 2211 4935 2480 5006; x_wconf 84' lang='lat' dir='ltr'>suscitare</span> <span class='ocrx_word' id='word_1_850' title='bbox 2503 4933 2648 5002; x_wconf 84' lang='lat' dir='ltr'>ﬁlios</span> <span class='ocrx_word' id='word_1_851' title='bbox 2669 4933 2904 4992; x_wconf 78' lang='lat' dir='ltr'>Abrahte</span> <span class='ocrx_word' id='word_1_852' title='bbox 2931 4933 3153 5006; x_wconf 83' lang='lat' dir='ltr'>(Matth.</span> <span class='ocrx_word' id='word_1_853' title='bbox 3184 4949 3266 5001; x_wconf 87' lang='grc' dir='ltr'>ιιι,</span> <span class='ocrx_word' id='word_1_854' title='bbox 3297 4935 3374 5005; x_wconf 89' lang='grc'>9).</span> <span class='ocrx_word' id='word_1_855' title='bbox 3401 4933 3526 4989; x_wconf 67' lang='lat' dir='ltr'>me.</span> 
     </span>
    </p>
   </div>
   <div class='ocr_carea' id='block_1_107' title="bbox 2283 5004 3814 5078">
    <p class='ocr_par' dir='ltr' id='par_1_107' title="bbox 2283 5004 3814 5078">
     <span class='ocr_line' id='line_1_111' title="bbox 2283 5004 3814 5078; baseline -0.001 -19"><span class='ocrx_word' id='word_1_856' title='bbox 2283 5004 2396 5073; x_wconf 78' lang='grc'><strong>(12)</strong></span> <span class='ocrx_word' id='word_1_857' title='bbox 2414 5007 2548 5061; x_wconf 88' lang='lat' dir='ltr'>Post</span> <span class='ocrx_word' id='word_1_858' title='bbox 2556 5004 3038 5078; x_wconf 84' lang='lat' dir='ltr'>recuperationem</span> <span class='ocrx_word' id='word_1_859' title='bbox 3052 5011 3105 5061; x_wconf 91' lang='lat' dir='ltr'>et</span> <span class='ocrx_word' id='word_1_860' title='bbox 3118 5004 3601 5076; x_wconf 86' lang='lat' dir='ltr'>reformationem.</span> <span class='ocrx_word' id='word_1_861' title='bbox 3615 5005 3814 5078; x_wconf 82' lang='lat' dir='ltr'>Itaque</span> 
     </span>
    </p>
   </div>
   <div class='ocr_carea' id='block_1_108' title="bbox 2208 5076 3849 5150">
    <p class='ocr_par' dir='ltr' id='par_1_108' title="bbox 2208 5076 3849 5150">
     <span class='ocr_line' id='line_1_112' title="bbox 2208 5076 3849 5150; baseline 0.001 -20"><span class='ocrx_word' id='word_1_862' title='bbox 2208 5076 2805 5150; x_wconf 39' lang='lat' dir='ltr'>recuperationem—hic</span> <span class='ocrx_word' id='word_1_863' title='bbox 2822 5076 3067 5150; x_wconf 81' lang='lat' dir='ltr'>dicitpro</span> <span class='ocrx_word' id='word_1_864' title='bbox 3087 5077 3382 5134; x_wconf 88' lang='lat' dir='ltr'>curatione</span> <span class='ocrx_word' id='word_1_865' title='bbox 3401 5081 3461 5150; x_wconf 80' lang='lat' dir='ltr'>et</span> <span class='ocrx_word' id='word_1_866' title='bbox 3477 5076 3808 5150; x_wconf 74' lang='lat' dir='ltr'>sanatigne,</span> <span class='ocrx_word' id='word_1_867' title='bbox 3843 5146 3849 5150; x_wconf 90' lang='lat'>_</span> 
     </span>
    </p>
   </div>
   <div class='ocr_carea' id='block_1_109' title="bbox 2208 5146 3806 5220">
    <p class='ocr_par' dir='ltr' id='par_1_109' title="bbox 2208 5146 3806 5220">
     <span class='ocr_line' id='line_1_113' title="bbox 2208 5146 3806 5220; baseline 0.001 -20"><span class='ocrx_word' id='word_1_868' title='bbox 2208 5155 2266 5202; x_wconf 88' lang='lat' dir='ltr'>ut</span> <span class='ocrx_word' id='word_1_869' title='bbox 2287 5146 2454 5220; x_wconf 80' lang='lat' dir='ltr'>supra</span> <span class='ocrx_word' id='word_1_870' title='bbox 2481 5148 2914 5204; x_wconf 87' lang='lat' dir='ltr'>immunditiam</span> <span class='ocrx_word' id='word_1_871' title='bbox 2943 5147 3078 5203; x_wconf 85' lang='lat' dir='ltr'>dixit</span> <span class='ocrx_word' id='word_1_872' title='bbox 3113 5148 3629 5220; x_wconf 77' lang='lat' dir='ltr'>irrecuperabilem.</span> <span class='ocrx_word' id='word_1_873' title='bbox 3663 5146 3806 5220; x_wconf 63' lang='lat' dir='ltr'>Illa.</span> 
     </span>
    </p>
   </div>
   <div class='ocr_carea' id='block_1_110' title="bbox 2279 5217 3815 5292">
    <p class='ocr_par' dir='ltr' id='par_1_110' title="bbox 2279 5217 3815 5292">
     <span class='ocr_line' id='line_1_114' title="bbox 2279 5217 3815 5292; baseline -0.006 -13"><span class='ocrx_word' id='word_1_874' title='bbox 2279 5217 2395 5290; x_wconf 69' lang='lat'>(13)</span> <span class='ocrx_word' id='word_1_875' title='bbox 2428 5222 2500 5292; x_wconf 76' lang='lat' dir='ltr'>De</span> <span class='ocrx_word' id='word_1_876' title='bbox 2528 5220 2792 5292; x_wconf 85' lang='lat' dir='ltr'>pristinis</span> <span class='ocrx_word' id='word_1_877' title='bbox 2816 5221 3030 5292; x_wconf 82' lang='lat' dir='ltr'>caussis</span> <span class='ocrx_word' id='word_1_878' title='bbox 3053 5217 3350 5292; x_wconf 63' lang='lat' dir='ltr'>aliquidet</span> <span class='ocrx_word' id='word_1_879' title='bbox 3379 5221 3640 5274; x_wconf 84' lang='lat' dir='ltr'>maculis.</span> <span class='ocrx_word' id='word_1_880' title='bbox 3662 5217 3815 5272; x_wconf 81' lang='lat' dir='ltr'>Lati-</span> 
     </span>
    </p>
   </div>
   <div class='ocr_carea' id='block_1_111' title="bbox 2206 5288 3810 5354">
    <p class='ocr_par' dir='ltr' id='par_1_111' title="bbox 2206 5288 3810 5354">
     <span class='ocr_line' id='line_1_115' title="bbox 2206 5288 3810 5354; baseline -0.001 -11"><span class='ocrx_word' id='word_1_881' title='bbox 2206 5288 2329 5343; x_wconf 88' lang='lat' dir='ltr'>nius</span> <span class='ocrx_word' id='word_1_882' title='bbox 2372 5288 2714 5346; x_wconf 81' lang='lat' dir='ltr'>scribendum</span> <span class='ocrx_word' id='word_1_883' title='bbox 2763 5291 2972 5346; x_wconf 91' lang='lat' dir='ltr'>monuit</span> <span class='ocrx_word' id='word_1_884' title='bbox 3017 5288 3188 5347; x_wconf 79' lang='lat' dir='ltr'>cavis.</span> <span class='ocrx_word' id='word_1_885' title='bbox 3236 5290 3358 5345; x_wconf 88' lang='lat' dir='ltr'>Non</span> <span class='ocrx_word' id='word_1_886' title='bbox 3407 5294 3624 5354; x_wconf 89' lang='lat' dir='ltr'>temere,</span> <span class='ocrx_word' id='word_1_887' title='bbox 3679 5305 3810 5343; x_wconf 88' lang='lat' dir='ltr'>nam</span> 
     </span>
    </p>
   </div>
   <div class='ocr_carea' id='block_1_112' title="bbox 2206 5361 3812 5435">
    <p class='ocr_par' dir='ltr' id='par_1_112' title="bbox 2206 5361 3812 5435">
     <span class='ocr_line' id='line_1_116' title="bbox 2206 5361 3812 5435; baseline 0.001 -21"><span class='ocrx_word' id='word_1_888' title='bbox 2206 5375 2371 5435; x_wconf 85' lang='lat' dir='ltr'>supra</span> <span class='ocrx_word' id='word_1_889' title='bbox 2401 5362 2628 5435; x_wconf 83' lang='lat' dir='ltr'>legimus</span> <span class='ocrx_word' id='word_1_890' title='bbox 2655 5362 2908 5435; x_wconf 81' lang='lat' dir='ltr'>maculas</span> <span class='ocrx_word' id='word_1_891' title='bbox 2937 5367 2993 5418; x_wconf 91' lang='lat' dir='ltr'>et</span> <span class='ocrx_word' id='word_1_892' title='bbox 3021 5363 3370 5435; x_wconf 81' lang='lat' dir='ltr'>cavositates.</span> <span class='ocrx_word' id='word_1_893' title='bbox 3401 5361 3588 5435; x_wconf 75' lang='lat' dir='ltr'>Visum</span> <span class='ocrx_word' id='word_1_894' title='bbox 3621 5368 3812 5435; x_wconf 76' lang='lat' dir='ltr'>tamen</span> 
     </span>
    </p>
   </div>
   <div class='ocr_carea' id='block_1_113' title="bbox 2207 5431 3809 5505">
    <p class='ocr_par' dir='ltr' id='par_1_113' title="bbox 2207 5431 3809 5505">
     <span class='ocr_line' id='line_1_117' title="bbox 2207 5431 3809 5505; baseline -0.001 -18"><span class='ocrx_word' id='word_1_895' title='bbox 2207 5432 2429 5488; x_wconf 89' lang='lat' dir='ltr'>retineri</span> <span class='ocrx_word' id='word_1_896' title='bbox 2454 5431 2710 5498; x_wconf 61' lang='lat' dir='ltr'>&#39;caussis,</span> <span class='ocrx_word' id='word_1_897' title='bbox 2741 5433 2994 5505; x_wconf 73' lang='lat' dir='ltr'>quiaboc</span> <span class='ocrx_word' id='word_1_898' title='bbox 3034 5433 3295 5505; x_wconf 81' lang='lat' dir='ltr'>vocabulo</span> <span class='ocrx_word' id='word_1_899' title='bbox 3336 5432 3634 5505; x_wconf 80' lang='lat' dir='ltr'>Septimius</span> <span class='ocrx_word' id='word_1_900' title='bbox 3683 5431 3809 5486; x_wconf 84' lang='lat' dir='ltr'>fre-</span> 
     </span>
    </p>
   </div>
   <div class='ocr_carea' id='block_1_114' title="bbox 561 5495 3814 5577">
    <p class='ocr_par' dir='ltr' id='par_1_114' title="bbox 561 5495 3814 5577">
     <span class='ocr_line' id='line_1_118' title="bbox 561 5495 3814 5577; baseline 0.001 -22"><span class='ocrx_word' id='word_1_901' title='bbox 561 5495 692 5575; x_wconf 37' lang='lat' dir='ltr'>.(t&#39;O)</span> <span class='ocrx_word' id='word_1_902' title='bbox 728 5495 1026 5577; x_wconf 78' lang='lat' dir='ltr'>Nunquam</span> <span class='ocrx_word' id='word_1_903' title='bbox 1061 5501 1268 5577; x_wconf 74' lang='lat' dir='ltr'>mwcho</span> <span class='ocrx_word' id='word_1_904' title='bbox 1297 5505 1354 5577; x_wconf 81' lang='lat' dir='ltr'>et</span> <span class='ocrx_word' id='word_1_905' title='bbox 1390 5499 1748 5577; x_wconf 73' lang='lat' dir='ltr'>fornicatori,</span> <span class='ocrx_word' id='word_1_906' title='bbox 1778 5495 2096 5577; x_wconf 76' lang='lat' dir='ltr'>etc._Quem</span> <span class='ocrx_word' id='word_1_907' title='bbox 2202 5512 2428 5577; x_wconf 86' lang='lat' dir='ltr'>quenter</span> <span class='ocrx_word' id='word_1_908' title='bbox 2468 5515 2523 5561; x_wconf 89' lang='lat' dir='ltr'>et</span> <span class='ocrx_word' id='word_1_909' title='bbox 2564 5495 2711 5561; x_wconf 78' lang='lat' dir='ltr'>labes</span> <span class='ocrx_word' id='word_1_910' title='bbox 2745 5495 2799 5560; x_wconf 76' lang='grc' dir='ltr'>ἐι</span> <span class='ocrx_word' id='word_1_911' title='bbox 2835 5503 2965 5577; x_wconf 78' lang='lat' dir='ltr'>vitia</span> <span class='ocrx_word' id='word_1_912' title='bbox 3005 5503 3297 5577; x_wconf 78' lang='lat' dir='ltr'>signiﬁcat.</span> <span class='ocrx_word' id='word_1_913' title='bbox 3343 5495 3434 5560; x_wconf 79' lang='lat' dir='ltr'>Sic</span> <span class='ocrx_word' id='word_1_914' title='bbox 3467 5519 3632 5577; x_wconf 79' lang='lat' dir='ltr'>supra</span> <span class='ocrx_word' id='word_1_915' title='bbox 3662 5517 3814 5575; x_wconf 82' lang='lat' dir='ltr'>quas</span> 
     </span>
    </p>
   </div>
   <div class='ocr_carea' id='block_1_115' title="bbox 504 5568 2095 5645">
    <p class='ocr_par' dir='ltr' id='par_1_115' title="bbox 504 5568 2095 5645">
     <span class='ocr_line' id='line_1_119' title="bbox 504 5568 2095 5645; baseline 0 -19"><span class='ocrx_word' id='word_1_916' title='bbox 504 5568 713 5630; x_wconf 78' lang='lat' dir='ltr'>Auctor</span> <span class='ocrx_word' id='word_1_917' title='bbox 754 5568 1038 5645; x_wconf 82' lang='lat' dir='ltr'>perperam</span> <span class='ocrx_word' id='word_1_918' title='bbox 1085 5574 1155 5645; x_wconf 88' lang='lat' dir='ltr'>de</span> <span class='ocrx_word' id='word_1_919' title='bbox 1198 5568 1516 5645; x_wconf 69' lang='lat' dir='ltr'>paenitentia</span> <span class='ocrx_word' id='word_1_920' title='bbox 1552 5569 1785 5645; x_wconf 77' lang='lat' dir='ltr'>secunda</span> <span class='ocrx_word' id='word_1_921' title='bbox 1832 5569 2095 5645; x_wconf 88' lang='lat' dir='ltr'>interpre-</span> 
     </span>
    </p>
   </div>
   <div class='ocr_carea' id='block_1_116' title="bbox 508 5639 2092 5717">
    <p class='ocr_par' dir='ltr' id='par_1_116' title="bbox 508 5639 2092 5717">
     <span class='ocr_line' id='line_1_120' title="bbox 508 5639 2092 5717; baseline 0.004 -22"><span class='ocrx_word' id='word_1_922' title='bbox 508 5649 648 5699; x_wconf 85' lang='lat' dir='ltr'>tatur</span> <span class='ocrx_word' id='word_1_923' title='bbox 684 5639 872 5702; x_wconf 76' lang='lat' dir='ltr'>locum</span> <span class='ocrx_word' id='word_1_924' title='bbox 897 5649 1012 5717; x_wconf 88' lang='lat' dir='ltr'>jam</span> <span class='ocrx_word' id='word_1_925' title='bbox 1049 5639 1270 5704; x_wconf 81' lang='lat' dir='ltr'>citatum</span> <span class='ocrx_word' id='word_1_926' title='bbox 1307 5640 1488 5715; x_wconf 83' lang='lat' dir='ltr'>(Hebr.</span> <span class='ocrx_word' id='word_1_927' title='bbox 1521 5639 1628 5714; x_wconf 78' lang='lat' dir='ltr'>vr),</span> <span class='ocrx_word' id='word_1_928' title='bbox 1657 5640 1746 5699; x_wconf 89' lang='lat' dir='ltr'>alii</span> <span class='ocrx_word' id='word_1_929' title='bbox 1781 5639 1987 5703; x_wconf 81' lang='lat' dir='ltr'>veteres</span> <span class='ocrx_word' id='word_1_930' title='bbox 2023 5644 2092 5702; x_wconf 89' lang='lat' dir='ltr'>de</span> 
     </span>
    </p>
   </div>
   <div class='ocr_carea' id='block_1_117' title="bbox 2205 5573 3811 5645">
    <p class='ocr_par' dir='ltr' id='par_1_117' title="bbox 2205 5573 3811 5645">
     <span class='ocr_line' id='line_1_121' title="bbox 2205 5573 3811 5645; baseline -0.001 -16"><span class='ocrx_word' id='word_1_931' title='bbox 2205 5576 2413 5632; x_wconf 83' lang='lat' dir='ltr'>dixerat</span> <span class='ocrx_word' id='word_1_932' title='bbox 2461 5592 2697 5645; x_wconf 87' lang='lat' dir='ltr'>caussas,</span> <span class='ocrx_word' id='word_1_933' title='bbox 2755 5573 2987 5645; x_wconf 85' lang='lat' dir='ltr'>explicat</span> <span class='ocrx_word' id='word_1_934' title='bbox 3039 5573 3348 5640; x_wconf 74' lang='lat' dir='ltr'>schismata,</span> <span class='ocrx_word' id='word_1_935' title='bbox 3403 5573 3811 5638; x_wconf 67' lang='lat' dir='ltr'>aemulationes,</span> 
     </span>
    </p>
   </div>
   <div class='ocr_carea' id='block_1_118' title="bbox 2203 5644 3396 5721">
    <p class='ocr_par' dir='ltr' id='par_1_118' title="bbox 2203 5644 3396 5721">
     <span class='ocr_line' id='line_1_122' title="bbox 2203 5644 3396 5721; baseline -0.002 -17"><span class='ocrx_word' id='word_1_936' title='bbox 2203 5647 2588 5715; x_wconf 86' lang='lat' dir='ltr'>dissensiones,</span> <span class='ocrx_word' id='word_1_937' title='bbox 2619 5644 3088 5721; x_wconf 86' lang='lat' dir='ltr'>praesumptiones,</span> <span class='ocrx_word' id='word_1_938' title='bbox 3118 5653 3222 5705; x_wconf 89' lang='lat' dir='ltr'>etc.</span> <span class='ocrx_word' id='word_1_939' title='bbox 3266 5648 3396 5705; x_wconf 77' lang='lat' dir='ltr'>Rm.</span> 
     </span>
    </p>
   </div>
  </div>
