4058 6172
343 325 480 387 1077

335 454 604 526 baptisma
647 461 702 512 et
728 454 1007 512 introitum
1054 452 1399 511 sacerdotum
1438 453 1788 524 reformatus,
1827 455 1930 512 de—

335 560 446 600 nuo
495 546 718 602 resumit
765 546 953 602 scabra
999 551 1055 601 et
1084 545 1317 601 maculas
1359 544 1557 618 carnis,
1590 552 1645 602 et
1682 546 1930 616 abjicitur

332 644 484 692 extra
524 635 794 693 civitatem
838 634 895 690 in
943 635 1122 692 locum
1163 634 1530 704 immundum;
1565 636 1779 693 deditus
1824 636 1928 694 sci-

334 724 458 780 licet
509 724 721 781 Satanae
763 724 821 780 in
849 724 1028 780 carnis
1071 723 1348 781 interitum
1399 725 1446 795 (Ι
1491 725 1613 782 Cor.
1655 740 1714 792 v,
1747 727 1800 791 4,
1831 729 1924 797 5);

336 830 440 871 nec
498 814 731 885 amplius
761 812 1119 870 resediﬁcatur
1172 814 1227 870 in
1254 813 1496 870 Ecclesia
1526 822 1648 884 post
1696 816 1926 870 ruinam.

334 903 425 960 Sic
455 910 508 960 et
554 903 624 960 de
653 903 868 959 famulae
910 903 1220 975 concubitu,
1253 920 1377 976 quae
1413 903 1616 961 homini
1663 911 1808 960 esset
1836 920 1928 960 re-

337 1001 569 1060 servata,
603 993 827 1049 necdum
882 993 1182 1064 redempta,
1213 991 1445 1048 necdum
1483 991 1712 1048 liberata
1743 1010 1756 1048 :
1789 995 1928 1050 Pro-

333 1082 628 1154 spicietur,
659 1081 851 1153 inquit,
882 1082 994 1148 illi,
1037 1087 1090 1139 et
1118 1097 1234 1138 non
1271 1083 1550 1138 morietur
1584 1083 1772 1152 (Leuit.
1803 1097 1928 1150 xxx,

335 1170 450 1242 20),
503 1170 630 1242 quia
678 1169 922 1226 nondum
971 1177 1055 1226 est
1083 1169 1414 1226 manumissa
1459 1170 1546 1227 cui
1591 1173 1926 1229 servabatur.

332 1259 592 1316 Nondum
624 1259 769 1315 enim
828 1274 954 1316 caro
983 1275 1015 1314 a
1043 1260 1258 1316 Christo
1304 1260 1649 1328 manumissa,
1690 1261 1777 1318 cui
1821 1277 1932 1319 ser-

331 1346 581 1412 vabatur,
629 1345 854 1419 impune
920 1350 1407 1417 contaminabatur,
1451 1348 1525 1408 ita
1577 1351 1687 1422 jam
1731 1367 1927 1408 manu-

330 1431 494 1489 missa
521 1449 630 1492 non
670 1435 834 1493 habet
861 1437 1070 1492 veniam
1102 1438 1239 1510 (14).

925 1525 1149 1584 CAPUT
1172 1527 1327 1584 XXI.

399 1613 527 1670 Haec
550 1611 598 1668 si
625 1613 856 1687 apostoli
885 1615 1066 1689 magis
1097 1624 1309 1686 norant,
1342 1616 1513 1688 magis
1538 1618 1730 1690 utique
1760 1632 1918 1674 cura-
1954 1647 1999 1725 Β

401 1709 454 1725 ..Δ
509 1702 613 1725 ΩΑ]
648 1710 692 1725 ,Α
725 1703 774 1725 Σ..
806 1705 949 1725 L____-
990 1707 1086 1725 '__-
1140 1705 1350 1725 ____I4__-
1399 1707 1517 1725 1--.;
1555 1723 1662 1725 ,__U_
1732 1723 1812 1725 ,ΝΑ
1858 1723 1879 1725 μ

327 1702 479 1758 bant.
509 1702 614 1758 Sed
642 1710 696 1758 et
723 1703 778 1758 in
806 1705 954 1761 hunc
982 1707 1092 1776 jam
1131 1705 1356 1777 gradum
1385 1707 1692 1778 decurram,
1722 1723 1916 1762 excer-

327 1805 470 1846 nens
499 1790 613 1859 (15)
629 1790 767 1846 inter
789 1793 1088 1849 doctrinam
1112 1794 1484 1864 apostolorum
1503 1803 1557 1850 et
1572 1799 1921 1868 potestatem.

327 1876 624 1950 Disciplina
678 1879 951 1936 hominem
1010 1882 1297 1954 gubernat,
1356 1893 1602 1953 potestas
1657 1885 1920 1960 assignat,

325 1980 576 2021 seorsum
626 1967 773 2037 quod
819 1977 1078 2039 potestas,
1120 1968 1343 2042 spiritus
1389 1979 1564 2027 autem
1594 1973 1737 2028 Deus
1783 1971 1921 2044 (16).

326 2051 471 2122 Quid
526 2061 706 2110 autem
734 2055 1000 2113 docebat?
1048 2073 1155 2114 non
1193 2059 1702 2116 communicandum
1741 2061 1922 2132 Operi-

322 2142 431 2197 bus
459 2142 805 2199 tenebrarum
839 2146 1056 2218 (Ephes.
1082 2163 1140 2213 v,
1172 2149 1279 2217 11).
1305 2147 1546 2205 Observa
1573 2151 1721 2221 quod
1746 2149 1920 2219 jubet.

325 2228 466 2298 Quis
511 2237 687 2284 autem
737 2239 952 2302 poterat
989 2234 1194 2290 donare
1230 2234 1466 2291 delicta?
1506 2235 1607 2293 hoc
1633 2237 1800 2293 solius
1828 2237 1921 2310 ip-

323 2317 439 2372 sius
469 2325 552 2374 est
579 2317 715 2390 (1'7).
755 2319 891 2388 Quis
939 2323 1092 2377 enim
1121 2322 1364 2379 dimittit
1392 2324 1620 2389 delicta,
1655 2326 1719 2381 ni
1769 2327 1924 2382 solus

325 2410 474 2464 Deus
504 2406 620 2479 (18)
677 2406 868 2476 (Marc.
901 2423 960 2476 ιι,
1001 2409 1097 2479 '7)?
1124 2417 1177 2465 et
1221 2410 1408 2482 utique
1437 2411 1681 2468 mortalia
1718 2428 1839 2483 quae
1868 2413 1923 2466 in

323 2496 507 2568 ipsum
537 2495 736 2551 fuerint
765 2495 1004 2552 admissa
1029 2508 1082 2553 et
1111 2499 1166 2553 in
1198 2499 1457 2571 templum
1487 2503 1634 2570 ejus;
1669 2517 1792 2556 nam
1827 2501 1920 2556 tibi

323 2601 448 2655 quae
476 2584 532 2638 in
563 2592 614 2640 te
652 2591 859 2640 reatum
905 2586 1152 2653 habeant,
1188 2587 1349 2643 etiam
1386 2589 1694 2663 septuagies
1723 2589 1923 2660 septies

318 2673 529 2744 juberis
555 2673 830 2744 indulgere
877 2672 1098 2731 I021
1146 2675 1200 2730 in
1229 2691 1462 2746 persona
1503 2678 1642 2732 Petri
1692 2678 1917 2750 (Matth.

326 2777 488 2826 xvm,
527 2763 639 2831 22).
685 2763 884 2833 Itaque,
918 2763 964 2818 si
1011 2772 1065 2819 et
1093 2763 1241 2834 ipsos
1284 2764 1476 2821 beatos
1512 2765 1786 2836 apostolos
1818 2766 1922 2822 tale

1649 325 1846 388 LIBER
1875 320 1962 388 DE
1998 323 2346 392 PUDICITIA.

3495 331 3633 394 1078

2042 473 2199 514 nemo
2236 458 2343 515 nisi
2375 459 2646 527 Christus;
2677 459 2788 515 imo
2821 465 2876 516 et
2911 457 3098 532 plagas
3125 459 3454 533 inflixerunt,
3485 464 3632 536 quod

2042 549 2214 605 noluit
2243 549 2506 608 Christus.
2538 551 2657 606 Non
2682 548 2827 619 enim
2883 549 3110 605 decebat
3135 565 3259 606 eum
3289 552 3502 625 saevire,
3535 554 3631 626 qui

2038 638 2144 710 pati
2165 648 2400 696 venerat.
2417 639 2708 696 Percussus
2723 647 2806 694 est
2825 638 3068 694 Ananias
3082 647 3134 694 et
3153 631 3372 706 Elimas,
3391 643 3632 698 Ananiae

2038 733 2228 794 morte,
2245 729 2446 786 Elimas
2462 729 2855 799 caecitate(.4ct.
2875 744 2932 793 ν,
2957 731 2990 783 5
3005 745 3162 799 ςχιιι,
3187 730 3295 800 11),
3311 737 3371 786 ut
3391 729 3494 786 hoc
3511 731 3630 802 ipso

2037 818 2354 886 probaretur
2398 818 2450 858 99
2478 818 2749 874 Christum
2795 824 2847 872 et
2879 818 2992 873 haec
3041 817 3215 872 facere
3243 819 3503 888 potuisse.
3540 820 3632 875 Sic

2037 915 2091 963 et
2119 907 2398 978 prophetae
2439 908 2647 965 caedem
2690 914 2739 962 et
2771 923 2896 962 cum
2931 921 2995 962 ea
3031 907 3322 963 moechiam
3360 909 3629 981 paeniten-

2018 992 2182 1052 'tibus
2229 997 2570 1070 ignoverunt,
2597 996 2724 1069 quia
2766 1003 2819 1051 et
2847 996 3151 1052 severitatis
3195 995 3519 1052 documenta
3550 998 3632 1054 fe-

2036 1093 2241 1141 cerunt.
2273 1086 2490 1142 Exhibe
2517 1085 2685 1160 igitur
2716 1094 2769 1142 et
2795 1084 3120 1155 nunc-mihi,
3153 1085 3446 1155 apostolice
3487 1087 3630 1157 (19),

2035 1174 2348 1245 prophetica
2392 1175 2664 1246 exempla,
2695 1181 2750 1230 et
2792 1187 3083 1244 agnoscam
3127 1172 3457 1230 divinitatem
3487 1173 3625 1245 (20),

2035 1269 2091 1318 et
2117 1261 2328 1320 vindica
2356 1261 2455 1320 tibi
2470 1261 2795 1319 delictorum
2820 1259 3153 1331 ejuscemodi
3182 1260 3628 1318 remittendorum

2033 1357 2370 1422 potestatem.
2401 1349 2557 1422 Quod
2587 1351 2632 1406 si
2660 1348 2956 1421 disciplinae
3003 1336 3174 1405 solius
3201 1347 3378 1407 officia
3406 1349 3629 1406 sortitus

2033 1453 2112 1506 es,
2141 1453 2246 1495 nec
2271 1438 2499 1510 imperio
2564 1436 2877 1508 praesidere,
2906 1435 3001 1490 sed
3029 1435 3349 1503 ministerio,
3378 1437 3502 1509 quis
3537 1443 3629 1491 aut

2032 1535 2270 1599 quantus
2325 1543 2386 1583 es
2423 1526 2746 1599 indulgere?
2783 1525 2877 1597 qui
2932 1539 3110 1594 neque
3150 1527 3486 1596 prephetam,
3529 1541 3631 1581 nec

2031 1616 2336 1686 apostolum
2367 1615 2646 1680 exhibens,
2679 1630 2830 1673 cares
2855 1629 2919 1670 ea
2946 1613 3141 1670 virtute
3167 1615 3322 1684 cujus
3340 1621 3423 1670 est
3451 1613 3631 1668 indul-

2031 1703 2201 1776 gere?
2231 1703 2339 1760 Sed
2371 1705 2551 1770 habet,
2581 1703 2783 1776 inquis,
2808 1711 3129 1774 potestatein
3158 1703 3402 1760 Ecclesia
3430 1703 3630 1760 delicta

2029 1792 2286 1849 donandi.
2322 1793 2436 1848 Hoc
2465 1807 2569 1866 ego
2601 1791 2775 1865 magis
2805 1797 2860 1846 et
2890 1805 3130 1863 agnosco
3169 1799 3225 1847 et
3251 1791 3502 1864 dispono,
3535 1790 3628 1864 qui

2031 1883 2207 1953 ipsum
2236 1883 2570 1940 Paracletum
2621 1882 2675 1937 in
2705 1881 2988 1954 prophetis
3033 1881 3190 1938 novis
3218 1881 3392 1938 habeo
3441 1882 3630 1938 dicen-

2033 1977 2142 2028 tem
2169 1988 2183 2026 :
2217 1971 2404 2028 Potest
2427 1969 2672 2027 Ecclesia
2700 1970 2908 2024 donare
2965 1967 3242 2036 delictum,
3275 1968 3374 2024 sed
3405 1984 3514 2024 non
3543 1968 3628 2023 fa-

2031 2060 2189 2124 ciam,
2222 2075 2290 2114 ne
2321 2067 2377 2114 et
2402 2059 2505 2113 alia
2533 2058 2865 2131 delinquant.
2897 2055 3064 2126 Quid,
3093 2054 3140 2111 si
3179 2056 3626 2128 pseudoprOphe-

2033 2148 2170 2204 ticus
2184 2148 2408 2220 spiritus
2427 2146 2796 2219 pronuntiavit
2808 2144 2893 2218 (21
2910 2146 2965 2217 )‘I
2981 2144 3142 2219 Atqui
3166 2145 3338 2220 magis
3356 2146 3630 2202 eversoris

2033 2236 2243 2307 fuisset,
2312 2244 2366 2292 et
2423 2235 2774 2308 semetipsum
2857 2235 2925 2290 de
2989 2233 3275 2290 clementia
3351 2248 3628 2290 commen-

2031 2325 2182 2390 dare,
2225 2331 2278 2380 et
2311 2329 2538 2380 caeteros
2579 2323 2645 2377 ad
2691 2322 3110 2394 delinquentiam
3163 2331 3480 2393 temperare.
3522 2322 3629 2379 Aut

2032 2412 2078 2466 si
2107 2421 2158 2468 et
2185 2415 2290 2468 hoc
2334 2412 2636 2467 secundum
2665 2409 2914 2481 spiritum
2959 2409 3200 2466 veritatis
3230 2410 3482 2467 affectare
3504 2427 3629 2482 ges-

2033 2500 2168 2569 tivit,
2198 2516 2330 2572 ergo
2357 2501 2576 2570 spiritus
2605 2497 2838 2554 veritatis
2863 2504 3042 2570 potest
3073 2497 3293 2568 quidem
3338 2499 3628 2572 indulgere

2031 2589 2449 2646 fornicatoribus
2470 2586 2689 2646 I095
2710 2586 2942 2652 veniam,
2966 2587 3065 2643 sed
3080 2602 3204 2642 cum
3222 2586 3457 2658 plurium
3480 2587 3626 2643 malo

2031 2692 2142 2732 non
2188 2678 2321 2735 vult.
2373 2679 2451 2732 De
2483 2686 2571 2730 tua
2619 2692 2759 2730 nunc
2789 2675 3060 2731 sententia
3104 2691 3312 2748 quaero,
3344 2675 3487 2731 unde
3521 2678 3628 2732 hoc

2032 2767 2120 2836 jus
2147 2765 2400 2821 Ecclesiae
2438 2779 2690 2834 usurpes.
2738 2763 2816 2831 Si,
2845 2762 2974 2832 quia
3007 2763 3205 2818 dixerit
3244 2763 3402 2818 Petro
3432 2765 3625 2819 Domi-

326 2849 531 2918 aliquid
586 2850 877 2906 indulsisse
919 2852 972 2891 98
1007 2859 1300 2920 constaret,
1333 2853 1492 2923 cujus
1532 2853 1693 2909 venia
1720 2869 1750 2907 a
1779 2854 1918 2920 Deo,
1955 2874 1998 2952 ε
2025 2869 2129 2910 nus
2151 2870 2165 2909 :
2187 2856 2366 2926 Super
2387 2854 2532 2909 hanc
2543 2858 2764 2925 petram
2786 2851 3068 2920 aediﬁcabo
3085 2853 3623 2919 Ecclesiammeam;

327 2954 437 2994 non
465 2938 532 2992 ab
585 2938 822 3002 homine,
857 2948 1204 3010 competeret,
1237 2957 1347 2997 non
1375 2957 1441 2997 ex
1485 2941 1788 3014 disciplina,
1825 2943 1917 2999 sed

323 3042 390 3081 ex
422 3033 684 3097 potestate
712 3026 923 3084 fecisse.
981 3029 1116 3083 Nam
1148 3037 1201 3086 et
1228 3039 1474 3086 mortuos
1503 3029 1917 3098 suscitaverunt,

323 3115 472 3189 quod
501 3116 648 3173 Deus
675 3115 857 3186 solus;
900 3124 954 3173 et
979 3116 1186 3175 debiles
1216 3119 1742 3192 redintegraverunt,
1772 3120 1922 3192 quod

2031 2943 2133 2998 tibi
2161 2942 2285 3000 dedi
2302 2943 2486 2999 claves
2501 2942 2660 3013 regni
2679 2941 2936 3005 scelestis,
2956 2938 3040 2996 vel
3057 2958 3070 2994 :
3103 2940 3473 3012 Quaecumque
3494 2941 3626 2995 alli-

2028 3033 2242 3104 gaveris
2260 3030 2587 3087 velsolveris
2604 3031 2853 3093 interra,
2879 3032 3050 3085 erunt
3067 3029 3307 3102 alligata
3326 3029 3412 3084 vel
3431 3030 3625 3086 soluta

2027 3122 2094 3177 in
2118 3120 2273 3178 cazlis
2313 3118 2537 3192 (Matth.
2595 3133 2722 3188 xvx,
2753 3121 2840 3188 18,
2877 3117 2997 3189 19);
3030 3118 3232 3176 idcirco
3261 3118 3545 3190 praesumis
3571 3125 3624 3175 et

1689 3243 1884 3308 Varia:
1929 3249 2222 3309 lectiones
2237 3294 2253 3310 .

396 3320 450 3359 98
484 3319 542 3376 Si
568 3328 623 3377 et
648 3319 783 3394 ipsis
805 3321 978 3379 beatis
1003 3321 1334 3394 apostolis...
1365 3321 1679 3380 indulsisset
1712 3327 1842 3382 Par.
1889 3325 1942 3364 99
1979 3325 2160 3394 Ipsum
2192 3323 2449 3394 probaret
2475 3324 2609 3381 Par.

1727 3395 2226 3461 Commentarius.

397 3496 449 3584 (1
533 3499 658 3556 1am
677 3501 1030 3584 manu-inissa
1049 3516 1166 3584 non
1184 3499 1349 3584 habet
1371 3501 1614 3584 veniam.
1639 3501 1804 3584 Atqui
1823 3517 1920 3557 ne.

2028 3503 2210 3560 Filius
2229 3502 2488 3575 hominis
2499 3501 2660 3560 habet
2677 3505 3021 3575 potestatem
3041 3503 3104 3559 in
3125 3505 3282 3558 terra
3294 3499 3624 3575 dimittendi

323 3583 434 3642 que
463 3569 555 3645 hic
583 3579 724 3645 recte
749 3573 1034 3645 concludit
1057 3571 1263 3645 Auctor
1291 3578 1414 3642 post
1442 3569 1916 3645 manumissionem
2021 3578 2278 3645 peccata,
2310 3581 2413 3645 etc.
2446 3574 2515 3628 Et
2545 3569 2693 3645 vero'
2718 3573 2964 3631 eamdem
3019 3578 3342 3645 potestatem
3365 3574 3624 3645 apostolis

324 3657 440 3696 non
468 3642 663 3714 haberi
680 3641 888 3699 veniam
916 3643 1185 3709 adulterii,
1213 3641 1458 3714 eo’quod
1484 3643 1576 3698 illa
1604 3644 1804 3699 famula
1834 3661 1919 3700 re-
2021 3641 2461 3710 communicavit,
2506 3643 2703 3700 Matth.
2755 3657 2918 3709 xvm,
2971 3641 3058 3710 18,
3091 3652 3145 3698 et
3175 3641 3414 3698 maxime
3459 3644 3622 3700 Joan.

326 3719 566 3793 servata,
616 3711 668 3767 id
718 3720 800 3768 est
851 3715 1188 3793 desponsata.
1219 3711 1345 3793 erat
1376 3715 1532 3769 alteri
1578 3714 1731 3782 viro;
1773 3715 1918 3793 quod

327 3798 440 3855 non
471 3784 858 3855 incurreretur,
883 3786 929 3840 si
948 3784 1282 3841 manumissa
1318 3791 1528 3841 tantum
1553 3796 1727 3855 esset;
1760 3784 1812 3842 et
1839 3788 1919 3843 sic

326 3854 461 3908 nihil
490 3853 558 3909 ad
587 3853 885 3911 institutum
916 3857 1186 3913 Auctoris.
1218 3857 1360 3912 PAM.

395 3925 513 4065 (15)
547 3927 870 3984 Excernens
897 3942 996 3997 pro
1025 3928 1370 3983 discernens.
1413 3928 1550 3982 Plut.

423 3999 512 4065 16)
533 3998 850 4065 Disciplina
870 3999 1152 4054 hominem
1179 3997 1491 4065 gubernat;
1511 4015 1546 4065 p

423 3999 512 4065 16)
533 3998 850 4069 Disciplina
870 3999 1152 4054 hominem
1179 3997 1491 4069 gubernat;
1510 4002 1758 4069 potestas
1777 4000 1916 4054 assi-

2024 3730 2128 3781 xx,
2160 3719 2228 3771 23
2262 3734 2275 3770 :
2315 3717 2562 3786 Quorum
2618 3717 2978 3781 remiseritis,
3011 3715 3203 3786 inquit,
3234 3717 3489 3786 peccata,
3526 3729 3622 3769 re-

2023 3790 2338 3859 mittentur
2351 3789 2450 3853 eis,
2472 3791 2530 3843 et
2558 3787 3198 3859 quorumretinueritis,
3221 3789 3445 3859 retenta
3465 3789 3622 3841 sunt.

2024 3857 2143 3926 Qua
2171 3859 2398 3914 veritate
2428 3855 2628 3913 Auctor
2658 3857 2950 3921 convictus,
2982 3856 3083 3912 etsi
3111 3872 3232 3912 eam
3297 3855 3623 3926 scripturam

2024 3946 2090 3984 ex
2128 3929 2405 4001 proposito
2452 3928 2685 4001 omittat,
2729 3929 2855 4001 quia
2899 3927 3000 3983 sibi
3050 3926 3390 4001 contrariam,
3432 3934 3622 4001 tamen

2029 3995 2364 4067 negare'non
2400 4009 2575 4070 potest
2607 4022 2629 4050 α
2672 3995 2820 4068 ipsos
2846 3999 3037 4056 beatos
3064 3999 3343 4070 apostolos
3364 3997 3483 4070 tale
3511 3995 3619 4053 ali-

319 4053 763 4191 ﬁnat,'scorsum
785 4069 929 4140 quod
945 4053 1205 4140 potestas,
1220 4053 1243 4123 :7
1270 4053 1725 4140 Spiritus'aute-m
1748 4053 1914 4125 Deus.
1953 4053 1996 4127 ο
2030 4053 2591 4140 ᾇιᾶῗάίὶἷιᾶιίιέἰὲδὲί.ξι
2619 4053 2726 4126 Sed
2740 4053 3024 4139 depravat,
3057 4053 3193 4125 dum
3214 4053 3417 4138 adjicit,
3455 4090 3478 4118 α
3511 4084 3621 4123 non

372 4154 454 4191 asc
480 4148 733 4191 corrupta
761 4154 884 4191 esse
912 4154 1070 4191 nemo
1093 4140 1395 4191 negaverit.
1424 4137 1560 4191 Ouis
1588 4145 1764 4191 autem
1796 4141 1919 4191 abs-
2024 4156 2090 4191 ex
2108 4141 2415 4191 disciplina.
2434 4140 2530 4191 sed
2547 4156 2613 4191 ex
2633 4148 2900 4191 notestale
2915 4140 3136 4191 fecisse:
3174 4163 3198 4188 ι
3223 4156 3344 4191 cum
3367 4149 3615 4191 tamen...

372 4154 454 4195 ωε
480 4148 733 4210 corrupta
761 4137 884 4194 esse
912 4137 1070 4211 nemo
1093 4137 1560 4211 negaverit._Quis
1588 4145 1764 4211 autem
1796 4141 1919 4211 abs-

320 4226 431 4276 que
486 4207 1196 4290 veterum._exe_rn_p_larium'
1209 4208 1530 4290 auctoritate
1568 4207 1738 4290 certi"
1754 4209 1917 4290 quid-

319 4295 486 4350 quam
518 4279 892 4352 repromittat?
926 4281 1124 4338 Tamen
1173 4291 1226 4337 et
1261 4279 1472 4352 juvabit
1501 4278 1743 4352 nonnihil
1764 4278 1917 4352 inte-

321 4352 429 4406 rim
458 4350 711 4407 tentasse.
766 4353 902 4407 Nam
931 4362 984 4407 et
1011 4367 1206 4408 sensus
1253 4350 1307 4407 et
1330 4351 1494 4407 verba
1525 4350 1698 4406 redire
1725 4350 1917 4406 viden-

325 4432 414 4478 tur
469 4422 514 4477 si
561 4421 814 4494 legimus,
873 4443 899 4474 α
938 4422 1231 4493 Disciplina
1276 4421 1554 4494 hominem
1592 4420 1860 4494 gubernat
1901 4438 1914 4475 :

323 4503 566 4567 potestas
594 4491 854 4567 assignat.
890 4491 1172 4564 Seorsu‘m,
1194 4493 1323 4567 quid
1353 4491 1625 4567 potestas?
1647 4491 1877 4567 Spiritus
1902 4508 1915 4548 :

325 4563 560 4634 Spiritus
589 4563 766 4622 autem
787 4568 950 4622 Deus.
997 4585 1019 4615 »
1054 4563 1182 4621 Bia.
1203 4563 1270 4606 ἐ-
1301 4563 1546 4620 Latinius
1564 4564 1709 4619 hunc
1739 4564 1918 4634 locum

324 4633 408 4691 sic
438 4638 686 4693 emendat
717 4658 736 4694 :
771 4659 793 4688 κ
837 4637 1082 4709 Potestas
1110 4636 1378 4709 assignat;
1393 4635 1493 4709 sed
1523 4650 1760 4703 rursum,
1773 4633 1918 4709 quid

325 4715 591 4780 potestas,
622 4709 860 4780 spiritus.
887 4707 1147 4780 Spiritus
1170 4705 1355 4780 autem
1393 4706 1540 4780 Deus
1567 4713 1668 4761 est.
1714 4726 1738 4755 ι
1771 4705 1914 4780 Enn.

327 4777 409 4850 '—-_
455 4777 697 4834 Potestas
753 4777 1025 4835 hominem
1075 4778 1334 4850 assignat,
1403 4777 1753 4841 demonstrat,
1803 4777 1918 4831 exi-

331 4847 506 4902 mium
530 4850 794 4922 ostendit,
823 4847 1420 4922 χαρακτηρίζειῘΙιείῖιιε,
1446 4851 1588 4922 data
1621 4850 1790 4922 ‘Petro
1822 4863 1922 4919 po-

324 4927 500 4973 testas
530 4919 664 4974 Petri
694 4919 979 4990 personam
1007 4919 1269 4993 assignat,
1307 4919 1366 4976 ut
1393 4919 1460 4974 ad
1493 4919 1642 4993 Petri
1665 4920 1921 4993 duntaxat

325 5005 623 5063 personam
654 5001 892 5063 potestas
917 4990 1260 5063 pertimierit.
1304 4993 1418 5048 Hoc
1444 5006 1571 5063 vere
1599 4991 1673 5045 ait
1701 4990 1918 5045 Tertul-

322 5061 527 5188 ξω]υὲ
588 5062 698 5117 Sed
727 5061 1106 5119 visum—aliter
1145 5064 1396 5119 Patribus
1433 5062 1704 5132 plerisque
1741 5063 1921 5116 omni-

369 5148 453 5186 us.
533 5149 608 5186 ια.

369 5148 453 5186 υς.
483 5148 608 5186 1116.

358 5203 654 5328 ,ι(¹7)ΒΗοο
683 5204 859 5261 solius
887 5206 1068 5277 ipsius
1112 5210 1219 5261 est.
1249 5204 1346 5258 Dei
1404 5201 1626 5269 scilicet,
1659 5201 1771 5259 sive
1800 5202 1920 5274 Spi-

358 5290 372 5325 ι
403 5289 482 5327 us.
565 5288 640 5328 ια.

325 5284 482 5327 ntus.
516 5284 640 5330 tua.

399 5345 514 5413 (18)
551 5346 680 5412 Quis
709 5346 865 5401 enim
895 5344 1136 5402 dimittit
1156 5345 1384 5408 delicta,
1413 5345 1530 5400 nisi
1560 5345 1711 5400 solus
1742 5347 1920 5401 Deus?

321 5414 388 5468 In
411 5415 602 5484 primis
618 5430 727 5471 non
748 5416 965 5480 Christi,
992 5417 1085 5471 sed
1109 5417 1500 5472 Phariszeorum
1522 5415 1639 5470 hinc
1659 5416 1760 5470 fuit
1779 5416 1920 5472 afﬁr-

318 5484 495 5541 matio
524 5485 718 5556 (Marc.
769 5501 829 5552 lt,
855 5489 920 5557 ’1;
952 5489 1084 5543 Luc.
1135 5505 1192 5550 v,
1223 5489 1336 5557 21).
1368 5486 1576 5542 Deinde
1615 5485 1714 5539 sibi
1754 5487 1914 5541 etiam

320 5565 586 5626 tanquam
643 5557 848 5612 homini
904 5559 1350 5613 communicatam
1417 5575 1534 5611 eam
1595 5565 1918 5626 potestatem

319 5627 580 5686 Christus
604 5631 816 5695 asserit,
847 5645 969 5687 cum
996 5628 1148 5686 addit
1177 5647 1191 5684 :
1227 5631 1292 5688 Ut
1339 5632 1536 5688 autem
1563 5629 1757 5688 sciatis
1786 5630 1918 5704 quia

2024 4156 2090 4195 ex
2108 4141 2415 4210 disciplina,
2434 4140 2530 4196 sed
2547 4156 2613 4194 ex
2633 4148 2900 4210 potestate
2915 4140 3137 4209 fecisse;
3174 4163 3198 4188 ι
3223 4156 3344 4193 cum
3367 4149 3615 4196 tamen...

2025 4225 2136 4264 suae
2191 4211 2433 4281 ecclesim
2491 4210 2883 4281 montanisticae
2931 4225 3053 4265 eam
3117 4215 3439 4281 potestatem
3477 4223 3615 4262 con-

2024 4295 2231 4336 cessam
2260 4280 2504 4335 fateatur.
2537 4280 2675 4334 Pu.

2095 4351 2211 4432 (19)
2242 4350 2452 4432 Exhibe
2466 4351 2645 4432 igitur
2660 4353 2714 4403 et
2730 4365 2887 4432 nunc
2915 4348 3078 4414 mihi,
3103 4348 3619 4432 apostolice._1}pos—

2028 4419 2247 4477 tolicum
2287 4427 2448 4476 vocat
2492 4419 2686 4474 eadem
2733 4420 2905 4474 forma
2934 4435 3041 4489 qua
3086 4419 3268 4488 supra,
3303 4419 3619 4474 Pontiﬁcem

2027 4493 2343 4563 maximum,
2374 4499 2429 4546 et
2465 4489 2784 4563 episcOpum
2823 4489 3218 4563 episcoporum,
3252 4495 3618 4563 et_pastorem

2026 4564 2250 4626 bonum,
2281 4559 2339 4618 et
2377 4559 2716 4618 benedictum
2747 4562 2982 4631 Papam.
3014 4559 3166 4617 Βία.
3206 4591 3277 4600 -
3306 4559 3440 4614 Cum
3470 4562 3618 4616 haud

2024 4634 2185 4690 dubie
2209 4636 2277 4688 de
2312 4634 2552 4690 Romano
2575 4630 3126 4703 Pontiﬁceloquatur,
3159 4631 3244 4686 vel
3272 4631 3397 4687 hinc
3427 4632 3617 4688 Eccle-

2027 4706 2120 4760 siae
2177 4705 2432 4762 Romanae
2491 4704 2775 4759 confirmat
2828 4701 3222 4772 auctoritatem,
3291 4703 3436 4772 quod
3493 4703 3614 4772 ejus

2025 4784 2190 4848 caput
2204 4742 2581 4852 apostolicum
2601 4780 2777 4852 vocet,
2802 4779 2987 4852 utpote
3006 4742 3377 4852 apnostoiort‘im
3400 4742 3616 4852 succes-

2026 4842 2222 4911 sorem,
2243 4842 2412 4902 'sicuti
2443 4847 2558 4914 ipse
2585 4847 2825 4915 apertius
2843 4842 2935 4900 lib.
2967 4842 3384 4901 tv’Carminum
3417 4842 3618 4915 adver-

2026 4936 2123 4975 sus
2172 4913 2526 4988 Marcionein,
2557 4913 2676 4988 cap.
2711 4921 2762 4971 8.
2794 4915 3073 4972 Remansit
3115 4923 3296 4971 autem
3334 4927 3399 4970 ea
3433 4913 3620 4987 appel-

2025 4989 2152 5047 latio
2180 4989 2235 5043 in
2267 4987 2590 5045 hodiernum
2620 4987 2781 5043 diem.
2815 4989 2957 5044 Pam.

2097 5061 2300 5132 (20)Et
2329 5075 2628 5131 agnoscam
2649 5059 3030 5132 divinitatem.
3065 5058 3135 5113 Et
3154 5070 3445 5132 agnoscam
3466 5063 3516 5112 te
3544 5055 3621 5112 di-

2025 5130 2150 5186 vina
2176 5130 2378 5188 virtute
2401 5146 2465 5185 ac
2495 5137 2760 5200 potestate
2789 5131 3146 5203 assignatum.
3178 5130 3304 5203 BtG.

2097 5205 2216 5274 (21)
2261 5203 2403 5275 Quid
2435 5203 2485 5258 si
2508 5202 3081 5275 pseudopropheticus
3108 5202 3351 5275 spiritus
3367 5215 3619 5274 pronun-

2031 5271 2238 5402 tia‘vié?
2269 5271 2447 5330 Verba
2487 5271 2614 5330 sunt
2647 5271 2922 5341 catholici,
2960 5271 3484 5345 quem—Psychicum
3521 5286 3618 5327 vo-

2031 5356 2130 5402 cat.
2211 5361 2290 5401 ιο.

2118 5388 2130 5401 .
2163 5361 2290 5401 1110.

2027 5356 2318 5488 “Excivit
2341 5416 2415 5472 ad
2445 5419 2498 5498 te
2525 5416 2804 5500 derivasse
2834 5414 3088 5474 solvendi
3141 5418 3196 5469 et
3225 5412 3500 5493 alligandi
3514 5428 3620 5536 ξο-

2030 5492 2315 5536 ίρςιηίρτη.
2370 5489 2537 5536 Maior
2565 5488 2698 5536 hdes
2742 5487 2992 5536 habenda
3027 5489 3246 5536 Auctort
3283 5498 3407 5536 cum
3444 5482 3507 5536 ad
3554 5499 3620 5536 uc

2030 5482 2315 5564 testatem.
2368 5487 2537 5558 Major
2565 5487 2698 5543 ﬁdes
2742 5483 3246 5564 habenda_Auctori
3283 5482 3407 5564 cum
3444 5482 3620 5564 adhuc

2028 5559 2327 5619 catholicus
2382 5568 2547 5624 esset,
2587 5575 2750 5633 quam
2806 5575 2950 5616 nunc
3005 5558 3259 5612 haeretica
3323 5562 3376 5609 et
3430 5560 3618 5610 contra
