4058 6172
460 312 599 377 1079

1177 316 1619 380 TERTULLIANI
1655 314 1922 382 OPERUM
1960 314 2131 378 PARS
2182 314 2252 377 II.
2281 344 2353 360 -
2384 314 2614 378 SERIES
2643 315 2712 391 ΙΙ,
2742 314 3061 380 MORALIA.

3602 316 3747 382 meo

457 439 529 538 ad
557 447 609 498 te
628 439 904 538 derivasse
931 440 1255 538 solvendi-et
1282 443 1538 538 alligandi
1566 452 1880 538 potestatem
2077 457 2127 538 Α
2157 440 2328 538 etiam.
2347 442 2679 538 septuagies
2714 441 3041 538 delinquenti
3085 441 3141 500 in
3159 455 3312 538 “eum
3361 440 3744 538 fratri_i_ndul-

453 527 512 584 id
539 537 623 585 est
651 530 721 587 ad
747 546 966 589 omnem
993 532 1287 591 Ecclesiam
1316 533 1457 591 Petri
1504 535 1864 606 prOpinquam
1893 533 2038 605 (23);

451 618 628 688 qualis
658 635 720 676 es
748 628 997 679 evertens
1028 631 1187 695 atque
1214 631 1548 679 commutans
1576 622 1912 679 manifestam
1940 623 2045 679 Do-

449 706 584 763 mini
612 708 968 766 intentionem
1018 710 1375 782 personaliter
1409 712 1515 767 hoc
1560 712 1716 768 Petro
1746 710 2039 781 conferen-

452 803 564 853 tem
581 816 594 852 :
612 799 792 870 Super
806 804 878 865 te,
891 799 1373 872 inquit,aediﬁcabo
1387 801 1695 858 Ecclesium
1705 817 1891 858 meam
1904 801 2040 870 (2L);

451 892 505 943 et
536 905 549 943 :
583 887 729 944 Dabo
761 889 862 945 tibi
898 890 1103 956 claves,
1121 905 1229 946 non
1260 889 1540 958 Ecclesiae,
1554 898 1605 946 et
1635 906 1650 944 :
1689 891 2042 963 Quaecunque

448 976 681 1034 solveris
705 977 794 1036 vel
831 978 1173 1051 alligaveris,
1213 992 1322 1033 non
1350 992 1474 1048 quae
1511 976 1774 1033 solverint
1797 976 1890 1033 vel
1917 976 2040 1032 alli-

451 1065 719 1140 gaverint.
752 1066 840 1122 Sic
866 1067 1006 1122 enim
1043 1075 1096 1123 et
1124 1066 1302 1124 exitus
1350 1068 1527 1124 docet.
1556 1068 1616 1122 In
1645 1068 1761 1138 ipso
1799 1064 2043 1122 Ecclesia

451 1162 728 1212 exstructa
774 1164 877 1225 est,
910 1156 966 1213 id
1014 1163 1099 1213 est
1143 1172 1239 1228 per
1287 1156 1487 1227 ipsum,
1536 1155 1653 1227 ipse
1698 1155 1902 1213 clavem
1940 1154 2042 1210 im-

450 1243 573 1299 buit
598 1244 743 1316 (25);
775 1245 896 1305 vide
911 1261 1072 1318 quam
1104 1265 1117 1300 :
1160 1246 1272 1303 Viri
1299 1246 1592 1311 Israelita,
1625 1244 1857 1302 auribus
1878 1260 2043 1300 man-

449 1332 580 1389 date
598 1350 723 1406 quaz
742 1335 863 1392 dico
882 1355 900 1391 :
923 1336 1111 1393 Iesum
1131 1336 1488 1392 Nazarenam
1506 1335 1693 1391 virum
1713 1350 1750 1391 a
1770 1336 1876 1392 Deo
1895 1332 2043 1390 vobis

449 1419 798 1479 destinatum
848 1423 989 1494 (Act.
1039 1439 1104 1492 II,
1136 1423 1251 1494 22),
1295 1429 1351 1479 et
1393 1423 1618 1494 reliqua.
1658 1423 1782 1494 Ipse
1808 1421 2043 1494 denique

446 1508 658 1579 primus
703 1512 759 1567 in
803 1511 1002 1568 Christi
1031 1511 1301 1585 baptismo
1350 1511 1613 1570 reseravit
1665 1511 1868 1566 aditum
1919 1524 2040 1566 coe-

446 1596 597 1713 lestis
634 1599 810 1672 regni,
840 1616 950 1674 quo
973 1601 1256 1658 solvuntur
1316 1600 1537 1674 alligata
1567 1598 1952 1713 retroAdelicta,
1985 1604 2039 1652 et
2071 1635 2116 1713 Β

449 1700 475 1713 ιι
504 1686 738 1713 ’ἔκιε-ιιι.--
771 1705 887 1713 -..Μ
914 1704 1020 1713 ..ιι-
1053 1688 1247 1713 t.--..2..a
1307 1689 1476 1713 ..ΑΙ-η..
1533 1701 1696 1713 nan-un
1742 1703 1828 1713 ιι...
1854 1700 2034 1713 ...αισι-ιη

447 1686 738 1759 alligantur
767 1705 889 1760 quae
914 1704 1024 1745 non
1052 1688 1252 1744 fuerint
1307 1689 1501 1753 soluta,
1533 1686 1830 1742 secundum
1854 1700 2036 1742 veram

447 1775 707 1845 salutem;
741 1784 795 1832 et
833 1776 1100 1830 Ananiam
1129 1774 1301 1833 vinxit
1343 1773 1557 1831 vinculo
1594 1773 1817 1842 mortis;
1850 1783 1906 1831 et
1931 1775 2038 1829 de-

444 1862 612 1921 bilem
641 1864 869 1935 pedibus
897 1863 1129 1919 absolvit
1154 1862 1285 1918 vitio
1314 1860 1640 1919 valetudinis
1666 1862 1812 1934 (Act.
1843 1878 1925 1930 ιιι,
1957 1862 2033 1934 '7).

444 1950 535 2008 Sic
594 1959 650 2008 et
712 1951 769 2006 in
830 1950 920 2005 illa
981 1951 1369 2023 disceptatione
1434 1951 1804 2008 custodiendae
1868 1967 2040 2008 necne

443 2037 603 2110 legis,
670 2038 877 2108 primus
941 2038 1181 2095 omnium
1221 2040 1412 2095 Petrus
1467 2039 1671 2111 Spiritu
1734 2039 2037 2110 instinctus,

445 2134 498 2183 et
523 2126 592 2182 de
633 2126 914 2184 nationum
970 2127 1255 2185 vocatione
1294 2127 1553 2200 praefatus
1593 2145 1608 2182 :
1642 2131 1713 2186 Et
1739 2145 1915 2196 nunc,
1950 2128 2038 2184 in-

446 2212 585 2283 quit,
616 2230 721 2270 cur
750 2216 986 2272 tentatis
1000 2216 1306 2273 Dominum
1336 2216 1401 2272 de
1418 2215 1749 2289 imponendo
1760 2218 1898 2288 jugo
1920 2219 2041 2288 fra-

445 2304 626 2362 tribus
655 2306 797 2379 quod
824 2322 1004 2380 neque
1023 2323 1127 2363 nos
1154 2322 1333 2379 neque
1349 2310 1539 2379 patres
1558 2309 1773 2363 nostris
1790 2310 2038 2379 sufferre

444 2394 753 2452 valuerunt
771 2399 794 2451 ?
815 2396 919 2453 Sed
953 2393 1181 2451 I026
1206 2397 1360 2452 enim
1373 2412 1478 2468 per
1504 2397 1750 2468 gratiam
1766 2397 1897 2454 Jesu
1923 2412 2041 2453 cre-

445 2480 632 2538 dimus
642 2499 744 2539 nos
765 2484 1416 2540 salutemconsecuturos
1427 2484 1576 2539 sicut
1596 2485 1752 2539 etilli
1770 2482 1917 2556 (Act.
1935 2499 2036 2555 xv,

446 2573 537 2639 10,
572 2571 684 2640 11).
714 2572 843 2627 Haec
872 2570 1137 2627 sententia
1164 2579 1218 2627 et
1246 2571 1404 2627 solvit
1431 2589 1553 2647 qua:
1590 2572 1789 2628 omissa
1815 2578 1942 2627 sunt
1970 2573 2041 2629 le-

445 2661 552 2732 gis,
584 2668 638 2714 et
683 2659 919 2732 alligavit
966 2676 1088 2731 qua
1127 2667 1405 2718 reservata
1442 2669 1589 2716 sunt.
1630 2660 1782 2717 Adeo
1813 2661 1943 2717 nihil
1969 2661 2036 2717 ad

445 2746 640 2804 delicta
684 2747 920 2804 ﬁdelium
968 2748 1219 2820 capitalia
1256 2756 1499 2819 potestas
1547 2749 1787 2806 solvendi
1841 2758 1892 2805 et
1918 2749 2038 2806 alli-

446 2835 609 2908 gandi
637 2838 792 2894 Petro
820 2836 1177 2909 emancipata.
1224 2837 1321 2894 Cui
1347 2837 1393 2893 si
1418 2847 1748 2911 praeceperat
1776 2839 2037 2896 Dominus

2154 547 2283 606 gere
2311 530 2534 603 (Matth.
2568 546 2737 604 xvm,
2757 534 2879 603 22);
2911 531 3100 605 utique
3117 531 3252 587 nihil
3282 538 3469 605 postea
3496 531 3743 604 alligare,

2144 616 2201 673 id
2229 626 2311 675 est
2339 618 2573 676 retinere
2602 618 2929 689 mandasset,
2962 619 3066 675 nisi
3120 618 3259 676 forte
3286 635 3354 676 ea
3378 635 3503 692 quae
3531 619 3589 675 in
3627 621 3743 676 Do-

2146 707 2374 773 minum,
2406 721 2517 763 non
2546 707 2601 762 in
2631 706 2850 763 fratrem
2870 707 2994 780 quis
3023 706 3324 780 admiserit;
3356 708 3747 781 praejudicatur

2147 797 2292 855 enim
2323 812 2429 852 non
2447 796 2768 854 dimittenda
2787 797 2844 852 in
2872 797 3043 854 Deum
3062 797 3276 866 delicta,
3298 813 3420 856 cum
3450 797 3506 854 in
3530 799 3748 855 homine

2148 872 2387 942 admissa
2428 886 2715 944 donantur.
2766 887 2909 957 Quid
2950 903 3095 944 nunc
3143 895 3199 944 et
3243 887 3311 943 ad
3351 888 3659 953 Ecclesiam,
3691 892 3748 944 et

2146 974 2367 1046 quidem
2395 981 2563 1047 tuam,
2614 975 2868 1048 psycbice
2888 976 2917 1031 ‘l
2945 975 3247 1033 Secundum
3276 975 3421 1032 enim
3450 975 3593 1033 Petri
3621 993 3748 1046 per-

2146 1079 2335 1120 sonam
2372 1064 2704 1138 spiritalibus
2749 1071 2990 1137 potestas
3038 1065 3143 1121 ista
3187 1067 3472 1124 conveniet
3499 1065 3619 1138 (26)
3651 1078 3745 1126 aut

2146 1153 2418 1227 apostolo,
2452 1160 2543 1209 aut
2566 1154 2868 1225 prophetae.
2915 1153 3050 1209 Nam
3082 1160 3137 1209 et
3164 1153 3406 1211 Ecclesia
3444 1155 3667 1228 proprie
3691 1165 3746 1213 et

2146 1242 2511 1315 principaliter
2536 1244 2654 1315 ipse
2682 1251 2765 1301 est
2792 1242 3021 1314 Spiritus
3048 1242 3101 1298 in
3133 1258 3242 1314 quo
3272 1249 3355 1298 est
3381 1242 3594 1300 trinitas
3624 1247 3741 1317 (27)

2147 1330 2312 1389 unius
2349 1331 2645 1389 divinitatis
2700 1332 2837 1402 (28),
2888 1331 3045 1387 Pater
3089 1336 3145 1387 et
3199 1329 3370 1386 Filius
3419 1341 3474 1388 et
3511 1332 3745 1405 Spiritus

2146 1428 2381 1476 sanctus.
2415 1420 2564 1478 Illam
2592 1419 2893 1478 Ecclesiam
2938 1426 3263 1494 congregat,
3289 1437 3452 1493 quam
3480 1423 3744 1480 Dominus

2144 1508 2201 1565 in
2232 1509 2404 1565 tribus
2451 1508 2651 1581 posuit.
2692 1508 2871 1579 Atque
2916 1508 2993 1564 ita
3035 1507 3226 1565 exinde
3270 1509 3435 1565 etiam
3481 1527 3745 1568 numerus

2147 1598 2322 1655 omnis
2349 1598 2441 1671 qui
2485 1598 2541 1655 in
2573 1600 2715 1656 hanc
2739 1598 2901 1656 ﬁdem
2947 1598 3399 1669 conspiraverint,
3443 1599 3694 1659 Ecclesia
3723 1605 3741 1642 ί

2146 1686 2213 1741 ab
2241 1697 2458 1742 auctare
2482 1692 2535 1743 et
2554 1692 2929 1743 consecratore
2957 1693 3233 1742 censetur.
3257 1686 3325 1742 Et
3353 1686 3478 1744 ideo
3499 1689 3744 1745 Ecclesia

2145 1773 2360 1846 quidem
2406 1772 2601 1832 delicta
2627 1773 2880 1843 donabit;
2923 1774 3026 1831 sed
3059 1773 3310 1830 Ecclesia
3372 1774 3606 1846 Spiritus
3645 1795 3744 1850 per

2147 1861 2444 1934 spiritalem
2494 1862 2790 1929 hominem,
2821 1877 2930 1918 non
2974 1862 3201 1920 ecclesia
3229 1878 3485 1919 numerus
3531 1866 3744 1936 episco-

2146 1966 2343 2022 porum
2388 1950 2549 2024 (29):
2598 1951 2814 2008 Domini
2849 1951 3011 2018 enim,
3059 1966 3169 2007 non
3212 1951 3401 2009 famuli
3446 1960 3533 2009 est
3563 1955 3657 2025 jus
3688 1962 3743 2011 et

2146 2039 2470 2110 arbitrium;
2498 2039 2599 2097 Dei
2626 2039 2820 2113 ipsius,
2851 2054 2961 2097 non
2997 2039 3318 2097 sacerdotis.

2154 2146 2157 2147 '
2726 2130 2953 2187 CAPUT
2990 2131 3167 2186 XXII.

2216 2218 2288 2273 At
2327 2227 2383 2274 tu
2409 2219 2520 2289 jam
2565 2226 2618 2275 et
2647 2216 2704 2273 in
2732 2228 2997 2291 martyras
3043 2226 3165 2274 tuos
3192 2217 3430 2276 effundis
3470 2219 3613 2275 hanc
3641 2235 3748 2292 po-
3786 2220 3791 2225 ’

2145 2310 2415 2372 testatem,
2463 2313 2524 2364 ut
2551 2306 2782 2379 quisque
2830 2322 2898 2363 ex
2936 2306 3298 2363 consensione
3329 2308 3353 2345 ²
3412 2308 3628 2364 vincula
3657 2307 3745 2363 in-

2145 2395 2262 2451 duit
2290 2394 2464 2450 adhuc
2503 2395 2681 2451 mollia
2727 2396 2870 2468 (30),
2900 2396 2956 2450 in
3000 2411 3142 2452 novo
3188 2395 3449 2452 custodiae
3500 2398 3739 2467 nomine,

2143 2482 2324 2539 statim
2353 2483 2593 2538 ambiunt
2640 2481 2863 2541 I027
2916 2483 3134 2550 moechi,
3168 2484 3349 2539 statim
3402 2487 3607 2542 adeunt
3636 2485 3743 2542 for-

2145 2575 2430 2644 nicatores,
2477 2572 2585 2643 jam
2616 2587 2812 2644 preces
2858 2572 3279 2641 circumsonant,
3309 2574 3423 2643 jam
3488 2573 3742 2644 lacrymae

2146 2661 2606 2732 circumstagnant
2650 2661 2905 2717 maculati
2950 2664 3245 2733 cujusque;
3281 2678 3382 2718 nec
3425 2661 3522 2718 ulli
3570 2663 3741 2737 magis

2144 2749 2346 2806 aditum
2409 2749 2643 2808 carceris
2711 2750 3001 2820 redimunt,
3056 2767 3218 2822 quam
3282 2750 3375 2822 qui
3437 2751 3737 2808 Ecclesiam

2144 2838 2498 2910 perdiderunt
2538 2839 2672 2912 (31).
2713 2839 2997 2899 Violantur
3041 2840 3142 2898 viri
3168 2856 3231 2897 ac
3258 2839 3473 2899 femina;
3501 2841 3560 2898 in
3587 2849 3738 2899 tene-

1820 2938 2016 3001 Varia:
2050 2941 2359 3004 lectiones.

517 3016 537 3055 1
575 3014 829 3072 Ecclesiae
858 3016 987 3072 alii.
1019 3015 1042 3053 ²
1066 3014 1416 3074 Cont'essione
1446 3017 1566 3076 Lat.
1602 3019 1814 3103 Neand.
1839 3021 2000 3091 Leop.

1843 3114 2342 3180 Commentarius.

441 3244 758 3342 Ecclesium.
791 3261 857 3342 clx
899 3245 1183 3342 proppsitq
1226 3246 1455 3342 maxime
1488 3248 1640 3342 .hoc‘
1670 3248 1851 3342 capite
1903 3249 2034 3342 scri—
2064 3262 2109 3342 c
2138 3246 2572 3342 Hincadjecissel
2591 3247 2817 3342 videtur
2836 3246 2895 3342 in
2922 3248 3274 3342 opprobrium
3315 3247 3588 3342 Pontiﬁcis
3628 3251 3738 3342 [Eo-

439 3318 608 3374 benti.
640 3315 871 3375 Proinde
901 3315 1140 3375 ’antidoti
1169 3319 1290 3375 loco
1327 3319 1599 3375 sufﬁcient
1624 3315 1756 3378 loci'
1784 3322 2034 3377 Auctoris
2065 3315 2109 3342 "
2142 3319 2290 3375 mani

442 3388 644 3465 quibus
671 3405 783 3465 non
810 3389 975 3446 semel
1002 3394 1434 3465 super-Petrum
1457 3392 1588 3465 (non
1617 3391 1782 3465 modo
1810 3393 1875 3448 in
1893 3393 2032 3465 ipso,

443 3460 499 3543 id
529 3470 613 3543 est
633 3476 740 3543 per
759 3462 976 3543 ipsum,
1010 3460 1151 3518 sicut
1292 3460 1672 3543 calumniatur)
1709 3460 2035 3543 exstructam

443 3531 735 3605 Ecclesium
755 3531 967 3605 fatetur,
999 3549 1195 3604 nempe
1214 3533 1309 3588 lib.
1341 3534 1407 3589 de
1428 3531 1757 3605 Praescript.
1791 3549 1910 3604 cap.
1942 3538 2032 3603 22,

445 3612 500 3658 et
527 3602 621 3659 lib.
656 3619 715 3660 ιν
739 3604 1009 3660 adversus
1041 3602 1412 3671 Marcionem;
1442 3603 1526 3659 vel
1546 3602 1687 3659 cum'
1700 3604 1754 3658 in
1786 3602 2037 3660 haeresim

446 3673 634 3744 lapsus
680 3675 960 3747 esset,__lib.
995 3674 1470 3747 _de_Monogamia,
1521 3689 1643 3747 cap.
1808 3675 1879 3730 Et
1907 3690 2036 3733 vero

445 3759 555 3800 non
602 3744 957 3814 personaliter
994 3744 1241 3814 B.4Petro
1264 3744 1546 3801 'duntaxat
1591 3744 1647 3799 id
1685 3744 1906 3811 dictum,
1938 3747 2036 3801 sed

449 3812 750 3886 derivatum
774 3828 1013 3886 _quoque
1058 3812 1266 3886 ineius
1304 3828 1666 3886 successores,
1699 3822 1862 3886 atque
1904 3817 2036 3872 adeo

447 3882 746 4011 lEcclesiam
773 3882 1076 3939 Romanam
1102 3884 1308 3940 ibidem
1338 3885 1523 3940 videre
1567 3893 1650 3942 est
1674 3901 1739 3941 ex
1769 3882 2035 3943 Patribus.

490 3969 588 4011 AM.

490 3969 588 4011 AM.

525 4024 639 4097 (23)
662 4024 743 4080 Ad
760 4039 984 4101 omnem
1006 4024 1311 4101 Ecclesium
1332 4027 1487 4101 Petri
1502 4028 1897 4101 prapinquam.
1921 4028 2038 4101 Hoc

449 4094 555 4169 est,
585 4094 1015 4169 quaeoriginexn
1063 4097 1314 4169 suam_ad
1362 4094 1576 4153 Petrum
1603 4094 1806 4169 referre
1842 4099 2032 4169 possit.

450 4164 640 4240 Sedet
667 4166 787 4221 alim
833 4164 954 4237 dum
981 4164 1105 4221 licet
1152 4165 1354 4240 nullum
1384 4184 1450 4223 ex
1478 4168 1736 4240 apostolis
1779 4164 1866 4226 vel
1894 4185 2032 4240 apo-

450 4237 660 4293 stolicis
702 4245 976 4293 auctorem
1003 4252 1162 4292 suum
1208 4237 1712 4307 proferantJamen
1759 4240 1816 4296 in
1843 4237 2036 4298 eadem

450 4308 558 4365 ﬁde
583 4308 974 4383 conspirantes,
1002 4324 1111 4383 non
1138 4308 1317 4383 minus
1352 4311 1665 4383 apostolicae
1693 4312 2033 4383 deputantur,

450 4394 549 4454 pro
577 4379 1038 4454 consanguinitate
1057 4379 1336 4454 doctrinae.
1358 4379 1447 4438 Sic
1467 4382 1585 4454 ipse
1613 4383 1750 4439 libro
1762 4379 1836 4440 'de
1863 4379 2040 4441 Praes-

451 4452 620 4509 crint.
657 4451 1071 4509 haereticorum.
1111 4451 1240 4507 Rm.

547 4523 635 4591 24)
649 4523 1014 4594 Commutans
1029 4523 1396 4594 manifestam
1405 4524 1630 4581 Domini
1640 4525 2036 4591 intentionem,

447 4593 945 4668 personaliter-hoc
963 4595 1126 4668 Petro
1145 4593 1574 4668 conferentem;
1610 4616 1633 4645 κ
1668 4597 1850 4668 Super
1863 4600 1937 4662 te,
1957 4594 2041 4649 in-

450 4663 586 4746 quit,
612 4663 1213 4746 aediﬁcaboiicclcsiam
1229 4663 1434 4721 meam.
1469 4684 1492 4746 in
1514 4666 1634 4722 Non
1644 4663 2041 4746 rectecitantur

450 4734 485 4792 ἁ
511 4734 771 4808 Septimio
800 4736 967 4794 verba
982 4735 1200 4805 Christi,
1223 4751 1345 4807 quae
1364 4743 1489 4791 sunt
1515 4736 1663 4806 apud
1687 4737 1875 4793 Matth.
1892 4751 2033 4808 ,xv1,

451 4810 541 4880 18.
584 4806 677 4862 'Ad
726 4821 956 4880 cavero
1005 4806 1419 4880 sapientiasimae
1466 4818 1590 4863 sunt
1634 4806 2042 4864 observationes

450 4877 839 4949 Cbrysostomi.
871 4879 1001 4932 Βία.

521 4947 651 5021 (25)(
685 4951 805 5021 Ipse
836 4948 1050 5003 clavem
1093 4949 1316 5004 imbuit.
1384 4947 1590 5021 Primus
1651 4963 1801 5021 serae,
1830 4948 2037 5021 clavem

450 5018 723 5091 inseruit;
740 5020 889 5091 clave
931 5021 1404 5091 a__l_)eo_concessa
1445 5019 1524 5074 uti
1552 5020 1735 5091 coapit.
1780 5020 1868 5075 Sic
1939 5020 2034 5075 lib.

452 5090 544 5212 det
564 5089 807 5212 {ejuniés
852 5107 870 5141 :
912 5105 938 5139 α
975 5087 1076 5143 Ubi
1116 5089 1230 5159 jam
1273 5088 1540 5146 restitutio
1586 5087 1821 5147 hominis
1868 5091 2036 5146 imbui

452 5174 520 5212 no
547 5176 600 5212 ut
631 5204 643 5212 .
690 5178 713 5208 ι
796 5172 871 5212 IG.

489 5160 643 5215 otuit.
690 5178 713 5208 ι
748 5160 871 5212 Bne.

631 5204 643 5214 .
690 5178 713 5208 ι
857 5198 871 5211 .

450 5175 641 5310 Ιῗοξὲἓ)
671 5175 1307 5354 δρῗγέἱῗαιὶὺᾳδιξοιθιςρᾳε
1324 5232 1439 5287 ista
1464 5234 1777 5290 conveniet.
1798 5232 2040 5290 Paracle—

451 5309 587 5354 ttcts.
618 5314 757 5354 auos
788 5309 1012 5354 onnomt
1081 5302 1328 5354 VSCthls.
1359 5304 1485 5354 Rm.

451 5298 757 5385 ticiquuos
788 5299 1012 5385 opponit
1038 5298 1328 5385 Pyschicis.
1358 5304 1485 5385 Itis.

521 5374 635 5456 (2:7)
654 5371 1195 5456 Principalitef'ipse
1214 5377 1297 5427 est
1314 5376 1572 5456 spiritus,
1663 5392 1767 5456 quo
1781 5375 2035 5456 trinitas.

450 5443 682 5515 Spiritus
712 5448 793 5499 est
814 5457 987 5515 quem
1017 5444 1272 5515 Montano
1312 5443 1514 5515 tribuit,
1547 5455 1601 5500 et
1627 5443 1941 5512 trinitatem,
1981 5452 2040 5499 ut

450 5512 604 5585 putat
650 5513 937 5578 Pamelius,
967 5512 1215 5585 intelligit
1261 5528 1370 5569 non
1417 5512 1534 5570 sine
1578 5523 1797 5583 stupore
1843 5526 1897 5571 et
1933 5514 2037 5569 de-

452 5587 678 5652 mentia,
718 5585 1050 5653 Montanum,
1082 5585 1318 5641 Priscam
1364 5594 1419 5642 et
1445 5585 1803 5643 Maximillam.
1832 5589 1909 5643 Le
1939 5588 2036 5642 Pa.

526 5657 637 5726 (28)
656 5658 923 5732 Spiritus,
945 5658 1009 5715 in
1026 5672 1133 5732 quo
1151 5661 1238 5715 est
1253 5658 1491 5716 trinitas
1503 5659 1673 5716 unius
1688 5659 2037 5717 Divinitatis.

2145 3319 2497 3447 manizuquasi
2540 3319 2609 3377 de
2646 3319 2908 3378 Trinitate
2941 3319 3063 3377 cum
3108 3321 3335 3405 Praxea.
3363 3320 3609 3402 sentiret.
3652 3322 3738 3377 Sic

2145 3406 2289 3472 enim
2374 3406 2564 3449 versus
2582 3393 2757 3472 Prata.
2789 3410 2808 3446 :
2829 3411 2856 3445 α
2895 3393 3015 3472 Duo
3036 3401 3253 3465 negotia
3283 3393 3738 3472 diaboerraxeas

2143 3462 2329 3534 Romae
2372 3462 2679 3534 procuravit
2714 3480 2728 3517 :
2762 3461 3375 3534 prophetiam'expulit,
3405 3472 3459 3518 et
3485 3463 3734 3520 haeresim

2143 3531 2349 3660 ilillulit;
2373 3531 2732 3590 'Paracletum
2763 3531 3002 3606 'fugavit,
3036 3542 3091 3591 et
3133 3534 3345 3591 Patrem
3372 3534 3659 3592 cruciﬁxit.
3705 3555 3729 3587 ι

2194 3619 2270 3659 re.

2194 3619 2270 3659 IG.

2215 3673 2328 3750 (29)
2351 3676 2472 3750 Non
2492 3675 2739 3750 Ecclesia
2749 3691 3028 3750 numerus
3038 3677 3449 3750 episcoporum.
3469 3676 3734 3750 Ecclesia,

2144 3743 2544 3819 i_n<j1_1it,_delicta
2568 3745 2807 3819 donabit,
2836 3747 2938 3819 sed
2966 3743 3482 3819 Ecclesia'Spiritus,
3516 3749 3622 3804 hoc
3654 3743 3733 3804 est

2142 3815 2793 3893 Ecclesia__quae_Spiritu
2839 3818 3120 3893 gloriatur,
3154 3815 3433 3893 qui-Deus
3486 3819 3730 3893 est,_qni

2143 3886 2295 3943 solus
2324 3885 2515 3962 delicta
2541 3885 2742 3946 donare
2772 3885 2971 3960 polest;
3002 3885 3125 3962 non:
3161 3885 3388 3962 ecclesia
3417 3905 3543 3962 qua
3570 3885 3736 3947 vin'cit

2143 3972 2367 4013 numero
2431 3958 2829 4042 episcoporum.
2873 3958 3408 4042 Paracleticamnsive
3426 3958 3739 4042 _'l§_onmni-

2142 4042 2262 4085 cam
2292 4043 2443 4105 suam
2485 4030 2817 4105 paucitatem,
2848 4032 3076 4105 Opponit
3111 4030 3441 4105 multitudini
3486 4032 3735 4105 Catholi-

2143 4113 2348 4175 _corum_.
2380 4100 2469 4156 Sic
2497 4102 2641 4156 enim
2673 4105 2745 4175 ait
2770 4100 2905 4175 libro
2924 4100 3000 4175 ac
3034 4104 3594 4175 Jejuniis,rmajorem
3623 4104 3731 4159 vim

2143 4169 2705 4247 imperitorumrapud
2757 4169 3200 4247 gloriosissimam
3240 4169 3445 4231 scilicet
3488 4175 3735 4230 multitu-

2145 4240 2322 4296 dinem
2366 4240 2922 4314 Psychicorum.'RtG.

2218 4314 2330 4399 (30)
2389 4315 2839 4399 Utnquisqu‘e‘ea:
2868 4316 3227 4399 consensione
3260 4317 3489 4399 vincula
3545 4316 3736 4399 induit

2146 4383 2328 4440 adhuc
2356 4383 2570 4459 mollia.
2603 4383 2766 4441 Notat
2792 4388 3147 4459 quorumdam
3177 4387 3553 4458 Psychicorum
3584 4388 3735 4444 tech-

2070 4433 2116 4512 Β
2145 4470 2262 4529 nas,
2305 4455 2413 4529 qui
2441 4471 2507 4529 ex
2535 4433 2827 4529 compacto!
2865 4433 2989 4529 sese
3028 4433 3090 4512 in
3120 4433 3389 4514 carce’rem
3420 4433 3737 4524 dabantfiet

2146 4525 2370 4600 vincula
2398 4525 2716 4600 induebant,
2764 4533 2824 4600 ut
2868 4527 3090 4600 incmpti
3132 4529 3372 4600 martyrii
3422 4529 3564 4600 fama
3601 4530 3732 4585 sim-

2148 4595 2313 4669 plices
2341 4595 2600 4669 ﬁdelium,
2634 4613 2753 4669 seu,
2776 4597 2943 4669 viros,
2975 4595 3069 4654 seu
3118 4595 3363 4669 feminas,
3395 4599 3466 4655 ob
3496 4600 3733 4657 fornica-

2147 4667 2348 4744 tionem
2370 4668 2505 4744 torte
2534 4669 2603 4744 ab
2632 4668 2876 4725 Ecclesia
2913 4667 3202 4744 relegatos,
3233 4667 3547 4744 consolandi
3589 4686 3735 4725 mar-

2145 4740 2280 4811 tyris
2328 4738 2534 4811 affectu
2572 4738 2630 4793 in
2680 4755 2950 4798 carcerem
2980 4738 3325 4811 ve'ntitantes,
3365 4741 3644 4804 fallerent,
3675 4756 3738 4796 ac

2144 4809 2301 4866 novis
2326 4809 2607 4865 libidinum
2644 4811 2870 4867 maculis
2896 4812 3285 4867 contaminatas
3317 4809 3397 4867 ad
3436 4812 3737 4868 Ecclesiam

2142 4880 2645 4953 remitterentcum
2682 4881 2879 4937 litteris
2926 4884 3076 4953 pacis
3103 4893 3154 4938 et
3209 4884 3735 4939 communicationis.

2143 4950 2340 5026 Quales
2386 4951 2536 5026 pacis
2567 4950 2758 5007 litterae
2803 4950 3604 5026 abejusmodimebulonibus,
3646 4953 3740 5026 qui

2141 5022 2210 5095 de
2248 5037 2354 5095 sua
2386 5023 2501 5095 ipsi
2553 5037 2687 5092 pace
2736 5022 3211 5095 periclitabantur?
3268 5025 3396 5080 Haec
3444 5022 3742 5095 Septimius

2143 5091 3130 5167 de_Catholicis’sub_psychicorum
3178 5095 3414 5166 nomine,
3465 5091 3561 5151 sed
3624 5097 3741 5165 jam

2145 5161 2388 5218 infensus
2416 5164 2719 5221 auctoritati
2740 5161 3058 5222 'Ca'tholicaa.
3092 5167 3216 5221 Rm.

2217 5234 2298 5318 Ex
2325 5250 2390 5291 eo
2415 5236 2559 5318 quod
2588 5236 2829 5318 sequitur
2859 5255 2872 5292 :
2906 5259 2934 5318 At
2952 5238 3124 5318 "Illam
3155 5236 3465 5318 Ecclesiam
3504 5250 3744 5318 congre—

2146 5312 2241 5377 gat
2285 5308 2748 5379 quﬁam‘Dominus
2802 5307 2860 5362 in
2899 5308 3068 5363 tribus
3106 5308 3304 5378 posuit,
3348 5328 3372 5358 ι
3417 5316 3473 5362 et
3509 5307 3748 5379 proinde

2150 5394 2176 5426 ‹‹
2216 5376 2328 5450 non
2356 5376 2590 5450 Ecclesia
2619 5393 2876 5434 numerus
2895 5376 3290 5450 episcoporum,
3332 5398 3358 5432 ι
3393 5376 3583 5436 videor
3610 5377 3747 5432 mihi

2148 5446 2426 5519 colligere,
2458 5449 2617 5504 etiam
2661 5464 2726 5504 eo
2755 5446 3035 5505 dementiae
3082 5446 3292 5505 venisse
3337 5451 3651 5517 Auctorem,
3686 5458 3747 5503 ut

2151 5520 2329 5590 trium
2361 5523 2575 5575 nomine
2623 5520 2677 5573 in
2728 5520 2925 5590 quibus
2981 5520 3226 5577 consistit
3265 5520 3527 5586 Ecclesia,
3579 5521 3744 5576 intel-

2147 5587 2342 5646 lexerit
2369 5591 2698 5654 Montanum,
2733 5587 2967 5647 Priscam
2994 5600 3049 5648 et
3076 5591 3438 5647 Maximillam.
3468 5592 3610 5648 Plut.

2220 5660 2333 5733 (3t)
2362 5661 2466 5720 Nec
2495 5662 2609 5719 ulli
2651 5663 2832 5736 magis
2861 5663 3089 5720 aditum
3134 5665 3379 5723 carceris
3422 5664 3741 5725 redimunt.
