4058 6172
319 324 453 388 1081

1591 328 1788 392 LIBER
1842 326 1928 389 DE
1970 326 2319 393 PUDIClTlA.

3473 338 3609 402 1082

305 435 430 552 bris
459 455 578 552 (32)
617 456 780 530 plane
826 474 892 516 ex
932 476 1041 552 usu
1082 460 1368 552 libidinum
1398 460 1570 552 notis,
1620 469 1676 518 et
1705 473 1905 552 pacem
1938 471 1986 552 Α
2013 465 2256 534 peccata,
2289 480 2388 532 an,
2421 465 2596 537 Surge
2648 471 2704 522 et
2729 465 2962 521 ambula
2992 463 3020 519 .9
3068 467 3268 538 Igitur,
3297 469 3364 524 ut
3411 471 3611 528 sciatis

320 544 386 601 ab
416 544 506 600 his
553 558 804 618 quaerunt
851 550 944 620 qui
992 551 1059 606 de
1106 567 1202 608 sua
1248 551 1637 624 periclitantur.
1686 549 1795 605 Alii
1841 549 1908 604 ad

321 635 531 692 metalla
571 638 888 714 confugiunt
935 640 1078 713 (33),
1139 652 1194 699 et
1240 641 1367 698 inde
1424 640 1910 700 communicatores

320 732 681 796 revertuntur,
710 729 804 784 ubi
835 730 948 800 jam
986 731 1138 787 aliud
1189 731 1502 804 martyrium
1543 730 1907 788 necessarium

319 823 402 871 est
452 817 662 876 delictis
718 828 839 892 post
893 822 1212 896 martyrium
1267 822 1443 880 novis.
1501 822 1608 892 Qui
1663 821 1807 878 enim
1855 819 1909 874 in

317 906 475 962 terris
521 914 574 964 et
620 908 673 963 in
716 925 875 967 carne
921 911 1036 969 sine
1081 911 1283 985 culpa?
1329 911 1455 985 quis
1497 919 1700 983 martyr
1728 911 1910 968 saeculi

313 994 512 1064 incola,
555 997 790 1054 denariis
822 1001 846 1038 3
874 1002 1117 1073 supplex,
1148 1002 1357 1058 medico
1385 1001 1652 1058 obnoxius
1683 1011 1734 1058 et
1763 1001 1912 1058 fene-

316 1085 477 1141 ratori
507 1086 670 1158 (35)?
699 1089 832 1142 Puta
860 1105 1006 1147 nunc
1033 1090 1134 1146 sub
1173 1090 1357 1162 gladio
1394 1091 1508 1162 (35)
1536 1093 1644 1161 jam
1676 1091 1858 1163 capite
1887 1092 1911 1130 ἰ

312 1174 531 1242 librato,
567 1186 693 1249 puta
721 1177 777 1232 in
808 1179 1046 1249 patibulo
1080 1181 1191 1252 jam
1229 1195 1455 1251 corpore
1494 1196 1752 1254 expanso,
1779 1189 1911 1252 puta

312 1262 368 1318 in
421 1263 604 1335 stipite
649 1266 759 1334 jam
807 1267 960 1324 leone
999 1269 1022 1306 ⁵
1051 1284 1307 1325 concesso
1357 1269 1498 1339 (36),
1529 1277 1657 1340 puta
1684 1269 1740 1325 in
1787 1286 1908 1340 axe,

309 1353 419 1422 jam
468 1353 718 1410 incendio
775 1363 1010 1414 astructo
1046 1359 1090 1423 δ,
1141 1359 1194 1414 in
1243 1361 1380 1430 ipsa,
1429 1359 1574 1426 dico,
1625 1358 1911 1415 securitate

312 1448 368 1496 et
395 1443 742 1513 possessione
779 1446 1042 1519 martyrii,
1085 1448 1204 1519 quis
1252 1447 1510 1518 permittit
1551 1447 1758 1503 homini
1805 1449 1909 1502 do-

311 1546 442 1586 nare
469 1549 591 1605 quae
631 1535 746 1590 Deo
793 1536 1116 1593 reservanda
1161 1539 1333 1592 sunt?
1373 1553 1404 1593 a
1439 1551 1548 1609 quo
1576 1552 1640 1592 ea
1668 1537 1783 1592 sine
1811 1552 1909 1592 ex-

310 1622 590 1679 cusatione
637 1623 888 1680 damnata
941 1635 1101 1694 sunt;
1151 1642 1270 1698 quae
1310 1641 1411 1682 nec
1452 1625 1704 1696 apostoli,
1756 1624 1903 1696 quod

311 1710 517 1778 sciam,
565 1721 827 1785 martyres
875 1721 929 1770 et
973 1715 1116 1785 ipsi,
1172 1714 1442 1771 donabilia
1504 1715 1901 1785 judicaverunt.

313 1801 563 1873 Denique
585 1802 696 1870 jam
725 1803 792 1856 ad
821 1803 1024 1858 bestias
1052 1806 1458 1876 depugnaverat
1484 1805 1684 1859 Paulus
1711 1804 1906 1876 Ephesi

314 1890 371 1958 (Ι
410 1890 532 1947 Cor.
591 1905 685 1955 xv,
747 1890 855 1961 32),
912 1908 1034 1948 cum
1073 1890 1350 1948 interitum
1406 1892 1647 1948 decernit
1703 1892 1907 1948 incesto

307 1978 365 2046 (Ι
391 1979 512 2034 Cor.
542 1993 600 2044 v,
642 1981 674 2034 3
723 1979 924 2052 seqq.).
975 1979 1220 2037 Sufficiat
1271 1980 1488 2051 martyri
1533 1981 1648 2051 (37)
1691 1979 1910 2050 propria

310 2063 514 2120 delicta
556 2082 840 2139 purgasse.
898 2069 1104 2142 Ingrati
1157 2068 1241 2125 vel
1300 2068 1522 2141 superbi
1571 2076 1653 2124 est
1683 2069 1739 2123 in
1776 2068 1910 2124 alios

310 2169 528 2227 quoque
558 2170 814 2227 spargere
843 2159 991 2228 quod
1017 2174 1116 2228 pro
1146 2173 1345 2230 magno
1376 2158 1533 2213 fuerit
1561 2165 1907 2215 60nsecutus.

311 2241 450 2310 Quis
501 2241 729 2297 alienam
787 2253 1009 2299 mortem
1067 2261 1161 2300 ειιι
1223 2245 1401 2313 solvit,
1445 2245 1553 2300 nisi
1607 2245 1758 2300 solus
1810 2244 1909 2298 Dei

312 2329 684 2386 Filius‘2Nam
732 2333 867 2387 etin
914 2332 1033 2402 ipsa
1078 2334 1331 2404 passione
1376 2333 1618 2391 liberavit
1646 2333 1906 2388 latronem

309 2420 464 2492 (Luc.
515 2435 675 2490 χχιιι,
729 2423 839 2491 43).
889 2422 972 2476 Ad
1026 2424 1130 2478 hoc
1173 2423 1318 2478 enim
1364 2432 1602 2491 venerat,
1643 2431 1702 2477 ut
1732 2422 1846 2492 ipse
1877 2436 1906 2474 a

308 2509 507 2566 delicto
561 2527 751 2581 purus,
800 2518 853 2568 et
904 2511 1084 2570 omnia
1135 2518 1357 2568 sanctus
1401 2526 1503 2583 pro
1533 2510 1908 2582 peccatoribus

312 2599 488 2655 obiret
532 2600 594 2654 ’³.
653 2600 921 2670 Proinde,
973 2600 1066 2672 qui
1122 2600 1275 2657 illum
1334 2600 1602 2656 aemularis
1651 2599 1905 2656 donando

309 2687 533 2754 delicta,
563 2688 608 2742 si
640 2688 776 2744 nihil
833 2688 950 2759 ipse
1005 2688 1308 2761 deliquisti,
1373 2689 1529 2760 plane
1568 2695 1748 2760 patere
1805 2703 1904 2760 pro

310 2791 438 2831 me:
471 2776 517 2831 si
563 2792 694 2834 vero
741 2784 991 2848 peccator
1031 2793 1112 2848 es,
1157 2777 1430 2848 quomodo
1477 2779 1656 2832 oleum
1715 2777 1903 2834 faculse

313 2872 420 2920 tuae
446 2864 693 2923 sufficere
743 2876 795 2923 et
841 2866 938 2922 tibi
986 2875 1040 2924 et
1072 2867 1204 2922 mihi
1250 2868 1494 2937 poterit?
1529 2868 1714 2923 Habeo
1743 2867 1900 2924 etiam

311 2971 458 3012 nunc
506 2970 614 3029 quo
667 2957 895 3028 probem
961 2956 1232 3013 Christum
1292 2957 1446 3026 (38).
1506 2957 1562 3012 Si
1611 2962 1902 3027 propterea

309 3044 556 3101 Christus
585 3045 642 3101 in
683 3053 914 3118 martyre
960 3054 1061 3112 est,
1109 3053 1168 3101 ut
1201 3046 1444 3102 moechos
1472 3053 1528 3100 et
1554 3045 1903 3102 fornicatores

307 3143 513 3205 martyr
567 3135 829 3206 absolvat,
880 3135 1091 3191 occulta
1145 3132 1326 3190 cordis
1372 3133 1570 3204 edicat,
1605 3141 1665 3191 ut
1708 3134 1782 3190 ita
1810 3135 1904 3190 de-

307 3223 438 3279 licta
473 3223 748 3288 concedat,
797 3231 852 3278 et
890 3221 1138 3279 Christus
1181 3229 1298 3290 est;
1340 3222 1418 3277 sic
1457 3223 1599 3278 enim
1644 3222 1907 3278 Dominus

303 3312 468 3368 Jesus
507 3312 748 3367 Christus
793 3319 1111 3382 potestatem
1162 3309 1377 3367 I028
1427 3327 1576 3367 suam
1625 3311 1903 3368 ostendit:

312 3401 462 3470 Quid
489 3403 745 3473 cegitatis
792 3417 1032 3475 nequam
1078 3400 1139 3454 in
1185 3400 1444 3457 cordibus
1491 3401 1739 3457 vestris?
1771 3401 1907 3475 quid

302 3489 451 3546 enim
470 3492 706 3560 facilius
726 3495 808 3546 est
819 3491 1006 3548 dicere
1012 3489 1363 3561 paralytico:
1385 3489 1781 3546 Dimittuntur
1803 3491 1908 3547 tibi

2016 552 2229 608 Filium
2257 553 2502 612 hominis
2529 555 2730 612 habere
2758 553 3222 612 dimittendorum
3249 562 3610 629 peccatorum

2015 640 2078 695 in
2110 643 2279 698 terris
2301 646 2659 714 potestatem,
2694 644 2801 698 tibi
2834 645 2975 710 dico,
3009 644 3319 714 paralytice,
3356 647 3529 720 Surge
3557 649 3614 704 et

2017 731 2248 787 ambula
2285 731 2504 803 (Matth.
2563 748 2644 798 ιχ,
2679 737 2712 788 4
2750 735 2947 805 seqq.).
2999 732 3053 786 Si
3095 733 3358 789 Dominus
3398 743 3613 794 tantum

2017 817 2085 872 de
2137 821 2416 890 potestatis
2454 836 2565 875 suae
2603 821 2923 892 probatione
2951 822 3177 892 curavit,
3205 822 3282 876 uti
3309 824 3615 881 traduceret

2017 907 2287 979 cogitatus
2334 916 2383 964 et
2431 908 2504 964 ita
2548 908 2837 982 imperaret
2889 909 3192 983 sanitatem,
3253 927 3320 966 ne
3349 927 3456 968 non
3486 930 3611 969 cre-

2018 994 2238 1053 deretur
2285 1013 2446 1070 posse
2505 998 2697 1054 delicta
2759 999 3066 1064 dimittere,
3128 1014 3235 1054 non
3292 1000 3417 1056 licet
3485 1003 3616 1057 mihi

2017 1086 2255 1142 eamdem
2307 1095 2623 1158 potestatem
2672 1085 2726 1142 in
2781 1087 2966 1159 aliquo
3013 1088 3129 1143 sine
3174 1087 3378 1145 eisdem
3421 1092 3618 1162 proba-

2018 1173 2258 1232 tionibus
2295 1177 2537 1234 credere.
2588 1176 2723 1233 Cum
2770 1183 2947 1233 tamen
2993 1179 3223 1235 moechis
3269 1187 3324 1236 et
3370 1180 3612 1237 fornica-

2017 1263 2224 1320 toribus
2251 1280 2283 1318 a
2311 1275 2544 1338 martyre
2593 1266 2904 1337 expostulas
2952 1268 3187 1335 veniam,
3222 1266 3338 1339 ipse
3384 1269 3614 1326 conﬁte-

2018 1356 2093 1409 ris
2121 1354 2388 1422 ejusmodi
2434 1354 2660 1413 crimina
2708 1355 2922 1412 nonnisi
2973 1357 3186 1427 proprio
3235 1359 3492 1430 martyrio
3532 1358 3617 1413 di-

2018 1441 2228 1509 luenda,
2261 1444 2356 1516 qui
2401 1443 2688 1514 praesumis
2732 1444 2931 1500 alieno.
2980 1443 3139 1512 Quod
3188 1445 3233 1502 si
3272 1455 3374 1513 est,
3414 1448 3524 1518 jam
3563 1457 3617 1503 et

2017 1532 2331 1603 martyrium
2388 1534 2535 1588 aliud
2582 1533 2684 1589 erit
2729 1534 3012 1604 baptisma.
3065 1534 3261 1602 Habeo,
3312 1538 3476 1604 enim,
3525 1537 3614 1590 in-

2013 1620 2148 1692 quit,
2179 1625 2235 1676 et
2264 1621 2427 1677 aliud
2471 1622 2754 1694 baptisma
2791 1624 2945 1695 (Luc.
2979 1639 3085 1689 xu,
3129 1625 3244 1696 50).
3274 1625 3430 1680 Unde
3469 1632 3522 1680 et
3549 1640 3614 1680 ex

2014 1710 2233 1768 vulnere
2279 1711 2466 1766 lateris
2528 1711 2795 1767 Dominici
2843 1729 2982 1784 aqua
3029 1722 3082 1769 et
3129 1715 3349 1783 sanguis
3403 1714 3616 1770 utrius-

2015 1815 2120 1872 que
2148 1800 2341 1858 lavacri
2371 1808 2641 1872 paratura,
2673 1801 2912 1859 manavit
2957 1802 3143 1874 (Joan.
3176 1817 3303 1868 xxx,
3354 1804 3467 1875 34).
3501 1803 3616 1859 De-

2016 1887 2118 1944 beo
2147 1904 2278 1961 ergo
2305 1897 2359 1945 et
2387 1889 2564 1960 primo
2586 1888 2804 1946 lavacro
2842 1889 3007 1946 alium
3037 1889 3287 1960 liberare,
3321 1891 3365 1946 si
3397 1907 3617 1962 possum

2016 1976 2273 2043 secundo,
2309 1979 2725 2051 ingeramusque
2747 1978 2774 2016 3
2803 1977 2856 2033 in
2894 1977 3074 2034 sinum
3112 1993 3336 2034 necesse
3366 1986 3447 2033 est
3477 1979 3616 2050 (39).

2017 2064 2362 2139 Quaecunque
2424 2066 2751 2135 auctoritas,
2797 2082 3134 2140 quaecunque
3191 2066 3329 2123 ratio
3399 2069 3617 2125 mcecho

2019 2161 2073 2209 et
2121 2153 2431 2212 fornicatori
2479 2170 2666 2226 pacem
2714 2154 3130 2211 ecclesiasticam
3184 2155 3377 2224 reddit,
3426 2155 3617 2211 eadem

2018 2242 2239 2298 debebit
2294 2251 2347 2298 et
2403 2241 2688 2298 homicida:
2752 2252 2805 2299 et
2857 2243 3160 2301 idololatrae
3232 2243 3618 2315 pmnitcntibus

2017 2331 2318 2399 subvenire,
2377 2339 2522 2387 certe
2577 2332 2840 2403 negatori,
2901 2343 2952 2389 et
2996 2334 3183 2405 utique
3237 2334 3314 2389 illi
3359 2351 3518 2406 quem
3564 2335 3621 2389 in

2016 2420 2206 2494 przelio
2263 2420 2621 2476 confessionis
2684 2423 2966 2477 tormentis
3023 2422 3363 2480 colluctatum
3412 2423 3623 2480 saevitia

2016 2510 2232 2580 deiecit.
2283 2508 2565 2573 Caeterum,
2616 2509 2903 2582 indignum
2949 2513 3062 2568 Deo
3110 2523 3164 2568 et
3209 2512 3360 2568 illius
3397 2513 3619 2568 miseri-

2016 2600 2215 2666 cordia,
2266 2599 2359 2671 qui
2409 2599 2786 2669 pmnitentiam
2836 2601 3131 2670 peccatoris
3186 2602 3346 2656 morti
3387 2618 3621 2672 praever-

2019 2691 2098 2756 tit,
2142 2696 2200 2744 ut
2258 2687 2466 2744 facilius
2509 2688 2564 2742 in
2611 2687 2909 2743 Ecclesiam
2947 2690 3192 2757 redeant,
3223 2689 3317 2760 qui
3347 2690 3616 2755 subando,

2015 2795 2175 2851 quam
2223 2776 2319 2849 qui
2347 2775 2658 2830 dimicando
2708 2776 3035 2830 ceciderunt.
3079 2776 3248 2848 Urget
3287 2792 3386 2832 nos
3439 2778 3618 2835 dicere

2007 2869 2321 2940 indignitas.
2381 2865 2753 2920 Contaminata
2808 2865 2996 2936 potius
3049 2881 3278 2936 corpora
3335 2869 3619 2923 revocabis

2009 2973 2168 3029 quam
2197 2959 2473 3012 cruentata
2491 2954 2520 3007 ἱ)
2549 2968 2671 3024 quae
2696 2952 3014 3023 poenitentia
3054 2952 3432 3020 miserabilior,
3473 2955 3612 3011 titil-

2009 3041 2170 3101 latam
2214 3051 2564 3116 prosterneus
2610 3056 2843 3106 carnem,
2883 3055 2951 3096 an
2998 3056 3127 3099 vero
3172 3041 3466 3097 lanistam?
3495 3059 3616 3115 quae

2008 3136 2206 3210 justior
2234 3131 2390 3190 venia
2417 3131 2470 3186 in
2516 3129 2765 3186 omnibus
2809 3129 3011 3194 causis,
3052 3145 3216 3202 quam
3254 3130 3614 3203 voluntarius,

2012 3241 2081 3279 an
2111 3239 2270 3296 quam
2317 3220 2515 3276 invitus
2561 3225 2817 3290 peccator
2858 3218 3164 3286 implorat?
3203 3218 3373 3274 Nemo
3423 3219 3620 3275 volens

2013 3326 2215 3384 negare
2245 3307 2605 3379 compellitur,
2656 3322 2814 3363 nemo
2861 3307 3052 3360 nolens
3090 3305 3427 3364 fornicatur:
3468 3309 3619 3363 nulla

2014 3401 2080 3455 ad
2123 3397 2402 3454 libidinem
2445 3394 2528 3450 vis
2573 3402 2674 3461 est,
2724 3394 2828 3449 nisi
2876 3393 3035 3464 ipsa;
3087 3395 3256 3449 nescit
3295 3395 3436 3465 quod
3485 3394 3614 3450 libet

2014 3488 2155 3560 cogi.
2203 3484 2554 3559 Negationem
2609 3497 2772 3554 porro
2834 3479 3063 3538 1029
3117 3488 3322 3553 quanta
3363 3482 3607 3554 compel-

1693 3615 1885 3679 Variae
1940 3615 2251 3678 lectiones.

378 3695 683 3752 3Donariis
712 3697 832 3751 Lat.
862 3695 885 3733 4
944 3692 1114 3765 Capiti
1169 3695 1290 3750 Lat.
1353 3695 1377 3732 5
1417 3693 1582 3750 Leoni
1637 3697 1762 3752 Lat.

305 3768 332 3805 ⁸
359 3767 604 3839 Ingeram
633 3783 807 3839 usque
834 3767 964 3822 Lat.

1847 3697 1870 3735 6
1923 3693 2192 3751 Adstricto
2267 3690 2434 3749 Se-ml.
2510 3687 2730 3746 Oberth.
2786 3686 2808 3725 ⁷
2841 3685 3099 3742 Obediret
3156 3687 3328 3745 Seml.
3393 3686 3612 3745 Oberth.

1730 3863 2229 3929 Commentarius.

304 4018 478 4082 indm
503 4000 600 4082 qui
646 3998 952 4082 Ecclesium
995 3993 1390 4082 perdiderunt.
1410 3995 1603 4082 liialuit
1630 3995 1894 4082 Latinius,

303 4066 586 4138 Ecclesiae,
631 4079 688 4123 ut
724 4070 791 4124 de
828 4066 1083 4124 Ecclesiae,
1125 4066 1274 4138 aditu
1314 4066 1662 4138 intelligatur.
1725 4069 1902 4122 Perdi-

303 4145 450 4200 disse
505 4137 822 4210 ECclesiam,
882 4139 997 4195 sive
1035 4137 1306 4210 Ecclesia
1362 4137 1895 4210 aditum_dieuntur_,

343 4215 398 4270 ui
426 4212 669 4269 Ecclesia
713 4207 838 4267 sunt
890 4208 1088 4277 ejecti;
1121 4216 1178 4263 ut
1207 4216 1413 4272 contra,
1465 4207 1615 4261 reddi
1663 4208 1904 4263 Ecclesia

343 4233 398 4270 ιιι
426 4233 669 4269 nccresxa
713 4233 838 4267 sum
890 4233 1088 4277 8100“;
1124 4233 1178 4263 nl
1207 4233 1413 4272 contra,
1465 4233 1615 4261 rt:qu
1663 4233 1902 4263 ῡυυιεδιᾶ

301 4233 505 4340 dicitur
551 4283 747 4354 quibus
800 4282 1096 4354 redduntur
1130 4279 1252 4348 jura
1293 4279 1441 4348 pacis
1488 4279 1599 4333 sive
1648 4294 1902 4335 commu-

303 4356 486 4413 nionis
528 4352 927 4410 ecclesiasticae.
959 4353 1088 4407 Rm.

376 4426 493 4498 (52)
525 4426 820 4498 Viotantur
836 4425 948 4498 piri
967 4440 1032 4479 ac
1053 4421 1371 4498 femincein
1394 4419 1657 4498 tenebris.
1671 4417 1817 4498 Quae
1836 4420 1904 4474 ab

304 4491 538 4554 ethnicis
587 4497 716 4552 olim
786 4491 1061 4552 adversus
1111 4491 1445 4548 Christianos
1523 4491 1864 4560 jactabantur
1888 4530 1904 4556 ,

303 4569 574 4626 atrociora
619 4583 726 4622 non
764 4575 917 4623 erant
961 4563 1079 4621 istis
1124 4579 1246 4633 quae.
1292 4560 1588 4635 Septimius
1635 4562 1907 4633 Psycbicis

304 4640 422 4714 suis
449 4639 814 4714 inﬂigit.R,lGo
874 4711 881 4714 _
933 4706 969 4714 __
1160 4707 1178 4714 ,
1259 4706 1269 4714 ,
1368 4710 1378 4714 _
1611 4703 1622 4714 .
1745 4702 1756 4714 .

381 4712 497 4782 (33)
525 4703 638 4769 Αῖὶἱ
667 4711 738 4766 ad
766 4706 1009 4782 metalla
1039 4706 1400 4782 confugiunt.
1443 4703 1587 4782 Alii,_
1609 4703 1802 4782 inquit,
1832 4703 1904 4758 ob

304 4775 598 4838 mdachiam
643 4789 738 4836 aut
768 4775 1177 4836 fornicationem
1212 4775 1396 4846 eiecti,
1445 4775 1671 4834 ethnicis
1699 4790 1900 4846 procu-

306 4853 582 4910 ratoribus
625 4851 963 4908 metallorum
1009 4849 1294 4919 corruptis,
1345 4849 1412 4903 ad
1461 4847 1674 4903 metalla
1702 4846 1900 4919 confu-

307 4925 493 4998 giunt,
524 4940 583 4980 ac
612 4940 712 4996 pro
730 4923 940 4998 Christi
972 4918 1188 4976 nomine
1234 4928 1414 4998 raptos
1461 4919 1617 4998 adea
1646 4934 1703 4972 se
1733 4918 1906 4998 fuisse

309 4990 780 5052 Eimulantfunde
821 5009 966 5061 mox,
1010 5001 1262 5062 tanquam
1294 4992 1577 5064 degustato
1618 4990 1904 5061 martyrio,

309 5069 379 5122 ad
433 5066 812 5122 ecclesiasticae
861 5064 1254 5121 communionis
1301 5077 1484 5132 pacem
1544 5069 1902 5117 revertuntur.

308 5140 444 5193 Inde
495 5147 678 5193 autem
724 5146 1067 5193 revertuntur
1107 5133 1201 5188 ubi
1253 5131 1364 5202 jam
1397 5131 1541 5186 aliud
1589 5132 1906 5201 martyrium

310 5210 683 5264 necessarium
713 5216 812 5272 est,
854 5211 924 5264 ob
969 5223 1033 5263 ea
1070 5205 1322 5280 nimirum
1373 5203 1565 5280 delicta
1596 5217 1732 5280 quae
1777 5205 1905 5258 dum

313 5281 461 5350 apud
490 5280 704 5336 metalla
733 5295 829 5348 per
858 5279 1101 5350 fraudem
1141 5274 1346 5350 illicitm
1376 5272 1638 5345 pactionis
1666 5281 1904 5350 agerent,

311 5343 483 5406 forma
535 5343 839 5420 negationis
886 5364 995 5405 non
1051 5346 1342 5420 levissima.
1376 5343 1737 5420 contraxere:
1784 5343 1911 5410 Quis

312 5423 547 5494 martyr!
573 5415 1026 5494 in‘saeculoiagens
1046 5419 1197 5494 inter:
1201 5415 1461 5494 ethnicos,
1477 5415 1764 5494 damnatis
1783 5432 1911 5494 sup-

308 5485 479 5566 plex;
501 5511 696 5564 nempe
715 5485 958 5566 hostibus
974 5489 1067 5566 Dei
1088 5497 1141 5566 et
1160 5487 1381 5566 Christi,
1404 5485 1613 5566 eunucho
1633 5485 1908 5566 obnoxius

312 5556 369 5620 et
385 5556 750 5634 fornicatori,
776 5565 879 5620 hoc
898 5569 998 5628 est,
1014 5561 1277 5634 idolorum
1293 5558 1609 5634 cultoribus,
1627 5558 1708 5614 vel
1721 5556 1910 5634 iisdem
1931 5575 1944 5592 -

311 5627 533 5709 quoque
563 5653 624 5693 re
671 5627 792 5708 ipsa
833 5633 1063 5692 moechis
1103 5641 1159 5690 et
1203 5629 1634 5700 fornicatoribus,
1660 5643 1690 5684 a
1716 5627 1912 5702 quibus

2011 4005 2190 4052 tamen
2241 4010 2394 4050 suam
2453 3993 2569 4065 ipse
2625 4006 2751 4047 cum
2805 3989 3044 4048 Ecclesia
3096 4005 3282 4061 pacem
3341 3991 3610 4048 redemit!

2011 4067 2138 4122 Rm.

2078 4136 2194 4206 (34)
2211 4135 2467 4192 Denariis
2487 4134 2990 4206 supplex,_rnedico
3015 4133 3291 4206 obnomius
3322 4138 3378 4206 et
3398 4137 3618 4206 fenera-

2014 4203 2145 4263 tori.
2174 4203 2571 4274 Conjecturami
2598 4203 2818 4274 protuli,
2863 4219 3022 4274 quam
3064 4203 3194 4258 tanti
3235 4203 3394 4268 facio,
3426 4205 3614 4274 quanti

2013 4293 2134 4332 esse
2157 4292 2252 4344 per
2280 4272 2609 4343 exemplaria
2633 4273 2928 4328 videbitur.
2962 4273 3090 4344 R716.

2084 4342 2199 4418 (35)
2228 4349 2378 4418 Puta
2403 4342 2560 4418 nunc
2602 4344 2946 4418 subglodio.
2987 4342 3159 4418 Quasi
3207 4342 3445 4399 diceret:
3503 4342 3614 4396 De-

2013 4414 2134 4474 mus
2165 4414 2337 4472 autem
2370 4417 2501 4469 istos
2530 4414 2596 4468 de
2627 4414 2832 4483 quibus
2860 4429 3023 4480 supra
3073 4414 3277 4468 dictum
3307 4421 3410 4478 est,
3452 4428 3615 4470 veros

2013 4505 2132 4545 esse
2166 4499 2217 4544 et
2241 4487 2570 4542 indubitatos
2598 4491 2878 4553 martyres.
2913 4485 3037 4538 RIG.

2085 4560 2202 4631 (36)
2233 4561 2358 4616 lam
2390 4558 2546 4631 leone
2589 4569 2863 4631 concesso.
2884 4554 3073 4631 ‘Circo,
3104 4553 3346 4631 videlicet
3377 4555 3611 4631 concla-

2014 4625 2193 4687 mante'
2229 4627 2568 4688 Christianis
2609 4626 2845 4697 leonem.
2878 4625 2966 4680 Sic
2993 4626 3082 4678 lib.
3117 4625 3183 4680 de
3223 4626 3571 4697 Spectaculis
3594 4646 3613 4681 :

2016 4723 2046 4755 α
2086 4704 2201 4758 Illic
2256 4703 2312 4757 in
2371 4715 2470 4754 nos
2523 4695 2821 4770 quotidiani
2882 4696 3065 4752 leones
3103 4695 3528 4764 expostulantur.
3585 4718 3608 4745 ι»

2012 4776 2138 4830 Rm.

2079 4844 2198 4915 (37)
2227 4841 2498 4913 Sufﬁciat
2525 4838 2783 4915 martyri,
2832 4834 3082 4915 etc._Au_t
3108 4835 3349 4906 loquitur
3386 4835 3452 4915 de
3482 4853 3617 4915 mar-

2013 4906 2225 4987 tyribus
2252 4906 2360 4987 qui
2386 4927 2486 4987 suo
2529 4906 2790 4987 martyrio
2839 4907 3263 4987 baptizabantur,
3295 4915 3385 4961 aut
3417 4906 3615 4987 intelli-

2015 4977 2090 5059 git
2121 4987 2189 5041 de
2219 4977 2554 5059 omnimoda_
2576 4977 2921 5051 purgatione
2941 4977 3261 5059 delictorum
3283 4994 3454 5059 quam
3485 4979 3616 5059 solis

2014 5049 2343 5128 martyribus
2366 5062 2500 5128 tum
2532 5049 2792 5128 ipse_no_n
2837 5049 3030 5128 semel,
3062 5066 3246 5122 supra,
3278 5058 3391 5128 tum
3511 5051 3615 5121 Cy-

2013 5121 2260 5200 prianus,
2293 5126 2448 5199 epist.
2484 5121 2576 5200 52,
2617 5122 2684 5176 ad
2724 5121 3394 5200 ‘Antonianum_'ascri_bit,
3437 5123 3509 5178 ita
3558 5128 3618 5176 ut

2014 5194 2150 5256 nihil
2185 5194 2345 5255 restei
2373 5205 2495 5268 post
2522 5197 2658 5250 hanc
2685 5194 2850 5249 vitam
2879 5195 3245 5268 purgandum.
3276 5194 3416 5268 Pani.

2089 5272 2203 5343 (38)
2234 5265 2407 5327 Habeo
2435 5284 2592 5324 nunc
2629 5281 2738 5343 quo
2765 5265 3004 5343 probem
3031 5265 3487 5343 Christum.“Hoc
3513 5271 3612 5328 est,

2089 5283 2203 5343 (38)
2234 5283 2407 5327 Habeo
2435 5284 2592 5324 nunc
2629 5283 2738 5392 ἷαο
2765 5283 2995 5338 prooem
3031 5283 3338 5321 cumcum.
3375 5283 3487 5344 uoc
3513 5283 3610 5328 εει,

2014 5344 2188 5399 habeo
2221 5357 2366 5396 nunc
2393 5354 2502 5411 quo
2532 5352 2629 5409 pro
2671 5353 2753 5393 em
2775 5335 3048 5393 Christum
3074 5347 3291 5408 peccata
3321 5335 3610 5402 dimittere,

2014 5430 2126 5470 non
2156 5411 2615 5484 martyremJiru.
2690 5482 2697 5485 _
2800 5481 2810 5485 _
3295 5477 3369 5485 η,
3467 5475 3477 5485 ,

2085 5487 2203 5558 (39)
2213 5477 2647 5558 Ing'eramusque
2678 5482 2740 5538 in
2764 5481 2958 5538 sinum
2976 5494 3193 5558 necesse
3221 5480 3324 5558 est:
3348 5477 3613 5558 In_sinum

2017 5546 2422 5627 Psych'icoi-um,
2453 5565 2514 5611 ut
2548 5546 2741 5609 eorum
2759 5550 3156 5609 contumaciam
3193 5546 3608 5606 confundamus.

2016 5627 2141 5686 Rm.
