4062 6178
462 312 599 373 1083

1174 308 1614 372 TERTULLIANI
1671 310 1937 373 OPERUM
1963 312 2129 374 PARS
2171 312 2238 373 II.
2272 312 2590 374 --SERIES
2620 313 2686 386 II,
2730 313 3049 375 MORALIA.

3622 322 3762 384 1084

457 436 575 492 lunt
609 434 721 509 (40)
759 432 979 531 ingenia
1026 433 1294 493 carniﬁcis
1358 440 1414 492 et
1469 451 1670 509 genera
1727 439 2052 508 pcenarum?
2084 452 2130 531 Α
2168 444 2309 509 runt,
2341 437 2394 493 in
2424 454 2559 510 quas
2590 437 2766 494 adhuc
2804 446 2859 495 et
2895 440 3143 497 diabolus
3186 440 3304 514 ipse
3340 441 3596 519 suspirat,
3637 463 3761 505 cum

456 524 592 594 Quis
628 523 805 599 magis
849 524 1087 596 negavit,
1120 524 1212 596 qui
1261 524 1534 581 Christum
1584 532 1824 593 vexatus,
1864 542 1933 580 an
1962 528 2054 598 qui

455 612 759 669 delectatus
782 612 1014 668 amisit?
1041 614 1135 685 qui
1166 630 1287 669 cum
1325 614 1593 670 amitteret
1632 612 1675 680 9,
1714 612 1937 669 doluit?
1984 631 2055 670 an

454 702 547 773 qui
604 717 725 758 cum
774 701 1044 759 amitteret
1098 702 1275 759 lusit?
1304 703 1369 758 Et
1416 711 1591 759 tamen
1631 703 1735 758 illae
1782 703 2056 759 cicatrices

457 789 760 846 Christiano
818 790 1006 861 praelio
1056 791 1357 863 insculptas,
1418 799 1470 847 et
1535 790 1721 863 utique
1776 791 2053 849 invidiosae

456 878 604 949 apud
643 879 920 935 Christum
963 878 1102 950 (41),
1139 878 1264 952 quia
1316 880 1511 937 vicisse
1542 878 1844 952 cupierunt,
1878 888 1931 936 et
1979 881 2057 937 sic

456 982 673 1040 quoque
706 965 934 1024 I030
964 967 1239 1040 gloriosae,
1271 968 1398 1040 quia
1423 983 1533 1024 non
1565 968 1824 1026 vincendo
1872 984 2057 1026 cesse-

2162 541 2259 582 sua
2294 525 2625 593 infelicitate,
2652 526 2751 584 sed
2782 533 2927 584 casta
2950 551 2965 598 ;
2985 544 3108 584 cum
3138 530 3451 600 paenitentia
3471 548 3760 607 moerente,

2163 616 2256 672 sed
2284 630 2393 671 non
2430 616 2790 672 erubescente
2820 617 2886 672 ad
2917 617 3212 674 Dominum
3238 619 3308 675 de
3356 621 3533 678 venia.
3568 625 3763 683 Denuo

2164 704 2452 760 dimittitur
2473 704 2553 760 eis
2581 706 2680 776 qui
2712 704 3053 776 piaculariter
3080 721 3425 779 negaverunt
3446 712 3561 782 (42)
3586 731 3604 781 ;
3636 714 3765 772 solis

2162 794 2267 848 illis
2285 807 2409 849 caro
2429 792 2640 848 infirma
2662 802 2744 850 est
2772 793 2909 864 (43).
2932 796 3099 869 Atqui
3119 796 3263 852 nulla
3284 803 3391 853 tam
3423 799 3581 857 fortis
3608 818 3757 872 caro,

2166 898 2330 954 quam
2359 898 2480 957 quae
2504 885 2755 955 spiritum
2783 883 2951 940 elidit.

1825 1096 2016 1159 Variae
2075 1100 2384 1160 lectiones.

529 1173 553 1211 9
580 1171 861 1228 Averteret
893 1173 1062 1230 Seml.
1099 1172 1323 1232 Oberth.

1861 1247 2359 1311 Commentarius.

532 1378 643 1455 (49)
672 1380 1031 1455 Negatt'opem
1063 1394 1232 1455 p0_rro
1272 1385 1501 1455 quamq
1530 1381 1895 1455 compellunt,
1937 1392 2042 1455 etc.

459 1450 598 1519 Quid
624 1452 724 1506 hoc
752 1449 874 1506 est?
895 1449 1308 1505 fornicationem
1339 1449 1933 1522 idololatria'majorem
1966 1452 2049 1506 fa-

460 1538 579 1593 cere
599 1522 626 1575 ?
654 1522 850 1593 πορνεία
886 1523 1105 1593 quidem
1161 1530 1441 1590 peccatum
1490 1535 1571 1579 est
1617 1532 1669 1578 et
1699 1539 1860 1593 grave
1889 1531 1943 1577 et
1972 1525 2064 1577 let-

2154 1380 2249 1453 qui
2279 1380 2625 1452 peculiariter
2652 1390 3007 1451 negaverunt.
3046 1410 3073 1438 ››
3099 1381 3267 1451 Quasi
3299 1385 3506 1444 diceret
3533 1407 3545 1444 :
3575 1389 3767 1445 Homi-

2171 1454 2332 1533 nibus
2361 1454 2500 1533 bene
2546 1454 2746 1533 vasatis
2786 1465 2847 1533 _et
2884 1456 3031 1533 bene
3070 1455 3353 1533 peculiatis
3402 1459 3586 1533 favent
3633 1462 3766 1533 Psy-

2170 1524 2339 1598 chici,
2372 1524 2467 1597 qui
2515 1525 2891 1595 paenitentiam
2940 1524 3226 1598 indulgent
3268 1530 3515 1597 moechis,
3544 1548 3674 1587 vase
3703 1524 3769 1591 ac

466 1592 623 1673 huic:
658 1592 1042 1675 atiidolola‘tria
1072 1592 1481 1675 gravissimum,
1505 1610 1602 1675 pro
1619 1610 1735 1675 quo
1754 1604 1829 1649 tot
1855 1594 2066 1675 suppli-
2168 1592 2912 1675 peculio'suo'abutentibus,
2947 1592 3191 1675 adeoque
3226 1592 3511 1675 Christum
3544 1617 3764 1675 negau-

459 1664 540 1789 iia
647 1663 816 1719 veteri
836 1663 1096 1732 Ecclesia,
1123 1672 1309 1734 totque
1337 1663 1568 1720 instituti
1588 1663 1721 1721 ritus
1742 1663 2059 1737 paenitendi.

503 1751 536 1789 E
612 1751 666 1789 ιι.

503 1751 536 1791 Ε
570 1751 666 1789 I’R.

537 1784 966 1876 (llt‘llnuidiosae
995 1805 1144 1876 apud
1178 1806 1484 1861 Christum.
1513 1805 1777 1861 Invidiam
1807 1805 2059 1862 facientes
2094 1784 2136 1860 Β

459 1878 691 1932 Christo.
727 1875 815 1930 Sic
840 1876 935 1929 lib.
969 1875 1038 1930 de
1054 1880 1232 1946 Fuga:
1272 1898 1294 1926 α
1333 1876 1475 1932 Malo
1508 1876 1768 1932 invidiam
1799 1878 1848 1933 ei
1880 1878 2056 1934 facere

497 1964 555 2002 er
593 1946 929 2002 voluntatem
959 1946 1133 2017 ipsius
1173 1949 1470 2017 pereundo.
1515 1967 1540 2000 ››
1584 1948 1831 2005 Diximus
1868 1965 2056 2023 supra.

509 2034 585 2072 ια.

530 2087 887 2174 (4ι2),ὒςρλιῖξοΔ
907 2088 1231 2174 dimittitur
1252 2090 1332 2174 eis
1361 2091 1461 2174 qui
1486 2091 1861 2174 piaculariter
1886 2110 2057 2174 nega-

462 2163 690 2215 verunt.
724 2160 895 2214 Cedat
920 2160 1135 2215 veritati
1165 2160 1447 2230 pudor,’et
1486 2160 1700 2217 _mutare
1742 2160 2056 2217 sententiam

461 2230 618 2285 nobis
656 2231 832 2295 liceat,
862 2231 907 2284 si
939 2247 1144 2301 negare
1172 2247 1277 2286 non
1309 2232 1432 2286 licet
1463 2233 1513 2286 in
1565 2236 1881 2291 authentico
1918 2235 2057 2290 scri-

460 2311 610 2372 ptum
651 2302 834 2369 fuisse,
868 2322 892 2353 »
928 2302 1111 2357 Denuo
1137 2303 1440 2374 dimittitur
1478 2304 1559 2358 eis
1590 2306 1678 2374 qui
1718 2306 2059 2373 peculiariter

464 2382 815 2445 negaverunt.
856 2394 876 2423 ί(
934 2373 1076 2445 Nam
1133 2373 1188 2427 id
1242 2373 1483 2445 clausula
1548 2373 1783 2445 sequens
1840 2376 2057 2432 evincit.

460 2443 624 2519 Ludit
666 2444 794 2519 Afer
840 2443 1092 2519 ambiguo
1150 2444 1422 2509 vocabuli,
1475 2452 1530 2498 et
1563 2443 1801 2519 jaculum
1847 2455 2059 2519 torquet

461 2514 514 2568 in
542 2515 847 2585 Psychicos,
894 2515 1050 2584 quale
1079 2530 1282 2585 supra,
1316 2531 1439 2571 cum
1496 2517 1795 2572 exteriores
1849 2514 2063 2572 botulos

463 2584 658 2659 iisdem
687 2584 905 2659 objecit,
937 2584 1032 2655 qui
1076 2584 1288 2641 luxuria
1331 2587 1794 2659 tenderentur,ret
1841 2590 2057 2659 nuptias

462 2658 717 2729 repetitas
763 2657 1096 2727 probarent:
1133 2677 1156 2707 cr
1190 2658 1403 2725 Denuo,
1436 2658 1634 2730 inquit,
1673 2657 1957 2715 dimittitur
1983 2660 2062 2717 eis

2170 1666 2572 1741 tibus_,quoties
2602 1670 2845 1741 membra
2871 1666 3124 1741 sua,qué
3151 1672 3304 1727 fuere
3322 1672 3539 1737 Christi,
3562 1666 3767 1732 faciunt

2168 1738 2751 1818 membra‘rneretricis.
2783 1738 3133 1818 Peculiariter
3152 1741 3424 1818 Christum
3454 1756 3645 1818 negant
3664 1749 3762 1818 qui

2166 1809 2479 1935 geepeculio
2495 1824 2595 1866 suo
2624 1808 3110 1881 ludunt,adversus
3141 1812 3314 1867 datam
3343 1808 3555 1873 Christo
3574 1808 3759 1874 ﬁdem.

2213 1895 2293 1935 lG.

2236 1950 2360 2028 (431
2403 1952 2547 2028 Solis
2577 1953 2694 2028 illis
2722 1969 2851 2028 caro
2878 1954 3113 2028 inﬁrma
3133 1958 3233 2011 est.
3257 1954 3608 2028 Libidinosis,
3631 1976 3764 2015 mce-

2166 2022 2311 2102 chis,
2338 2022 2769 2102 fornicatoribus.
2823 2025 3207 2102 Psychicorum
3244 2022 3759 2102 _disciplinam'gvitu,

2167 2101 2341 2167 perat,
2381 2094 2485 2167 qui
2516 2096 2583 2149 de
2623 2094 2793 2167 tribus
2831 2094 3053 2167 delictis
3101 2094 3411 2167 mortiferis,
3463 2094 3766 2157 idololatria

2168 2163 2281 2218 sive
2310 2166 2615 2235 negatione,
2648 2166 2958 2233 homicidio,
2992 2174 3046 2222 et
3084 2169 3331 2233 moechis,
3363 2163 3498 2228 solis
3539 2174 3769 2229 moechis

2168 2235 2466 2309 Ecclesiam
2496 2237 2804 2309 redderent,
2836 2255 2959 2308 quae
2991 2238 3164 2309 magis
3187 2241 3461 2297 reddenda
3489 2244 3770 2301 videretur

2170 2306 2487 2391 idololatris,
2523 2306 3014 2391 siveneg'antibus,
3040 2306 3163 2391 post
3182 2328 3489 2391 expressam
3509 2316 3767 2391 violentia

2169 2385 2563 2456 tormentorum
2613 2380 2975 2456 idololatriam
3014 2380 3127 2456 sive
3174 2380 3520 2456 negationem
3570 2388 3761 2456 poeni-

2169 2449 2432 2513 tentibus,
2492 2466 2612 2504 cum
2679 2450 2789 2515 isti,
2847 2468 2956 2505 non
3011 2452 3113 2508 nisi
3173 2449 3459 2521 asperitate
3518 2449 3765 2512 tormen-

2171 2527 2348 2597 torum
2403 2521 2595 2597 coacti,
2655 2528 2710 2575 at
2766 2524 2969 2577 moechi
3010 2531 3059 2577 et
3116 2521 3476 2597 fornicatores,
3508 2543 3607 2597 per
3646 2528 3767 2583 libi-

2170 2590 2380 2716 dinpmB
2413 2598 2465 2646 et
2506 2593 2839 2663 voluptatem
2889 2603 3082 2666 sponte
3118 2594 3215 2668 ipsi
3264 2590 3762 2669 suapte'peccave-

2171 2678 2252 2716 rm
2288 2703 2300 2715 .
2392 2678 2471 2716 ιθ.

2171 2678 2300 2716 νιηι.
2340 2678 2471 2718 hIG.

779 2944 929 3110 Q.
1040 2943 1511 3088 SEPT.
1620 2948 2130 3089 FLOR.
2253 2950 3442 3095 TERTULLIANI

2006 3193 2242 3248 LIBER

1690 3385 1845 3490 DE
1930 3382 2382 3489 PALLIO
2445 3365 2562 3502 (ί).

538 3706 961 3801 Aacousmuat:
991 3732 1061 3745 —
1091 3703 1561 3801 Hoc-opusculum
1582 3694 1679 3773 pro
1702 3703 1865 3801 pallio
1886 3703 2060 3801 apolo-
2093 3722 2137 3801 ε

468 3792 611 3862 giam
642 3808 781 3859 esse,
815 3790 1032 3847 satirico
1062 3792 1173 3846 sale
1217 3791 1540 3862 inspersam,
1590 3790 1735 3861 apud
1777 3791 2057 3864 Carthagi-

467 3896 656 3935 nenses
704 3879 940 3933 habitam
990 3879 1189 3935 eruditi
1240 3878 1603 3935 consentiunt.
1637 3878 1770 3934 Cum
1827 3879 1973 3935 enim
2030 3896 2061 3934 a

469 3967 818 4038 papularibus
846 3967 960 4022 suis
988 3967 1497 4037 reprehenderetur,
1521 3968 1669 4038 quod
1692 3978 1868 4040 togam
1899 3970 2064 4039 pallio

469 4063 871 4122 commutasset,
906 4058 1008 4112 hoc
1054 4065 1153 4121 est,
1196 4056 1345 4128 quod
1387 4056 1591 4112 Christi
1621 4056 1827 4113 militiae
1865 4074 2061 4115 nomen

465 4143 956 4210 dedisset,satirica
979 4146 1077 4201 hac
1106 4145 1355 4217 apologia
1384 4144 1461 4200 illi
1491 4146 1752 4202 occurrit:
1784 4146 2064 4218 noluitque

469 4232 571 4290 sibi
599 4233 969 4291 inconstantiae
998 4235 1199 4291 crimen
1226 4234 1523 4304 adhaerere,
1543 4233 1818 4306 fuisseque
1846 4250 2066 4307 semper

467 4322 522 4377 in
559 4324 692 4379 orbe
720 4324 980 4381 universo
1010 4326 1077 4380 ab
1108 4322 1281 4395 ipsius
1309 4323 1535 4381 conditu
1571 4323 1874 4381 ofﬁciorum
1906 4339 2064 4381 com-

468 4410 809 4467 mutationes.

2690 3700 2919 3757 CAPUT
2937 3693 2951 3701 ’
2965 3701 3257 3759 PRIMUM.

2240 3789 2524 3860 Principes
2561 3804 2776 3860 semper
2824 3788 3025 3846 Africae
3063 3790 3170 3861 (2),
3200 3789 3307 3845 viri
3358 3786 3768 3862 Carthaginien-

2171 3895 2279 3946 ses,
2312 3887 2575 3937 vestutate
2607 3878 2832 3945 nobiles,
2875 3878 3109 3935 novitate
3149 3878 3359 3945 felices,
3412 3878 3625 3951 gaudeo
3670 3891 3775 3933 vos

2171 3976 2282 4022 tam
2322 3982 2615 4039 prOSperos
2663 3976 2992 4038 temporum,
3022 3982 3145 4024 cum
3190 3967 3267 4022 ita
3311 3974 3462 4023 vacat
3489 3982 3552 4022 ac
3592 3965 3770 4033 juvat,

2169 4056 2386 4112 habitus
2434 4058 2691 4112 denotare
2736 4057 2837 4125 (3).
2867 4056 3027 4113 Pacis
3055 4058 3171 4112 haec
3199 4064 3255 4112 et
3298 4070 3524 4110 annona
3558 4054 3573 4093 ι
3623 4054 3768 4109 otia:

2170 4146 2238 4201 ab
2266 4144 2498 4216 imperio
2530 4152 2583 4202 et
2626 4160 2657 4199 a
2688 4145 2829 4201 coelo
2856 4146 2995 4200 bene
3014 4145 3336 4200 est.Tamen
3367 4151 3421 4198 et
3439 4142 3596 4199 vobis
3622 4140 3777 4197 habi-

2172 4240 2259 4290 tus
2285 4235 2442 4290 aliter
2471 4233 2640 4302 olim;
2674 4232 2869 4289 tunica
2899 4232 3070 4304 fuere,
3093 4240 3147 4288 et
3185 4232 3412 4304 quidem
3443 4231 3499 4286 in
3538 4231 3684 4286 fama
3710 4231 3779 4286 de

2173 4323 2493 4380 subteminis
2524 4321 2700 4378 studio
2740 4323 2841 4392 (4),
2889 4327 2946 4377 et
2984 4321 3207 4378 luminis
3251 4321 3481 4377 concilio
3510 4320 3533 4359 ²
3580 4319 3677 4391 (5),
3724 4327 3779 4373 et

2175 4428 2441 4469 mensurae
2491 4419 2957 4482 temperamento;
2992 4412 3136 4482 quod
3192 4426 3370 4481 neque
3413 4420 3562 4465 trans
3615 4422 3777 4463 crura

1844 4536 2028 4599 Variae
2070 4541 2383 4600 lectiones.

558 4615 576 4652 ι
610 4616 676 4671 Ει
707 4630 926 4673 annona
954 4626 1009 4673 et
1035 4616 1144 4672 otia
1174 4616 1509 4675 Salmasius.
1538 4615 1563 4653 ²
1590 4614 1832 4672 Consilio
1870 4617 2040 4690 Rhen.
2085 4620 2321 4690 Franeq.
2353 4618 2517 4672 Paris

1852 4688 2349 4752 Commentarius.

538 4820 619 4901 (1)
648 4822 721 4877 De
752 4821 959 4917 Palilia;
1009 4820 1175 4875 Multa
1220 4820 1276 4875 in
1307 4819 1475 4917 ‘hanc
1521 4836 1652 4917 rem,
1686 4820 1934 4917 adeoque
1989 4822 2053 4876 ad
2091 4841 2135 4917 ο
2238 4853 2308 4864 --
2336 4822 2629 4917 Pﬁincfpes
2658 4836 2881 4902 semper
2909 4822 3149 4917 Africae.
3172 4818 3369 4878 Africae
3409 4819 3775 4917 principatum

470 4890 636 4949 totius
665 4891 914 4960 opusculi
944 4890 1117 4946 lucem
1162 4893 1419 4959 praeclara
1461 4893 1673 4948 tradidit
1714 4893 1796 4949 Cl.
1841 4890 2054 4950 Salma-

470 4964 603 5035 sius,
634 4962 870 5035 editione
894 4961 963 5014 ad
991 4970 1232 5017 veterum
1271 4963 1656 5035 exemplarium
1703 4963 1857 5021 ﬁdem
1898 4982 2058 5021 accu-

468 5034 756 5160 ﬁatissima.
788 5033 919 5087 Eam
954 5048 1083 5089 vero
1112 5048 1213 5090 nos
1246 5033 1445 5105 ubique
1472 5034 1588 5090 fere
1632 5036 1718 5091 hic
1759 5039 2059 5108 sequimur.

517 5120 593 5160 ιθ.

517 5120 593 5162 ιθ.

540 5174 623 5250 (2)
662 5175 956 5250 Prtucip‘es
993 5192 1217 5250 semper
1254 5178 1485 5250 Africae.
1521 5176 1655 5250 Cum
1693 5177 2062 5250 Tertullianus

472 5245 584 5304 toto
611 5247 715 5301 hoc
753 5245 941 5302 libello
975 5246 1042 5302 de
1080 5245 1240 5305 variis
1266 5245 1427 5304 tutius
1466 5248 1629 5315 orbis,
1664 5248 1896 5314 urbium,
1926 5252 2061 5303 alia-

472 5335 702 5390 rumque
732 5333 912 5390 rerum
942 5319 1594 5390 mutationibustractare
1626 5320 1841 5388 debeat,
1888 5318 2061 5390 deque

473 5393 715 5461 ipsorum
742 5389 903 5445 etiam
933 5389 1455 5459 Carthaginiensium
1479 5389 1691 5446 habitus
1727 5401 1780 5447 et
1816 5389 2062 5451 πολιτείας

474 5462 789 5530 mutatione,
840 5462 973 5516 nihil
1016 5471 1195 5531 tamen
1233 5475 1329 5531 eos
1368 5467 1627 5531 quantum
1674 5461 1741 5514 ad
1782 5461 2062 5529 primatum

470 5534 663 5661 gttinet
679 5529 942 5603 mutasse,
964 5531 1116 5588 initio
1143 5529 1312 5587 libelli
1330 5529 1495 5602 hujus
1516 5533 1691 5588 statim
1711 5539 2063 5590 contestatur.

515 5620 648 5661 ALI.

515 5620 648 5665 Αικ.

2172 4910 2330 4959 penes
2377 4892 2846 4964 Carthaginienses
2894 4893 3041 4947 solos
3075 4892 3255 4964 fuisse,
3286 4907 3461 4964 nemo
3494 4892 3725 4961 ambigit
3754 4909 3773 4962 ;

2166 4964 2219 5019 in
2248 4966 2391 5019 hunc
2419 4962 2640 5020 sensum
2669 4965 2743 5018 ita
2771 4964 2981 5018 locutus
3004 4973 3086 5019 est
3114 4962 3400 5033 Apuleius,
3435 4963 3526 5018 lib.
3547 4979 3608 5017 ιιι
3638 4964 3775 5018 Flo-

2169 5036 2277 5093 rid.
2308 5051 2428 5106 cap.
2465 5038 2515 5101 1,
2536 5036 2785 5107 illudque
2816 5034 2899 5091 his
2923 5036 3147 5104 repetit:
3179 5036 3328 5106 quod
3358 5033 3496 5090 forte
3524 5034 3646 5088 aliis
3673 5037 3777 5089 ob-

2168 5108 2369 5164 servari
2399 5106 2589 5177 potuit.
2622 5106 2804 5163 Meae.

2238 5180 2311 5248 (3)
2341 5175 2582 5234 Habitus
2611 5177 2897 5233 denotare.
2924 5175 3194 5231 Denotare
3221 5175 3589 5231 Tertullianus
3618 5191 3777 5231 usur-

2168 5260 2258 5325 pat
2278 5264 2393 5325 pro
2416 5256 2607 5325 notare
2636 5248 2983 5325 sivetaitare.
3008 5248 3195 5325 RgEN.
3332 5315 3346 5325 _
3564 5324 3569 5325 γ
3660 5314 3672 5325 _

2240 5315 2318 5388 (ξ)
2358 5322 2433 5377 De
2457 5320 2794 5377 subteminis
2813 5319 3023 5375 studio.
3054 5315 3410 5374 Commendat
3435 5332 3526 5388 eas
3558 5315 3779 5388 tunicas

2168 5386 2580 5447 desubtemiuis
2607 5392 2808 5456 studio,
2855 5390 3003 5460 quod
3059 5389 3302 5445 studiose
3349 5387 3603 5460 nimirum
3635 5386 3777 5442 dili-

2168 5469 2643 5536 genterquetextae
2672 5458 2998 5536 essentiPer
3026 5461 3308 5521 subtemen
3340 5458 3572 5516 fortasse
3604 5468 3775 5514 totam

2138 5533 2435 5591 .fexturam
2466 5534 2737 5604 intelligit.
2769 5533 2945 5589 ΒΑΜ.

2240 5608 2321 5676 (ὅ)
2350 5608 2429 5664 De
2459 5601 2696 5665 luminis
2723 5605 2981 5666 concilio.
3015 5601 3131 5660 Hoc
3169 5612 3272 5674 est,
3301 5601 3372 5661 ob
3421 5603 3561 5661 bene
3607 5615 3776 5660 com—
