4058 6172
361 280 499 346 1085

1667 289 1863 353 LIBER
1930 289 2018 352 DE
2071 291 2331 355 PALLIO.

3508 297 3648 359 1086

355 411 633 512 prodigae,
651 428 755 512 nec
783 413 924 473 intra
949 431 1124 512 gen-ua
1157 415 1554 512 inverecundis,
1584 432 1684 476 nec
1710 417 1944 512 brachiis
1979 432 2027 512 Α
2057 418 2137 512 ad
2162 419 2389 512 “Lydos,
2418 435 2451 477 a
2504 419 2687 512 Lydis,
2722 420 2791 480 ad
2843 421 3140 512 Romanos,
3187 429 3245 478 ut
3293 423 3360 512 ab
3409 421 3648 480 humeris

356 516 503 571 parte
547 502 570 541 3
615 501 716 573 (6),
765 521 866 563 nec
917 508 1168 564 manibus
1213 516 1396 575 arctae,
1439 509 1535 564 sed
1583 523 1684 564 nec
1723 507 1944 579 cingulo

358 591 512 647 sinus
568 593 807 650 dividere
847 598 872 636 ὀ
913 598 1208 670 expetitum
1252 600 1332 672 (7)
1375 612 1388 653 :
1432 599 1692 673 quadrata
1740 599 1949 670 justitia

357 679 529 736 beatae
566 680 788 739 103!
835 685 892 740 in
934 686 1067 743 viris
1108 689 1323 745 stabant
1367 689 1468 762 (8).
1517 688 1740 744 Pallium
1773 689 1816 752 5,
1849 703 1949 742 ex-

357 767 625 826 trinsecus
652 772 677 810 δ
707 772 942 842 habitus,
975 785 1032 832 et
1066 777 1182 849 ipse
1224 779 1649 852 quadrangulus,
1683 780 1751 832 ab
1792 785 1947 833 utro-

354 873 459 928 que
480 857 706 915 laterum
744 870 1010 933 regestus,
1043 874 1098 922 et
1125 867 1423 924 cervicibus
1450 867 1880 923 circumstrictus
1901 866 1946 932 7,

355 945 413 1002 in
470 945 650 1005 ﬁbulae
701 966 888 1008 morsu
944 955 1022 1025 (9)
1076 956 1319 1013 humeris
1377 955 1757 1029 adquiescebat
1811 953 1946 1025 (t0).

355 1036 528 1092 Instar
553 1038 674 1109 ejus
703 1041 886 1112 hodie,
919 1044 1226 1117 IEsculapio
1256 1049 1370 1116 jam
1405 1055 1585 1104 vestro
1614 1047 1732 1118 (11)
1759 1060 1949 1102 sacer-

355 1125 566 1182 dotium
605 1134 708 1184 est.
754 1129 848 1187 Sic
890 1139 946 1186 et
992 1133 1047 1188 in
1094 1135 1341 1206 proximo
1393 1151 1551 1193 soror
1603 1133 1788 1190 civitas
1835 1134 1948 1207 (12)

353 1215 638 1290 vestiebat,
683 1225 737 1275 et
779 1219 952 1277 sicubi
980 1221 1107 1279 alibi
1145 1224 1261 1297 (13)
1303 1225 1360 1281 in
1406 1225 1591 1282 Africa
1637 1225 1832 1296 Tyros.
1877 1221 1952 1280 At

353 1320 478 1362 cum
508 1308 850 1366 saecularium
888 1312 1117 1370 sortium
1155 1314 1385 1372 variavit
1412 1330 1569 1382 urna,
1602 1320 1655 1370 et
1690 1311 1953 1368 Romanis

352 1395 504 1452 Deus
540 1399 725 1455 maluit
766 1398 901 1472 (14),
945 1417 1104 1459 soror
1141 1403 1359 1476 quidem
1398 1404 1585 1462 civitas
1622 1410 1818 1474 suopte
1855 1417 1949 1456 ar-

352 1483 511 1542 bitrio
567 1495 774 1545 mutare
828 1492 1152 1563 properavit,
1199 1502 1261 1550 ut
1306 1492 1598 1564 adpulsum
1640 1491 1950 1563 Scipionem

351 1580 476 1630 ante
501 1577 614 1644 jam
650 1578 718 1634 de
756 1579 938 1636 habitu
976 1583 1230 1640 salutaret
1257 1584 1303 1651 8,
1336 1582 1638 1639 Romanum
1670 1582 1696 1620 9
1727 1593 1943 1653 praeco-

353 1678 461 1734 qua
501 1634 639 1736 (15).
688 1634 1863 1743 vos.te.“g'agi'ingissjaeass;‘
1883 1634 1945 1724 ut
1978 1634 2020 1712 Β

353 1751 585 1818 senium,
631 1768 738 1808 non
787 1755 1068 1828 fastigium
1112 1760 1159 1798 ιο
1209 1758 1493 1830 exemptis,
1541 1764 1663 1827 post
1715 1752 1947 1811 Gracchi

354 1839 591 1894 obscena
644 1843 848 1914 omnia,
897 1853 951 1900 et
997 1846 1182 1918 Lepidi
1237 1848 1473 1904 violenta
1523 1843 1774 1911 ludibria,
1825 1849 1949 1914 post

2058 507 2386 566 sublimioris
2433 509 2614 581 populi
2663 510 3117 582 Carthaginenses
3156 511 3640 582 complecteretur!

2056 597 2263 654 Exinde
2294 599 2530 655 tunicam
2558 600 2858 672 longiorem
2886 600 3063 657 cinctu
3092 599 3385 657 arbitrante
3413 617 3646 674 suspen-

2059 686 2207 752 ditis,
2248 697 2302 744 et
2334 688 2474 758 pallii
2496 689 2606 758 jam
2637 688 2822 744 teretis
2874 689 2988 760 (17)
3021 689 3436 746 redundantiam
3484 691 3645 746 tabu-

2057 780 2163 835 lata
2192 778 2610 851 congregatione
2639 775 2754 848 (18)
2786 777 2984 834 fulcitis
3016 793 3030 831 :
3065 788 3116 833 et
3147 778 3192 832 si
3224 778 3352 849 quid
3385 786 3647 849 praeterea

2057 865 2315 932 conditio,
2346 864 2428 922 vel
2473 864 2724 936 dignitas,
2770 866 2855 922 vel
2896 867 3262 938 temporalitas
3308 867 3425 939 (19)
3465 867 3645 938 vestit,

2057 954 2278 1026 pallium
2347 961 2525 1011 tamen
2598 945 2948 1028 generaliter
2990 963 3230 1013 vestrum
3298 956 3648 1013 immemores

2056 1045 2220 1102 etiam
2265 1045 2552 1100 denotatis.
2582 1045 2846 1117 Equidem
2891 1047 3030 1102 haud
3080 1045 3249 1102 miror
3297 1063 3412 1118 prae
3469 1047 3645 1102 docu-

2056 1146 2237 1191 mento
2301 1134 2598 1206 superiore.
2657 1136 2793 1191 Nam
2861 1143 2916 1192 et
2986 1137 3225 1203 arietem,
3287 1152 3396 1192 non
3482 1153 3648 1208 quem

2055 1223 2311 1280 Laberius
2338 1222 2845 1293 reciprocicornem,
2868 1224 3176 1294 lanicutem,
3209 1225 3546 1280 testitrahum
3575 1226 3643 1291 ιι,

2057 1313 2150 1370 sed
2183 1311 2362 1369 trabes
2411 1312 2657 1370 machina
2685 1320 2789 1379 est,
2821 1329 2944 1386 qua:
2971 1328 3157 1369 muros
3207 1311 3454 1386 frangere
3503 1312 3644 1368 mili-

2059 1409 2134 1458 tat
2161 1403 2298 1474 (20),
2331 1401 2530 1458 nemini
2575 1417 2814 1475 unquam
2861 1404 3040 1460 adhuc
3067 1401 3344 1474 libratum,
3387 1402 3473 1457 illa
3503 1402 3644 1458 dici-

2060 1497 2144 1546 tur
2172 1489 2461 1562 Carthago.

2390 1645 2584 1699 Studiis
2616 1663 2673 1700 as
2714 1651 2893 1699 errima
2920 1650 3063 1701 belli.

2645 1664 2805 1760 (εἰη.
2820 1751 2833 1760 .
2857 1713 3055 1760 ίΕηεὶίΙ.

2645 1711 2833 1776 (Virg.,
2857 1713 3076 1774 ίΕηεὶιιη
3110 1713 3203 1764 lib.
3245 1727 3276 1775 ι,
3307 1711 3413 1776 18.)

2061 1841 2292 1900 ιοεη
2347 1842 2526 1900 Prima
2592 1845 2832 1901 omnium
2890 1844 3001 1916 (2t)
3066 1860 3308 1902 armasse
3366 1845 3422 1900 in
3478 1843 3647 1900 oscil-

355 1927 524 1981 trinas
565 1929 810 2002 Pompeii
856 1950 998 2002 aras,
1033 1944 1086 1991 et
1113 1937 1308 2010 longas
1350 1935 1577 1991 Ctesaris
1622 1948 1821 1999 moras,
1859 1932 1951 1988 ubi
2057 1931 2168 1988 lum
2222 1931 2336 2001 (22)
2382 1933 2600 2004 penduli
2650 1933 2904 2004 impetus,
2963 1941 3326 1990 commentata
3371 1933 3480 1991 vim
3526 1941 3647 1988 tor-

356 2012 556 2069 mcenia
585 2015 826 2074 Statilius
867 2021 1078 2078 Taurus
1118 2023 1386 2094 imposuit,
1427 2022 1690 2079 solemnia
1733 2018 1952 2076 Sentius
2056 2019 2222 2074 menti
2280 2021 2456 2077 debile
2519 2023 2570 2061 42
2622 2022 2834 2094 pecoris
2894 2031 3056 2094 caput
3109 2022 3448 2080 vindicantis.
3509 2021 3647 2076 Cum

355 2100 679 2159 Saturninus
707 2109 973 2166 enarravit
1000 2109 1136 2184 (16),
1160 2128 1286 2169 cum
1317 2111 1605 2168 concordia
1632 2112 1802 2180 juvat,
1824 2116 1951 2182 toga
2057 2115 2234 2164 tamen
2271 2110 2521 2168 ultimant
2571 2120 2814 2183 tempora
2856 2113 3068 2185 patriae,
3103 2122 3156 2170 et
3201 2112 3343 2168 aries
3383 2111 3498 2182 jam
3528 2111 3647 2166 Ro-

356 2189 533 2246 oblata
561 2200 666 2248 est.
697 2194 872 2252 Proh!
904 2208 1164 2270 quantum
1190 2201 1608 2264 circummcavit,
1639 2216 1670 2254 a
1707 2197 1953 2269 Pelasgis
2059 2213 2248 2253 manus
2283 2199 2392 2272 (23)
2421 2199 2478 2256 in
2508 2217 2690 2258 muros
2718 2203 2992 2274 quondam
3021 2215 3151 2260 suos
3177 2203 3357 2268 audet,
3390 2207 3648 2272 stupuere

1795 2297 1987 2356 Variae
2029 2297 2340 2360 lectiones.

427 2372 453 2410 8
479 2372 663 2429 Parcae
694 2377 863 2433 Fran.
895 2378 1026 2431 Par.
1063 2393 1188 2446 pare
1213 2378 1388 2434 Rhen.
1423 2379 1444 2415 ίι
1475 2376 1755 2433 Divideute
1787 2375 2039 2444 expedita
2072 2375 2244 2431 Rhen.
2269 2378 2576 2444 expeditum
2609 2379 2786 2435 Salm.
2811 2381 2835 2417 5
2862 2380 3011 2435 Pallii
3033 2382 3150 2438 cod.
3177 2397 3310 2437 mss.
3333 2379 3358 2418 δ
3379 2379 3644 2438 Dividen-

359 2451 412 2516 te
440 2451 600 2514 atque
629 2446 886 2516 quadrata
922 2446 1101 2503 instita
1148 2449 1337 2503 inviris
1385 2457 1564 2504 autem
1612 2447 1965 2516 extrinsecus
1992 2447 2188 2514 Fran.,
2221 2457 2325 2506 etc.
2357 2449 2377 2486 ⁷
2421 2449 2873 2507 Circumstructus
2916 2456 3086 2508 Fran.
3127 2455 3259 2508 Par.
3289 2454 3314 2490 ⁸
3340 2451 3641 2508 Salutasset

373 2515 554 2572 Venet.
587 2515 763 2574 Sdlm.
792 2517 817 2556 9
846 2519 1084 2575 Romana
1113 2523 1286 2577 Fran.
1322 2520 1370 2558 ιο
1398 2519 1688 2576 Fastidium
1718 2517 1894 2651 Binan.
1928 2515 1970 2552 ιι
2006 2516 2068 2568 Et
2100 2516 2384 2649 Itanientem
2414 2529 2468 2576 et
2497 2521 2838 2577 testitrahum
2870 2525 3028 2596 Leop.
3064 2525 3110 2562 ¹²
3139 2525 3218 2580 De
3258 2524 3363 2579 bile
3393 2525 3571 2581 Salm.

711 2647 714 2650 .
1855 2605 2094 2650 ommen
2125 2609 2306 2651 artus.

1855 2605 2306 2654 ommeutartus.

363 2692 531 2770 missa
577 2697 632 2770 et
684 2703 990 2770 comparata
1046 2698 1290 2770 colorum
1339 2705 1776 2770 temperamenta_.
1835 2699 1955 2764 Ipse

362 2763 696 2839 apertissime
724 2763 1129 2839 interpretatur,
1159 2769 1256 2826 lib.
1297 2770 1362 2825 de
1397 2763 1706 2826 Pudicitia.
1747 2763 1956 2822 Lumen

363 2836 715 2910 de_purpura
753 2836 968 2895 dicitur.
1015 2836 1240 2906 Plinius,
1283 2855 1366 2909 ιχ,
1399 2840 1490 2895 ubi
1535 2840 1604 2894 de
1655 2854 1891 2910 purpura
1939 2853 1954 2891 :

2133 2723 2206 2736 —
2233 2697 2719 2770 Ιῖτοιεοοῳιαερυεε
2747 2715 2874 2756 cum
2899 2700 3138 2770 secundo
3167 2699 3312 2755 bello
3349 2699 3548 2755 Punico
3578 2701 3648 2754 ab

2064 2764 2232 2842 altero
2261 2764 2531 2837 Scipione,
2565 2769 2724 2825 istius
2752 2786 2852 2842 avo
2893 2769 2987 2842 qui
3026 2771 3403 2842 Carthaginem
3433 2771 3643 2842 evertit,

2067 2835 2262 2922 {rustra
2302 2835 2500 2922 tentata
2519 2835 2872 2922 'Oexpugnari.
2901 2835 3012 2897 non
3078 2835 3362 2922 potuisset,
3409 2841 3559 2922 ultro.
3591 2857 3651 2897 se

367 2926 403 2998 εἴ
433 2907 656 2998 Quinem
699 2920 905 2998 vestem
947 2911 1247 2998 illuminat,_
1276 2932 1308 2998 ι.
1348 2907 1583 2994 ὲιβριιά
1622 2907 1946 2998 Trebellium
1980 2921 2022 2998 ο
2055 2908 2420 2998 RoLmanqr-um
2450 2907 2641 2966 ditioni
2667 2907 2918 2983 sdbjecit,
2953 2907 3220 2969 stantibus
3239 2912 3416 2968 adhuc
3444 2911 3647 2968 Africae

365 2977 676 3049 Pollionem,
711 3001 734 3031 α
789 2981 1095 3038 Chlamides
1139 2977 1251 3038 veri
1295 2977 1533 3038 luminis.
1582 2999 1610 3033 ν
1651 2979 1947 3037 Concilium

360 3057 577 3177 autemR
601 3051 838 3126 intelligo
902 3054 1382 3120 conciliamentum,
1451 3069 1552 3109 seu
1615 3050 1948 3108 conciliatio-

360 3136 501 3177 nem.
586 3139 660 3177 re.

356 3136 501 3178 nem.
535 3136 660 3178 HIG.

429 3194 648 3270 (_6)_Nec
677 3196 924 3270 brachiis
955 3214 1133 3270 parte.
1165 3195 1526 3270 verissimum
1553 3201 1636 3270 est
1663 3194 1808 3264 quod
1843 3208 1948 3247 no-

357 3267 493 3342 tavit
503 3265 810 3342 Salmasius
838 3283 902 3323 ex
931 3265 1204 3342 veteribus
1231 3267 1386 3342 libris
1423 3266 1947 3342 legendumiparw.

356 3341 416 3411 ut
462 3335 671 3392 dicatur
716 3356 890 3411 paras
940 3339 1435 3411 (quemadmodum,
1468 3335 1681 3411 Ferus).
1721 3335 1848 3393 Bia.
1880 3365 1950 3376 —

354 3405 402 3458 Α
465 3422 572 3484 quo
624 3405 888 3484 adjectivo
943 3405 1124 3484 ortum
1164 3424 1314 3484 esse
1348 3405 1664 3484 adverbium
1720 3424 1946 3482 parum,

357 3485 418 3530 ut
444 3493 477 3532 a
502 3482 676 3536 nimis
707 3481 952 3547 nimium,
986 3481 1196 3537 videtur
1225 3481 1510 3537 Salmasio.
1543 3482 1713 3536 Leon.

432 3549 514 3620 (7)
544 3551 776 3626 Sednec
791 3553 1018 3626 cingulo
1036 3555 1204 3626 sinas
1219 3553 1464 3610 dividere
1494 3553 1836 3626 expetitum.
1862 3549 1951 3606 Sic

356 3627 570 3694 veteres
616 3623 760 3678 libri.
809 3623 921 3678 Hoc
967 3632 1068 3693 est,
1119 3623 1266 3680 Olim
1308 3638 1416 3679 non
1470 3623 1796 3694 expetebant
1852 3637 1951 3677 nec

357 3693 618 3816 iurabant
686 3694 1151 3767 Carthaginienses
1227 3696 1378 3752 sinus
1448 3693 1612 3752 vestis
1685 3693 1945 3750 dividere.

399 3777 526 3816 non.

399 3777 526 3819 EOP.

432 3833 508 3905 (8)
531 3835 817 3909 Quadrata
827 3838 1065 3909 justitia
1083 3837 1258 3896 beata:
1275 3839 1338 3894 in
1357 3839 1492 3895 viris
1512 3837 1760 3894 stabant.
1782 3834 1951 3890 Justi-

360 3904 485 3958 tiam
517 3904 970 3980 tunicarum'dicit
998 3923 1063 3964 eo
1091 3925 1273 3977 sensu,
1305 3925 1412 3980 quo
1443 3908 1684 3980 (advers.
1714 3911 1949 3965 Hermo-

354 3978 918 4059 genem),.ju-stitiam
971 3981 1275 4059 mutationis
1325 3978 1576 4059 neutram
1630 3979 1684 4031 in
1741 3987 1950 4059 partem

353 4046 682 4175 isnelinantis.
716 4051 886 4107 Leop.
915 4079 986 4092 —
1012 4053 1280 4108 Justitiam
1317 4061 1477 4107 vocat
1511 4051 1600 4117 τήν
1629 4046 1948 4122 συμμετρίαν·

392 4131 528 4175 au.

392 4131 507 4175 Αιιι
513 4157 528 4173 ο

428 4190 506 4260 (9)
556 4192 621 4246 In
665 4192 852 4260 ﬁbula:
897 4208 1107 4249 morsu.
1156 4192 1218 4247 In
1265 4191 1444 4246 fibulae
1489 4195 1809 4261 morsugest
1860 4203 1957 4261 per

354 4259 536 4386 gbulze
567 4259 825 4320 morsum.
855 4264 945 4320 Sic
998 4263 1174 4320 Graeci
1220 4261 1270 4316 ἐν
1299 4263 1422 4334 ξίφει
1488 4279 1585 4334 pro
1642 4259 1723 4314 διὰ
1775 4259 1952 4332 ξίφὸυς.

397 4348 530 4386 ΑΒΜ.

397 4348 530 4388 ALU-

429 4405 544 4478 (19)
589 4407 845 4478 Humeris
891 4406 1297 4478 adquiescebat.
1342 4406 1455 4478 Hoc
1491 4405 1569 4478 de
1580 4403 1749 4478 pallio
1798 4417 1955 4458 com-

357 4474 528 4548 muni
567 4477 884 4546 graecanica,
930 4474 1076 4548 quod
1135 4479 1191 4530 in
1246 4476 1486 4548 humeris
1533 4474 1703 4548 ﬁbula
1756 4489 1956 4530 nexum

357 4546 600 4619 sedebat,
630 4555 684 4602 et
712 4546 998 4619 utrumque
1027 4549 1306 4602 humerum
1337 4547 1638 4619 advelabat.
1669 4547 1843 4619 SALM.

429 4617 548 4688 (ll)
579 4617 1285 4692 {Esculapiajamivestra
1318 4620 1457 4674 Nam
1498 4617 1650 4690 prius
1677 4626 1792 4674 erat
1823 4618 1956 4674 Per-

355 4703 712 4760 gamenorum
740 4691 1015 4747 duntaxat.
1049 4691 1175 4746 Rm.

436 4761 552 4833 (1)2)
593 4761 760 4818 Soror
779 4764 999 4818 civitas.
1033 4761 1205 4825 Utica,
1241 4776 1397 4833 quam
1430 4760 1622 4816 Strabo
1661 4758 1953 4815 secundam

356 4828 647 4900 Tyriorum
678 4834 946 4888 coloniam
977 4847 1096 4886 esse
1126 4828 1306 4888 tradit.
1338 4834 1523 4888 RHEN.

435 4899 546 4973 (l3)
602 4903 788 4960 Sicubi
844 4904 1004 4961 alibi.
1062 4903 1174 4959 Hoc
1231 4912 1326 4970 est,
1360 4904 1486 4958 siin
1533 4905 1710 4973 aliqua
1757 4901 1954 4957 Africae

356 4972 590 5056 regione
627 4975 899 5056 jacet:alia
926 4978 1120 5056 Tyros.
1165 4975 1339 5056 Aliam
1384 4989 1536 5056 verti
1561 4972 1762 5056 Tyrum
1807 4976 1952 5055 praa-

359 5053 444 5118 ter
490 5044 727 5118 Qticam,
766 5044 1142 5112 Adrumetum,
1175 5055 1226 5101 et
1273 5047 1448 5118 ipsam
1495 5044 1622 5116 Tyri
1661 5045 1948 5113 coloniam,

355 5113 655 5185 significat.
690 5113 832 5172 Enn.

435 5188 548 5257 (14)
579 5191 842 5246 Romanis
872 5192 1016 5245 Dens
1043 5188 1278 5242 maluit.
1308 5186 1594 5258 Aliquanto
1623 5186 1762 5258 enim
1807 5196 1948 5241 tem-

361 5273 498 5330 pore
548 5261 755 5316 nutavit
802 5261 939 5315 inter
982 5266 1269 5328 utrumque
1316 5257 1952 5330 populum,7Romanum

363 5329 420 5404 et
472 5331 1002 5404 Carthaginiensem,
1062 5330 1267 5399 fuitque
1330 5346 1452 5384 cum
1519 5329 1679 5383 variis
1737 5329 1951 5383 casibus

363 5401 619 5477 immistis
665 5401 718 5457 in
759 5402 979 5477 ancipiti
1034 5415 1132 5473 spe
1168 5415 1229 5454 ac
1277 5408 1417 5454 metu
1480 5407 1704 5471 uterque
1757 5415 1950 5456 versa-

362 5479 535 5527 retur.
573 5475 749 5530 Mene.

430 5543 553 5620 (15)
570 5548 895 5620 Romanum
936 5561 1256 5620 praecoqua.
1315 5542 1544 5620 Praecoci
1571 5556 1633 5598 ac
1682 5541 1952 5613 praefesti-

359 5622 493 5673 nata
519 5615 752 5676 Romani
775 5615 994 5677 habitus
1019 5615 1383 5691 susceptione.
1423 5616 1544 5673 RIG.

2061 2979 2241 3035 rebus.
2274 2981 2455 3035 Mene.

2133 3050 2248 3120 (16)
2278 3053 2562 3109 Solemnia
2605 3057 2914 3112 enarravit.
2945 3055 3062 3110 Hoc
3091 3062 3193 3119 est,
3235 3053 3498 3110 solemnia
3527 3053 3650 3111 effa-

2061 3125 2150 3195 tus
2178 3129 2257 3175 est
2285 3122 2669 3195 inauguranda:
2693 3127 2917 3180 coloniae
2947 3127 3131 3182 verba.
3166 3125 3290 3181 Βία.

2133 3191 2246 3264 (1⁸7)
2280 3191 2448 3269 Ραμιιίῗ
2465 3197 2592 3266 jam
2625 3199 2839 3269 teretis.
2888 3197 3118 3269 Pallium
3146 3204 3384 3269 vestrum
3414 3195 3648 3269 quadra-

2065 3269 2177 3318 tum
2211 3264 2368 3338 tereti
2415 3264 2511 3319 seu
2549 3267 2783 3322 rotundo
2829 3268 2990 3338 pallio
3030 3268 3354 3338 mutavistis,
3391 3264 3495 3323 hoc
3543 3276 3644 3330 est,

2063 3339 2191 3406 toga
2243 3336 2513 3410 Romana.
2567 3336 3139 3410 Cuiginterpretationi
3190 3336 3649 3410 appositissimum

2065 3412 2253 3460 testem
2289 3406 2586 3463 Salmasius
2631 3406 2872 3465 adhibuit
2917 3413 3157 3466 veterem
3194 3406 3364 3464 Persii
3407 3409 3646 3466 scholia-

2063 3484 2218 3551 stem,
2247 3478 2577 3551 _qui_togam
2633 3496 2754 3536 esse
2809 3481 2884 3536 ait
2937 3496 3135 3550 purum
3189 3480 3419 3551 pallium
3471 3480 3648 3535 forma

2064 3548 2319 3622 rotunda,
2347 3548 2552 3622 {usiore
2580 3559 2739 3622 atque
2768 3548 3063 3608 inundante
3091 3548 3233 3607 sinu.
3275 3551 3399 3607 RIG.

2135 3619 2250 3696 (l_8)
2274 3620 2554 3696 Tabulata
2577 3619 3027 3696 congregatione.
3051 3623 3298 3696 Umbone
3315 3638 3380 3696 ex
3411 3620 3652 3696 pluribus

2065 3689 2323 3817 (abulatils‘
2348 3702 2550 3761 coacto,
2581 3689 2994 3764 seu'multiplici
3035 3689 3469 3751 contabulatione
3516 3692 3651 3748 aedi-

2083 3777 2162 3817 iea
2189 3777 2241 3816 ο.
2331 3778 2408 3817 re.

2083 3771 2241 3818 icato.
2284 3771 2408 3818 κιρ.

2134 3833 2250 3907 (19)
2285 3837 2703 3906 Temporalitas.
2735 3835 3053 3907 Tempestas
3080 3836 3228 3891 anni.
3258 3836 3383 3891 BJG.
3412 3864 3483 3876 -
3509 3833 3651 3907 Quia

2062 3905 2309 3974 (scilicet)
2341 3905 2490 3961 aliter
2512 3907 2574 3978 in
2608 3923 2758 3978 pace,
2803 3905 2958 3965 aliter
3002 3908 3055 3962 in
3094 3909 3258 3974 bello,
3293 3907 3468 3963 hieme
3497 3905 3653 3962 aliter

2066 3983 2227 4047 atque
2257 3985 2465 4035 aestate.
2499 3977 2670 4034 SALH.

2143 4049 2259 4116 (20)
2293 4049 2425 4130 Qua;
2465 4066 2655 4105 muros
2691 4052 2956 4174 gangere
2992 4051 3236 4106 militat.
3269 4049 3437 4121 Cujus
3466 4049 3654 4106 militia

2143 4126 2154 4168 ι
2182 4133 2367 4173 muros
2395 4123 2660 4174 traneere.
2741 4135 2818 4174 re.
3129 4124 3136 4133 '

2076 4125 2154 4189 est
2182 4133 2367 4173 muros
2395 4119 2660 4189 frangere.
2691 4119 2818 4174 Rm.
2831 4119 2847 4122 “
3129 4124 3136 4133 ’

2142 4187 2253 4255 (21)
2285 4187 2565 4268 Partha-go
2621 4193 2809 4268 prima
2836 4193 3113 4268 omnium,
3145 4197 3253 4247 etc.
3284 4189 3537 4268 Machina
3566 4189 3654 4244 illa

2068 4273 2188 4328 quae
2217 4257 2363 4312 aries
2404 4257 2601 4314 dicitur
2621 4257 2903 4328 'punicum
2949 4275 3031 4316 est
3069 4264 3375 4326 inventum;
3402 4259 3535 4314 illud
3561 4276 3656 4315 au-

1992 4310 2037 4386 n
2069 4310 2181 4401 an;
2206 4310 2258 4381 in
2277 4310 3030 4401 _(spissam;enisa;
3059 4310 3654 4399 έδίιῑῑέιῖξιῖίιίίιῖῆῑιξε

2064 4398 2132 4454 de
2171 4398 2387 4524 βεῖίικί)
2385 4398 2391 4399 “
2415 4398 2600 4469 postea
2647 4401 2933 4474 Rigaltius,
2977 4415 3008 4454 a
3053 4401 3312 4456 Salmasio
3359 4398 3650 4474 desumpta

2066 4485 2165 4524 sun
2195 4509 2208 4523 .
2284 4486 2319 4524 ις
2391 4487 2444 4524 n.

2066 4477 2208 4525 sunt.
2246 4477 2319 4525 Ls
2351 4477 2444 4525 Pa.

2133 4541 2250 4612 (22)
2285 4543 2574 4599 Oscillum.
2606 4541 2858 4605 Libratio,
2893 4541 3069 4612 αιὼροι,
3111 4543 3374 4599 machinae
3437 4543 3504 4598 ad
3560 4543 3651 4600 in-

2067 4613 2368 4667 cussionem
2410 4623 2464 4668 et
2506 4615 2765 4684 impetum
2812 4612 3035 4668 librata).
3091 4614 3180 4668 Sic
3215 4613 3538 4670 describitur
3582 4619 3650 4668 ab

2065 4684 2329 4739 Athenaeo
2377 4685 2686 4741 Mechanico
2744 4684 3107 4756 Pephasmeni
3163 4685 3442 4756 cujusdam
3499 4685 3652 4756 Tyrii

2061 4765 2422 4810 commentum
2478 4757 2735 4811 adversus
2791 4755 3085 4810 Gaditanos
3151 4773 3164 4809 :
3236 4753 3394 4808 Ἰστὸν
3447 4753 3650 4825 mea,

2059 4827 2139 4878 καὶ
2178 4827 2329 4878 ἄλλον
2357 4825 2438 4879 ἀπ’
2472 4831 2614 4898 αὑτοῦ
2651 4827 2856 4898 πλάγιον
2898 4827 3114 4898 ἀρτήσας
3134 4897 3137 4898 ν
3159 4827 3506 4898 παραπλησίως
3551 4832 3654 4886 ταῖς

2059 4903 2158 4950 τῶν
2186 4900 2344 4970 ζυγῶν
2373 4896 2629 4970 φάλαγξιν,
2661 4896 2828 4952 ὲτυπὲτε
2855 4898 2914 4951 τὸ
2936 4896 3104 4970 τεῖχος
3129 4897 3282 4951 ἕλκων
3313 4897 3359 4960 ἐξ
3397 4897 3655 4951 ἀντισπασ-

2060 4989 2148 5020 του
2177 4968 2236 5021 τὸ
2263 4969 2486 5040 πλάγιον.
2519 4968 2651 5024 Βία.
2684 4970 2740 5024 Id
2771 4978 2853 5025 est
2884 4987 2897 5024 :
2932 4968 3135 5026 Malam
3165 4986 3297 5026 cum
3341 4971 3651 5035 erexisset;

2061 5045 2116 5115 et
2144 5056 2215 5096 ea:
2262 5041 2363 5115 illo
2411 5041 2664 5096 alterum
2722 5045 3124 5115 transversum,
3175 5041 3524 5115 phalangum
3577 5044 3653 5099 li-

2061 5113 2292 5188 brarum
2337 5112 2542 5188 instar,
2577 5113 2969 5188 suspendisset,
3002 5112 3240 5188 marum
3267 5112 3438 5188 ferire
3465 5117 3648 5188 carpit,

2060 5183 2221 5238 modo
2240 5183 2536 5308 lc{edacem
2584 5183 2968 5241 transversum
3010 5187 3202 5256 illum,
3234 5183 3394 5243 modo
3422 5183 3652 5258 pro-ino-

2060 5269 2210 5308 vens.
2288 5268 2380 5307 nn.

2060 5269 2210 5312 vena.
2240 5268 2380 5308 ISDD.

2129 5327 2232 5399 (23)
2265 5326 2425 5399 Aries
2439 5327 2567 5399 jam
2597 5328 2898 5386 Romanus.
2935 5326 3039 5395 Qui
3089 5328 3218 5384 olim
3251 5327 3345 5382 fuit
3372 5327 3653 5399 Carthagi-

2059 5396 2344 5451 niensium.
2370 5397 2581 5470 Eodem
2613 5413 2773 5454 sensu
2803 5399 2941 5455 dixit
2977 5409 3102 5454 ante
3136 5416 3146 5453 :
3189 5399 3502 5470 zEsculapio
3521 5396 3649 5468 jdm

2059 5473 2258 5544 vestro,
2290 5466 2382 5539 qui
2411 5467 2669 5544 nimirum
2715 5481 2873 5528 antea
2921 5470 3380 5544 Pergamenorum
3409 5466 3545 5526 'erat
3593 5478 3646 5526 et

2061 5538 2453 5597 Romanorum.
2485 5540 2659 5598 Sam.
