4062 6178
441 328 574 391 1087

1148 333 1589 399 TERTULLIANI
1638 337 1906 401 OPERUM
1934 335 2103 398 PARS
2131 334 2195 395 II.
2240 367 2311 383 -
2339 338 2567 401 SERIES
2613 338 2678 414 Il,
2712 338 3031 402 MORALIA.

3608 344 3749 409 1088

431 447 574 503 illico
602 444 1099 523 Carthaginienses,
1132 459 1190 507 ut
1237 469 1461 522 novum,
1502 462 1821 513 extraneum
1865 456 2025 531 inge-
2057 449 2104 528 Α
2137 436 2387 531 ambitus,
2447 455 2593 531 Πξιίῐξο
2661 439 2761 497 sub
2826 438 2979 531 diY°_
3027 438 3344 512 splendidus
3403 442 3540 517 (29),
3598 462 3749 505 nunc

432 538 585 595 nium
614 537 723 609 (24)
765 556 780 595 :

559 651 775 703 Tantum
810 653 904 704 arvi
938 654 1219 721 longinqua
1254 659 1388 708 valet
1426 667 1619 711 mutare
1656 666 1899 711 vetustas.

1239 722 1379 780 (.En.
1417 722 1512 772 lib.
1555 738 1633 782 ιιι,
1674 738 1725 773 v.
1762 725 1909 787 415.)

504 806 594 863 Sic
618 807 852 881 denique
875 823 977 866 nec
1003 809 1228 881 pallium
1258 812 1597 882 agnoscitur.

1068 940 1293 998 CAPUT
1336 945 1401 998 II.

512 1059 591 1115 Sit
618 1076 761 1116 nunc
787 1059 1006 1117 aliunde
1035 1077 1138 1128 res,
1172 1079 1240 1119 ne
1271 1064 1551 1120 Pmnicum
1594 1065 1733 1120 inter
1760 1064 2035 1121 Romanos

438 1160 529 1205 aut
585 1152 891 1221 erubescat,
931 1161 1026 1208 aut
1069 1152 1265 1209 doleat.
1327 1155 1483 1210 Certe
1541 1155 1785 1211 habitum
1822 1162 2033 1210 vertere

440 1249 643 1294 natura:
668 1240 830 1297 totius
858 1241 1097 1297 solemne
1118 1259 1311 1299 munus
1354 1252 1457 1299 est.
1489 1244 1758 1316 Fungitur
1796 1252 1850 1299 et
1900 1243 2025 1315 ipso

442 1328 671 1384 mundus
728 1330 941 1386 interim
998 1330 1100 1387 iste
1160 1349 1323 1403 quem
1383 1334 1768 1391 incumbimus.
1832 1333 2035 1390 Viderit

439 1416 856 1484 Anaximander,
932 1421 975 1474 si
1024 1420 1211 1491 plures
1291 1432 1444 1493 putat
1524 1441 1536 1479 :
1584 1423 1779 1479 viderit
1824 1423 1868 1477 si
1915 1422 2035 1494 quis

439 1506 653 1579 uspiam
707 1507 845 1563 alius
902 1508 971 1562 ad
1004 1510 1273 1582 Mcrepas,
1307 1522 1362 1565 ut
1391 1513 1622 1579 Silenus,
1657 1530 1824 1584 penes
1871 1527 2031 1567 aures

439 1595 593 1650 Midae
638 1597 812 1661 blatit,
862 1606 1018 1670 aptas
1069 1615 1197 1653 sane
1244 1599 1627 1672 grandioribus
1676 1601 1888 1657 fabulis.
1924 1601 2026 1656 Sed

2140 528 2325 584 nubilo
2382 528 2633 586 sordidus
2677 547 2691 585 :
2745 536 2836 585 aut
2890 529 3096 586 imbres
3155 540 3337 598 ruunt,
3393 541 3489 590 aut
3538 533 3584 589 si
3640 554 3750 609 qua

2142 616 2363 671 missilia
2408 632 2528 673 cum
2577 616 2867 689 imbribus,
2910 617 3108 673 dehinc
3149 618 3461 677 substillum
3509 622 3645 695 (30).
3694 638 3749 682 et

2143 705 2321 761 denuo
2365 706 2584 762 sudum.
2619 706 2709 763 Sic
2752 716 2805 762 et
2845 707 2981 763 mari
3011 708 3059 745 13
3086 707 3219 763 ﬁdes
3262 709 3501 780 infamis,
3534 713 3663 769 dum
3695 725 3747 771 et

2143 793 2329 850 ﬂabris
2358 811 2512 865 aeque
2545 798 2898 861 mutantibus,
2931 797 2999 852 de
3028 797 3313 868 tranquillo
3345 802 3573 869 probum
3607 805 3743 873 (3t),

2144 885 2209 937 de
2254 886 2454 940 ﬂustris
2502 892 2865 956 temperatum
2914 886 3054 958 (32),
3088 895 3141 943 et
3169 890 3435 961 extemplo
3476 891 3543 945 de
3571 892 3745 950 decu—

2047 1016 2054 1023 .
2145 972 2315 1029 manis
2378 973 2640 1046 inquietat
2688 974 2824 1045 (33).
2876 974 2964 1029 Sic
3014 983 3067 1030 et
3117 983 3311 1032 terram
3360 978 3405 1034 si
3458 994 3746 1040 recenseas

2146 1060 2487 1132 temporatim
2543 1063 2724 1119 vestiri
2783 1070 3080 1128 amantem,
3141 1080 3308 1135 prope
3366 1066 3443 1121 sis
3496 1070 3742 1127 eamdem

2142 1164 2342 1221 negare
2372 1166 2580 1206 memor
2628 1150 2852 1206 viridem
2894 1168 3015 1207 cum
3046 1154 3320 1223 conspicis
3366 1155 3579 1224 ﬂavam,
3613 1176 3743 1216 mox

2141 1237 2348 1293 risurus
2411 1247 2465 1294 et
2523 1254 2733 1295 canam.
2800 1241 2993 1296 Caeteri
3058 1258 3272 1314 quoque
3334 1244 3453 1314 ejus
3519 1258 3742 1305 ornatus

2141 1326 2267 1399 quid
2300 1326 2348 1365 ίίι
2381 1341 2487 1382 non
2533 1328 2675 1383 aliud
2705 1344 2771 1383 ex
2802 1328 2907 1385 alio
2956 1339 3181 1396 mutant,
3212 1342 3270 1386 et
3313 1334 3574 1391 montium
3613 1354 3734 1392 sca-

2142 1416 2282 1486 pulm
2339 1416 2683 1473 decurrendo
2742 1419 2899 1490 (34),
2959 1428 3013 1473 et
3067 1419 3299 1475 fontium
3366 1438 3517 1480 venae
3570 1426 3735 1482 cavil-

2140 1504 2300 1561 lando
2331 1504 2377 1543 ¹⁵
2409 1507 2545 1576 (35),
2577 1514 2631 1561 et
2667 1506 2950 1564 ﬂuminum
2993 1508 3092 1564 viae
3136 1510 3488 1568 obhumando
3520 1513 3567 1551 16
3600 1516 3737 1587 (36).

2138 1594 2357 1648 Mutavit
2402 1604 2455 1648 et
2508 1602 2651 1651 totus
2707 1597 2855 1651 orbis
2916 1596 3225 1668 aliquando,
3279 1600 3438 1668 aquis
3488 1604 3743 1660 omnibus

441 1694 493 1739 et
526 1684 756 1757 siquem
783 1687 933 1743 Plato
963 1687 1185 1742 resumat
1232 1683 1391 1755 cujus
1422 1690 1601 1759 imago
1633 1688 1716 1743 hic
1742 1689 1831 1753 sit,
1865 1688 2028 1743 etiam
2063 1694 2106 1772 Β
2141 1681 2367 1737 obsitus.
2400 1682 2603 1772 (Adhuc
2645 1685 2811 1739 maris
2854 1687 3092 1751 conchae,
3127 1695 3181 1743 et
3210 1687 3447 1743 buccinae
3491 1692 3741 1763 peregri-

438 1771 529 1827 ille
558 1774 749 1831 habeat
778 1791 999 1829 necesse
1028 1784 1108 1831 est
1153 1776 1379 1844 proinde
1422 1784 1653 1831 mutare.
1698 1776 1910 1849 Quippe
1957 1777 2003 1831 si

440 1860 693 1927 mundus,
719 1878 784 1917 ex
815 1860 1040 1916 diversis
1069 1862 1381 1917 substantiis
1411 1861 1715 1935 officiisque
1744 1865 2018 1921 constabit

439 1948 505 2001 ad
544 1949 767 2004 formam
797 1951 919 2019 ejus
946 1949 1091 2020 quod
1133 1950 1370 2005 mundus
1398 1951 1486 2007 hic
1515 1960 1601 2007 est
1633 1970 1646 2006 :
1676 1968 1852 2024 neque
1886 1953 2032 2007 enim

441 2034 692 2104 mundus,
731 2036 775 2093 si
824 2053 931 2093 non
981 2046 1038 2092 ut
1097 2039 1329 2095 mundus
1386 2042 1640 2111 proinde.
1700 2040 1922 2097 Diversa
1980 2043 2034 2097 in

440 2140 627 2190 unum,
659 2140 722 2180 ex
751 2126 1109 2182 demutatione
1135 2127 1350 2183 diversa
1388 2136 1533 2183 sunt.
1565 2130 1809 2198 Denique
1843 2130 2031 2187 diver-

440 2212 609 2266 sitatis
638 2215 961 2270 discordiam
991 2216 1131 2271 vices
1178 2216 1461 2273 foederant.
1512 2219 1589 2273 lta
1634 2220 1891 2276 mutando
1931 2219 2037 2275 erit

439 2306 675 2358 mundus
706 2306 880 2359 omnis
909 2307 1044 2377 (25),
1092 2308 1185 2377 qui
1232 2316 1286 2361 et
1330 2307 1737 2362 diversitatihus
1773 2324 2030 2377 corpora-

441 2399 541 2457 tus,
567 2400 618 2447 et
647 2393 851 2449 vicibus
879 2401 1223 2464 temperatus.
1256 2396 1461 2451 Nostra
1479 2404 1623 2452 certe
1654 2398 1871 2453 metatio
1900 2398 2034 2467 (26),

438 2481 582 2549 quod
609 2482 804 2537 clausis
838 2483 923 2539 vel
954 2483 1008 2537 in
1059 2490 1227 2539 totum
1275 2482 1496 2540 I038
1536 2485 1822 2540 homericis
1862 2486 2033 2541 oculis

439 2568 622 2640 liquet,
653 2579 824 2625 totum
880 2572 1203 2627 versilorme
1259 2580 1358 2626 est.
1392 2572 1523 2627 Dies
1583 2581 1634 2628 et
1665 2588 1771 2629 nox
1801 2574 2030 2629 invicem

438 2667 656 2714 vertunt
708 2660 800 2715 Sol
830 2660 1148 2717 stationibus
1208 2661 1423 2729 annuis,
1465 2664 1590 2716 luna
1636 2663 2029 2719 modulationi-

438 2747 540 2801 bus
568 2748 853 2804 menstruis
874 2749 1067 2804 variat.
1094 2749 1343 2805 Siderum
1366 2749 1624 2805 distincta
1644 2750 1892 2807 confusio
1914 2754 2031 2825 (2'7)

438 2835 703 2892 interdum
732 2837 915 2909 dejicit
942 2837 1093 2911 quid,
1132 2838 1401 2894 interdum
1426 2839 1538 2909 (28)
1572 2840 1872 2896 resuscitat.
1897 2842 2027 2898 (Σαειί

2141 1779 2334 1825 nantur
2396 1770 2449 1825 in
2522 1773 2811 1838 montibus,
2879 1774 3163 1846 cupientes
3234 1776 3435 1832 Platoni
3508 1780 3737 1849 probare

2140 1859 2298 1913 etiam
2347 1858 2514 1914 ardua
2555 1858 2816 1915 ﬂuitasse.
2866 1860 2972 1916 Sed
3021 1871 3075 1917 et
3120 1864 3390 1920 enatando
3442 1882 3652 1937 rursus,
3685 1868 3738 1924 in

2139 1946 2314 2003 forma
2344 1946 2388 1986 ¹“¹
2421 1949 2646 2003 mutavit
2690 1966 2874 2005 rursus
2917 1949 3087 2021 orbis,
3119 1951 3256 2007 alius
3296 1951 3342 1991 18
3371 1952 3533 2011 idem.
3574 1957 3740 2014 Mutat

2141 2043 2195 2091 et
2224 2051 2367 2092 nunc
2407 2036 2648 2091 localiter
2697 2037 2934 2108 habitus,
2964 2054 3086 2095 cum
3136 2037 3366 2096 i034
3404 2042 3541 2097 situs
3581 2043 3734 2100 lardi-

2142 2132 2261 2191 tur;
2294 2142 2415 2182 cum
2447 2126 2585 2181 inter
2629 2126 2829 2181 insulas
2875 2128 3018 2182 nulla
3061 2130 3171 2198 jam
3219 2130 3411 2197 Delos,
3443 2132 3660 2189 harenae
3690 2133 3737 2172 ιο

2141 2215 2331 2269 Samos
2378 2214 2512 2285 (37),
2545 2224 2597 2268 et
2628 2216 2695 2283 (si
2740 2214 2827 2269 ille
2858 2218 2971 2287 (38)
3004 2232 3111 2271 non
3157 2219 3386 2275 mendax
3434 2222 3504 2291 2ο)
3535 2239 3660 2279 cum
3689 2224 3733 2261 ²¹

2141 2302 2196 2356 in
2250 2302 2513 2358 Atlantico
2568 2303 2789 2370 Libyam
2848 2312 2940 2360 aut
2994 2305 3175 2361 Asiam
3228 2308 3520 2380 adaequans
3577 2328 3734 2383 quae-

2143 2392 2274 2447 ritur
2298 2393 2384 2462 22;
2418 2409 2540 2447 cum
2572 2392 2737 2447 Italia:
2767 2394 3037 2464 quondam
3066 2394 3233 2461 latus,
3264 2396 3457 2453 Hadria
3495 2400 3733 2469 Tyrrhe-

2142 2497 2320 2553 noque
2350 2482 2724 2553 quassantibus
2769 2483 3116 2538 mediotenus
3163 2484 3303 2540 inter
3330 2497 3565 2559 ceptum,
3600 2490 3733 2544 reli-

2139 2573 2293 2640 quias
2338 2570 2574 2626 Siliciam
2622 2569 2785 2639 facit;
2820 2586 2941 2625 cum
2996 2579 3109 2627 tota
3152 2574 3237 2627 illa
3286 2576 3444 2645 plaga
3492 2577 3727 2644 discidii,

2139 2659 2499 2717 contentiosos
2529 2675 2813 2731 aequorum
2852 2660 3023 2716 coitus
3063 2662 3296 2734 angustis
3323 2664 3369 2701 2³
3395 2665 3507 2735 (39)
3547 2675 3719 2721 retor-

2138 2765 2331 2824 quens,
2373 2764 2574 2805 novum
2621 2748 2735 2803 vitii
2782 2750 2894 2820 (40)
2943 2750 3080 2805 mari
3127 2749 3313 2805 imbuit
3352 2751 3420 2818 Ἰίι,
3467 2768 3577 2807 non
3621 2770 3722 2808 ex-

2138 2840 2382 2908 spuentis
2429 2836 2730 2910 naufragia,
2763 2838 2857 2894 sed
2901 2837 3230 2895 devorantis.
3280 2840 3483 2897 Patitur
3510 2851 3563 2897 et
3590 2859 3727 2899 con-

1820 2914 2009 2976 Variae
2042 2917 2347 2978 lectiones.

512 2988 564 3061 13_
582 2991 752 3061 Forte
780 2989 964 3053 maris,
997 3005 1100 3061 quo
1131 3007 1301 3045 sensu
1332 2990 1546 3045 dicitur
1574 3007 1732 3046 mare
1772 2993 2037 3061 inﬁdum.
2070 2992 2215 3050 Edd.
2252 2991 2296 3027 14
2331 2990 2386 3043 Si

1012 3066 1205 3132 raneq.
1260 3062 1433 3118 Rhen.
1482 3062 1523 3099 1⁷
1572 3061 1789 3117 Inﬁrma
1840 3066 2014 3122 Rhen.
2063 3066 2245 3121 intima
2293 3062 2372 3116 al.
2424 3062 2441 3097 1

440 3060 486 3097 ιδ
531 3058 919 3115 Obumbraudo

2466 2987 2552 3043 uid
2595 2990 2719 3043 Ven.
2771 2988 2938 3045 Seml.
2976 2990 3021 3027 15
3052 2990 3350 3045 Ebullando
3383 2995 3512 3049 Par.
3549 2993 3725 3050 Bhen.

2519 3060 2676 3115 Aliud
2739 3061 2863 3115 Ven.
2907 3060 2953 3098 19
2983 3062 3168 3116 Rhene
3201 3062 3359 3119 Pam.
3384 3083 3401 3118 :
3463 3066 3716 3122 insulam

436 3132 701 3204 exiguam
745 3130 875 3187 Delo
922 3130 1190 3204 vicinam,
1224 3135 1317 3187 cui
1358 3149 1562 3191 nomen
1610 3135 1816 3204 Rhene,
1850 3136 2253 3193 commemorat
2302 3131 2805 3204 Septimius._?°_Et
2844 3130 2889 3204 si
2920 3131 3009 3188 ille
3037 3148 3143 3187 non
3190 3133 3424 3188 mendax
3476 3140 3644 3192 Fran.
3677 3148 3733 3191 et

438 3202 644 3273 Sibylla
675 3215 781 3257 non
812 3201 1037 3280 mendax
1071 3204 1237 3280 Seml.
1268 3205 1414 3280 __Ven.
1451 3206 1569 3280 Ijig:
1605 3201 1844 3280 Leop._21
1876 3208 2007 3262 onn
2042 3212 2213 3263 Fran.
2248 3201 2409 3259 Pam.
2442 3205 2602 3274 Le0p.
2634 3202 2683 3239 ²²
2711 3201 2981 3272 Quaeritur
3009 3218 3153 3259 nunc
3181 3207 3356 3261 Fran.
3389 3208 3549 3280 Le0p.
3582 3224 3728 3263 nunc

435 3272 545 3345 pro
564 3288 687 3328 cum
716 3289 828 3345 seq.
860 3272 910 3311 33
946 3274 1230 3344 Angustiis
1256 3277 1428 3331 Fran.
1464 3272 1725 3331 21‘Induii
1750 3278 1912 3351 Pam.
1948 3281 2109 3351 Le0p.

1844 3349 2349 3415 Commentarius.

506 3422 623 3495 (24)
656 3425 1016 3500 Egtraneum
1037 3426 1335 3500 ingenium
1366 3444 1384 3480 :
1413 3424 1494 3478 διὰ
1523 3424 1581 3479 τὸ
1603 3424 1735 3500 ξένον
1769 3433 1852 3500 τοῦ
1876 3449 2030 3500 μηχα-

434 3495 829 3622 νήματος.ΕΒι(ὶ.
860 3526 932 3537 -
979 3495 1213 3564 Scilicet,
1238 3505 1455 3569 propter
1483 3498 1742 3554 machinae
1764 3495 2031 3557 insuetum

438 3583 630 3622 genus.
721 3583 815 3622 nn.

475 3583 630 3623 CHUS.
671 3583 815 3623 EDD.

438 3584 630 3640 genus.
671 3584 815 3623 non.

508 3639 621 3708 (25)
660 3640 747 3693 Ita
776 3639 1055 3696 mutando
1084 3638 1334 3695 mundus
1377 3640 1489 3697 erit
1540 3642 1742 3696 omnis.
1776 3640 1889 3696 Hoc
1928 3650 2029 3706 est,

437 3709 542 3763 nisi
609 3719 903 3762 mutaretur
966 3714 1201 3763 mundus
1262 3725 1370 3764 non
1439 3720 1600 3777 esset,
1668 3727 1731 3765 ex
1799 3712 2029 3767 diversis

436 3781 637 3849 quippe
672 3778 988 3832 substantiis
1053 3780 1389 3848 compositus
1445 3788 1499 3835 et
1554 3790 1867 3850 compactus
1920 3794 2024 3839 est.

436 3850 607 3905 SALM.

506 3920 619 3992 (26)
642 3918 847 3992 Nostra
867 3923 1017 3976 certe
1043 3920 1297 3974 metatio.
1331 3920 1429 3992 Hic
1459 3920 1691 3976 mundus
1732 3937 1893 3992 quem
1938 3923 2027 3979 in-

434 3990 764 4053 cumbimus,
799 3989 855 4041 in
894 4005 1003 4059 quo
1029 4002 1317 4048 metamur.
1355 3991 1527 4048 ΞΑιιι.

507 4060 621 4131 (27)
655 4060 934 4133 Siderum
986 4060 1255 4133 distincta
1304 4066 1575 4132 confusio.
1626 4064 1875 4133 Optimus
1922 4066 2026 4121 erit

436 4129 552 4195 ipse
584 4129 668 4186 sui
697 4130 979 4201 interpres,
1028 4132 1163 4188 libro
1201 4134 1267 4187 de
1310 4129 1732 4191 Resurrectione
1788 4138 2025 4192 Carnis:

438 4202 946 4276 Iledaccenduntur
964 4208 1019 4260 et
1045 4204 1403 4260 stcllatorum
1418 4207 1581 4276 globi,
1604 4207 1957 4263 reducuntur
1975 4214 2025 4265 et

433 4275 1002 4399 sidcrztimRabsentile,
1035 4293 1171 4347 quas
1200 4275 1523 4350 temporalis
1561 4278 1855 4337 distinctio
1890 4295 2023 4337 exe-

433 4362 586 4399 mera
611 4386 637 4398 ..
716 4363 791 4399 re.

433 4351 637 4403 merat.
671 4351 791 4401 lite.

506 4420 621 4485 (28)
652 4418 943 4489 Interdum
981 4416 1177 4489 dejicit
1206 4418 1365 4488 quid,
1397 4420 1711 4483 interdum,
1742 4430 1845 4477 etc.
1877 4420 2023 4475 Nihil

434 4488 576 4541 aliud
614 4488 879 4543 intellexit
930 4491 1153 4554 Auctor,
1213 4504 1374 4543 (tuam
1424 4499 1604 4545 ortum
1660 4500 1716 4547 et
1772 4506 2020 4546 occasum

433 4559 730 4622 stellarum,
762 4575 882 4630 quae
920 4560 1078 4629 dejici
1107 4569 1161 4616 et
1196 4559 1446 4616 decidere
1477 4562 1724 4617 dicuntur
1756 4578 1878 4616 cum
1928 4578 2021 4617 oc-

436 4630 646 4694 cidunt,
680 4630 989 4684 resuscitari
1009 4648 1131 4687 cum
1160 4630 1422 4685 oriuntur.
1456 4632 1629 4689 SALM.

505 4704 620 4769 (29)
652 4701 763 4776 Sull
806 4701 928 4758 diuo
982 4702 1328 4776 splendidus.
1389 4703 1691 4759 Subdivum
1748 4703 2018 4773 ὕπαιθριον,

434 4786 709 4828 serenum.
736 4773 859 4829 Rm.

504 4846 620 4921 (30)
648 4844 999 4921 Subsidium,
1038 4846 1350 4921 Cumaqua
1398 4845 1466 4901 de
1501 4848 1639 4903 coelo
1678 4846 1868 4901 casitat
1900 4854 2020 4921 gut-

434 4918 604 4989 tatim.
638 4916 868 4979 Glossze,
902 4915 1221 4989 suostillut,
1254 4922 1594 4989 στρεγγουριᾷ.
1630 4921 1747 4974 Βιθ.

503 4988 708 5059 (3l)rl_)e
733 4986 1047 5059 tranquillo
1078 4986 1743 5058 probumTranqu'illitate
1765 4989 2019 5059 probum,

434 5056 803 5129 tranquillum,
847 5063 905 5108 ut
934 5056 997 5129 de
1028 5056 1092 5111 eo
1121 5058 1273 5126 queri
1314 5072 1473 5115 nemo
1508 5056 1631 5127 jure
1674 5056 1858 5129 possit.
1894 5060 2016 5114 RIG.

503 5128 617 5203 (32)
661 5126 986 5203 D_e_ﬂus_tris
1036 5129 1433 5203 temperatum.
1470 5126 1685 5203 rVentis
1734 5132 2017 5203 agitatum,

432 5195 593 5251 modo
658 5195 929 5265 violentis,
969 5195 1163 5253 modo'
1190 5199 1605 5257 remissioribus.
1657 5195 1882 5258 RIGT—
1938 5204 2018 5256 An

432 5268 615 5345 ﬂustra
646 5267 733 5321 hic
763 5276 1063 5345 temperato
1098 5269 1238 5345 mari
1275 5272 1611 5345 opponitur?
1655 5289 2015 5345 nequaquam,

432 5357 553 5395 nam
584 5340 766 5394 ﬂustra
794 5338 1069 5393 malaciam
1097 5339 1259 5393 maris
1287 5338 1610 5411 significant.
1635 5338 1805 5400 SALiJ.

499 5414 607 5477 (33)
645 5413 719 5468 De
750 5410 1076 5468 decumanis
1105 5410 1408 5481 inquietat.
1458 5414 1729 5471 Fluctibus
1771 5416 2020 5468 decuma-

432 5484 515 5555 nis
544 5482 888 5555 inquietatur.
922 5483 1043 5554 Ipse
1071 5481 1453 5548 Tertullianus,
1497 5484 1653 5549 infra,
1708 5509 1729 5535 ε
1770 5486 1845 5540 De
1868 5500 2018 5551 para-

432 5554 552 5609 diso
596 5554 936 5618 exterminat,
974 5575 997 5626 ν
1032 5568 1132 5626 pro
1174 5557 1576 5621 exterminatur,
1626 5564 1700 5624 et,
1752 5578 1775 5607 «
1825 5554 2027 5621 Positis

432 5626 643 5681 exuviis
668 5642 840 5686 novus
867 5625 1121 5699 explicat,
1158 5645 1182 5678 ›
1219 5626 1323 5683 hoc
1350 5639 1451 5695 est,
1483 5628 1805 5701 explicatur.
1842 5627 2014 5685 Sani.

2210 3428 2321 3495 (34)
2346 3424 2629 3501 .Montium
2662 3427 2909 3501 scapulae
2939 3426 3305 3501 decurrendo.
3333 3428 3471 3501 Cum
3502 3430 3731 3501 abrupta

2137 3495 2715 3568 torrentium‘impetu
2755 3495 2835 3550 ’de
2892 3497 3125 3568 scapulis
3177 3499 3438 3554 montium
3496 3495 3731 3555 saxa'in

2138 3569 2309 3624 imum
2338 3565 2710 3623 devolvuntur.
2746 3568 2924 3624 ΞΑωι.

2210 3641 2322 3710 (35)
2354 3640 2621 3710 Pontium
2650 3653 2804 3710 vena:
2833 3638 3168 3710 cavillando.
3201 3638 3446 3696 Cavillari
3476 3642 3729 3698 dicuntur

2135 3708 2330 3773 fontes,
2363 3708 2599 3780 cumsui
2626 3708 2836 3780 copiam
2866 3709 3043 3765 facere
3083 3710 3355 3779 desinunt,
3387 3728 3520 3769 cava
3565 3714 3727 3769 tellu-

2135 3783 2219 3852 ris
2266 3778 2547 3852 subeundo
2609 3798 2621 3835 :
2683 3778 2811 3836 tunc
2841 3786 3006 3852 _enim
3059 3778 3471 3852 circumpoSitos
3526 3785 3729 3842 incolas

2133 3850 2345 3919 fallunt,
2380 3849 2722 3917 frustrantur,
2754 3862 2808 3906 et
2832 3850 3104 3907 fraudant.
3136 3849 3309 3909 Sami.

2208 3923 2321 3992 (36)
2353 3922 2681 3992 Fluminum
2710 3924 2815 3978 viae
2844 3922 3215 3980 obhumando.
3240 3924 3524 3980 Alluvione
3544 3924 3727 3981 ﬂumi-

2132 3993 2217 4047 nis
2259 3994 2439 4048 alveus
2482 3991 2608 4046 limo
2652 4010 2763 4047 sive
2812 3994 2978 4048 humo
3026 3996 3306 4063 Oppletur;
3339 3996 3407 4049 ita
3438 4003 3515 4061 ut,
3550 4012 3723 4051 occu-

2134 4073 2256 4135 pato
2303 4063 2472 4129 alveo,
2518 4063 2716 4117 ﬂumen
2761 4065 3046 4133 divertere,
3099 4074 3152 4121 et
3199 4068 3341 4122 viam
3388 4068 3489 4121 sibi
3532 4084 3724 4122 novam

2135 4137 2308 4191 facere
2337 4144 2579 4209 cogatur.
2612 4135 2939 4191 Obhumatio
2980 4136 3146 4208 igitur
3201 4150 3280 4191 est
3308 4138 3520 4207 alluvio,
3568 4141 3724 4209 πρόσ-

2170 4227 2312 4268 ωσις.
2344 4208 2517 4261 SALII.

2132 4228 2312 4280 χωσις.
2344 4228 2517 4261 ῡΑιιιι.

2205 4279 2314 4352 (37)
2361 4279 2572 4333 Samos.
2623 4275 2747 4352 Habe
2794 4277 2989 4346 insula,
3022 4277 3194 4335 Plinio
3241 4288 3396 4349 teste,
3430 4291 3649 4352 repente
3696 4298 3727 4336 e

2132 4350 2266 4403 mari
2297 4355 2613 4401 emerserat.
2649 4348 2782 4404 Plui.

2205 4421 2318 4491 (38)
2352 4419 2725 4491 Ille._Scilicet
2765 4418 2936 4491 Plato,
2970 4419 3064 4491 qui
3097 4420 3153 4474 in
3200 4423 3397 4478 Timaeo
3442 4422 3630 4477 scribit
3668 4422 3724 4476 in

2133 4490 2265 4574 mari
2296 4488 2562 4574 Atlantico
2591 4488 3128 4574 insulam-ingentem
3174 4494 3725 4574 submersamLAtqui

2131 4561 2199 4615 de
2228 4562 2416 4615 harum
2448 4560 2783 4631 aliarumque
2824 4560 3131 4631 insularum
3174 4564 3386 4620 interitu
3429 4580 3490 4618 ac
3520 4560 3721 4629 Sicilia,

2055 4624 2098 4700 ο
2130 4631 2309 4707 insula
2357 4648 2421 4707 ei;
2466 4624 2976 4707 conti_nen.t_e,_latius
3024 4632 3080 4687 in
3126 4635 3455 4707 Apolog.i(c.
3496 4637 3585 4707 40,
3616 4624 3720 4690 col;

2129 4705 2232 4757 480
2280 4710 2334 4759 et
2389 4703 2535 4771 481),
2568 4702 2659 4756 ubi
2713 4701 2901 4756 iisdem
2947 4720 3085 4773 pene
3140 4701 3318 4761 verbis
3368 4701 3725 4761 Tertullianus

2128 4774 2312 4846 utitur.
2345 4775 2409 4827 Et
2440 4788 2627 4846 verna
2658 4788 2849 4827 nomen
2881 4774 2992 4828 vitii
3033 4776 3175 4842 quod
3225 4779 3384 4846 plaga
3434 4777 3522 4832 illa
3550 4777 3720 4832 disci-

2130 4845 2201 4897 dii
2261 4845 2390 4917 mari
2448 4843 2642 4917 induit,
2695 4864 2720 4894 υ
2773 4853 2865 4917 aut
2911 4849 2991 4908 (ut
3038 4843 3449 4917 Vaticfcodex)
3495 4849 3718 4911 imbuit,

2132 4915 2370 4987 intelligo
2400 4915 2695 4987 Rhegium,
2721 4914 2921 4987 quippe
2950 4916 3097 4986 quod
3130 4918 3316 4973 Graece
3357 4914 3609 4973 obrutum
3643 4922 3718 4973 si-

2128 4985 2347 5066 ςιήςῑοιξι
2400 4992 2453 5056 (a
2482 4985 2752 5066 ῥήγνῃιι)ί
2790 4985 3006 5066 Fretum
3056 5003 3250 5059 nempe
3288 4989 3427 5043 inter
3475 4990 3718 5066 Siciliam

2128 5065 2181 5111 et
2230 5057 2429 5111 ltaliam
2467 5061 2550 5129 ita
2596 5057 2815 5129 dictum,
2855 5058 3020 5127 quod,
3051 5057 3373 5114 cum‘antea
3418 5062 3722 5129 conjunctae

2129 5138 2325 5197 essent,
2359 5128 2591 5200 medium
2624 5128 2772 5200 illud
2802 5130 3035 5200 spatium
3066 5130 3218 5200 aquis
3257 5128 3535 5186 obrutum,
3556 5141 3718 5193 esset,

2128 5210 2178 5253 et
2211 5215 2306 5266 per
2352 5198 2655 5270 angustiam
2704 5198 2951 5265 scissum,
2986 5198 3151 5255 sicuti
3185 5216 3244 5255 ex
3295 5201 3547 5256 Sallustio
3595 5204 3724 5256 citat

2128 5270 2319 5325 Isidor.
2364 5271 2540 5340 Etym.
2588 5270 2682 5324 lib.
2732 5286 2811 5338 IV,
2843 5271 2894 5324 in
2943 5286 3127 5328 vocem
3171 5289 3185 5330 :
3220 5273 3438 5338 Sicilia,
3472 5290 3503 5327 a
3532 5272 3723 5328 Servio

2130 5349 2422 5395 mutuatus.
2456 5342 2594 5396 Pan.
2628 5350 2679 5395 et
2707 5341 2848 5398 Enn.

2200 5416 2311 5486 (39)
2338 5414 2642 5486 Angustis,
2665 5412 2715 5467 id
2758 5423 2839 5486 est
2886 5414 3170 5486 angustiis.
3216 5414 3351 5469 Enn.
3386 5446 3453 5455 —
3484 5417 3725 5486 Angusta

2128 5484 2275 5546 dicit,
2307 5485 2443 5539 sicut
2473 5484 2667 5547 G'razci,
2692 5485 2851 5537 στενά.
2884 5484 3007 5540 RK}.

2195 5555 2308 5626 (40)
2337 5556 2726 5629 Novumpitii.
2754 5556 2967 5610 Novum
2992 5556 3225 5629 _\itium.
3269 5556 3358 5613 Sic
3400 5558 3515 5629 ipse
3561 5556 3721 5627 infra,

2128 5626 2469 5686 endormidis
2497 5625 2735 5685 solocem
2764 5640 2863 5701 pro
2894 5626 3277 5687 cndormidem
3305 5625 3569 5703 solocem.
3596 5625 3719 5686 Rte;
