4058 6172
442 314 576 373 1089

1765 318 1958 380 LIBER
2006 318 2089 380 DE
2135 322 2390 386 PALLIU.

3590 325 3728 384 1090

435 440 610 540 tinens
638 441 704 540 de
730 441 893 510 cmlo,
917 451 1008 498 aut
1046 442 1114 540 de
1151 459 1269 500 suo.
1303 444 1496 518 Aspice
1550 446 1618 502 ad
1656 445 2015 515 Palaestinam,
2051 461 2098 540 Α
2128 447 2368 519 telligitis
2405 447 2534 505 alibi
2566 448 2860 523 stipantem
2893 447 3132 518 cepiam,
3165 446 3292 502 alibi
3341 448 3722 521 deserentem),

429 544 533 597 qua
561 529 824 586 Iordanes
868 533 1042 588 amnis
1083 531 1276 589 ﬁnium
1314 535 1762 602 arbiter,vastitas
1800 535 2018 609 ingens,

433 625 488 674 et
532 619 667 674 orba
699 621 871 693 regio,
899 628 952 676 et
990 622 1193 679 frustra
1223 640 1380 698 ager;
1410 633 1466 681 at
1490 626 1539 663 2⁵
1566 625 1731 682 urbes
1769 635 1934 697 retro,
1967 634 2022 681 et

425 707 609 779 pepuli
636 708 970 781 frequentes,
1000 717 1052 765 et
1080 712 1230 768 solus
1265 713 1514 769 audiebat
1534 714 1649 786 (4i)
1683 715 1935 783 ;dehinc,
1959 721 2019 770 ut

424 795 568 850 Deus
604 812 796 852 censor
825 807 906 853 est
936 800 1004 868 26,
1037 800 1287 872 impietas
1323 802 1532 873 ignium
1567 803 1757 858 meruit
1786 802 2012 858 imbres.

421 885 688 942 Hactenus
718 888 968 957 Sodoma,
1003 898 1056 946 et
1086 891 1232 946 nulla
1261 892 1590 955 Gomorrha,
1630 902 1682 949 et
1713 891 1850 948 cinis
1891 906 2014 946 om-

421 977 530 1039 nia,
593 983 648 1030 et
691 977 1072 1050 pr0pinquitas
1139 980 1303 1036 maris
1361 983 1476 1052 (42)
1518 983 1668 1050 juxta
1722 997 1846 1037 cum
1899 982 2016 1036 solo

417 1074 650 1120 mortem
701 1066 836 1123 vivit
892 1069 940 1105 26
997 1069 1132 1138 (43).
1166 1071 1245 1123 Ex
1305 1071 1685 1140 hujuscemodi
1741 1070 1926 1126 nubilo
1962 1079 2016 1125 et

416 1153 613 1208 Tuscia
640 1155 919 1212 Vulsinios
951 1157 999 1193 28
1021 1158 1235 1224 deusta,
1268 1174 1377 1230 quo
1427 1159 1602 1232 magis
1631 1160 1698 1214 de
1740 1158 2015 1213 montibus

415 1242 532 1298 suis
581 1244 884 1314 Campania
930 1254 1134 1318 speret,
1184 1258 1372 1316 erepla
1433 1247 1720 1318 Pompeios
1748 1249 1883 1318 (44).
1908 1247 2012 1303 Sed

413 1329 590 1386 absit!
624 1332 844 1388 Utinam
875 1341 928 1388 et
957 1333 1089 1388 Asia
1116 1351 1314 1392 secura
1336 1336 1450 1405 jam
1483 1337 1550 1391 sit
1579 1338 1648 1392 de
1690 1336 1793 1392 soli
1839 1333 2016 1410 inglu-

410 1416 534 1474 vie!
594 1417 809 1473 Utinam
855 1429 909 1476 et
963 1421 1144 1478 Africa
1199 1425 1366 1480 semel
1397 1425 1714 1497 voraginem
1775 1422 2007 1496 paverit,

415 1505 586 1562 unicis
606 1507 722 1578 (45)
742 1509 936 1565 castris
959 1509 1223 1566 fraudatis
1247 1511 1470 1569 I085
1487 1513 1708 1584 expiata
1728 1514 1739 1568 l
1775 1514 1938 1568 Multa
1958 1523 2012 1568 et

412 1596 522 1651 alia
575 1595 890 1668 hujusmodi
946 1599 1268 1658 detrimenta
1326 1601 1568 1659 habitum
1621 1601 1771 1658 orbis
1827 1609 2006 1658 mula-

413 1699 543 1740 vere
572 1685 641 1750 29,
697 1686 945 1758 situsque
976 1703 1219 1747 movere.
1261 1689 1421 1744 Bellis
1462 1706 1680 1762 quoque
1721 1689 2006 1762 plurimum

411 1771 641 1826 licuisse
683 1781 738 1828 et
769 1773 982 1829 tristitia
1014 1779 1203 1847 perget
1238 1777 1306 1842 3°,
1355 1742 1498 1832 non1
1516 1742 1699 1833 minus
1721 1742 1885 1848 quam
1915 1794 1971 1834 re
2044 1742 2087 1820 Β

415 1875 650 1933 gnorum
696 1861 844 1918 vices
882 1878 1182 1920 recensere.
1244 1863 1472 1933 Quoties
1521 1867 1578 1922 et
1624 1865 1727 1922 ista
1777 1874 2012 1924 mutave-

413 1957 542 2002 runt
575 1948 640 2015 31,
671 1950 784 2019 jam
814 1949 939 2006 inde
983 1967 1013 2006 a
1057 1951 1198 2008 Nino
1242 1952 1356 2008 Beli
1405 1953 1698 2029 progenie!
1739 1954 1785 2010 si
1833 1962 2012 2013 tamen

410 2035 586 2091 Ninus
617 2049 869 2110 regnaret
897 2039 946 2078 ³2
1002 2040 1228 2113 primus,
1260 2051 1322 2098 ut
1369 2047 1614 2101 autumat
1659 2045 2010 2115 superiorum

412 2123 714 2196 profanitas
751 2127 902 2198 (46);
944 2127 1117 2184 ferme
1164 2131 1311 2202 apud
1363 2148 1462 2190 vos
1509 2134 1649 2191 ultra
1685 2135 1856 2207 stylus
1901 2151 2010 2191 non

412 2217 571 2272 solet.
603 2216 686 2270 Ab
715 2217 982 2287 Assyriis,
1016 2217 1062 2271 si
1092 2218 1248 2286 forte,
1282 2220 1382 2277 aevi
1412 2220 1651 2278 historiae
1678 2230 1960 2293 patescunt
1995 2242 2009 2290 ;

410 2305 506 2377 qui
534 2321 664 2362 vero
693 2305 905 2361 divinas
952 2305 1281 2374 lectitamus,
1322 2309 1390 2364 ab
1437 2309 1611 2381 ipsius
1650 2311 1832 2366 mundi
1864 2323 2013 2369 nata-

410 2394 552 2448 libus
579 2403 858 2466 compotes
887 2411 1092 2450 sumus.
1129 2395 1234 2450 Sed
1267 2396 1392 2453 laeta
1429 2399 1542 2469 jam
1582 2398 1762 2458 malo:
1815 2400 2012 2472 quippe

411 2491 466 2538 et
521 2482 644 2537 laeta
713 2489 947 2538 mutant.
1007 2483 1270 2555 Denique,
1328 2484 1374 2539 si
1435 2484 1568 2556 quid
1627 2501 1773 2543 mare
1829 2487 2007 2560 diluit,

409 2570 607 2627 ccelum
636 2569 864 2638 deussit,
905 2579 1045 2626 terra
1091 2571 1364 2644 subduxit,
1417 2573 1635 2644 gladius
1681 2573 2008 2648 detotondit,

409 2658 549 2716 alias
577 2674 803 2716 versura
829 2659 1168 2732 compensati
1196 2660 1312 2732 (47)
1341 2661 1505 2720 redit.
1541 2661 1678 2716 Nam
1711 2670 1766 2720 et
1813 2665 2008 2735 primi-

408 2756 497 2804 tus
549 2747 808 2819 majorem
866 2747 1131 2804 ambitum
1180 2749 1230 2788 33
1267 2756 1407 2806 terra
1464 2765 1641 2817 cassa,
1702 2757 1756 2807 et
1810 2768 2010 2812 vacans

410 2837 716 2910 hominum,
746 2844 800 2894 et
827 2837 1000 2894 sicubi
1046 2837 1222 2910 aliqua
1259 2852 1397 2912 gens
1445 2846 1756 2910 occuparat,
1787 2841 2008 2899 sibimet

413 2926 515 2984 soli
543 2934 674 2985 erat.
717 2928 899 3000 Itaque
929 2927 1108 2986 colore
1135 2927 1185 2968 3"
1229 2925 1413 2985 omnia
1454 2927 1525 3000 (si
1571 2929 1790 2985 demum
1819 2930 1868 2970 35
1915 2931 2003 2987 in-

2131 553 2357 593 runcare
2400 546 2562 611 atque
2595 547 2804 594 ruslare
2833 538 2951 608 (48)
2984 535 3238 605 instituit,
3289 546 3347 592 ut
3403 536 3526 593 inde
3580 539 3727 596 velut

2129 641 2195 681 ex
2240 626 2476 683 surculis
2529 637 2584 683 et
2633 627 3046 698 prepaginibus,
3112 626 3301 696 populi
3359 626 3425 682 de
3490 627 3722 698 populis,

2129 716 2293 770 urbes
2347 716 2414 772 de
2460 716 2704 779 urbibus,
2752 731 2845 784 per
2890 715 3091 785 ubique
3142 714 3288 769 orbis
3337 724 3724 786 pangerentur.

2126 804 2552 860 Transvolavere
2575 803 2991 858 redundantiam
3023 804 3270 874 gentium
3300 805 3566 860 examina.
3594 805 3726 876 Scy-

2127 892 2232 946 thae
2253 895 2547 949 exuberant
2567 894 2758 947 Persas
2783 911 2794 944 :
2819 891 3099 947 Phoenices
3122 891 3174 944 in
3196 891 3430 946 Africam
3447 900 3725 962 eructant;

2125 983 2395 1040 Romanos
2446 983 2694 1054 Phryges
2753 981 3007 1052 pariunt;
3060 979 3372 1035 Chaldaeum
3422 997 3605 1036 semen
3669 983 3722 1036 in

2125 1071 2410 1142 Egyptum
2443 1070 2746 1138 educatur;
2776 1069 2985 1133 dehinc,
3022 1069 3143 1122 inde
3175 1085 3296 1124 cum
3330 1069 3724 1136 transducitur,

2122 1158 2312 1211 Judzea
2340 1174 2480 1229 gens
2508 1166 2611 1214 est.
2642 1158 2733 1212 Sic
2761 1165 2814 1212 et
2842 1157 3104 1212 Herculea
3135 1157 3443 1226 posteritas.
3486 1157 3725 1212 Temcno

2123 1245 2322 1316 pariter
2352 1248 2782 1316 PelOponncsum
2813 1245 3126 1316 occupando
3167 1245 3472 1313 producunt
3521 1246 3588 1300 ³6.
3633 1246 3725 1302 Sic

2123 1344 2174 1390 et
2203 1335 2363 1389 Iones
2383 1335 2537 1391 Nelei
2575 1332 2802 1390 I036
2821 1334 3046 1391 comites
3085 1334 3269 1388 Asiam
3303 1335 3466 1389 novis
3500 1334 3726 1392 urbibus

2119 1421 2411 1477 instruunt.
2448 1422 2537 1477 Sic
2585 1430 2637 1476 et
2694 1422 2962 1476 Corinthii
3025 1437 3148 1475 cum
3202 1423 3400 1476 Archia
3458 1422 3726 1477 mmniunt

2121 1511 2436 1582 Syracusas.
2491 1510 2599 1566 Sed
2675 1526 2871 1566 vanum
2943 1511 3051 1580 jam
3125 1509 3444 1581 antiquitas,
3506 1510 3724 1580 quando

2118 1599 2390 1656 curricula
2436 1602 2621 1654 nostra
2683 1600 2798 1669 (49)
2839 1614 3038 1654 coram.
3092 1598 3364 1665 Quantum
3413 1598 3725 1671 reformavit

2117 1687 2264 1742 orbis
2294 1687 2556 1743 saeculum
2587 1686 2754 1744 istud!
2781 1695 3040 1758 quantum
3070 1686 3286 1742 urbium
3316 1694 3413 1742 aut
3440 1686 3720 1758 produxit,

2116 1783 2210 1830 aut
2258 1775 2424 1842 auxit,
2476 1782 2572 1833 aut
2629 1775 2866 1831 reddidit
2921 1774 3207 1844 praesentis
3263 1773 3476 1844 imperii
3532 1773 3724 1844 triplex

2119 1863 2288 1921 virtus
2331 1863 2469 1936 (50),
2517 1863 2632 1919 Deo
2683 1871 2759 1918 tot
2813 1860 3082 1932 Augustis
3137 1861 3191 1916 in
3244 1876 3409 1917 unum
3467 1859 3718 1917 favente!

2119 1962 2253 2025 quot
2279 1967 2476 2008 census
2508 1951 2852 2023 transcripti!
2909 1958 3040 2022 quot
3089 1949 3281 2021 populi
3333 1950 3617 2021 repugnali
3673 1951 3719 1988 ³⁷

2123 2042 2276 2113 (51)!
2309 2048 2438 2112 quot
2475 2040 2694 2096 ordines
2725 2037 3009 2094 illustratil
3042 2045 3174 2111 quot
3212 2036 3428 2093 barbari
3475 2037 3714 2094 exclusi!

2122 2131 2328 2188 Revera
2373 2129 2538 2196 orbis,
2571 2127 2933 2186 cultissimum
2987 2128 3150 2198 hujus
3209 2125 3423 2197 imperii
3473 2141 3564 2180 rus
3617 2140 3719 2191 eat,

2121 2218 2391 2276 eradicato
2432 2217 2580 2274 omni
2635 2216 2852 2273 aconito
2915 2215 3245 2284 hostilitatis,
3277 2225 3330 2270 et
3379 2223 3529 2270 cacto
3583 2215 3721 2289 (52),

2121 2319 2176 2362 et
2229 2309 2365 2362 rubo
2405 2307 2651 2362 subdolae
2683 2304 3085 2374 familiaritatis,
3117 2304 3405 2360 concultus
3455 2313 3508 2359 et
3537 2321 3721 2360 amoe-

2119 2412 2219 2451 nus
2249 2395 2298 2434 33
2326 2395 2441 2470 (53)
2471 2412 2639 2470 super
2683 2393 2898 2451 Alcinoi
2943 2405 3218 2468 pometum
3273 2395 3411 2466 (54),
3463 2403 3516 2452 et
3564 2393 3722 2450 Midae

2118 2490 2386 2541 rosetum.

2727 2606 2960 2664 CAPUT
3016 2607 3113 2664 ΠΙ.

2189 2750 2436 2806 Laudans
2487 2747 2649 2820 igitur
2708 2749 2898 2803 orbem
2943 2750 3264 2814 mutantem,
3313 2747 3443 2819 quid
3493 2746 3722 2806 denotas

2118 2841 2432 2900 hominem?
2487 2839 2695 2896 Mutant
2753 2846 2806 2892 et
2856 2836 3045 2893 bestiae
3093 2850 3192 2907 pro
3256 2845 3407 2894 veste
3455 2836 3719 2897 formam:

2115 2946 2422 3006 quanquam
2479 2935 2532 2984 et
2581 2941 2722 3000 pavo
2788 2926 2972 2999 pluma
3043 2924 3236 2994 vestis,
3285 2937 3338 2983 et
3383 2927 3598 2999 quidem
3656 2929 3724 2985 de

1784 3055 1977 3120 Variae
2014 3063 2329 3122 lectiones.

482 3158 532 3198 2⁵
557 3159 705 3231 Ager
731 3166 894 3214 estet
931 3158 1110 3216 Fran.
1154 3157 1222 3231 ²δί
1252 3158 1408 3231 Esset
1437 3161 1635 3231 (Fran.
1691 3160 1738 3199 2⁷
1804 3161 1947 3217 Bibit
1996 3169 2167 3222 Fran.
2225 3169 2498 3217 mortuum
2567 3159 2663 3214 ivit
2719 3160 2912 3231 Salm,
2960 3159 3011 3196 2⁸
3067 3158 3498 3231 Αάάερινὶειίηοε
3543 3163 3720 3217 Fran.

407 3230 459 3270 29
513 3230 787 3286 Novavere
834 3234 1004 3286 Fran.
1077 3231 1128 3269 3°
1173 3230 1361 3286 Licuit.
1423 3230 1530 3285 Sed

1589 3231 1745 3312 piget
1774 3234 1948 3312 tristia
1978 3241 2154 3312 F_ra_n.
2191 3233 2437 3312 Leon}:1
2495 3231 2825 3312 Mutaverint
2882 3229 3046 3312 Leop.
3105 3230 3470 3312 3'.Re_gnavit
3545 3235 3716 3312 ξναη.

407 3318 639 3373 regnare
669 3301 844 3374 Sal_m.
879 3301 928 3374 3?
956 3301 1162 3374 Majore
1192 3301 1396 3356 ambitu
1426 3300 1677 3374 From,“
1707 3300 1967 3365 Colore...
1999 3300 2333 3362 deferentem
2374 3305 2498 3361 Ven.
2533 3303 2582 3341 ³⁵
2610 3302 2870 3374 Cogitans
2906 3300 3086 3357 omnia
3141 3300 3187 3356 si
3260 3300 3485 3357 domum
3535 3307 3713 3358 Fran.

406 3372 588 3448 colere
639 3372 834 3448 omnia
869 3372 1246 3448 sibitdomum
1279 3375 1436 3448 LeOp,
1495 3373 1545 3411 ³6
1597 3373 1647 3430 Α
1676 3375 1908 3433 Temcno
1949 3380 2148 3448 pariter
2177 3377 2572 3448 Peloponesum
2627 3372 3088 3448 ofproducuntur
3118 3375 3280 3447 Leop.
3330 3375 3376 3412 37
3422 3374 3719 3446 Repurgati

411 3447 589 3502 Sal-7n.
614 3444 950 3518 prOpaginati
988 3447 1160 3504 Fran.
1193 3444 1243 3482 33
1269 3444 1550 3501 Consitum
1579 3455 1634 3504 et
1663 3444 2138 3506 amcenum'Fran.
2172 3444 2448 3505 consultus
2476 3456 2532 3502 ct
2557 3460 2825 3512 amoenus,
2867 3444 3064 3502 codex.

1810 3544 2314 3618 Commentarjus.

479 3674 779 3750 (4l)_Soltts
809 3676 1089 3750 audiebat.
1122 3676 1272 3748 Ager
1291 3675 1382 3732 ille
1409 3677 1499 3750 qui
1531 3692 1672 3733 nunc
1698 3675 1899 3750 frustra
1924 3687 2008 3734 est

405 3763 527 3804 cum
559 3747 691 3801 nihil
721 3748 874 3810 ferat,
905 3749 1030 3802 olim
1072 3749 1125 3802 in
1156 3747 1252 3803 ore
1282 3747 1522 3804 omnium
1555 3759 1669 3805 erat
1709 3751 1779 3805 ob
1807 3749 2004 3807 fertili-

406 3828 588 3883 tatem,
625 3827 679 3873 et
707 3819 791 3874 vix
822 3820 888 3874 de
913 3820 1016 3873 alio
1049 3835 1326 3875 sermones
1353 3828 1527 3875 erant.
1560 3822 1683 3876 R16.

482 3892 601 3961 (42)
629 3892 1031 3966 Propinquitas
1079 3892 1286 3966 maris.
1325 3891 1439 3946 Hoc
1466 3900 1565 3966 ele
1597 3907 1750 3948 mare
1780 3893 2011 3966 propin-

407 3976 597 4032 quum,
617 3961 762 4032 quod
794 3961 993 4016 dicitur
1024 3976 1174 4015 mare
1206 3961 1499 4016 Mortuum.
1532 3961 1656 4018 Rm.

479 4031 598 4103 (43)
628 4031 858 4103 Mortem
899 4032 1060 4103 vivit.
1113 4033 1303 4089 Veram
1347 4037 1595 4102 putamus
1639 4033 1782 4088 hanc
1819 4033 2012 4091 lectio-

407 4102 553 4168 nem,
583 4102 693 4158 etsi
731 4103 786 4157 in
831 4102 1077 4158 Carmine
1135 4103 1202 4158 de
1255 4103 1492 4174 Sodoma
1547 4103 1791 4174 legatur:
1841 4127 1864 4157 ε
1896 4107 2013 4162 Nec

403 4189 558 4247 mare
601 4173 732 4247 vivit
767 4175 860 4229 ubi
889 4189 1036 4247 mors
1063 4181 1143 4229 est
1172 4173 1339 4247 maris
1365 4173 1462 4228 illa
1489 4173 1675 4247 quieti.
1718 4195 1741 4228 σι
1773 4177 1917 4231 Mare
1940 4176 2010 4230 il-

408 4245 507 4302 lud
539 4245 835 4301 etiamnum
864 4246 1064 4315 visitur
1093 4247 1147 4300 et
1175 4244 1438 4314 vivit,sed
1469 4244 1740 4302 mortuum
1765 4255 2008 4315 vocatur,

407 4315 594 4390 itaque
621 4332 731 4373 non
760 4316 927 4390 vitam
952 4314 1106 4390 vivit,
1141 4315 1240 4371 sed
1267 4317 1676 4390 mortem.__Bta.

479 4386 598 4461 (44)
627 4389 936 4461 Pompeios.
960 4389 1102 4461 Hanc
1114 4390 1330 4461 urbem,
1357 4386 1567 4444 Vesuvii
1593 4389 1839 4461 obrutam
1860 4387 2006 4444 cine-

407 4457 585 4531 ribus,
613 4457 896 4531 excitatam
927 4476 960 4531 e
987 4457 1156 4514 ruinis
1188 4459 1402 4515 tandem
1435 4459 1636 4514 nostris
1667 4476 1830 4531 prope
1863 4467 2004 4516 tem-

407 4530 636 4602 poribus
665 4529 854 4596 fuisse,
884 4529 1075 4602 cuique
1105 4532 1232 4586 satis
1258 4535 1442 4585 notum
1475 4538 1577 4586 est.
1610 4531 1750 4590 Eoo.

620 4603 830 4684 Δυηρεξδ
860 4601 1062 4684 castris
1090 4601 1395 4684 fraudatis.
1431 4602 1554 4657 Non
1587 4609 1765 4684 potest
1797 4603 2000 4684 ambigi

403 4672 535 4744 quin
567 4672 667 4727 ista
695 4676 802 4745 sint
838 4672 1096 4745 capienda
1127 4673 1192 4728 de
1226 4674 1508 4745 Cambysae
1539 4672 1776 4730 eiercitu
1822 4677 1876 4730 in
1908 4672 1999 4730 Li-

406 4745 558 4814 bycis
589 4744 1160 4818 Syrtibus,immensis
1181 4744 1458 4818 arenarum
1479 4746 1712 4803 cumulis
1740 4755 2001 4818 coaperto

405 4825 566 4885 atque
595 4815 808 4872 obruto.
843 4816 978 4870 Plat.
1010 4815 1068 4868 in
1097 4817 1250 4870 Alex.
1283 4817 1455 4874 SALH.

480 4887 594 4958 (46)
621 4888 684 4960 Ut
715 4892 977 4944 autumat
996 4889 1348 4959 superiorum
1368 4889 1708 4960 profanitas.
1733 4891 1813 4945 De
1833 4888 1995 4960 Nino,

400 5031 460 5084 in
490 5029 1000 5086 animadversionib.
1034 5039 1218 5086 contra
1244 5029 1540 5084 Prieadam.
1583 5031 1662 5085 De
1705 5046 1770 5086 eo
1819 5037 1999 5086 autem

396 5101 648 5175 loquitur
696 5101 984 5175 Diodorus,
1025 5100 1135 5175 lib.
1181 5116 1222 5156 η
1253 5116 1265 5155 :
1299 5101 1636 5175 Egit-oetam
1663 5100 1727 5163 εἰς
1777 5101 2000 5175 ἱστοριαν

400 5166 492 5246 atati-
552 5173 767 5246 ixviiiiqu
822 5166 1227 5246 παραδεδομένων
1248 5214 1265 5240 ,
1317 5166 1466 5246 Νῖνος
1502 5172 1542 5246 -ὁ
1617 5173 1840 5244 βασιλεὺς
1893 5166 2004 5227 ’τῶν

411 5242 691 5316 Ἀσσύρίών
711 5259 724 5313 ;
748 5242 973 5300 Primus
994 5244 1253 5300 omnium
1284 5245 1379 5314 qui
1408 5246 1470 5316 in
1494 5242 1791 5302 histeria-m
1811 5249 1866 5301 et
1894 5262 2008 5303 me-

405 5315 650 5388 moriam
682 5317 1045 5381 transierint,
1073 5316 1255 5371 Ninus
1276 5329 1380 5370 rea:
1400 5315 1770 5388 Assyriorum.
1794 5315 1873 5388 L3
1906 5319 2002 5373 Pa.

475 5387 595 5458 (47)
651 5388 808 5444 Alias
835 5402 1074 5445 versura
1103 5386 1468 5458 compensati.
1503 5386 1735 5442 Versura
1773 5387 1862 5442 hic
1899 5403 2006 5443 non

405 5468 490 5514 est
527 5474 694 5515 usura
737 5459 824 5515 vel
871 5458 1052 5525 fenus,
1103 5467 1161 5514 ut
1199 5459 1688 5528 perperamivulgo
1737 5459 2004 5528 interpre-

406 5538 590 5602 tantur
625 5573 640 5598 ,
684 5532 803 5602 (sed
869 5530 928 5585 τὸ
988 5527 1309 5602 ἀντιστρόςρόν
1349 5528 1432 5584 vel
1485 5527 1547 5602 ἡκ
1571 5527 1893 5602 ᾀηῐτιστρᾼοφὴξ
1951 5537 2012 5586 ιιι

408 5600 590 5658 Graeci
619 5601 944 5664 calcnnones
975 5599 1188 5664 vocant.
1224 5599 1398 5659 Sam.
1430 5629 1499 5645 —
1526 5599 1588 5658 Id
1615 5609 1716 5673 est,
1748 5599 1827 5659 ﬁt
1860 5599 2007 5661 eom-

2112 3677 2362 3752 pensatio
2391 3677 2494 3731 alia
2521 3675 2897 3752 conv_ersionc.
2931 3673 3070 3729 Eon.

2183 3750 2300 3822 (48)
2338 3751 2596 3822 Rustare.
2646 3749 2871 3803 Rustum
2902 3761 3008 3822 seu
3049 3760 3244 3802 ruscus
3298 3751 3433 3822 sunt_
3480 3743 3603 3801 rubi
3670 3753 3721 3800 et

2119 3815 2340 3890 sentes;
2383 3821 2526 3875 unde
2574 3834 2810 3889 ruscare,
2871 3818 2986 3872 sive
3031 3826 3274 3890 rustare:
3327 3815 3469 3872 unde
3514 3825 3718 3890 iet/ru-

2121 3894 2302 3950 stariaa
2332 3889 2512 3958 falces,
2545 3890 2787 3945 sentibus
2813 3889 3102 3944 eradendis
3147 3898 3364 3960 paratae,
3387 3889 3530 3960 apud
3574 3889 3718 3944 Var-

2119 3980 2331 4030 ronem,
2385 3963 2482 4021 lib.
2529 3977 2548 4017 ι
2596 3962 2663 4018 de
2690 3963 2770 4017 Re
2817 3961 3038 4016 rustica.
3083 3960 3176 4018 Sic
3231 3961 3287 4015 in
3315 3960 3718 4033 __Apologetico,

2123 4055 2149 4087 (ι
2190 4035 2500 4091 Edictorum
2531 4033 2810 4089 securibus
2855 4033 3083 4088 rustatis
3129 4039 3184 4088 et
3218 4031 3442 4100 creditis,
3481 4031 3529 4082 »⁷
3561 4047 3612 4088 c.
3663 4033 3717 4100 4,

2123 4107 2222 4159 col.
2257 4109 2380 4159 286.
2404 4105 2529 4159 Rm.

2119 4107 2222 4162 col.
2257 4109 2380 4161 286.
2404 4107 2529 4159 Rm.

2188 4175 2303 4246 (49)
2347 4174 2646 4246 Curriculo
2677 4175 2892 4231 nostra.
2925 4173 3192 4231 Saeculum
3239 4181 3509 4243 nostrum,
3561 4172 3722 4230 annis

2122 4245 2485 4302 currentibus.
2515 4245 2644 4300 Bia.

2186 4316 2300 4390 (50)
2330 4315 2560 4390 Triplex
2596 4315 2799 4390 airtus.
2839 4312 2901 4390 l_d
2930 4321 3028 4384 est,
3071 4319 3178 4370 tres
3224 4315 3583 4390 imperatores
3622 4329 3719 4370 seu

2111 4385 2364 4464 Augusti,
2412 4385 2479 4442 de
2517 4385 2954 4464 quibusstatjm,
3004 4399 3198 4457 nempe
3238 4387 3477 4443 Severus
3543 4395 3716 4458 pater,

2112 4455 2420 4517 Anfoninus
2445 4466 2496 4512 et
2525 4455 2659 4512 Geta
2689 4455 2806 4511 ﬁlii.
2837 4457 2960 4511 Rm.

2181 4534 2295 4611 (ξι)
2356 4531 2498 4600 Quot
2539 4529 2748 4611 populi
2790 4529 3108 4600 repugnati.
3176 4527 3389 4596 Florus,
3453 4549 3477 4581 σι
3518 4529 3719 4584 Poenos

2108 4600 2243 4660 mari
2275 4600 2616 4675 repugnavit.
2651 4620 2674 4649 »
2711 4600 2834 4675 Bia.

2117 4727 2120 4729 Α
2179 4677 2294 4750 (52)
2332 4669 2516 4732 (Iacto.
2549 4669 2899 4750 Cactust‘olio
2928 4669 3150 4750 spinoso
3188 4670 3514 4750 describitur
3541 4671 3716 4750 aAPli-

2107 4741 2198 4804 nio
2227 4741 2320 4803 lib.
2352 4761 2474 4812 xxr,
2520 4759 2558 4807 ι,
2581 4759 2698 4812 cap.
2735 4745 2821 4807 16,
2871 4752 2924 4795 et
2965 4741 3240 4796 veteribus
3281 4741 3512 4812 Glossis,
3538 4811 3544 4812 γ
3569 4743 3715 4797 Cae-

2110 4825 2258 4886 tum,
2298 4818 2501 4876 ἀκάνθας
2531 4811 2680 4875 εἴδοξ.
2708 4812 3029 4886 Hesychius,
3058 4813 3244 4886 Kdttro;
3285 4811 3508 4886 ἄκανραί
3531 4811 3609 4886 ὕφ’
3659 4814 3717 4880 ἢς

2475 4872 2655 4958 ὖεϐειὸξ
2708 4872 2883 4958 ἀχρὲία
2937 4872 3042 4958 ἔχεἰ
3097 4883 3158 4936 τὰ
3206 4872 3330 4938 ὄ-στᾶ
3391 4872 3487 4945 εἶς’
3524 4872 3714 4943 αὗλουξξ

402 4974 435 5048 a
483 4973 592 5040 quo
641 4959 989 5048 Assyriorum
1024 4960 1318 5048 repetenda
1366 4958 1546 5048 origo,
1584 4963 1827 5048 diximus
1872 4959 1999 5014 olim
2033 4971 2079 5048 ο
2115 4962 2242 5048 Βιςξε

2184 5033 2298 5101 (53)
2331 5030 2640 5089 Concultus
2661 5031 3016 5101 etiamwnus.
3040 5027 3367 5101 Concultum
3387 5026 3535 5093 dicit,
3569 5027 3715 5101 quod

2113 5099 2246 5176 alias
2275 5099 2615 5176 Simpliciter,
2648 5100 2894 5172 cultum;
2927 5107 2982 5154 et
3012 5103 3095 5156 est
3122 5099 3455 5158 contrarium
3489 5100 3711 5156 inculto.

2113 5175 2240 5232 Βία.

2191 5247 2315 5324 654)
2359 5247 2540 5324 θείμεν
2575 5243 3142 5324 Αἰεξηοὶροφηιξιᾳθη.
3191 5243 3448 5324 Pomaria
3497 5241 3712 5324 Alcinoi

2113 5317 2256 5390 regis
2292 5315 2357 5373 in
2403 5315 2637 5388 Corcyra
2664 5315 2865 5390 insula
2922 5318 3346 5390 celebrantnr__a
3376 5315 3581 5390 Plinio,
3616 5315 3709 5371 lib.

2114 5385 2241 5456 xix,
2273 5405 2392 5462 cap.
2429 5392 2482 5444 4.
2515 5385 2758 5462 Meminit
2778 5388 2936 5462 etiam
2972 5390 3258 5462 Homerus,
3284 5386 3358 5440 lib
3392 5399 3473 5462 vit
3507 5385 3712 5458 Odyss,

2115 5464 2274 5588 gujus
2328 5455 2493 5520 verba
2544 5461 2778 5518 citantur
2817 5476 2850 5516 a
2902 5460 3114 5518 Iustino
3169 5466 3328 5514 mart.
3393 5455 3532 5512 Adv.
3583 5455 3708 5530 gen.

2161 5548 2258 5588 an.

2161 5548 2258 5590 ΛΠ.
