4062 6178
408 322 534 383 1091

1042 378 1067 391 ,
1119 317 1559 381 TERTULLIANI
1588 318 1855 379 OPERUM
1896 318 2061 379 PARS
2094 319 2157 377 ll.
2189 350 2260 363 —
2302 319 2529 381 SERIES
2560 322 2625 394 ll,
2668 320 2987 382 MORALIA.

3565 321 3704 383 1092

405 448 692 510 cataclistis
721 447 771 487 39
808 447 962 520 (55);
1005 446 1114 503 imo
1142 447 1289 503 omni
1335 446 1612 519 conchylio
1666 447 1907 517 pressior
1950 446 2001 485 ἰο
2031 463 2077 543 Α
2109 445 2385 503 audaciam
2419 455 2471 502 et
2502 447 2767 503 Graeciam
2796 449 2845 485 ’δίε
2872 445 3108 503 nominis
3154 446 3299 518 (63);
3341 445 3547 518 quippe
3606 464 3711 504 nec

406 544 537 612 (56),
556 555 663 613 qua
682 538 818 597 colla
844 537 1039 594 ﬂorent
1058 538 1263 610 (5'7);et
1291 537 1435 594 omni
1458 536 1680 609 patagio
1713 534 1828 607 (58)
1849 536 2002 590 inau-

406 630 591 702 ratior,
622 643 724 702 qua
786 637 935 702 terga
986 626 1195 698 fulgent
1228 644 1243 698 ;
1282 636 1337 683 et
1372 627 1521 682 omni
1576 633 1817 699 syrmate
1855 624 2002 681 solu-

406 719 509 778 tior
539 718 673 790 (59),
703 733 809 791 qua
836 716 1020 773 caudae
1045 716 1254 785 jacent;
1291 715 1617 783 multicolor,
1650 722 1705 769 et
1747 714 2000 778 discolor,

406 817 459 864 et
501 806 828 874 versicolor;
861 820 1136 876 nunquam
1194 803 1330 875 ipsa,
1392 819 1608 873 semper
1654 801 1801 873 alia;
1860 810 1912 858 et
1956 802 2002 857 si

405 912 622 967 semper
648 898 767 965 ipsa
813 895 1029 966 quando
1066 893 1188 959 alia,
1239 894 1395 947 toties
1441 892 1676 966 denique
1721 892 1997 957 mutanda,

408 984 617 1058 quoties
648 983 933 1041 movenda.
965 980 1343 1037 Nominandus
1389 989 1471 1035 est
1498 989 1553 1036 et
1600 996 1842 1052 serpens,
1876 981 2004 1036 licet

409 1090 553 1147 pone
594 1087 831 1146 pavum:
864 1088 987 1127 nam
1025 1080 1080 1126 et
1126 1069 1227 1125 iste
1273 1070 1416 1141 quod
1463 1070 1684 1125 sortitus
1737 1067 1824 1125 est
1865 1085 2001 1125 con-

409 1162 591 1230 vertit,
624 1162 832 1219 corium
888 1168 941 1214 et
978 1176 1175 1214 aevum.
1204 1156 1486 1230 Siquidem
1516 1167 1572 1213 ut
1614 1159 1822 1213 senium
1875 1172 2003 1228 per-

416 1252 605 1322 sensit,
626 1252 682 1307 in
715 1248 990 1322 angustias
1036 1246 1081 1286 ¹ι¹
1130 1247 1292 1318 stipat
1329 1247 1463 1318 (60),
1508 1247 1814 1318 pariterque
1870 1263 2002 1317 spe-

410 1359 531 1400 cum
562 1341 897 1413 ingrediens,
939 1340 1006 1394 ab
1046 1334 1269 1392 1037
1300 1336 1420 1407 ipso
1447 1336 1629 1392 statim
1665 1336 1848 1391 limine
1886 1351 2002 1392 era-

411 1447 525 1499 sus,
557 1428 767 1485 exuviis
798 1427 1000 1482 ibidem
1030 1426 1229 1482 relictis
1265 1440 1440 1481 novus
1488 1424 1719 1496 explicat
1745 1425 1834 1479 *2:
1880 1440 2002 1480 cum

410 1517 648 1589 squamis
687 1525 742 1572 et
771 1514 895 1570 anni
940 1524 1254 1571 recusantur
1277 1514 1327 1553 43
1370 1513 1503 1583 (61).
1544 1513 1766 1583 Hyaena,
1814 1512 1860 1567 si
1897 1514 2002 1570 ob-

412 1622 616 1672 serves,
648 1620 812 1661 sexus
840 1604 1051 1659 annalis
1080 1612 1194 1673 est;
1228 1619 1430 1658 marem
1463 1609 1516 1657 et
1556 1601 1810 1656 feminam
1840 1601 2003 1656 alter-

411 1705 519 1753 nat.
552 1697 727 1753 Taceo
754 1711 991 1760 cervum,
1023 1695 1167 1766 quod
1197 1702 1253 1750 et
1280 1693 1399 1764 ipse
1430 1691 1601 1748 aetatis
1630 1708 1743 1747 suae
1781 1691 1999 1759 arbiter,

410 1793 659 1856 serpente
706 1791 915 1855 pastus,
950 1798 1160 1838 veneno
1209 1783 1501 1852 languescit
1543 1782 1599 1837 in
1644 1782 2001 1852 juventutem-

411 1875 506 1929 Est
560 1882 615 1929 et
670 1872 1003 1943 quadrupes,
1059 1870 1384 1944 tardigrada,
1441 1871 1692 1945 agrestis,
1761 1871 2019 1939 humilis,’

411 1978 639 2033 aspera;
674 1958 1001 2016 testudinem
1057 1959 1408 2029 pacuvianam
1456 1959 1662 2029 putas?
1717 1974 1827 2015 non
1890 1967 2003 2016 est:

411 2050 551 2121 capit
579 2056 635 2104 et
679 2047 798 2103 aliis
840 2047 956 2121 (62)
1014 2047 1243 2104 bestiola
1289 2047 1631 2114 versiculum,
1677 2047 1744 2104 de
1782 2049 2001 2106 medio-

412 2140 592 2197 cribus
622 2137 845 2210 oppido,
876 2138 974 2192 sed
1028 2153 1228 2194 nomen
1283 2137 1489 2211 grande
1522 2156 1534 2203 ;
1561 2138 2002 2194 chamaeleontem

411 2231 504 2302 qui
560 2226 818 2294 audieris,
855 2227 997 2283 haud
1060 2242 1183 2284 ante
1229 2243 1451 2299 gnarus,
1486 2227 1601 2295 jam
1658 2226 1873 2283 timebis
1914 2228 2009 2282 ali-

413 2315 543 2387 quid
583 2314 813 2388 amplius
841 2331 965 2371 cum
1011 2315 1193 2381 leone,
1228 2321 1281 2369 at
1328 2330 1448 2371 cum
1505 2313 1805 2370 offenderis
1859 2318 2004 2388 apud

412 2403 629 2461 vineam
686 2402 855 2459 ferme
892 2402 989 2457 sub
1046 2405 1298 2475 pampino
1348 2409 1538 2471 totum,
1598 2402 1801 2458 ridebis
1858 2404 2005 2462 illico

2109 552 2304 593 succus
2358 544 2438 592 est
2484 537 2718 608 corpori,
2769 551 2877 608 quo
2934 535 3315 591 minutioribus
3388 536 3561 591 multo
3636 538 3708 591 li-

2110 630 2240 695 quet
2268 626 2319 663 4⁵
2367 627 2504 697 (64).
2536 626 2881 681 Chamaeleon
2926 624 2995 693 ίιδ,
3028 623 3296 695 pellicula,
3355 622 3489 683 vivit
3541 626 3707 697 (65):

2109 713 2406 783 capitulum
2463 715 2644 769 statim
2703 731 2732 768 a
2788 714 2970 779 dorso,
3031 728 3157 768 nam
3223 712 3404 769 deficit
3471 714 3707 782 cervix;

2109 801 2291 874 itaque
2348 803 2537 858 durum
2583 802 2800 868 reflecti,
2860 802 2957 858 sed
3014 801 3407 874 circumspectu
3459 802 3709 859 emissitii

2110 891 2286 960 ocelli,
2362 891 2470 947 imo
2527 892 2747 947 luminis
2810 900 3008 962 puncta
3089 890 3459 964 vertiginant:
3520 892 3710 959 hebes,

2109 982 2283 1039 fessus
2307 981 2393 1038 vix
2422 997 2455 1034 a
2488 989 2623 1038 terra
2661 981 2961 1052 suspendit,
2993 980 3220 1036 molitur
3266 981 3543 1037 incessum
3590 993 3712 1038 stu-

2110 1086 2243 1142 pens
2273 1077 2326 1125 et
2364 1077 2668 1141 promovet,
2701 1069 2932 1142 gradum
2963 1069 3144 1141 magis
3187 1070 3522 1126 demonstrat
3549 1086 3714 1143 quam

2111 1159 2358 1230 explicat,
2399 1161 2618 1230 jejunus
2663 1159 2870 1216 scilicet
2915 1175 3130 1230 semper
3185 1168 3239 1215 et
3285 1158 3589 1216 indefectus
3632 1161 3705 1228 4⁷,

2109 1248 2344 1305 oscitans
2371 1249 2626 1318 vescitur,
2660 1248 2910 1304 follicans
2938 1248 3053 1319 (66)
3085 1249 3339 1315 ruminat,
3376 1246 3598 1305 I038
3643 1249 3712 1307 de

2107 1345 2270 1395 vento
2300 1337 2472 1393 cibus.
2504 1339 2706 1394 Tamen
2754 1347 2806 1395 et
2857 1337 3191 1396 chammleon
3247 1345 3458 1395 mutare
3488 1346 3631 1396 totus
3662 1341 3712 1380 48

2111 1443 2211 1483 nec
2238 1425 2399 1492 alius,
2440 1426 2601 1483 valet.
2661 1427 2795 1482 Nam
2854 1443 2980 1483 cum
3034 1426 3109 1482 illi
3158 1425 3357 1483 coloris
3410 1429 3714 1500 proprietas

2110 1532 2214 1573 una
2251 1516 2338 1585 sit,
2369 1525 2426 1571 ut
2455 1516 2581 1588 quid
2630 1514 2879 1581 accessit,
2909 1515 3035 1572 inde
3065 1513 3420 1571 suffunditur.
3453 1517 3566 1572 Hoc
3609 1517 3714 1572 soli

2109 1604 2483 1661 chamaeleonti
2507 1604 2713 1669 datum,
2746 1603 2899 1676 quod
2930 1605 3099 1677 vulgo
3128 1603 3333 1659 dictum
3362 1613 3444 1659 est
3473 1603 3539 1659 de
3566 1604 3715 1661 corio

2112 1711 2211 1751 suo
2238 1695 2428 1750 ludere
2462 1695 2600 1765 (6'7).
2626 1694 2792 1750 Multa
2824 1694 3113 1751 dicendum
3161 1692 3284 1765 fuit,
3333 1701 3396 1749 ut
3424 1694 3491 1749 ad
3531 1694 3714 1750 homi-

2112 1800 2234 1841 nem
2280 1785 2643 1856 praestructim
2689 1786 3061 1856 perveniretur
3101 1785 3239 1855 (68).
3282 1782 3438 1839 Hunc
3492 1800 3713 1856 quoquo

2111 1872 2408 1945 primordio
2464 1872 2732 1945 accipitis,
2778 1873 2959 1929 nudus
2995 1884 3138 1929 certe
3185 1881 3244 1928 et
3289 1872 3513 1929 investis
3544 1873 3711 1945 ﬁgulo

2112 1978 2212 2019 suo
2257 1961 2538 2031 constitit;
2580 1969 2703 2032 post
2758 1962 2980 2018 demum
3024 1961 3365 2034 sapientiam,
3394 1963 3539 2019 haud
3583 1964 3712 2018 dum

2113 2052 2313 2109 licitum
2343 2052 2454 2124 (69)
2513 2058 2857 2125 praereptam,
2906 2053 3136 2123 potitur.
3194 2051 3402 2108 Ibidem
3457 2053 3604 2123 quod
3659 2051 3714 2107 in

2113 2155 2254 2196 novo
2293 2155 2520 2211 corpore
2549 2138 2847 2194 indebitum
2876 2140 3049 2196 adhuc
3093 2137 3292 2209 pudori
3346 2146 3482 2212 erat,
3527 2148 3712 2210 prote-

2113 2243 2245 2299 gere
2274 2226 2553 2293 festinans,
2591 2226 2646 2281 in
2673 2225 2923 2283 ﬁculneis
2954 2226 3098 2283 foliis
3137 2226 3352 2283 interim
3381 2227 3711 2284 circumdat:

2110 2316 2307 2373 dehinc
2334 2333 2458 2373 cum
2488 2317 2557 2374 de
2584 2315 2817 2390 originis
2865 2316 2991 2374 loco
3032 2320 3360 2373 exterminat
3383 2315 3517 2389 (70),
3554 2317 3713 2389 pelli-

2114 2416 2199 2463 tus
2226 2406 2346 2463 orbi
2365 2416 2422 2464 ut
2449 2407 2668 2465 metallo
2702 2408 2818 2480 (71)
2851 2406 3027 2463 datur.
3069 2405 3175 2463 Sed
3225 2422 3418 2463 arcana
3466 2408 3567 2463 ista
3613 2423 3716 2463 nec

1780 2503 1969 2568 Variae
2027 2510 2336 2572 lectiones.

484 2607 845 2689 3?.Cataclitis
872 2607 1316 2689 Fran..Le0p.‘f-°
1352 2607 1677 2689 Depressior
1743 2612 1915 2667 Fran.
1965 2612 2012 2650 41
2060 2617 2304 2689 Angusta
2367 2628 2427 2669 se
2465 2615 2659 2689 Iron.
2692 2614 3059 2689 angustiasse
3119 2614 3270 2685 Leop.
3326 2612 3375 2650 ¹ι²
3421 2612 3606 2689 Novus
3638 2629 3706 2689 se

415 2680 645 2755 eXplicat
698 2683 857 2755 Leop.
920 2680 1098 2735 nomis
1142 2679 1592 2755 explicat_Sem_l.
1619 2697 1851 2755 gnavum
1899 2698 1957 2739 se
2003 2679 2237 2755 eXplicat
2266 2688 2426 2741 Pam.
2458 2686 2508 2724 ’⁸³
2544 2679 2903 2743 Βεουτεδῖιιατ
2940 2686 3016 2743 al.
3079 2679 3386 2741 recurantur
3424 2685 3501 2740 al.
3550 2685 3600 2721 εει
3638 2684 3709 2740 Et

417 2750 597 2834 graeci
622 2750 946 2834 (ξω-Πήρη.
986 2750 1291 2834 egre‘gia‘nL
1309 2751 1485 2807 Salm.
1516 2752 1568 2790 ’⁸⁵

414 2826 600 2882 Paris.
632 2824 682 2862 4⁸
725 2824 913 2891 Totus,
951 2822 1050 2879 net".
1079 2822 1221 2877 aliud
1243 2825 1418 2879 Fran.

1607 2751 1714 2822 Qui
1744 2751 2122 2812 minutioribus
2150 2757 2321 2813 multo
2349 2757 2470 2815 licet
2497 2761 2669 2816 Fran.
2701 2758 2752 2798 ⁴⁶
2779 2756 2836 2813 Si
2866 2759 3069 2816 inserit
3097 2757 3276 2814 Salm.
3314 2756 3361 2795 ἰτ
3399 2755 3715 2813 Indeiessus

1798 2896 2296 2965 Commentarios.

489 3002 602 3076 (55)
642 3004 807 3077 Vestis
835 3003 927 3077 de;
945 3002 1393 3077 cataclistis._De
1419 3003 1668 3077 pretiosis
1697 3019 1759 3060 ac
1788 3004 2019 3077 diligen-

418 3073 526 3130 tius
554 3073 860 3129 asservatis.
896 3074 986 3129 Sic
1014 3075 1245 3144 Apuleio
1293 3075 1388 3131 lib.
1420 3073 1517 3131 iu:
1556 3097 1579 3127 tt
1612 3076 1826 3132 Chorus
1865 3073 2014 3133 veste

417 3148 578 3202 nivea
609 3154 663 3200 et
687 3145 963 3218 cataclista
1002 3146 1335 3214 praenitens;
1376 3167 1402 3199 η
1434 3158 1487 3203 et
1514 3148 1674 3202 Sexto
1704 3147 1976 3218 Empirico
2004 3166 2017 3204 :

415 3218 579 3300 ΤΙίεέιον
619 3216 1097 3300 adiunxero-10v.
1129 3219 1773 3300 Hesych.Ka1-_dxlemot,
1809 3216 1869 3273 ’ἐν
1924 3222 2019 3274 Κο-

416 3286 559 3361 ρίηίθῳ
617 3286 807 3365 ἓταῖρᾳηι
840 3286 1380 3365 rt_ve;,_quze_scilicet
1422 3290 1587 3365 vulgo
1646 3292 1866 3347 minime
1917 3308 2017 3365 pa-

419 3359 621 3432 rerent,
652 3359 829 3433 qualis
856 3359 948 3415 illa
975 3359 1185 3429 Catulli,

572 3511 835 3562 Servanda
863 3510 1019 3575 nigris
1049 3511 1341 3576 diligentius
1373 3513 1507 3564 uvis.
1530 3512 1646 3564 Rm.

488 3630 603 3707 (56)
650 3627 816 3683 Omni
870 3625 1160 3706 conchylio
1207 3628 1475 3707 pressior.
1533 3627 1727 3707 Pressa
1782 3643 2019 3707 purpura

420 3697 637 3761 dicitur,
671 3712 790 3767 quae
820 3697 1011 3765 purius
1039 3706 1089 3749 et
1127 3697 1393 3753 meracius
1442 3700 1597 3753 lucet.
1639 3697 1852 3753 Etenim
1900 3700 2019 3754 laus

417 3770 469 3826 ei
497 3782 705 3823 summa
734 3767 899 3841 color
915 3767 1195 3837 sanguinis
1238 3769 1413 3839 pressi
1460 3777 1513 3841 et
1534 3769 1815 3841 (concreti,
1841 3772 2016 3841 nigri-

417 3844 817 3965 gzgnsﬂaspectu,
852 3837 1098 3908 idemque
1127 3837 1379 3910 suspectu
1410 3840 1701 3913 refulgens.
1744 3837 2015 3907 Plinflx,

497 3952 509 3965 .
592 3923 666 3963 ιϐ.
1404 3960 1407 3965 .

420 3916 509 3967 38.
544 3916 666 3965 Itis.
1404 3960 1407 3965 .

491 3980 603 4054 (5'1)
644 3980 765 4054 Qua
805 3977 952 4054 οοζζα
984 3979 1213 4054 ﬂorent.
1247 3979 1486 4054 Florere,
1518 3982 1585 4054 de
1617 3998 1856 4054 purpura
1883 3981 2017 4039 dici-

420 4049 523 4109 tur.
558 4049 679 4124 Ipse
711 4049 933 4107 Tertull.
968 4052 1116 4124 Jibro
1157 4050 1223 4107 de
1244 4051 1382 4124 [ἀοι.
1415 4073 1432 4109 :
1470 4049 1492 4106 in
1526 4049 1807 4124 Qualis'de
1833 4058 2019 4111 hume-

421 4124 497 4180 ris
525 4123 645 4193 ejus
683 4138 923 4192 purpura
958 4121 1197 4180 ﬂoreret.
1239 4144 1261 4173 υ
1296 4123 1426 4183 Βία.

490 4196 604 4274 (58)
732 4194 912 4274 “omni
939 4196 1206 4274 ‘patagio.
1252 4195 1558 4274 Patagium,
1608 4198 1753 4255 unde
1794 4198 2014 4274 patagia

418 4264 605 4336 vetitis,
633 4266 767 4322 nihil
810 4264 972 4344 aliud
999 4264 1267 4344 estquam
1311 4264 1743 4344 claVusaureus,
1794 4264 1887 4340 qui
1924 4264 2012 4344 ‘ad

419 4352 683 4415 summam
725 4337 955 4415 tunicam
1002 4337 1324 4415 assuehatur
1348 4356 1367 4415 _:
1419 4342 1613 4415 v_ul_go_
1642 4337 2014 4415 ing'matronis

419 4410 693 4481 patagium
725 4408 1019 4474 dicebatur,
1053 4418 1106 4464 et
1135 4411 1317 4465 clavus
1344 4411 1397 4465 in
1418 4408 1567 4467 viris.
1592 4413 1671 4469 LE
1699 4413 1796 4469 Pn.

490 4480 795 4556 (59)__0mni
823 4485 1071 4556 syrmate
1094 4484 1356 4539 solutior.
1397 4483 1625 4556 Tragica
1652 4485 1849 4556 vestis;
1886 4482 2010 4540 inde

420 4559 475 4625 et
505 4551 756 4625 mulieres
794 4551 1016 4625 tragica:
1043 4568 1257 4625 quoque
1298 4551 1658 4610 induebamur
1695 4554 1910 4610 solutim
1956 4565 2010 4612 et

420 4570 475 4608 et
505 4570 756 4606 muneres
794 4570 877 4605 tra
920 4570 1016 4608 icae
1043 4570 1257 4625 quoque
1298 4570 1658 4610 mouebantur
1695 4570 1910 4610 sonuum
1956 4570 2007 4612 et

418 4623 603 4698 laxim.
634 4622 764 4678 Lac.
792 4570 971 4698 fita
1000 4623 1330 4681 vocabantur
1354 4640 1389 4698 a
1425 4626 1591 4682 verbo
1628 4626 1818 4683 Graeco
1857 4626 2007 4698 σύρω.

419 4695 606 4822 (tiniaEa
635 4705 789 4769 tergo
816 4694 1019 4751 ﬂuebat
1045 4703 1100 4751 et
1124 4711 1268 4768 pone
1298 4696 1437 4753 talos
1476 4698 1622 4753 humi
1652 4694 2008 4773 protraheba-

446 4784 525 4821 ur.
601 4782 692 4822 nn.

419 4776 525 4823 tur.
556 4776 692 4825 Enn.

489 4838 603 4917 φο)
635 4841 698 4917 ἔτι
727 4838 1017 4917 aflgustias
1055 4839 1251 4911 stipat.
1285 4840 1426 4917 Ipse,
1459 4839 1551 4899 lib.
1584 4842 1657 4917 ad
1692 4843 2007 4917 Martyras:

424 4930 445 4961 κ
483 4910 725 4980 Regulus
755 4910 817 4963 in
850 4924 987 4983 arca)
1031 4910 1202 4981 genus
1250 4910 1493 4983 stipatus.
1537 4937 1558 4964 υ
1595 4916 1716 4970 RIG.

491 4981 1248 5063 (61.)Et_anni.recusant.ur.
1274 4981 1728 5063 Derelinquuutur
1748 5003 1856 5063 una
1885 5005 2009 5045 cum

418 5051 647 5109 exuviis.
678 5053 835 5108 Modo
865 5051 1063 5107 lectum
1093 5054 1189 5111 fuit
1217 5058 1489 5132 explicat,
1506 5051 1620 5131 'pro
1659 5059 2005 5186 exﬁlicatur.

1778 5145 1871 5186 nn.

1778 5145 1871 5187 DD.

488 5197 599 5268 (62)
640 5194 922 5270 Aliis.Pro
956 5197 1077 5266 alia,
1100 5209 1414 5270 usurpatum
1442 5201 1601 5258 etiam
1630 5194 1860 5259 Catullo.
1882 5203 2008 5259 Pus.

489 5269 604 5345 (63)
624 5269 940 5345 Audaciam
970 5276 1023 5328 et
1057 5269 1332 5345 Graeciam
1361 5275 1634 5331 nominis.
1674 5273 1816 5341 Quid
1847 5290 2011 5345 supra

416 5344 718 5417 audaciam,
741 5341 843 5417 nisi
871 5342 1257 5417 impudentiam
1274 5346 1523 5417 illaque,
1546 5346 1780 5417 utetiam
1810 5341 2011 5417 aliquid

419 5430 586 5493 supra
610 5414 1001 5493 impudentiam
1028 5415 1249 5482 diceret,
1266 5414 1394 5471 dicit
1422 5414 1702 5476 Graeciam.
1723 5414 2008 5493 Vulgatum

420 5496 504 5544 est
533 5486 662 5543 illud
692 5486 977 5561 Martialis;

607 5584 700 5637 Sed
725 5585 900 5649 Graeci,
926 5584 1110 5652 quibus
1133 5594 1211 5640 est
1231 5586 1361 5641 nihil
1393 5594 1649 5654 negatum.

2044 4231 2090 4309 n
2120 4231 2407 4321 quemdam
2450 4231 2586 4321 nisi
2614 4231 3193 4321 ωίιίσεέμίςαιμαω,
3250 4231 3309 4302 υἷι
3362 4246 3432 4303 de

2051 3023 2094 3102 ο
2124 3008 2197 3063 Et
2221 3007 2532 3102 Iuvenalis:

2279 3095 2341 3146 Et
2374 3095 2628 3160 quidquid
2662 3094 2851 3160 Graecia
2884 3094 3101 3146 mendax

2278 3158 2443 3209 Audet
2465 3158 2537 3208 in“
2548 3160 2778 3208 historia.
2816 3158 2933 3209 Βία.

2192 3278 2275 3332 -χ
2297 3249 2570 3306 Graeciam
2600 3248 2868 3308 nominis.
2907 3245 2997 3304 Sic
3026 3245 3219 3319 legitur
3244 3244 3301 3303 in
3329 3245 3512 3303 codice
3540 3245 3725 3306 Divio-

2126 3336 2298 3378 nenst.

2197 3391 2309 3473 (64)
2344 3392 2457 3473 Quo
2486 3389 2887 3473 minutioribus
2913 3390 3096 3473 ninth
3137 3389 3334 3473 liquet.
3387 3388 3476 3447 Sic
3519 3390 3723 3473 habent

2126 3462 2249 3519 libri
2276 3462 2509 3535 veteres,
2541 3462 2645 3535 nisi
2669 3462 2813 3535 quod
2860 3462 3119 3535 scribunt,
3156 3462 3322 3535 licet,
3358 3476 3460 3533 pro
3508 3462 3716 3535 (liquet,

2124 3551 2225 3591 nec
2251 3534 2413 3614 video
2440 3549 2537 3614 cur
2568 3532 2715 3614 aliud
2742 3533 2939 3614 mutari
2969 3534 3264 3614 quidquam
3291 3532 3717 3614 debueritfl‘lon

2126 3616 2228 3675 est,
2255 3606 2451 3677 inquit,
2485 3604 2889 3677 chamaeleontis
2916 3604 3134 3675 corpori
3166 3619 3501 3677 succus,quo
3533 3605 3714 3660 minu-

2130 3675 2359 3748 tioribus
2402 3678 2571 3731 multo
2600 3675 2815 3748 insectis
2868 3677 3143 3748 plerisque
3190 3676 3399 3746 liquet:
3462 3677 3583 3748 hoc
3612 3685 3716 3745 est,

2129 3749 2285 3817 cujus
2331 3747 2543 3816 liquore
2591 3747 2883 3818 minutiora
2927 3747 3094 3803 multo
3151 3762 3260 3818 non
3287 3753 3489 3818 carent.
3530 3747 3719 3818 Liquet

2127 3834 2311 3894 succo,
2345 3817 2786 3894 impersonaliter
2821 3818 3038 3888 dicitur,
3070 3824 3130 3872 ut
3156 3817 3211 3873 in
3242 3817 3522 3894 prodigiis,
3576 3817 3718 3890 pluit

2124 3891 2278 3957 lacte,
2296 3889 2591 3963 sanguine,
2619 3897 2722 3946 etc.
2753 3890 2880 3946 Rto.

2196 3962 2313 4034 (65)
2348 3959 2721 4034 Cliamteleon,
2771 3962 3047 4034 pellicula
3089 3962 3251 4034 vivit.
3293 3959 3408 4018 Etsi
3463 3960 3596 4017 nihil
3648 3961 3720 4017 sit

2124 4032 2272 4106 aliud
2291 4032 2462 4106 quam
2483 4032 2971 4106 _pellicula,’tamen
3001 4032 3151 4106 vivit.
3185 4033 3315 4106 Bis.

2195 4103 2648 4177 (66)‘Eollicans.
2672 4105 2732 4159 In
2762 4104 2979 4177 modum
3010 4103 3572 4177 follisinflatusthG.

2195 4175 2314 4260 (67)
2342 4176 2418 4235 De
2444 4178 2594 4260 corio
2621 4193 2721 4260 suo
2743 4176 2986 4260 fudere;
3016 4175 3302 4260 Martialis,
3318 4175 3395 4260 in.
3410 4176 3717 4260 Cerdonem

3525 4264 3720 4305 8011013.

2122 4265 2405 4321 quemdam
2458 4265 2565 4304 tam
2614 4265 2899 4304 ambitiose
2961 4265 3193 4313 tatuum,
3250 4265 3309 4302 ut
3362 4265 3432 4303 ae
3486 4265 3715 4319 pecunia

2122 4319 2416 4377 sarciendis
2446 4318 2673 4392 pellibus
2723 4320 2953 4391 quaesita
3002 4318 3325 4392 gladiatores
3367 4321 3574 4391 populo
3610 4319 3715 4375 da-

2120 4399 2202 4449 ret
2232 4410 2244 4446 :

2214 4488 2395 4553 Ebrius
2426 4502 2500 4549 es,
2527 4502 2619 4539 nec
2652 4487 3012 4553 enimfaceres
3026 4486 3348 4553 _id_sobrius
3374 4500 3619 4553 unquam,

2338 4550 2399 4602 Ut
2427 4552 2584 4603 velles
2624 4551 2758 4602 corio
2800 4551 2991 4611 ludere,
3016 4549 3192 4610 Cerdo,
3224 4558 3327 4602 tuo.
3377 4549 3491 4601 R16.

2192 4644 2307 4715 (68)
2345 4645 2409 4700 Ut
2441 4642 2513 4699 ad
2550 4643 2836 4715 hominem
2876 4642 3267 4715 prastructim
3296 4643 3712 4715 perveniretur.

2119 4713 2492 4771 Przestruenda
2538 4714 2687 4770 fuere
2719 4713 2906 4779 multa,
2966 4721 3027 4769 ut
3078 4714 3144 4767 ad
3199 4713 3475 4768 hominem
3513 4730 3713 4783 perve-

2117 4785 2343 4841 niretur.
2377 4786 2499 4841 Rm.
2530 4815 2602 4827 ——
2632 4787 2810 4843 Multa
2846 4784 3144 4843 dicendum
3170 4786 3307 4856 fuit.
3339 4786 3435 4841 Est
3480 4785 3718 4842 Graecis-

2117 4874 2259 4924 mus,
2289 4856 2403 4913 sive
2434 4856 2658 4914 imitatio
2690 4859 2873 4912 formae
2924 4857 2979 4911 in
3035 4857 3341 4913 verbalibus
3393 4876 3519 4924 τεος,
3552 4876 3604 4923 α,
3640 4877 3712 4912 ον.

2117 4927 2409 5004 adhibitae:
2442 4945 2495 4984 v.
2529 4944 2585 5004 ς.
2624 4928 2781 5004 πολλὰ
2820 4928 3058 5004 πρᾴκτεόγ
3106 4926 3206 4980 ἐστι
3238 4969 3252 4997 ,
3296 4927 3352 5004 id
3390 4938 3493 4995 est,
3522 4930 3716 5004 multa

2114 5001 2333 5127 agtenga
2359 5006 2520 5069 sunt,
2540 5001 2613 5057 de
2641 5003 2811 5058 verbo
2852 5002 2922 5056 ad
2951 5002 3197 5067 verbum,
3226 5002 3410 5057 multa
3431 5001 3713 5073 agendum

2116 5090 2170 5127 es
2206 5114 2219 5127 .
2297 5088 2392 5127 nn.

2116 5077 2219 5132 est.
2252 5075 2392 5128 Enn.

2186 5147 2302 5215 (69)
2356 5145 2515 5201 Haud
2563 5143 2696 5202 dum
2756 5144 2998 5202 licitum.
3039 5144 3214 5200 Adam
3258 5144 3435 5215 enim,
3474 5144 3713 5200 fructum

2117 5214 2339 5290 vetitum
2364 5224 2582 5290 gustare
2607 5217 2860 5290 volendo,
2904 5216 3248 5290 sapientiam,
3280 5231 3389 5285 qua
3411 5214 3539 5290 ipsi
3572 5232 3715 5272 non-

2115 5292 2249 5347 dum
2276 5287 2476 5361 licitum
2504 5294 2617 5344 erat
2640 5288 2824 5361 potiri,
2848 5289 3133 5361 praeripere
3171 5287 3467 5361 attentavit.
3499 5288 3640 5361 Enn.

2189 5359 2303 5444 (‘70)
2323 5358 2715 5444 Enterminat.
2751 5360 2811 5414 Id
2850 5358 2956 5444 est,
2988 5358 3396 5444 exterminatur,
3426 5358 3715 5432 expellitur

2117 5433 2184 5496 de
2200 5431 2435 5503 originis
2469 5434 2605 5498 loco,
2637 5447 2833 5503 nempe
2861 5433 2929 5486 de
2957 5431 3233 5502 paradiso.
3270 5432 3410 5487 Enn.

2189 5503 2307 5579 (71)
2339 5506 2468 5579 Orbi
2494 5509 2560 5579 ut
2580 5506 2832 5579 metallo.
2863 5504 2932 5560 Ut
2959 5518 3149 5561 servus
3177 5503 3246 5559 ad
3292 5503 3623 5579 metallaLita
3648 5504 3719 5561 ad

2117 5576 2300 5654 spinas
2325 5588 2380 5637 et
2407 5578 2633 5638 tribulos
2660 5578 2946 5635 damnatus
2979 5586 3063 5634 est
3090 5583 3471 5649 protOparens.
3501 5576 3642 5633 Enn.
