4062 6178
461 318 593 378 1095

1185 312 1625 376 ΤΕΒῚἫΙᾸΛΑΝΙ
1657 314 1923 375 UPERUM
1955 313 2049 374 PA]

2163 314 2215 371 ll.
2248 343 2319 356 —
2347 313 2573 374 SERIES
2602 314 2666 383 Il,
2700 312 3019 373 MORALIA.

3611 313 3749 374 1096

451 440 714 498 Numidas
767 441 904 513 (85),
933 438 1093 497 etiam
1150 440 1309 511 equis
1364 441 1672 498 caasariatos
1710 442 1847 511 (86),
1894 443 2049 511 juxta
2075 454 2122 532 Α
2153 440 2299 494 enim
2340 438 2798 495 reddiditsexum.
2832 440 2911 494 De
2942 438 3129 532 praelio
3159 445 3432 532 sonuerat,
3453 452 3561 532 nec
3590 453 3749 494 arma

450 540 626 587 cutem
655 539 860 597 tonsor,
893 541 947 586 et
993 530 1154 587 cultri
1182 538 1364 588 vertex
1395 530 1542 586 solus
1587 530 1843 585 immunis
1888 531 2041 598 (87)?

451 615 604 671 Unde
634 616 777 686 apud
831 617 1000 674 hirtos
1048 625 1104 671 et
1156 616 1412 685 hirsutos,
1474 627 1576 673 tam
1637 634 1799 690 rapax
1854 634 1888 672 a
1924 621 2042 673 culo

450 703 628 767 resina
658 704 795 776 (88),
839 714 942 760 tam
970 705 1123 761 furax
1161 722 1192 759 a
1222 716 1405 762 mento
1443 708 1665 764 volsella
1697 708 1810 777 (89)
1840 708 1867 762 ‘I
1908 707 2038 761 Pro-

449 796 659 871 digium
689 805 768 852 est
808 798 924 852 haec
953 797 1069 852 sine
1098 798 1260 868 pallio
1290 798 1429 853 ﬁeri.
1462 799 1610 853 Illius
1652 808 1735 855 est
1783 800 1895 853 haec
1936 806 2042 853 tota

448 900 539 939 res
570 883 737 938 Asia).
778 883 917 951 Quid
960 884 1058 938 tibi
1086 884 1257 955 Libya
1288 894 1339 941 et
1358 886 1571 954 Europa
1601 903 1719 941 eum
1749 886 1973 957 xistycis
1994 885 2037 922 δι

452 973 729 1027 munditiis
789 976 926 1043 (90),
972 990 1104 1045 quas
1161 975 1356 1030 vestire
1412 991 1521 1031 non
1598 976 1785 1031 nosti?
1838 976 2045 1031 Revera

449 1063 596 1117 enim
644 1062 805 1133 quale
866 1072 950 1118 est
996 1064 1284 1119 Graecatim
1323 1064 1549 1134 depilari
1600 1066 1647 1101 02
1678 1066 1849 1136 magis
1882 1082 2043 1136 quam

452 1151 697 1207 amiciri?

1074 1291 1304 1348 CAPUT
1334 1292 1426 1347 IV.

528 1415 782 1472 Habitum
875 1416 1161 1473 transferre
1249 1418 1363 1487 (9t)
1440 1417 1513 1471 ita
1576 1416 1793 1473 demum
1875 1415 2047 1488 culpa:

454 1518 623 1575 prope
652 1506 702 1541 53
730 1514 832 1571 est,
882 1505 927 1559 si
988 1521 1098 1560 non
1135 1506 1484 1571 consuetudo,
1536 1506 1627 1560 sed
1676 1512 1863 1559 natura
1918 1521 2045 1560 mu-

2147 542 2328 600 tonge.
2361 530 2561 600 Ipsum,
2594 528 2787 599 inquit,
2822 527 3023 584 ferrum
3048 527 3223 583 virum
3268 526 3510 582 attrahit.
3556 528 3747 583 Caete-

2149 635 2268 671 rum
2297 618 2341 672 si
2365 626 2486 687 post
2514 616 2839 674 incentivum
2873 632 3087 687 quoque
3116 615 3353 687 puellam
3392 632 3744 687 perseveras-

2149 714 2249 771 set,
2284 706 2454 775 potuit
2484 715 2537 761 et
2556 708 2781 761 nubere.
2807 707 2946 762 Ecce
2970 709 3148 776 itaque
3173 705 3420 773 mutatio,
3446 714 3743 761 monstrum

2149 795 2397 866 equidem
2430 794 2719 867 geminum,
2754 795 2822 849 de
2862 796 2979 851 viro
3016 795 3234 859 femina,
3266 808 3392 849 mox
3428 795 3497 849 de
3545 794 3747 852 femina

2149 884 2249 948 vir,
2282 883 2500 955 quando
2538 899 2711 953 neque
2757 883 2950 940 veritas
3000 881 3187 953 negari
3227 883 3519 948 debuisset,
3565 900 3743 955 neque

2151 971 2364 1027 fallacia
2404 970 2664 1026 confiteri.
2698 974 2935 1042 Uterque
2980 971 3193 1025 habitus
3236 971 3478 1025 mutandi
3509 972 3691 1027 malus
3727 992 3738 1025 :

2152 1061 2285 1116 alter
2342 1060 2601 1116 adversus
2638 1069 2903 1129 naturam,
2933 1058 3067 1115 alter
3095 1069 3281 1115 contra
3318 1061 3575 1116 salutem.
3604 1062 3743 1116 Tur-

2155 1149 2275 1221 pius
2312 1151 2488 1205 adhuc
2516 1149 2676 1205 libido
2712 1150 2879 1205 virum
2923 1150 3071 1205 cultu
3122 1147 3547 1220 transfiguravit,
3579 1167 3744 1221 quam

2153 1238 2331 1308 aliqua
2376 1245 2618 1293 materna
2658 1235 2911 1303 formido,
2963 1238 3174 1293 tametsi
3218 1222 3476 1291 adoretur
3504 1254 3536 1291 a
3595 1241 3752 1294 vobis

2152 1327 2243 1399 qui
2273 1327 2449 1398 potius
2488 1326 2894 1382 erubescendos
2940 1336 3043 1391 est,
3075 1325 3463 1398 scytalosagitti
3523 1325 3754 1399 pelliger

2152 1417 2264 1482 ille,
2303 1415 2395 1488 qui
2452 1418 2619 1477 totam~
2666 1415 2888 1485 epitheti
2933 1414 3018 1470 sui
3075 1425 3279 1470 sortem
3333 1430 3453 1469 cum
3503 1416 3755 1473 muliebri

2152 1503 2297 1559 cultu
2324 1503 2715 1573 compensavit.
2749 1505 2980 1559 Tantum
3009 1503 3190 1575 Lydiae
3208 1503 3541 1558 clanculiarze
3571 1504 3745 1573 licuit,

452 1601 617 1648 tetur.
647 1593 739 1648 Sat
793 1596 956 1648 refert
1000 1594 1140 1648 inter
1194 1594 1453 1650 honorem
1512 1592 1773 1663 temporis
1808 1600 1861 1648 et
1915 1594 2043 1647 reli-
2091 1625 2134 1702 Β
2163 1600 2221 1647 ut
2266 1590 2522 1648 Hercules
2560 1591 2615 1645 in
2661 1590 2944 1663 Omphale,
2993 1602 3047 1647 et
3101 1590 3369 1663 Omphale
3420 1590 3475 1646 in
3521 1592 3750 1649 Hercule

460 1681 665 1702 _:-_--__
756 1684 848 1702 ne.
908 1684 953 1702 ηι
1404 1681 1556 1702 mm-
1620 1681 1846 1702 ,ψη-ε
1915 1682 2027 1702 mm
2170 1680 2576 1702 c-_--..._-__-._-_
2625 1678 3046 1702 ttL:n:-.“-.l--
3097 1687 3143 1702 -.
3181 1690 3391 1702 --.η-η
3435 1678 3749 1702 έ-..η-μο

452 1681 691 1754 gionem.
755 1684 855 1739 Det
908 1684 957 1720 64
1008 1684 1345 1738 consuetudo
1404 1681 1562 1736 fidem
1620 1681 1849 1751 tempori
1914 1682 2054 1751 (92),

453 1776 643 1823 natura
670 1769 804 1826 Deo.
832 1770 1091 1824 Naturam
1120 1769 1299 1841 itaque
1334 1767 1541 1824 I04]
1568 1770 1841 1825 concussit
1860 1769 2050 1825 Laris-

453 1871 593 1911 saeus
646 1856 808 1911 heros
862 1856 917 1910 in
971 1856 1235 1927 virginem
1298 1858 1589 1913 mutando:
1648 1856 1737 1913 ille
1811 1856 2049 1915 ferarum

453 1944 704 2000 medullis
732 1943 1009 2010 educatus,
1039 1944 1185 2000 unde
1214 1953 1267 2000 et
1307 1945 1543 2002 nominis
1590 1945 1877 2003 concilium
1916 1948 2049 2016 (93),

452 2032 888 2105 quandoquidem
939 2032 1097 2089 labiis
1164 2042 1415 2090 vacuerat
1462 2035 1530 2090 ab
1585 2035 1811 2090 uberum
1850 2044 2047 2106 gustu;

453 2121 543 2175 ille
571 2121 716 2192 apud
772 2122 1036 2193 rupicem,
1067 2130 1121 2178 et
1159 2122 1455 2180 silvicolam
1485 2124 1618 2195 (94),
1662 2132 1716 2181 et
1748 2133 2049 2179 monstrum

452 2211 781 2267 eruditorem
827 2212 940 2283 (95)
974 2228 1197 2284 scrupea
1244 2212 1432 2268 schola
1472 2211 1739 2269 eruditus.
1788 2212 1970 2277 Feras,
2005 2212 2051 2266 si

454 2298 510 2354 in
551 2315 721 2371 puero
760 2300 948 2356 matris
999 2300 1415 2357 sollicitudinem
1472 2301 1704 2374 patiens,
1754 2308 1900 2358 certe
1934 2302 2048 2372 jam

455 2389 768 2446 histrieulus
812 2390 861 2428 6⁵
910 2392 1069 2461 (96),
1098 2397 1245 2447 certe
1283 2393 1393 2461 jam
1450 2390 1631 2446 virum
1684 2392 1845 2447 alicui
1894 2393 2052 2447 clan-

457 2478 613 2533 culus
688 2477 804 2550 (97)
868 2477 1088 2534 functus
1169 2478 1239 2547 55,
1306 2479 1483 2535 adhuc
1554 2479 1782 2537 sustinet
1857 2480 2052 2536 stolam

464 2565 688 2623 fundere
716 2566 852 2640 (98),
888 2582 1098 2623 comam
1124 2575 1358 2635 struere,
1390 2578 1568 2625 cutem
1607 2569 1827 2641 ﬁngere,
1858 2585 2053 2640 specu-

2169 1680 2595 1753 prostitueretur.
2625 1679 2728 1735 Ubi
2758 1678 3068 1746 Diomedes,
3092 1687 3147 1734 et
3176 1690 3396 1735 cruenta
3435 1678 3703 1751 praesepia
3722 1683 3749 1736 ?

2164 1769 2254 1825 ubi
2302 1767 2502 1823 Busiris
2557 1778 2609 1824 et
2658 1768 2930 1824 hustuaria
2989 1767 3225 1823 altaria?
3282 1767 3373 1822 ubi
3403 1767 3619 1840 Geryon
3670 1776 3750 1827 ter

2163 1873 2299 1913 unus
2319 1858 2346 1913 Ῥ
2387 1855 2637 1913 Cerebris
2665 1857 2847 1912 adhuc
2880 1871 3069 1913 eorum
3098 1855 3234 1912 clavi
3278 1854 3467 1913 ftetere
3494 1858 3745 1927 malebat,

2158 1962 2283 2003 cum
2311 1945 2571 2019 unguenti
2601 1944 3015 2002 seffunderetur.
3038 1945 3209 2001 Vetus
3234 1945 3350 2015 jam
3386 1943 3611 2002 I042
3641 1948 3752 2019 Hy-

2158 2035 2269 2090 drae
2297 2035 2799 2106 Centaurorumque
2826 2033 3050 2105 sanguis
3078 2033 3131 2088 in
3160 2033 3370 2106 sagittis
3394 2035 3605 2107 pumice
3635 2052 3751 2106 ape

2157 2123 2262 2180 culi
2300 2122 2687 2179 excludebatur
2740 2123 2840 2194 (t),
2897 2121 3189 2179 insultante
3240 2122 3475 2190 luxuria,
3515 2132 3575 2179 ut
3630 2134 3749 2197 post

2158 2224 2395 2270 monstra
2415 2212 2667 2269 transﬁxa
2691 2227 2946 2269 coronam
2987 2212 3214 2269 forsitan
3262 2221 3509 2274 suerent.
3548 2215 3631 2271 Ne
3662 2234 3753 2273 so-

2157 2301 2290 2357 briae
2318 2300 2557 2357 mulieris
2594 2300 2813 2373 quidem
2832 2308 2924 2355 aut
2948 2300 3209 2374 viraginis
3241 2300 3469 2373 alicujus
3492 2308 3749 2375 scapulm,

2159 2392 2260 2447 sub
2288 2390 2507 2447 exuvias
2526 2389 2711 2446 bestiae
2735 2396 2893 2446 tantae
2923 2390 3145 2447 introire
3171 2391 3495 2463 potuissent,
3526 2394 3632 2451 nisi
3663 2398 3752 2452 diu

2158 2478 2412 2549 mellitas,
2442 2488 2495 2534 et
2521 2478 2843 2553 evigoratas,
2875 2486 2930 2535 et
2957 2480 3277 2535 exeduratas
3322 2481 3391 2547 ⁸⁸,
3425 2483 3569 2552 quod
3596 2488 3754 2557 apud

2159 2566 2482 2639 Omphalem
2510 2566 2752 2623 balsamo
2781 2574 2871 2622 aut
2898 2568 3063 2624 telino
3085 2582 3248 2638 spero
3270 2568 3667 2627 factum.Credo
3697 2582 3753 2628 et

454 2656 570 2711 lum
619 2656 925 2722 consulere,
977 2657 1173 2713 collum
1220 2657 1547 2728 demulcere,
1607 2675 1789 2715 aurem
1842 2675 2055 2731 quoque
2155 2656 2315 2727 jubas
2345 2657 2606 2728 pectinem
2637 2671 2838 2727 passas.
2862 2656 2944 2712 Ne
2988 2657 3245 2715 cervicem
3275 2673 3512 2713 enervem
3551 2658 3742 2716 inure-

458 2744 634 2801 foratu
692 2744 1051 2817 effeminatus,
1090 2746 1239 2815 quod
1280 2746 1355 2801 illi
1402 2749 1543 2818 apud
1600 2746 1836 2822 Sigaeum
1886 2760 2058 2806 stron-
2160 2755 2241 2802 ret
2290 2746 2451 2802 sciria
2502 2744 2551 2783 59
2598 2742 2814 2802 leonina
2850 2746 2950 2817 (2),
2981 2745 3163 2803 hiatus
3197 2744 3422 2801 crinibus
3473 2745 3740 2819 inlarsus,

459 2833 583 2908 gyla
611 2833 660 2874 6⁷
686 2836 800 2906 (99)
818 2844 1016 2894 servat.
1042 2835 1203 2891 Plane
1224 2843 1414 2906 postea
1442 2835 1595 2894 miles
1615 2845 1729 2893 est:
1763 2839 2055 2896 necessitas
2085 2824 2128 2902 θ
2163 2836 2378 2913 genuini
2436 2833 2574 2892 inter
2614 2834 2787 2889 antias
2842 2832 3148 2891 adumbrati
3194 2833 3244 2873 ’³ο
3299 2832 3392 2904 (3).
3450 2834 3587 2890 Tota
3634 2838 3749 2893 oris

1840 2934 2031 2999 Varite
2058 2940 2367 3003 lectiones.

513 3010 561 3084 6}
591 3009 1032 3084 EthieisFrau.
1063 3010 1277 3067 rusticis
1308 3010 1485 3070 Rhen.
1517 3011 1568 3050 ⁸2
1602 3011 1880 3084 Depellari
1927 3017 2108 3073 Fran.
2140 3018 2190 3056 6³
2236 3013 2425 3071 Cultus
2454 3010 2707 3084 probrum
2740 3011 2916 3084 Fran.
2964 3010 3123 3066 cultae
3168 3022 3339 3084 prepe
3376 3010 3546 3070 Seml.
3567 3012 3618 3050 64
3645 3013 3753 3069 Re-

459 3081 713 3158 ligionem
739 3080 860 3158 psi
904 3081 1029 3158 edd.
1070 3088 1179 3158 vet.
1216 3084 1265 3158 9⁵
1312 3080 1822 3158 Πειιιὶριιῇεῇαη.
1875 3086 1925 3125 δδ
1979 3090 2219 3158 Alicujus
2252 3084 2520 3158 clancul_o
2559 3083 2726 3139 Fran.
2776 3081 2823 3121 57
2857 3084 3048 3139 Statua
3094 3080 3280 3141 Frhn.
3320 3083 3371 3122 σθ
3425 3084 3755 3142 Exodoratas

461 3156 628 3209 Fran.
653 3153 703 3192 69
734 3152 899 3208 Stiria
928 3157 1098 3211 Fran.
1133 3154 1266 3211 ciria
1322 3156 1489 3212 Seml.
1530 3154 1581 3196 ’⁷ο
1620 3156 1901 3212 Genuinos
1929 3158 1966 3214 i.
1998 3176 2051 3216 a.
2082 3152 2428 3215 adumbratos
2452 3155 2624 3209 Fran.

1856 3231 2351 3296 Commentarius.

460 3332 582 3407 dam
630 3332 1032 3407 saginationem‘
1060 3332 1349 3407 ξηραλοιφήν
1387 3335 1788 3407 interpretatur,
1822 3355 1947 3395 cum
1989 3341 2058 3396 sit
2161 3339 2335 3402 datve,
2380 3342 2490 3390 tum
2518 3347 2648 3391 vero
2696 3341 2903 3389 naturae
2934 3348 3000 3390 ac
3053 3333 3248 3393 divina:
3288 3336 3587 3406 maiestatis
3631 3353 3755 3394 reus

460 3403 753 3477 Enpoqaaqla,
781 3422 902 3477 quae
931 3403 1248 3462 athletarum
1268 3403 1504 3478 'prOpria
1530 3403 1666 3463 erat.
1700 3403 1873 3466 Satn.

531 3479 643 3553 (85)
677 3478 821 3533 Unde
848 3478 998 3549 apud
1026 3479 1553 3553 aliquo_s_Numidas.
1580 3480 2057 3553 Carthaginienses

463 3546 595 3624 dicit
622 3546 738 3602 esse
773 3546 1158 3624 quadamtenus
1205 3550 1489 3618 Numidas,
1529 3553 1658 3624 quia
1686 3546 1890 3609 scilicet
1935 3556 2052 3609 Nu-

462 3618 726 3673 midarum
754 3618 965 3676 afﬁnes.
1004 3621 1129 3676 Rte.

537 3691 651 3764 (86)
682 3691 873 3744 Etiam
913 3694 1062 3764 equis
1109 3693 1457 3764 cmsariatos.
1490 3690 1698 3760 Quibus
1736 3693 1929 3764 equina
1981 3695 2051 3750 ad

464 3758 676 3829 galeam
705 3769 819 3813 erat
848 3758 1115 3815 caesaries.
1145 3762 1269 3815 Rm.

534 3829 646 3896 (87)
691 3830 869 3885 Juxta
908 3834 1095 3885 cutem
1129 3845 1340 3897 tonsor,
1370 3836 1426 3887 et
1464 3834 1641 3889 cultri
1676 3839 1876 3892 vertex
1903 3838 2053 3893 solus

463 3901 762 3974 immunis.
792 3900 965 3974 Barba
988 3903 1142 3974 juxta
1170 3910 1347 3974 cutem
1394 3918 1530 3969 rasa,
1564 3904 1770 3960 acriore
1802 3917 2047 3974 tonsura,

465 3970 582 4047 solo
600 3970 774 4047 capite
801 3971 1036 4025 intonso.
1072 3971 1336 4047 Yerticem
1367 3989 1464 4047 pro
1494 3974 1665 4047 capite
1698 3977 1894 4047 posuit.
1923 3970 2048 4034 th.

458 4096 459 4099 η
535 4039 651 4121 (88)
674 4042 803 4121 _Tam
834 4058 1017 4121 rapax
1058 4042 1124 4098 ab
1155 4042 1255 4121 ala
1298 4039 1729 4121 _resina_._'llinc_
1754 4049 2052 4121 alipilarius

464 4114 560 4184 qui
588 4114 762 4169 resina
790 4121 843 4189 et
860 4114 1092 4189 dropace
1121 4114 1232 4169 alas
1258 4115 1480 4189 pilabat.
1499 4117 1633 4173 Nam
1663 4114 1844 4189 alipila
1872 4122 2053 4178 resina

465 4193 601 4253 erat,
642 4185 882 4256 quaalae
911 4185 1229 4255 pilabantur.
1263 4186 1436 4244 ΒΑΜ.

536 4256 651 4337 (89)
698 4258 1031 4337 Ταπξχαναᾳξ
1060 4262 1302 4337 amento
1326 4260 1596 4337 _volsella_.
1632 4261 1791 4318 Canis
1829 4262 2048 4320 interci-

464 4326 698 4398 pie‘ndis,
732 4326 1083 4398 suffurandis,
1116 4328 1531 4386 intervellendis.
1562 4331 1688 4387 BIG.

537 4398 893 4473 (90)Xysticis
916 4401 1470 4473 munditiis.Athlette
1492 4412 1548 4458 et
1574 4405 1879 4473 palaestritae
1908 4420 2054 4461 exer-

464 4468 722 4549 eehantur
737 4469 793 4524 in
820 4472 990 4542 xystis
1015 4480 1068 4526 et
1085 4473 1401 4549 porticibus
1412 4474 1541 4549 nudi
1559 4468 1821 4549 {ideoque
1841 4493 2055 4533 summa

463 4539 585 4615 illis,
598 4539 871 4615 fuithcura'
884 4539 1127 4615 corporis
1158 4552 1211 4599 et
1242 4544 1645 4601 munditiarum.
1676 4539 1801 4601 Hie.

684 4613 949 4693 Habitum
980 4613 1315 4693 transferre.
1350 4616 1504 4693 Idem
1524 4624 1603 4693 est
1632 4632 1695 4673 ac
1738 4618 1783 4693 si
1830 4618 2050 4693 diceret,

464 4681 710 4760 habitum
740 4686 1052 4760 transferre,
1082 4681 1399 4760 ita_demum
1422 4686 1636 4742 habitus
1666 4691 1923 4760 probrum
1947 4681 2049 4757 est,

464 4756 612 4832 atqui
643 4757 1020 4832 vestimentum
1048 4756 1350 4814 vestimenti
1380 4760 1636 4830 probrum
1667 4756 1775 4815 non
1819 4768 1924 4832 est,
1955 4756 2050 4818 sed

464 4826 722 4882 hominis.
756 4828 926 4885 Sam.

540 4901 651 4975 (92)
667 4901 787 4975 ΔΠςι
801 4900 1152 4975 Δεοηςεςμειαᾰο
1171 4901 1337 4970 ﬁdem
1369 4903 1626 4975 tempori.
1644 4902 1909 4959 Praeclare
1939 4905 2056 4960 haec

465 4970 704 5025 restituit
725 4969 1025 5026 Salmasius
1052 4974 1117 5027 ad
1148 4969 1364 5028 Sensum
1387 4984 1441 5028 et
1467 4969 1686 5028 manum
1708 4976 1800 5031 Tet
1816 4976 2046 5035 tulliani.

464 5038 787 5117 Sane__de_bet
814 5043 1591 5117 consuetudoﬁdemtempori,
1624 5061 1745 5117 cum
1776 5045 1889 5117 ipsa
1922 5048 2048 5103 nihil

466 5113 534 5167 sit
562 5111 706 5189 aliud
736 5128 897 5184 quam
933 5116 1189 5187 temporis
1215 5132 1345 5171 usus
1382 5111 1637 5171 diuturni.
1664 5116 1742 5172 Ita
1785 5111 1878 5189 qui
1919 5135 2051 5176 con-

467 5183 807 5259 suetudinem
827 5194 1015 5258 mutat,
1045 5183 1261 5258 tempus
1288 5196 1494 5259 tantum
1520 5189 1741 5259 spernit.
1771 5183 1843 5244 A't
1871 5199 2059 5246 natura

464 5256 816 5331 ﬁdemdebet
841 5259 974 5331 Deo,
1003 5256 1203 5331 nempe
1232 5257 1433 5314 auctori
1469 5256 1607 5327 suo;
1639 5269 1884 5315 naturam
1913 5264 2054 5316 enim

464 5327 896 5402 condiditiDeus,
928 5327 1189 5402 impressa
1213 5340 1294 5385 est
1322 5337 1529 5402 natura:
1556 5346 1814 5386 manuum
1842 5331 2053 5388 divina-

467 5416 589 5455 rum
618 5401 889 5474 majeStas.
931 5400 1102 5459 Homo
1140 5402 1259 5474 ipse
1286 5409 1369 5457 est
1399 5400 2053 5474 portioprincipalissima

466 5481 692 5546 natura).
713 5473 834 5542 Ipsa
863 5470 1501 5546 igitur_hominis_natura
1527 5470 1687 5529 fidem
1718 5470 1835 5529 Deo
1862 5475 2052 5529 condi-

469 5544 572 5598 tori
599 5560 697 5601 suo
726 5542 913 5601 debet:
941 5546 997 5601 Si
1026 5543 1195 5615 fidem,
1216 5542 1369 5615 fallit,
1408 5544 1454 5600 si
1484 5552 1725 5603 naturam
1772 5560 1921 5601 suam
1968 5548 2050 5604 vir

466 5615 551 5670 sui
580 5616 997 5689 effeminatione,
1025 5624 1116 5675 aut
1133 5614 1238 5675 alio
1263 5615 1453 5690 quovis
1490 5616 1671 5692 plagio
1699 5615 1859 5680 violat
1896 5617 2046 5679 frau-

2165 3418 2264 3466 est.
2289 3411 2414 3464 Βία.

2234 3485 2348 3550 (93)
2383 3477 2604 3550 Undeet
2620 3477 2867 3550 nominis
2894 3475 3392 3535 concilium.Unde
3423 3479 3525 3534 sibi
3556 3494 3751 3537 nomen

2160 3548 2350 3610 ascivit
2378 3557 2432 3605 et
2459 3549 2779 3604 conciliavit.
2808 3548 2937 3603 me.

2234 3622 2347 3692 (94)
2377 3620 2538 3692 Apud
2568 3620 2822 3693 rupicem
2861 3624 2937 3693 eti
2970 3618 3301 3693 silvicolam.
3344 3623 3531 3693 Rupex
3586 3638 3692 3677 non
3726 3640 3755 3677 a

2160 3690 2560 3764 rupibus—nam
2594 3690 2763 3759 prima
2804 3690 3248 3764 corripitur,‘sed
3286 3708 3317 3747 a
3344 3690 3536 3749 Graeco
3583 3694 3748 3764 ρύπαξ,

2169 3761 2430 3828 incultus,
2461 3762 2539 3817 sic
2568 3770 2817 3829 petrones
2839 3777 2869 3815 a
2892 3761 3077 3831 petris.
3110 3761 3277 3819 SALM.

2231 3836 2349 3907 (95)
2379 3835 2683 3907 Monstrum
2713 3833 3226 3907 eruditorem._i_loc
3254 3847 3355 3905 est,
3387 3844 3753 3907 monstrosum

2160 3904 2551 3980 praeceptorem
2578 3904 2691 3980 sive
2717 3904 3015 3959 doctorem.
3032 3904 3654 3980 Chironem’signiﬁcat,
3687 3924 3751 3963 ex

2159 3975 2307 4051 equo
2324 3975 2381 4051 et
2409 3976 2625 4051 homine
2652 3975 2999 4051 Centaurum.
3031 3976 3156 4051 Bia.

2228 4048 2343 4121 (96)
2386 4048 2521 4121 (lam.
2559 4047 2931 4121 histriculusi
2954 4048 3013 4101 In
3058 4046 3268 4104 Glossis
3304 4049 3660 4121 histriculus,
3703 4056 3755 4107 et

2160 4118 2482 4184 hirticulus,
2510 4120 2870 4188 δασὺπρωκτος.
2903 4118 3031 4173 Rm.

2230 4192 2346 4266 (97)
2373 4190 2684 4266 Clanculus
2713 4191 2971 4266 (unctus.
3005 4190 3335 4266 Clanculum.
3371 4192 3499 4248 Rm.

2255 4260 2341 4331 98)
2360 4262 2575 4320 Stolam
2602 4260 2856 4331 fundere.
2871 4261 2931 4315 Id
2959 4274 3043 4317 est
3071 4263 3208 4318 stola
3228 4260 3432 4319 fusiore
3459 4263 3557 4319 uti.
3574 4264 3749 4320 8Αιιι.

2255 4268 2321 4317 98
2360 4268 2575 4320 Stolam
2602 4268 2856 4331 fundere.
2871 4268 2931 4315 ια
2959 4274 3043 4317 est
3071 4268 3208 4318 stola
3228 4268 3432 4319 fusiore
3459 4268 3749 4320 uti.SAt.I.

2229 4268 2344 4406 (99;
2405 4333 2734 4407 Strongyla,
2782 4332 3081 4407 στρργγύᾉη,
3106 4342 3277 4389 statua
3299 4334 3354 4388 iu
3406 4334 3606 4407 clypeo
3655 4351 3753 4391 ex-

2163 4404 2350 4478 presso
2376 4419 2501 4478 cum
2542 4406 2759 4478 thorace
2790 4404 2959 4478 vultui.
2991 4406 3122 4460 Inde
3150 4412 3232 4459 est
3262 4405 3419 4478 quod
3462 4404 3607 4477 apud
3652 4422 3754 4462 nos

2161 4474 2323 4533 etiam
2355 4474 2631 4543 plebecula
2658 4486 2902 4545 usurpat,
2921 4476 3209 4547 Latrogne
3240 4475 3372 4532 d’un
3404 4474 3652 4533 telith.

2234 4548 2312 4618 (1)
2327 4547 2555 4603 Pumice
2571 4546 2788 4619 speculi
2807 4545 3232 4619 emoludebdtur.
3246 4547 3370 4619 Scio
3392 4549 3608 4619 specula
3623 4548 3753 4605 olim

2164 4617 2232 4673 de
2248 4616 2485 4693 argento
2508 4616 2674 4693 atque
2702 4632 2808 4672 tere
2836 4616 2950 4672 ﬁeri
2982 4620 3144 4693 vulgo
3178 4618 3354 4685 solita,
3374 4616 3511 4693 quae
3542 4621 3753 4693 pumice

2164 4688 2383 4771 tergeri,
2436 4688 2703 4771 polirique
2758 4696 2904 4771 recte
2942 4688 3187 4771 iposs'unt
3217 4708 3258 4771 ;_
3290 4688 3557 4746 sed'non'
3597 4691 3754 4771 video

2159 4758 2293 4888 guilt
2334 4758 2701 4816 similitudinis
2763 4759 2833 4815 sit
2881 4758 3021 4816 intér
3078 4760 3357 4831 speculum
3405 4771 3457 4817 et
3501 4762 3751 4834 sagittas.

2199 4846 2332 4887 Αωι.

2199 4846 2332 4887 ALM.

2235 4902 2312 4975 (2)
2341 4903 2525 4960 Sciria
2561 4899 2847 4975 leonina,
2876 4901 3085 4975 σκίῤῥία,
3134 4902 3405 4974 πληρώτς,
3436 4905 3596 4975 pellis
3640 4906 3757 4962 leo-

2158 4972 2303 5042 nina,
2332 4989 2458 5051 qua:
2503 4972 2741 5051 minima
2770 4972 2997 5051 subacta
3038 4982 3135 5044 est,
3185 4972 3281 5030 sed
3324 4972 3492 5032 crudo
3541 4984 3758 5051 gestatu

2158 5044 2467 5102 exarefacta
2503 5044 2786 5101 inhorruit.
2817 5046 2941 5101 Rte.

2236 5118 2309 5186 (3)
2345 5117 2589 5174 Genuini
2624 5118 2776 5174 inter
2804 5118 2999 5173 antias
3040 5118 3385 5176 adumbrati.
3418 5118 3595 5175 Antia:
3630 5127 3761 5174 sunt

2164 5202 2333 5263 coma:
2362 5188 2443 5263 διᾲ
2469 5194 2569 5243 τῶν
2597 5187 2849 5263 κρξζεάφον
2874 5206 3284 5263 κρεμουεναιιεθιι
3316 5198 3375 5245 ut
3406 5192 3577 5263 gloss.
3610 5190 3757 5246 aliud

2162 5259 2325 5314 habet
2357 5259 2515 5334 τρίχες
2540 5257 2716 5334 pst-th6
2754 5257 2854 5314 τῶν
2881 5257 3098 5334 κἐρὰτῶν
3126 5257 3225 5316 τῶν
3256 5257 3610 5334 βοῶγῖΜάίοί
3658 5277 3758 5316 au-

2163 5337 2273 5387 tem
2302 5346 2333 5386 a
2375 5331 2635 5405 Sa't’masio
2663 5347 2844 5388 comas
2879 5331 3008 5405 alias
3036 5349 3157 5405 esse
3184 5332 3418 5405 sagati-sp
3447 5354 3505 5389 το
3527 5333 3759 5405 μέτωπον

2160 5419 2281 5475 quae
2310 5419 2559 5477 capronae
2588 5404 3012 5477 dicuntur,alias
3034 5403 3111 5458 ἐπὶ
3138 5404 3346 5477 πλαγίου
3376 5403 3494 5476 Quae
3517 5403 3675 5459 antias
3708 5413 3759 5460 et

2160 5476 2406 5549 remulsaa
2434 5491 2496 5533 ac
2525 5483 2665 5549 ante
2685 5476 3209 5549 pendplae_Apuleio,
3239 5476 3368 5533 alias
3406 5477 3637 5549 denique
3667 5495 3759 5529 κα-

2157 5547 2297 5603 τόπιν
2326 5549 2554 5607 nutritas
2589 5546 2778 5605 fuisse.
2817 5546 2897 5605 LE
2926 5546 3023 5604 PR.
